3974 6364
241 399 353 458 3M

1327 380 1636 451 Romae
1675 381 1746 448 1N
1784 381 2036 448 EVANG.
2456 340 2475 346 ’

3421 387 3528 446 διε

245 513 425 568 lucem
458 512 709 584 gentium,
738 513 792 564 ul
817 509 886 564 sis
914 503 1058 564 salus
1087 513 1205 564 mea
1246 527 1408 580 usque
1437 501 1506 563 ad
1553 513 1838 563 extremum
1868 500 1918 573 Ᾱ
1945 495 2251 560 tutabantur
2273 505 2338 559 ei.
2373 499 2549 560 Habet
2569 507 2882 560 sanctorum
2906 502 3074 561 editio
3096 503 3526 577 laetitiampluri—

245 616 430 660 teme.
483 603 541 658 ld
571 612 696 668 est,
729 612 787 656 ut
829 602 1099 656 illumincs
1150 602 1463 655 universum
1504 593 1762 653 mundum
1791 605 1846 652 et

244 697 485 752 salutem
527 698 724 757 meam,
777 709 875 765 per
912 709 1074 764 quam
1104 709 1293 748 omnes
1327 683 1460 748 salvi
1490 687 1641 758 ﬁant,
1675 704 1845 760 usque

245 794 325 847 ad
352 800 655 847 extremum
689 800 849 844 terrae
879 781 1049 846 facias
1082 777 1385 861 pervenire.
1422 787 1549 844 Hcce
1573 781 1726 842 enim'
1747 801 1845 857 per

244 885 622 958 apostolorum
673 885 1114 956 praedicationem
1152 881 1294 940 facta
1325 883 1722 955 cognoscimus,
1775 883 1844 937 de

243 977 451 1047 quibus
495 971 780 1031 Psalmista
827 976 1263 1046 praedicensait:
1298 975 1366 1028 In
1411 991 1612 1028 onmem
1648 981 1842 1027 terram

241 1071 380 1122 c.riit
407 1085 563 1123 sonus
603 1085 800 1133 eorum,
827 1067 943 1120 etin
966 1067 1096 1136 ﬁnes
1121 1066 1258 1121 orbis
1287 1077 1438 1118 terra:
1462 1063 1610 1118 verba
1637 1079 1838 1116 eorum.

247 1160 422 1232 Reges
445 1159 683 1214 videbunt
726 1169 772 1212 ct
809 1167 1117 1228 consurgent
1147 1158 1426 1228 principes,
1461 1166 1506 1210 et
1546 1154 1840 1208 adorabunt

245 1264 461 1324 pr0pter
489 1245 768 1305 Dominum
791 1251 959 1304 Deum
987 1260 1153 1315 tuum,
1196 1257 1242 1302 et
1276 1257 1514 1301 sanctum
1540 1243 1728 1310 Israel,
1751 1244 1842 1315 qui

247 1350 403 1420 elegit
429 1362 495 1404 te.
522 1343 646 1404 [Lee
676 1349 805 1404 ﬁent
827 1345 1546 1418 quandoveneritChristus
1589 1343 1642 1395 in
1671 1339 1840 1412 gloria

245 1441 430 1497 Patris
457 1458 578 1496 cum
613 1439 818 1510 angelis
859 1441 994 1502 suis,
1037 1451 1090 1491 et
1115 1438 1316 1492 sederit
1355 1437 1407 1490 in
1435 1437 1628 1488 throno
1658 1431 1840 1502 gloriae

245 1544 364 1581 suae
404 1525 648 1596 judicare
679 1527 829 1581 vivos
859 1535 913 1580 et
943 1534 1183 1580 mortuos
1209 1543 1220 1590 ;
1255 1534 1382 1578 tunc
1434 1537 1620 1575 onmes
1649 1520 1841 1574 adora-

243 1620 384 1674 bunt
411 1636 555 1684 eum,
599 1627 819 1689 propter
869 1618 1152 1672 Dominum
1203 1616 1371 1670 Deum
1408 1613 1624 1667 Patrem
1658 1626 1836 1674 suum,

243 1712 376 1781 quia
411 1705 581 1764 lidelis
602 1720 685 1764 est
707 1711 794 1780 qui
813 1701 977 1780 elegit
1000 1726 1142 1762 eum.
1163 1708 1287 1761 Sive
1315 1707 1383 1760 ita
1411 1704 1835 1774 intelligemlum,

246 1821 411 1872 reges
440 1821 674 1874 (piorum.
693 1819 786 1858 cor
809 1804 860 1856 in
893 1818 1054 1856 manu
1088 1801 1181 1855 Dei
1211 1808 1384 1863 esl,et
1413 1797 1664 1851 Ecclesiae
1687 1797 1836 1864 prin-

242 2001 474 2044 sanetus
514 1983 698 2044 Israel.
734 1989 807 2043 De
835 1987 1049 2043 Christo
1075 1987 1273 2041 etenim
1307 1997 1357 2038 et
1385 2001 1503 2054 qua:
1538 1990 1839 2052 sequuntur

243 2081 474 2152 intelligi
506 2089 753 2154 possunt,
785 2081 913 2134 dicit
937 2079 1076 2133 enim
1106 2081 1160 2132 in
1202 2090 1424 2148 tempore
1456 2077 1646 2147 placito
1671 2091 1837 2129 exau-

241 2173 360 2225 divi
383 2183 453 2236 te,
477 2184 521 2226 ct
557 2171 614 2225 in
638 2172 721 2224 die
747 2165 933 2226 salutis
960 2171 1249 2226 auxilialus
1284 2187 1400 2224 sum
1423 2170 1519 2222 tui.
1549 2167 1662 2222 Hoc
1686 2165 1837 2219 testi-

243 2264 435 2318 monio
449 2257 740 2333 Apostolus
755 2279 882 2318 usus
904 2265 1106 2324 dicens,
1126 2273 1353 2332 teinpore
1376 2270 1664 2331 opportuno
1679 2275 1841 2312 exau-

243 2354 357 2408 diri
392 2369 460 2421 te,
493 2357 610 2410 etin
649 2357 732 2410 die
751 2345 934 2409 salutis
959 2355 1244 2408 auxiliatus
1271 2370 1385 2408 sum
1431 2354 1525 2416 tui,
1552 2369 1665 2406 ecce
1704 2367 1840 2404 nunc

242 2461 453 2514 tempus
501 2445 834 2518 acceptabile,
864 2464 1138 2501 eccenunc
1189 2447 1298 2501 dies
1348 2444 1555 2500 salutis.
1606 2444 1842 2512 Tempus

238 2541 298 2608 1.1
345 2539 509 2592 citum
535 2547 590 2593 et
611 2547 1065 2608 opportunum,et
1089 2539 1204 2593 dies
1232 2538 1421 2592 salutis
1451 2536 1629 2606 passio
1659 2534 1842 2588 Salva-

244 2632 388 2684 toris
414 2639 499 2686 est
526 2641 576 2685 et
608 2633 956 2686 resurrectio.
985 2630 1082 2686 Cui
1120 2639 1173 2685 et
1203 2631 1342 2685 idem
1379 2630 1540 2684 Pater
1570 2629 1621 2680 in
1651 2629 1839 2682 subse-

243 2716 542 2795 quentibus
590 2723 665 2777 ait
695 2743 707 2776 :
737 2713 866 2777 Dedi
898 2733 944 2778 te
970 2723 1022 2777 in
1056 2723 1223 2793 [trdus
1247 2722 1447 2792 populi,
1470 2731 1523 2774 ut
1557 2720 1840 2773 suscitares

245 2823 454 2868 terram
486 2828 528 2868 et
559 2814 852 2886 possideres
879 2814 1211 2868 Itau'vditales
1235 2814 1540 2883 dissipatas,
1566 2821 1620 2865 ut
1648 2811 1844 2864 diceres

246 2906 341 2958 his
365 2895 453 2976 qui
473 2903 622 2959 vincti
657 2915 800 2971 sunt,
831 2907 984 2970 exite,
1019 2917 1063 2958 ct
1088 2906 1168 2959 Itis
1189 2906 1276 2975 qui
1298 2903 1612 2965 intenebris,
1645 2902 1842 2955 releva-

245 2999 406 3052 mmi.
441 2997 495 3053 In
539 2993 715 3055 fmdus
754 3000 957 3070 populi,
995 3000 1312 3054 subauditur
1365 2996 1690 3059 indecorum,
1739 2993 1839 3057 his,

244 3091 526 3156 videlicet,
553 3092 641 3162 qui
673 3108 738 3145 ex
770 3091 873 3145 illis
901 3093 1122 3145 credere
1147 3090 1451 3153 voluerunt,
1485 3094 1538 3141 et
1567 3083 1847 3140 suscitabit

244 3191 481 3247 terram,
504 3198 622 3251 quae
645 3183 696 3236 in
719 3182 1035 3237 idololatriae
1061 3173 1275 3250 iacebat
1307 3179 1603 3235 erroribus.
1624 3178 1691 3230 Et
1715 3191 1840 3246 pos-

245 3273 454 3326 sidebit
479 3273 824 3329 hzereditates
848 3273 1112 3338 desertas,
1164 3285 1283 3341 quae
1326 3270 1684 3324 habitatorem
1739 3281 1846 3320 non
1874 3237 1920 3313 (ἶ

247 3365 492 3419 habebat
516 3365 821 3428 Dominum,
849 3374 904 3419 et
931 3364 1057 3419 dicit
1107 3365 1190 3418 his
1215 3364 1306 3433 qui
1351 3369 1695 3434 peccatorum
1726 3358 1844 3411 vin-

247 3455 396 3509 culis
424 3447 850 3527 stringebantur,
885 3455 1051 3520 exite,
1083 3455 1210 3525 quia
1237 3447 1454 3509 funibus
1501 3457 1846 3523 peccatorum

247 3564 481 3602 suorum
525 3548 892 3618 unusquisque
915 3548 1325 3617 constringitur.
1348 3546 1416 3600 Et
1446 3539 1529 3600 his
1557 3543 1648 3612 qui
1696 3540 1847 3598 sede-

246 3642 390 3695 bant
421 3641 471 3694 in
518 3641 754 3695 tenebris
780 3648 835 3694 et
879 3639 1051 3694 lucem
1093 3637 1279 3694 videre
1310 3653 1414 3691 non
1441 3641 1706 3706 poterant,
1739 3631 1841 3685 ait:

247 3733 575 3788 relevamini
601 3750 614 3797 ;
655 3733 709 3788 hi
736 3733 877 3787 enim
907 3747 1095 3788 omnes
1126 3740 1408 3803 postquam
1434 3727 1681 3785 conversi
1729 3726 1844 3780 lue-

249 3824 373 3879 rint
403 3833 458 3877 et
484 3823 690 3878 clarum
734 3823 933 3878 Christi
979 3815 1155 3880 lmnen
1191 3824 1514 3894 aspexerint,
1562 3830 1848 3890 pascentur

250 3917 312 3971 in
344 3913 448 3970 viis
469 3925 524 3970 et
553 3916 758 3972 semitis
787 3926 1096 3972 sanctarum
1124 3917 1614 3986 Seripturarum,et
1636 3915 1844 3969 dicent:

248 4008 521 4064 Dominus
541 4012 704 4080 pascit
734 4027 834 4076 me,
857 4021 903 4066 et
923 4011 1052 4064 nihil
1075 4011 1199 4065 mihi
1222 4009 1406 4074 deerit,
1433 4010 1485 4062 in
1511 4007 1622 4062 loco
1643 4023 1849 4077 pascua:

248 4099 334 4154 ibi
391 4118 471 4154 me
502 4101 792 4167 collocabit,
847 4118 1009 4172 super
1040 4117 1236 4172 aquam
1267 4101 1574 4156 refectionis
1602 4099 1852 4156 educabit

218 4265 226 4271 η
252 4208 378 4257 me,
413 4192 504 4262 qui
537 4209 655 4248 cum
680 4185 837 4250 Patre
862 4203 915 4250 et
940 4195 1144 4266 Spiritu
1171 4203 1382 4256 sancto,
1406 4193 1540 4247 vivit
1563 4200 1618 4246 et
1663 4198 1850 4262 regnat

253 4283 415 4338 Deus
444 4298 541 4355 per
560 4277 735 4340 omnia
763 4286 957 4340 saecula
989 4286 1330 4341 saeculorum.
1361 4288 1554 4339 Amen.

838 4398 1118 4454 HOMILIA
1149 4397 1282 4454 CIV.

810 4487 858 4525 ΙΝ
902 4487 1078 4526 EODEM
1121 4485 1305 4526 FESTO.

335 4560 525 4617 Lectio
553 4564 725 4618 sancti
751 4564 1026 4635 Evangelii
1058 4563 1354 4620 secundum
1378 4561 1602 4622 Lucam.

339 4651 410 4707 In
438 4655 525 4708 illo
555 4666 782 4727 tempore
799 4699 814 4723 ,
839 4657 1106 4714 Elisabeth
1131 4656 1397 4728 impletum
1425 4665 1502 4711 est
1526 4666 1728 4726 tempus
1751 4670 1849 4724 pa—

257 4747 462 4813 riendi,
487 4757 533 4803 ct
559 4752 755 4820 peperit
778 4751 967 4820 ﬁlium.

338 4839 577 4894 Verbum
607 4841 936 4911 impletionis
967 4851 1156 4896 sancta
1187 4841 1472 4911 Scriptura
1501 4841 1558 4895 in
1583 4842 1852 4896 bonorum

261 4940 482 4986 tantum
527 4943 649 4988 ortu
675 4935 759 4990 vel
800 4935 978 5000 obitu,
1027 4935 1110 4992 vel
1151 4944 1271 4990 actu
1302 4950 1504 5006 ponere
1542 4936 1850 5000 consuevit,

262 5039 506 5093 quorum
532 5026 698 5079 vitam
729 5027 1060 5097 plenitudine
1093 5027 1440 5096 perfectionis
1470 5027 1670 5082 habere
1689 5027 1855 5097 signi—

264 5113 421 5167 ﬁcat.
440 5113 680 5184 Denique
698 5114 963 5169 Elisabeth
985 5117 1250 5186 impletum
1271 5127 1344 5170 est
1371 5128 1569 5185 tempus
1591 5117 1852 5186 pariendi,

263 5204 478 5273 impleti
509 5207 621 5260 dies
644 5207 824 5263 Maria:
851 5217 910 5261 ut
939 5219 1173 5278 pareret,
1198 5209 1434 5278 implevit
1457 5208 1708 5265 Salomon
1732 5209 1857 5264 tedi-

265 5299 442 5356 lit-are
470 5300 686 5354 domum
717 5301 962 5364 Domini,
992 5300 1276 5356 defunctus
1315 5310 1398 5356 est
1436 5302 1743 5364 Abraham,
1774 5302 1857 5356 vel

266 5390 416 5442 alius
444 5390 636 5459 aliquis
657 5401 870 5462 patrum
895 5408 1056 5447 senex
1081 5400 1137 5446 et
1162 5392 1352 5461 plenus
1378 5394 1601 5457 dierum,
1630 5401 1684 5448 et
1709 5403 1857 5462 post-

269 5497 442 5550 quam
481 5484 625 5538 venit
674 5484 951 5553 plcnitudo
991 5485 1250 5554 temporis
1297 5485 1443 5539 misit
1487 5485 1628 5540 Deus
1661 5485 1857 5538 Filium

269 5589 470 5638 suum;
499 5581 554 5628 at
589 5584 776 5630 contra
803 5577 916 5631 dies
943 5577 1228 5645 impiormn
1250 5575 1440 5630 inanes
1465 5584 1519 5630 et
1541 5577 1714 5630 vacui.
1747 5576 1861 5631 Viri

267 5666 426 5720 enim
458 5667 780 5736 sanguinum
799 5676 855 5723 et
875 5667 1042 5722 dolosi
1071 5682 1175 5722 non
1198 5667 1551 5722 dimidiabunt
1577 5668 1692 5723 dies
1714 5681 1854 5722 suos.

356 5754 425 5810 Et
457 5758 736 5812 audierunt
762 5760 916 5814 uicini
948 5769 994 5812 et
1025 5761 1232 5829 cognati
1261 5760 1376 5830 ejus
1401 5761 1525 5830 quia
1552 5762 1862 5832 magniﬁca-

275 5851 352 5911 oit
383 5849 638 5906 Dominus
664 5852 1076 5908 misericordiam
1106 5870 1257 5910 suam
1279 5871 1394 5908 cum
1424 5854 1539 5922 illa,
1564 5864 1611 5909 et
1644 5872 1862 5926 congra-

1872 4609 1928 4674 D

1946 617 2157 657 morum
2205 601 2328 670 quia
2381 615 2669 656 commune
2717 607 2800 656 est
2842 599 3080 668 bonum,
3126 599 3334 670 iustitia
3379 600 3524 658 enim

1944 681 2244 752 communis
2266 703 2350 750 est
2373 695 2566 761 virtus,
2591 703 2645 751 et
2671 695 2793 752 ideo
2811 694 2871 750 in
2891 702 3016 750 ortu
3033 691 3163 764 iusti
3190 693 3385 750 futui-aa
3403 695 3528 751 vitae

1944 789 2153 859 insigne
2181 786 2478 859 praemittit,
2510 795 2567 844 et
2591 787 2768 860 gratia
2787 794 3055 843 secuturae
3076 786 3300 844 virtutis
3317 787 3529 844 exulta-

1944 884 2090 938 tione
2119 882 2418 937 vicinorum
2445 881 2826 952 praeﬁgurante
2851 881 3118 954 signatur.

2015 971 2083 1026 Et
2113 973 2311 1042 iactant
2336 982 2411 1026 est
2432 974 2488 1026 in
2518 973 2602 1028 die
2639 983 2820 1028 octavo
2865 980 3114 1027 venerunt
3155 969 3528 1026 circumcidere

1943 1081 2202 1134 puerum,
2234 1074 2280 1117 et
2331 1064 2582 1118 vocabant
2619 1081 2740 1117 eum
2781 1063 2988 1117 nomine
3016 1064 3182 1134 patris
3215 1064 3296 1117 sui
3324 1060 3530 1117 Zacha-

1943 1156 2097 1208 riam.
2130 1156 2194 1208 ΕΙ
2241 1155 2554 1225 respondens
2586 1165 2754 1209 mater
2783 1156 2898 1224 ejus
2943 1155 3075 1207 dixit
3101 1168 3119 1206 :
3148 1153 3491 1225 Nequaquam
3512 1193 3528 1219 ,

1943 1249 2032 1302 sed
2061 1249 2325 1303 vocabitur
2349 1249 2606 1302 Joannes.
2623 1248 2758 1303 Mire
2786 1256 3008 1304 sanctus
3032 1247 3375 1317 Evangelista
3396 1262 3531 1315 prae-

1943 1343 2266 1397 mittendum
2307 1344 2548 1412 putavit,
2589 1343 2735 1412 quod
2777 1341 2993 1411 plurimi
3046 1338 3310 1394 infantem
3360 1339 3532 1408 patris

1941 1436 2160 1490 nomine
2183 1435 2459 1488 Zachariae
2484 1434 2860 1503 appellandum
2887 1441 3171 1504 putarent,
3198 1440 3262 1486 ut
3282 1432 3530 1488 advertas

1942 1528 2102 1584 matri
2133 1541 2330 1580 nomen
2359 1523 2586 1592 alicujus
2615 1525 2957 1596 displicuisse
2995 1525 3278 1593 degeneris
3299 1563 3312 1587 ,
3344 1524 3438 1578 sed
3475 1524 3529 1578 in

1943 1626 2129 1672 saneto
2163 1617 2400 1670 infusum
2432 1616 2660 1686 Spiritu,
2683 1617 2826 1686 quod
2858 1617 2926 1672 ab
2953 1616 3143 1686 angelo
3169 1625 3295 1670 ante
3326 1616 3532 1671 Zacha-

1943 1711 2036 1766 ria:
2067 1712 2240 1763 luerat
2272 1710 2714 1778 prurituntiatum,
2745 1719 2800 1764 et.
2826 1709 3162 1779 quidem-ille
3189 1717 3369 1763 mutus
3407 1709 3534 1763 inti-

1943 1821 2091 1859 mare
2120 1804 2446 1858 vocabulum
2467 1804 2561 1857 lilii
2589 1805 2832 1874 nequivit
2862 1804 3042 1869 uxori,
3067 1803 3161 1858 sed
3190 1819 3284 1873 per
3301 1804 3532 1873 prophe-

135 1950 150 1959 ,
243 1900 401 1968 cipes
425 1906 568 1961 sunt,
594 1896 895 1951 adorabunt
937 1911 1080 1959 eum,
1111 1894 1235 1963 quia
1269 1892 1439 1946 ﬁdelis
1465 1899 1546 1945 est
1580 1890 1837 1943 Dominus
1866 1875 1914 1946 Β
1942 1898 2077 1951 tiam
2107 1896 2378 1950 Elisaheth
2409 1895 2615 1960 didicit,
2639 1897 2779 1964 quod
2809 1896 3072 1950 didicerat
3094 1911 3124 1948 a
3152 1895 3368 1950 marito.

2009 1987 2076 2038 Et
2110 1987 2354 2040 dixerunt
2381 1985 2449 2038 ad
2478 1985 2624 2038 illam
2648 2002 2664 2039 :
2699 1985 2836 2050 Quia
2869 2002 3019 2039 nemo
3041 1993 3116 2039 est
3145 1985 3209 2038 in
3223 1981 3531 2053 cognatione

1941 2089 2036 2134 tua
2053 2079 2141 2147 qui
2172 2088 2381 2132 vocetur
2402 2078 2497 2130 hoc
2523 2078 2749 2131 nomine.
2776 2077 3072 2132 Innuebant
3102 2078 3240 2148 patri
3270 2076 3386 2145 ejus
3407 2091 3533 2146 quo-

1941 2172 2095 2226 modo
2125 2170 2272 2224 vellet
2299 2171 2471 2224 vocari
2495 2187 2633 2223 eum.
2663 2170 2730 2222 Et
2751 2171 3022 2240 postulans
3045 2169 3378 2241 pugillarem,
3401 2168 3532 2222 seri-

1941 2268 2041 2336 psit
2067 2267 2282 2319 dicens:
2313 2263 2548 2319 Joannes
2575 2274 2650 2318 est
2675 2280 2861 2318 nomen
2901 2263 3036 2333 ejus.
3082 2262 3151 2316 Et
3190 2262 3372 2316 mirati
3411 2268 3532 2315 sunt

1942 2355 2190 2408 universi.
2219 2347 2454 2407 Joannes
2480 2362 2575 2416 est,
2600 2353 2790 2420 inquit,
2819 2369 3007 2406 nomen
3028 2353 3172 2422 ejus,
3186 2353 3533 2416 hoc-est,non

1945 2449 1995 2502 ei
2025 2463 2125 2502 nos
2150 2462 2347 2501 nomen
2396 2446 2752 2514 impenimus,
2795 2446 2919 2516 quia
2960 2445 3072 2514 jam
3121 2463 3151 2500 a
3191 2445 3302 2500 Deo
3340 2458 3535 2500 nomen

1946 2545 2183 2614 accepit,
2229 2543 2394 2597 habet
2438 2539 2756 2595 vocabulum
2799 2544 2954 2596 suum
2997 2541 3139 2611 quod
3179 2541 3532 2612 agnovimus,

1945 2650 2052 2689 non
2097 2635 2240 2703 quod
2283 2632 2565 2702 elegimus.
2600 2629 2711 2686 Nec
2754 2631 3000 2695 mireris,-
3029 2631 3077 2685 si
3104 2639 3302 2685 nomen
3343 2629 3539 2683 mulier

1947 2731 2090 2801 quod
2111 2738 2220 2783 non
2245 2727 2449 2782 audivit
2474 2725 2721 2786 asseruit,
2751 2726 2970 2794 quando
2988 2724 3038 2778 ei
3061 2723 3296 2793 Spiritus
3319 2731 3539 2778 sanctus

1939 2824 2039 2894 qui
2069 2821 2260 2892 angelo
2287 2820 2640 2873 i'nandaverat
2663 2818 2942 2881 revelavit,
2969 2832 3144 2885 neque
3183 2824 3393 2886 poterat
3433 2816 3538 2870 Do-

1949 2917 2081 2971 mini
2111 2915 2359 2984 ignorare
2383 2912 2744 2982 praenuntiam
2783 2926 2906 2980 qua
2933 2910 3350 2980 prophetaverat
3377 2907 3537 2962 Chri-

1949 3016 2115 3070 stum,
2139 3013 2195 3060 et
2217 3006 2354 3060 bene
2383 3004 2620 3067 additur,
2655 3004 2782 3073 quia
2823 3018 2976 3056 nemo
3005 3003 3059 3055 in
3090 3001 3396 3071 cognatione
3423 3000 3537 3068 ejus

1949 3105 2165 3149 vocatur
2191 3095 2288 3148 hoc
2315 3094 2544 3156 nomine,
2571 3101 2631 3147 ut
2662 3091 2932 3161 intelligas
2961 3104 3160 3146 nomen
3191 3105 3298 3145 non
3326 3088 3542 3160 generis

1949 3203 2090 3254 esse,
2122 3187 2217 3242 sed
2244 3187 2401 3240 vatis.

2023 3283 2272 3351 Apertum
2301 3287 2375 3333 est
2398 3277 2539 3332 illico
2570 3294 2626 3332 os
2650 3278 2764 3347 ejus
2783 3286 2831 3331 et
2854 3276 3039 3346 lingua
3067 3277 3182 3346 ejus
3201 3316 3217 3342 ,
3259 3284 3308 3331 et
3355 3274 3535 3345 loque—

1952 3374 2105 3429 batur
2141 3371 2448 3427 benedicens
2469 3369 2658 3433 Deum,
2683 3378 2735 3423 et
2760 3367 2930 3437 [actus
2953 3376 3030 3422 est
3059 3369 3217 3422 timor
3245 3382 3403 3437 super
3425 3381 3538 3420 om»-

1950 3483 2039 3520 nes
2083 3466 2279 3520 vicinos
2321 3479 2528 3532 eorum...
2573 3461 2710 3529 Quia
2753 3477 2860 3516 vox
2907 3460 3195 3516 clamantis
3231 3460 3287 3514 in
3324 3459 3540 3514 deserto

1949 3566 2078 3614 nata
2117 3565 2238 3622 est,
2266 3555 2464 3612 merito
2500 3563 2584 3609 est
2619 3554 2799 3624 lingua
2834 3552 3080 3622 parentis
3117 3550 3311 3607 soluta.
3350 3547 3538 3618 Neque

1950 3651 2093 3705 enim
2141 3655 2352 3718 patrem
2401 3662 2432 3702 a
2475 3645 2725 3702 laudibus
2771 3643 2930 3700 silere
2971 3643 3226 3707 decebat,
3256 3642 3346 3711 qui
3377 3639 3540 3696 Verbi

1949 3755 2201 3812 prmcone
2229 3739 2332 3794 sibi
2369 3747 2496 3792 nato
2525 3737 2823 3808 gaudebat,
2855 3735 3054 3805 quippe
3083 3735 3171 3790 cui
3211 3734 3387 3798 labia,
3419 3747 3539 3801 qua:

1950 3834 2301 3891 incredulitas
2346 3833 2619 3896 vinxerat,
2651 3829 2784 3886 ﬁdes
2826 3827 2938 3896 jam
2986 3827 3163 3884 solvit.
3195 3827 3396 3884 Verum
3426 3825 3543 3880 hac

1951 3931 2116 3984 etiam
2141 3926 2429 3997 allegorice
2451 3925 2498 3978 si
2537 3924 2660 3993 quis
2691 3921 3026 3991 perscrutari
3057 3920 3352 3984 desideret,
3382 3917 3542 3974 Joan-

1953 4021 2038 4076 nis
2062 4019 2335 4080 celebrata
2364 4017 2620 4072 nativitas
2640 4053 2655 4080 ,
2685 4015 2874 4085 gratiae
2914 4011 3053 4074 Novi
3082 4012 3420 4068 Testamenti
3456 4019 3541 4066 est

1953 4113 2204 4168 inchoata
2259 4109 2580 4165 sublimitas.
2636 4106 2735 4164 Cui
2794 4105 2962 4161 vicini
3002 4114 3062 4160 et
3095 4104 3312 4174 cognati
3366 4103 3541 4174 patris

1949 4216 2172 4266 nomen,
2194 4213 2356 4268 quam
2381 4196 2606 4254 Joannis
2633 4195 2910 4265 imponere
2945 4193 3249 4258 malebant,
3280 4193 3414 4262 quia
3441 4190 3538 4246 Ju-

1950 4295 2052 4352 dazi
2081 4295 2174 4363 qui
2210 4293 2347 4363 legis
2375 4293 2430 4347 ei
2459 4291 2838 4348 observatione
2876 4289 3030 4358 quasi
3071 4285 3334 4346 adﬁnitate
3363 4284 3540 4355 juncti

1950 4392 2126 4450 erant,
2153 4383 2326 4455 mgis
2342 4382 2632 4452 iustitiam,
2647 4395 2768 4452 quae
2789 4396 2859 4436 es
2882 4379 3000 4451 lege
3027 4387 3112 4436 est
3132 4377 3355 4442 sectari,
3377 4391 3541 4448 quam

1951 4480 2078 4536 ﬁdei
2109 4479 2348 4549 gratiam
2370 4478 2649 4546 suscipere
2672 4474 2976 4544 cupiebant.
3007 4471 3114 4528 Sed
3142 4470 3408 4535 Joannes,
3439 4470 3543 4524 hoc

1951 4580 2057 4636 est,
2079 4571 2267 4642 gratiae
2293 4569 2391 4625 Dei
2413 4567 2759 4632 vocabulum,
2788 4573 2962 4621 mater
2986 4563 3190 4627 verbis,
3218 4569 3376 4631 pater
3400 4560 3537 4615 litte-

1959 4664 2034 4718 ris
2056 4663 2309 4716 intimare
2336 4670 2609 4729 satagunt,
2642 4659 2768 4728 quia
2797 4666 2849 4710 et
2881 4655 2966 4709 lex
3004 4655 3120 4724 ipsa
3150 4652 3450 4722 psalmique
3478 4667 3542 4707 ac

1956 4757 2233 4827 propheta:
2261 4755 2463 4824 apertis
2491 4751 2880 4807 sententiarum
2896 4747 3118 4802 vocibus
3134 4745 3368 4816 gratiam
3387 4743 3542 4799 Chri-

1955 4848 2026 4906 sti
2071 4844 2398 4914 praedieant,
2438 4851 2496 4897 et
2527 4839 2892 4896 sacerdotium
2931 4837 3062 4892 illud
3103 4843 3260 4892 vetus
3289 4833 3540 4905 ﬁguratis

1957 4935 2405 4994 caareinoniarum
2445 4942 2500 4987 et
2549 4929 2939 4988 sacriﬁciorum
2970 4927 3198 4991 umbris,
3241 4925 3416 4982 eidem
3465 4932 3545 4978 te-

1957 5027 2272 5088 stimonium
2322 5024 2588 5094 perhibet.
2625 5022 2960 5090 Pulchreque
3011 5018 3304 5074 Zacharias
3349 5024 3544 5074 octava

1958 5120 2048 5174 die
2094 5117 2262 5187 prolis
2293 5117 2452 5170 editae
2501 5115 2764 5185 loquitur,
2801 5114 2928 5184 quia
2978 5128 3075 5183 per
3114 5112 3328 5168 honuni
3364 5125 3543 5166 resur-

1961 5212 2256 5267 rectionem
2299 5223 2422 5278 quae
2467 5216 2656 5266 octava
2700 5207 2787 5261 die
2837 5214 2961 5276 post
3003 5206 3288 5275 septimam
3335 5201 3544 5259 sabbati

1963 5303 2104 5358 facta
2150 5309 2268 5366 est,
2307 5299 2518 5354 occulta
2553 5296 2844 5354 sacerdotii
2875 5296 3076 5364 regalis
3113 5309 3312 5350 arcana
3355 5304 3544 5363 patue-

1962 5403 2109 5460 runt,
2142 5394 2429 5463 linguaque
2450 5390 2764 5460 pontiﬁcum
2789 5387 3100 5444 Judaaorum
3119 5403 3283 5459 quam
3309 5385 3545 5446 diﬁden—

1964 5487 2054 5541 tiae
2076 5485 2292 5541 vincula
2317 5484 2669 5547 strinserant,
2694 5480 3064 5549 intelligentiae
3088 5479 3424 5536 rationabilis
3459 5485 3545 5534 est

1965 5593 2099 5634 voce
2129 5577 2326 5632 soluta.
2680 5593 2682 5595 >

2042 5669 2107 5723 Et
2135 5685 2289 5739 super
2310 5669 2488 5723 omnia
2513 5675 2761 5721 montana
2781 5665 2989 5721 Ιαόωω
3004 5665 3416 5736 divulgabantur
3433 5677 3545 5717 ont-

1967 5762 2055 5815 nia
2090 5761 2246 5815 verba
2272 5762 2406 5834 lintea,
2434 5770 2481 5816 et
2513 5769 2796 5829 posuerunt
2833 5761 2889 5813 in
2917 5759 3073 5812 corde
3099 5775 3226 5825 suo,
3270 5759 3502 5816 diem”
3524 5773 3544 5812 .'

1971 5850 2109 5919 Quid
2133 5861 2284 5923 putas
2306 5867 2438 5922 puer
2458 5852 2556 5908 iste
2585 5850 2719 5908 erit?
2740 5851 2949 5906 Etenim
2978 5865 3166 5904 manus
3194 5849 3407 5905 Domini
3433 5853 3548 5904 erat
