3974 6364
518 360 623 417 545

1161 370 1219 422 Β.
1263 371 1520 426 RABANI
1559 371 1777 429 MAURI
1815 369 2133 427 ARCHIEP.
2178 369 2488 428 MOGUNT.
2532 367 2814 425 OPERUM
2853 366 3032 421 PARS
3068 366 3133 420 ll.

3690 370 3756 423 5i
3767 372 3786 423 ι

517 491 633 528 cum
679 475 787 530 illo.
837 477 1032 548 Magna
1077 497 1234 551 Opera
1273 483 1504 549 Domini,
1543 486 1802 555 exquisita
1824 487 1881 539 in
1916 502 2091 540 omnes
2119 487 2171 548 Α
2198 499 2227 536 a
2277 485 2504 540 Domino
2559 497 2814 538 coronam
2857 479 3017 550 justas
3068 481 3557 550 congratulationis
3625 500 3786 540 accc-

515 566 803 622 voluntates
827 570 960 639 ejus.
977 572 1116 628 Ecce
1139 575 1283 628 enim
1301 590 1464 629 unum
1489 576 1767 633 Zachariae
1790 577 2083 642 silentium,

515 671 620 711 non
667 658 766 727 ipsi
803 669 1008 715 tantum
1037 663 1122 717 cui
1152 663 1309 718 datur
1344 666 1412 719 ad
1447 681 1662 735 poenam
1694 666 2088 722 incredulitatis

512 756 568 802 et
611 749 823 819 signum
870 753 1122 808 credendi
1163 753 1416 824 proﬁcit,
1445 756 1541 810 sed
1570 763 1622 810 et
1653 771 1775 810 cum
1819 755 2083 822 aufertur,

511 852 700 894 omnes
727 840 932 895 vicinos
961 842 1078 911 ejus
1105 843 1364 898 miraculo
1411 859 1474 899 ac
1521 845 1712 898 timore
1763 843 2080 914 stupefacit,

510 931 690 985 omnia
721 932 1139 1003 circumquaque
1169 945 1427 990 montana
1471 934 1615 988 fama
1659 936 1771 988 nati
1804 936 2084 1005 prephette

508 1021 803 1091 perfundit,
827 1041 1014 1082 omnes
1041 1027 1132 1096 qui
1162 1028 1348 1082 audire
1375 1035 1646 1097 poterant,
1670 1029 1739 1082 ad
1766 1028 2084 1098 perquiren-

511 1115 637 1170 dum
668 1117 973 1190 diligentius
996 1121 1147 1190 pueri
1177 1121 1269 1190 qui
1299 1129 1460 1174 natus
1486 1129 1570 1176 est
1597 1120 1812 1174 modum
1851 1128 2084 1174 statum-

506 1224 611 1278 que
641 1211 914 1278 sollicitat,
949 1224 1006 1268 ut
1032 1214 1120 1268 bis
1145 1213 1396 1269 videlicet
1418 1222 1578 1283 atque
1605 1212 1913 1283 huiusmodi
1939 1211 2081 1266 futu-

506 1315 601 1356 rus
629 1301 831 1360 Christi
870 1306 1132 1375 propheta
1163 1305 1570 1361 commendetur
1606 1303 1889 1374 auspiciis,
1916 1304 2076 1358 item-

505 1406 628 1461 que,
655 1401 714 1447 ut
741 1395 815 1448 ita
849 1395 1076 1451 dixerim
1097 1436 1112 1461 ,
1142 1411 1535 1468 praecursorem
1563 1396 1810 1452 veritatis
1835 1410 2076 1467 praeur-

502 1484 678 1538 rentia
714 1485 865 1557 signa
895 1487 1187 1556 praebeant.

572 1577 640 1632 Et
661 1578 950 1636 Zacharias
976 1591 1126 1652 pater
1147 1581 1260 1653 ejus
1288 1582 1529 1652 impletus
1551 1591 1625 1639 est
1650 1581 1854 1654 Spiritu
1873 1593 2073 1648 sancto,

499 1680 548 1724 et
596 1674 920 1744 prophetavit
963 1676 1139 1729 dicens
1172 1690 1190 1728 :
1222 1677 1533 1731 Benedictus
1575 1676 1829 1730 Dominus
1873 1675 2073 1738 Israel,

497 1763 620 1832 quia
652 1763 873 1818 uisitauit
897 1774 945 1818 et
973 1763 1097 1833 fecit
1127 1755 1534 1837 redemptionem
1559 1765 1720 1836 plebis
1745 1782 1855 1820 sua:
1880 1763 2071 1818 Israel.

499 1854 636 1910 Ecce
664 1855 877 1925 loquela
903 1872 1023 1927 quae
1054 1857 1169 1912 sola
1191 1866 1274 1912 est
1299 1857 1476 1912 ablata
1504 1856 1782 1922 diﬁidenti,
1813 1872 1934 1912 cum
1967 1857 2075 1925 spi-

495 1946 602 1999 ritu
631 1948 930 2016 prophetiae
957 1956 1040 2002 est
1063 1949 1310 2003 restituta
1337 1949 1596 2003 credenti.
1622 1948 1868 2003 Visitavit
1895 1956 2075 2002 autem

494 2040 754 2094 Dominus
780 2040 990 2110 plebem
1019 2057 1168 2096 suam
1200 2043 1351 2114 quasi
1385 2042 1539 2112 longa
1572 2041 1888 2096 inﬁrmitate
1923 2042 2075 2096 tabc-

494 2139 754 2197 scentem,
783 2139 836 2186 et
865 2134 1015 2200 quasi
1047 2133 1319 2188 venditam
1366 2134 1464 2188 sub
1501 2141 1722 2202 peccato
1764 2133 1908 2188 unici
1953 2133 2076 2187 Filii

494 2220 575 2274 sui
629 2222 888 2292 sanguine
935 2223 1199 2288 redemit,
1226 2223 1318 2293 qui
1354 2223 1488 2277 vivit
1516 2231 1570 2278 et
1597 2230 1786 2293 regnat
1815 2226 1937 2276 cum
1965 2221 2076 2275 Deo

491 2309 653 2366 Patre
684 2311 735 2365 in
767 2312 972 2368 unitate
1004 2311 1238 2382 Spiritus
1263 2313 1436 2368 sancti
1475 2312 1619 2369 Deus
1641 2325 1744 2385 per
1767 2311 1948 2367 omnia
1980 2326 2077 2366 sw-

491 2400 612 2456 cula
633 2403 974 2458 szeculorum.
1007 2404 1200 2459 Amen.

1069 2534 1350 2593 HOMILIA
1383 2535 1491 2592 CV.

809 2666 1063 2708 DOIINICA
1101 2667 1155 2706 VI
1195 2667 1325 2708 POS'I‘
1364 2667 1758 2708 PENTECOSTEN.

752 2760 941 2817 Lectio
985 2761 1237 2832 Epistolas
1287 2762 1347 2818 Β.
1395 2761 1541 2819 Petri
1584 2763 1828 2833 apostoli.

563 2872 901 2935 Clmrissimi,
956 2889 1129 2927 omnes
1178 2874 1450 2929 unanimes
1487 2875 1542 2928 in
1600 2874 1833 2927 oratione
1880 2882 2071 2940 estote,

491 2966 880 3034 compatientes,
902 2965 1248 3034 fraternitatis
1271 2974 1551 3029 amatores,
1575 2965 1952 3028 misericordes,
1977 2965 2074 3018 ltu-

489 3054 655 3118 miles,
691 3072 792 3109 uon
816 3055 1088 3109 reddentes
1119 3055 1316 3110 malum
1342 3072 1436 3126 pro
1464 3055 1632 3119 malo,
1658 3065 1706 3108 et
1737 3055 2074 3108 maledictum

486 3165 578 3217 pro
607 3147 902 3215 maledicto,
924 3149 1014 3203 sed
1041 3167 1067 3203 e
1087 3150 1348 3204 contrario
1374 3149 1743 3214 benedicentes,
1769 3158 1874 3204 etc.

556 3241 692 3307 Quia
735 3243 982 3312 superius
1055 3243 1297 3297 diversas
1341 3256 1600 3312 personas
1645 3243 1967 3298 conditionis
2018 3253 2073 3298 et
2101 3224 2145 3286 (ἶ

487 3347 649 3387 sexus
678 3348 915 3402 congrua
950 3334 1051 3387 sibi
1097 3334 1423 3388 discretione
1468 3334 1726 3398 docebat,
1770 3333 1880 3403 jam
1929 3351 2074 3390 nunc

486 3438 676 3477 omnes
703 3425 1063 3478 communiter
1090 3426 1342 3479 admonet
1367 3425 1421 3478 in
1447 3423 1570 3479 ﬁdei
1596 3423 1888 3479 Dominica)
1909 3440 2071 3479 causa

488 3530 654 3568 unum
688 3530 784 3569 cor
812 3525 868 3569 et
894 3532 1059 3570 unam
1091 3517 1293 3571 habere
1318 3516 1573 3570 animam.

561 3604 699 3670 Quia
727 3607 780 3658 in
801 3607 898 3660 hoc
923 3608 1090 3660 uocati
1113 3608 1236 3662 estis
1260 3617 1314 3660 ut
1338 3607 1746 3661 benedictionem
1767 3608 2072 3662 htereditate

488 3697 818 3765 possidentis.
853 3697 1074 3752 Dicente
1098 3697 1350 3753 videlicet
1375 3697 1578 3765 judice,
1597 3699 1780 3763 venite,
1819 3699 2072 3753 benedicti

492 3783 670 3840 Patris
693 3787 815 3852 mei,
847 3789 1094 3857 percipite
1120 3804 1352 3858 regnum.
1372 3789 1555 3843 Potest
1579 3789 1883 3845 benedictio
1902 3793 2072 3848 hzere-

490 3878 676 3932 ditatis
700 3886 755 3932 et
798 3879 888 3932 illa
919 3879 1162 3949 intelligi,
1191 3895 1296 3950 qua
1321 3880 1621 3935 Ecclesiam
1655 3883 1707 3935 in
1743 3881 1924 3937 futura
1960 3884 2071 3939 vita

488 3978 747 4039 perpetua
772 3969 1066 4034 benedixit,
1100 3970 1243 4025 unde
1267 3970 1428 4025 etiam
1465 3986 1610 4025 nunc
1639 3986 1734 4040 spe
1764 3972 2071 4029 futurorum

487 4061 877 4132 gratulabunda
929 4062 1107 4125 canit,
1149 4061 1388 4116 exaltabo
1436 4071 1505 4126 te,
1553 4062 1693 4116 Deus
1747 4080 1839 4118 rex
1891 4080 2067 4130 meus,

486 4162 535 4207 et
573 4153 873 4206 benedicam
930 4169 1117 4206 nomen
1163 4161 1311 4206 tuum
1355 4154 1412 4207 in
1451 4161 1732 4220 aeternum,
1768 4163 1817 4208 et
1867 4156 1923 4208 in
1972 4171 2074 4208 ste-

486 4243 661 4298 culum
698 4243 895 4297 steculi.
946 4242 1100 4309 Quod
1128 4257 1258 4315 ergo
1305 4243 1538 4313 quisque
1583 4243 1638 4298 in
1688 4243 1873 4299 futuro
1923 4246 2072 4299 inve-

487 4339 606 4391 nire
659 4337 950 4398 desiderat,
988 4334 1180 4389 hocin
1221 4336 1474 4404 praesenti
1521 4333 1770 4390 meditari
1813 4343 1868 4388 et
1911 4351 2072 4406 agere

487 4434 739 4495 satagat,
796 4434 850 4478 et
901 4425 1236 4480 conditorem
1290 4425 1587 4489 videlicet,
1649 4433 1705 4479 et
1763 4427 2069 4495 proximum

488 4516 699 4571 sincera
745 4529 878 4568 voce
925 4513 1246 4570 benedicere
1278 4523 1333 4568 et
1369 4514 1610 4584 seipsum
1647 4515 1813 4569 etiam
1864 4518 2070 4585 pariter

2230 586 2282 632 tu
2289 593 2377 632 l'OS
2385 618 2396 630 .

2230 593 2396 632 turos.

2189 593 2224 647 ρ
2259 666 2329 720 Et
2372 669 2486 738 quis
2533 675 2607 721 est
2645 666 2736 738 qui
2778 666 2916 720 vobis
2961 673 3164 730 noceat,
3193 666 3239 718 si
3276 663 3400 719 boni
3439 667 3783 723 (emaciatam

2188 754 2414 826 fueritis.
2447 757 2520 812 De
2552 757 2634 810 his
2662 756 2791 810 dicit
2831 770 2952 824 quae
2998 754 3154 808 nobis
3196 754 3265 808 ab
3308 754 3651 810 adversariis
3692 772 3784 825 per

2187 848 2347 904 verba
2376 848 2784 912 contumeliosa,
2815 863 2913 917 per
2935 847 3128 901 damna
3159 861 3344 900 rerum
3368 849 3779 918 temporalium,

2183 951 2283 1009 per
2306 947 2572 994 tormenta
2599 940 2842 1010 corporis
2878 939 3147 994 accidunt.
3172 937 3300 994 Haec
3325 940 3471 994 enim
3504 950 3562 996 et
3595 943 3782 1013 hujus-

2185 1030 2328 1084 modi
2359 1032 2538 1085 omnia
2569 1047 2698 1086 cum
2735 1030 2982 1085 ﬁdelibus
3023 1029 3352 1101 irrogantur,
3384 1033 3664 1088 duntaxat
3693 1039 3779 1106 qui

2183 1123 2311 1178 boni
2339 1124 2680 1178 aemulatores
2725 1133 2879 1188 sunt,
2927 1132 2980 1177 ct
3015 1125 3118 1177 hoc
3157 1126 3453 1179 secundum
3485 1128 3776 1184 scientiam

2183 1225 2522 1282 nequaquam
2552 1214 2630 1268 eis
2668 1229 2863 1268 nocere
2889 1221 3148 1283 possunt,
3193 1216 3287 1269 sed
3325 1215 3564 1284 palmam
3608 1222 3779 1289 magis

2181 1305 2454 1374 patientiae
2517 1308 2895 1377 aequanimiter
2949 1308 3306 1364 tolerantibus
3347 1309 3625 1376 afferunt,
3669 1323 3778 1365 ete

2181 1405 2370 1451 contra
2400 1397 2506 1452 illis
2533 1399 2623 1467 qui
2653 1399 2894 1469 irrogant
2922 1413 3140 1468 pmnam
3180 1401 3576 1456 accumulando
3619 1411 3778 1455 teter-

2181 1501 2304 1541 nam
2353 1487 2643 1558 plurimum
2698 1499 2915 1544 nocent.
2968 1489 3026 1545 Si
3079 1491 3202 1560 quis
3242 1500 3422 1545 autem
3463 1492 3778 1561 hujusmodi

2181 1576 2422 1632 adversis
2472 1578 2647 1632 victus
2701 1579 2900 1642 deﬁcit,
2959 1595 3065 1633 non
3102 1580 3227 1634 huic
3279 1580 3368 1635 ille
3418 1582 3513 1651 qui
3570 1583 3778 1635 malum

2180 1665 2397 1733 intulit,
2436 1669 2530 1722 sed
2569 1669 2669 1738 ipsi
2706 1670 2809 1724 sibi
2849 1672 2939 1740 qui
2980 1671 3083 1726 hoc
3127 1672 3398 1742 patienter
3431 1673 3585 1730 ferre
3630 1691 3780 1728 recu-

2180 1758 2321 1812 savit
2355 1760 2558 1814 nocuit.

2101 1864 2150 1923 Β
2249 1847 2356 1905 Sed
2381 1860 2430 1904 et
2457 1867 2503 1905 st
2531 1853 2657 1923 quid
2684 1854 2928 1935 patimini
2959 1863 3170 1925 propter
3187 1855 3480 1925 justitiam,
3502 1857 3658 1912 beati
3685 1861 3782 1912 eri-

2183 1945 2274 2000 tis.
2307 1945 2422 2000 Non
2450 1947 2641 2011 solum,
2674 1949 2868 2018 inquit,
2901 1950 3034 2004 nihil
3063 1950 3214 2006 vobis
3238 1960 3418 2019 nocet,
3447 1953 3546 2022 qui
3566 1952 3778 2007 bonum

2183 2036 2503 2092 facientibus
2528 2038 2669 2092 mala
2699 2039 2925 2107 irrogat,
2958 2040 3053 2094 sed
3079 2039 3245 2095 etiam
3273 2056 3397 2096 cum
3424 2056 3526 2096 vos
3549 2055 3784 2114 propter

2181 2128 2322 2182 bona
2348 2143 2467 2197 quae
2483 2139 2800 2184 exsecratur
2831 2130 3000 2185 hostis
3027 2131 3350 2200 insequitur,
3366 2148 3594 2189 causam
3625 2135 3781 2189 vobis

2180 2220 2400 2289 majoris
2442 2222 2790 2278 beatitudinis
2829 2231 3080 2292 praestat,
3112 2239 3234 2278 cum
3273 2225 3549 2294 patientia?
3575 2235 3780 2280 vestra:

2179 2313 2324 2368 vires
2357 2323 2593 2379 exercet,
2650 2313 2806 2384 juxta
2856 2316 2984 2370 illud
3030 2315 3416 2389 Evangelicum
3443 2337 3456 2371 :
3487 2319 3656 2373 Beati
3697 2321 3778 2390 qui

2178 2408 2585 2476 persecutionem
2606 2409 2881 2478 patiuntur
2905 2417 3115 2478 propter
3137 2409 3423 2478 justitiam.

2250 2495 2534 2550 Dominum
2578 2507 2751 2551 autem
2794 2495 3061 2552 Christum
3091 2499 3418 2568 sanctiﬁcate
3441 2502 3498 2555 in
3524 2503 3777 2556 cordibus

2180 2587 2377 2640 vestris.
2424 2587 2563 2650 Quid
2589 2595 2672 2642 est
2715 2585 3002 2642 Dominum
3035 2590 3380 2646 sanctiﬁcare
3425 2593 3479 2647 in
3512 2595 3778 2649 cordibus

2178 2676 2380 2730 nostris
2404 2717 2418 2741 ,
2471 2677 2574 2732 nisi
2607 2679 2951 2734 sanctitatem
2977 2680 3129 2750 ejus,
3171 2698 3333 2752 quam
3370 2685 3440 2738 sit
3463 2685 3777 2756 incompre-

2179 2767 2458 2823 hensibilis
2482 2769 2685 2840 gloriae,
2710 2770 2901 2825 intimo
2923 2774 3103 2828 cordis
3129 2774 3324 2829 affectu
3351 2776 3574 2842 intueri,
3597 2794 3778 2849 quan-

2181 2868 2288 2913 tam
2331 2860 2383 2913 in
2425 2875 2482 2915 se
2529 2865 2871 2932 sperantibus
2912 2867 3160 2922 vincendi
3216 2868 3589 2924 fortitudinem
3646 2873 3775 2926 dare

2177 2953 2340 3018 valet,
2367 2952 2519 3020 cuius
2549 2954 2937 3013 inmstimabilis
2977 2961 3237 3015 sanctitas
3283 2960 3464 3032 fulget.
3501 2961 3609 3029 Qui
3650 2979 3772 3019 cum

2177 3044 2337 3100 Patre
2361 3055 2416 3100 et
2437 3047 2640 3116 Spiritu
2667 3059 2878 3123 sancto,
2903 3051 3038 3106 vivit
3059 3062 3114 3107 et
3135 3063 3325 3124 regnat
3343 3055 3501 3119 Deus,
3528 3072 3630 3126 per
3656 3072 3773 3111 om-

2180 3139 2271 3194 nia
2301 3139 2497 3193 szccula
2526 3141 2866 3197 saeculorum.
2895 3143 3088 3199 Amen.

2749 3257 3032 3313 HOMILIA
3057 3258 3188 3314 CVI.

2464 3381 2465 3384 η
2712 3345 2766 3382 IN
2820 3345 2994 3382 EODEM
3053 3345 3239 3385 FESTO.

2335 3420 2519 3476 Lectio
2544 3421 2719 3476 sancti
2742 3421 3018 3493 Evangelii
3043 3423 3341 3477 secundum
3364 3422 3585 3479 Lucam.

2245 3511 2313 3565 In
2341 3513 2433 3567 illo
2457 3523 2706 3581 tempore,
2735 3532 2850 3567 cum
2878 3513 3043 3568 turbw
3067 3515 3331 3568 irruerent
3357 3515 3425 3567 ad
3453 3516 3636 3568 Iesum
3655 3556 3672 3578 ,
3717 3530 3770 3568 ut

2174 3603 2419 3657 audirent
2468 3604 2677 3658 verbum
2717 3604 2840 3670 Dei,
2884 3615 2930 3658 et
2970 3606 3078 3675 ipse
3122 3605 3291 3658 stabat
3332 3621 3478 3658 secus
3520 3614 3765 3673 stagnum

2182 3691 2517 3748 Ceuesareth.

2246 3783 2510 3858 Stagnum
2536 3785 2872 3843 Genesareth
2895 3787 3037 3843 idem
3066 3772 3253 3843 dicunt
3289 3802 3408 3842 esse
3434 3787 3578 3857 quod
3607 3804 3764 3842 mare

2175 3876 2407 3933 Galilaeae
2433 3887 2489 3932 et
2521 3893 2673 3933 mare
2721 3878 3044 3933 Tiberiadis.
3094 3877 3201 3932 Sed
3242 3891 3394 3931 mare
3430 3875 3665 3932 Galilaaaz
3699 3878 3763 3932 ab

2175 3966 2453 4038 adiacente
2472 3971 2749 4040 provincia
2773 3971 2998 4035 dictum,
3021 3984 3172 4023 mare
3195 3969 3492 4023 Tiberiadis
3523 3984 3554 4022 θ,
3585 3971 3763 4040 proxi-

2174 4076 2262 4115 ma
2308 4062 2559 4127 civitate,
2606 4076 2727 4130 quae.
2763 4061 2896 4116 olim
2937 4059 3250 4116 Cennerech
3292 4067 3515 4123 vocata,
3563 4061 3658 4115 sed
3698 4061 3762 4115 ab

2174 4151 2384 4208 Herode
2409 4155 2704 4216 tetrarcha,
2731 4153 3030 4208 instaurata
3055 4153 3110 4208 in
3136 4154 3396 4208 honorem
3419 4152 3619 4207 Tiberii
3647 4153 3760 4207 (Ξειι

2175 4243 2314 4297 saris
2340 4285 2353 4308 ,
2392 4243 2639 4298 Tiberias
2668 4252 2751 4298 est
2782 4244 3068 4314 appellata.
3107 4242 3276 4298 Porro
3302 4242 3548 4300 Genezar
3588 4260 3617 4297 a
3661 4244 3758 4297 laci

2175 4333 2342 4403 ipsius
2373 4341 2587 4398 natura,
2618 4335 2708 4404 qui
2737 4350 2766 4388 a
2797 4335 3161 4404 crispantibus
3198 4335 3354 4404 aquis
3392 4335 3458 4389 de
3504 4335 3618 4403 ipso
3657 4334 3756 4389 sibi

2174 4425 2415 4479 excitare
2455 4440 2641 4480 auram
2673 4427 3020 4496 perhibetur,
3064 4425 3254 4482 Grteco
3289 4425 3554 4482 vocabulo
3602 4427 3756 4496 quasi

2176 4531 2442 4586 generans
2473 4518 2574 4571 sibi
2601 4533 2790 4571 auram
2821 4518 3036 4573 dicitur.

489 4607 669 4662 divina
727 4621 791 4662 ac
846 4605 1084 4660 fraterna
1121 4605 1496 4661 benedictione
1533 4606 1756 4676 dignum
1809 4608 2068 4676 reddere,
2099 4593 2152 4653 ι)
2249 4606 2319 4660 Et
2363 4606 2491 4661 vidit
2538 4609 2671 4662 duas
2713 4625 2866 4663 naves
2906 4617 3103 4664 stantes
3130 4627 3292 4664 secus
3341 4620 3604 4681 stagnum.
3633 4610 3757 4665 Duae

487 4715 615 4770 quia

560 4791 716 4846 Oculi
748 4791 961 4845 Domini
982 4807 1137 4862 super
1169 4790 1343 4859 justos
1362 4829 1378 4855 ,
1406 4799 1454 4844 et
1482 4808 1637 4846 aures
1673 4792 1788 4862 ejus
1815 4794 1871 4848 in
1899 4811 2075 4864 preces

485 4899 707 4940 eorum:
736 4883 907 4938 vultus
948 4891 1120 4935 autem
1159 4881 1371 4936 Domini
1419 4900 1576 4954 super
1617 4883 1866 4953 facientes
1910 4886 2070 4940 mala.

485 4976 621 5045 Quia
647 4978 840 5032 beatus
871 4973 1062 5027 Petrus
1091 4971 1289 5025 malum
1321 4987 1418 5026 nos
1443 4988 1541 5040 pro
1565 4974 1707 5028 malo
1731 4975 1959 5030 reddere
1983 4991 2073 5030 ve-

490 5075 702 5131 tuerat,
765 5068 876 5120 imo
930 5063 1370 5117 maledicentibus
1431 5065 1750 5121 benedicere
1796 5066 2072 5136 jusserat,

491 5165 639 5212 recte
668 5155 984 5225 prophetico
1011 5153 1323 5208 testimonio
1350 5156 1576 5220 astruit,
1617 5171 1851 5226 superna
1898 5157 2076 5225 inspe.

490 5248 692 5309 ctione,
718 5255 774 5300 et
812 5245 982 5299 bonos
1014 5258 1227 5313 semper
1249 5245 1452 5312 videri,
1487 5255 1544 5301 et
1575 5247 1774 5311 malos,
1808 5255 2074 5315 quatenus

491 5336 922 5398 meminerimus,
945 5342 1002 5388 et
1030 5343 1271 5390 nostram
1297 5337 1611 5406 patientiam
1633 5354 1740 5408 qua
1779 5338 2074 5394 toleramus

492 5429 694 5492 malos,
723 5435 781 5482 et
820 5435 1058 5482 nostram
1104 5428 1533 5485 benevolentiam
1559 5446 1665 5500 qua
1703 5432 2072 5500 persequenti-

491 5525 592 5576 bus
621 5521 764 5576 bona
811 5526 1062 5590 optamus
1104 5528 1308 5576 azterno
1345 5521 1569 5590 prtemio
1595 5523 2070 5588 remunerandam,

493 5621 550 5667 et
575 5616 948 5682 pers'ecutores
974 5620 1188 5667 nostros
1225 5613 1270 5668 si
1303 5613 1556 5682 poeniteri
1600 5611 1874 5667 noluerint
1908 5615 2071 5684 digno

491 5705 803 5774 plectendos
829 5719 948 5761 esse
987 5705 1268 5773 supplicio.
1304 5704 1360 5758 Si
1386 5719 1516 5759 vero
1553 5705 1942 5775 posuituerint,
1975 5721 2071 5761 nos

493 5809 707 5868 quoque
750 5811 851 5864 pro
902 5798 1139 5860 ipsorum
1191 5797 1392 5860 salute,
1439 5807 1599 5863 quam
1648 5798 2072 5866 deprecabamir

2175 4712 2345 4753 naves
2370 4713 2528 4753 secus
2555 4706 2804 4770 stagnum
2830 4699 3022 4770 positae
3045 4701 3516 4758 circumcisionem
3545 4710 3601 4758 et
3627 4718 3754 4772 pra:-

2173 4788 2384 4860 putium
2411 4789 2675 4860 ﬁgurant,
2702 4806 2836 4859 quas
2863 4789 3000 4845 bene
3026 4789 3181 4846 Jesus
3202 4791 3404 4848 vidisse
3427 4793 3753 4863 perhibetur,

2175 4879 2300 4948 quia
2333 4879 2384 4932 in
2419 4887 2650 4948 utroque
2681 4881 2877 4948 pepulo
2904 4881 3056 4935 novit
3081 4881 3341 4936 Dominus
3367 4882 3458 4951 qui
3483 4893 3612 4937 sunt
3628 4882 3751 4951 ejus,

2174 4985 2471 5039 eorumque
2518 4985 2613 5024 cor
2653 4985 2684 5023 a
2728 4971 2979 5026 ﬂuctibus
3023 4971 3203 5026 saeculi
3251 4971 3413 5041 hujus
3457 4975 3528 5030 ad
3574 4973 3755 5029 futura:

2181 5061 2306 5115 vitae
2338 5061 2817 5130 tranquillitatem,
2870 5063 3023 5132 quasi
3073 5064 3140 5116 ad
3189 5063 3518 5120 soliditatem
3568 5066 3756 5121 littoris

2181 5151 2411 5207 videndo
2431 5192 2446 5217 ,
2479 5152 2583 5206 hoc
2609 5161 2714 5218 est,
2745 5154 3168 5209 misericorditer
3192 5156 3460 5211 visitando
3495 5159 3751 5227 provehit.

2250 5244 2555 5300 Piscatores
2601 5255 2776 5301 autem
2809 5247 3183 5302 descenderant
3229 5257 3276 5302 et
3315 5249 3562 5304 lavabant
3612 5252 3750 5304 retia.

2179 5337 2488 5393 Piscatores
2507 5348 2632 5394 sunt
2654 5340 2911 5396 Ecclesia;
2942 5342 3191 5397 doctores
3213 5342 3303 5412 qui
3331 5350 3445 5396 rete
3472 5341 3597 5396 ﬁdei
3621 5358 3755 5396 com-

2179 5431 2478 5499 prehensos
2502 5471 2517 5496 ,
2564 5439 2619 5486 et
2663 5433 2730 5486 de
2775 5431 3046 5501 profundo
3072 5433 3137 5486 ad
3167 5432 3348 5487 lumen
3381 5433 3583 5497 elatos,
3611 5432 3752 5502 quasi

2178 5524 2356 5592 pisces
2402 5523 2603 5589 littori,
2637 5524 2714 5579 sic
2755 5535 2913 5579 terrae
2946 5525 3241 5580 viventium
3275 5527 3580 5588 advehunt,
3609 5526 3752 5594 quasi

2179 5615 2429 5685 quaedam
2458 5615 2589 5669 retia
2620 5615 2948 5685 piscantium
2978 5624 3105 5669 sunt
3146 5615 3436 5686 complexae
3459 5615 3756 5686 praadican-

2180 5708 2314 5761 tium
2346 5707 2632 5772 dictiones,
2677 5723 2798 5777 qua:
2837 5723 2930 5762 cos
2975 5723 3110 5777 quos
3148 5707 3412 5777 cmperint
3439 5707 3493 5761 in
3524 5707 3627 5761 ﬁde
3655 5720 3753 5760 non

2170 5799 2444 5853 amittant.
2474 5798 2626 5854 Unde
2652 5808 2705 5853 et
2734 5799 2869 5854 retia
2893 5799 3047 5868 quasi
3078 5799 3364 5856 retinentia
3389 5808 3516 5852 sunt
3539 5806 3748 5852 vocata.
