3974 6364
216 365 336 427 διδ

1285 372 1593 433 HOMILIE
1632 373 1703 432 IN
1738 369 1994 431 EVANG.
2034 373 2124 430 ET
2159 374 2380 432 EPIS'I‘.

3378 371 3484 427 546

222 485 327 542 sed
346 484 464 542 hac
481 482 620 542 retia
641 483 803 540 modo
827 483 1080 541 laxantur
1106 487 1162 541 in
1191 493 1491 556 capturam,
1525 487 1684 542 modo
1702 485 1812 541 lota
1839 489 1891 549 Α
1915 482 2096 541 saeculi
2126 493 2355 541 crescet.
2394 482 2507 541 Sed
2545 484 2689 555 quod
2732 484 2961 555 impleta:
3000 491 3336 555 merguntur,
3382 487 3486 541 hoc

222 576 516 648 plicantur,
534 576 659 645 quia
679 591 787 630 non
807 590 967 631 omne
990 583 1203 646 tempus
1220 582 1304 631 est
1322 574 1499 630 habile
1521 576 1802 642 doctrinae,

222 671 327 728 sed
356 684 497 725 nunc
514 669 815 725 exercenda
837 668 1014 741 lingua
1037 668 1266 735 doctori,
1294 685 1437 725 nunc
1458 670 1655 725 suimet
1675 686 1807 726 cura

220 759 488 830 gerenda.

298 849 595 906 Ascendens
623 858 798 905 autem
820 851 877 906 in
907 867 1070 905 unam
1100 851 1275 907 navim
1295 894 1309 918 ,
1335 869 1453 923 qua:
1487 861 1601 906 erat
1628 851 1805 907 Simo-

220 943 332 1008 nis,
386 942 583 1013 rogavit
629 958 747 996 eum
796 959 829 995 a
874 950 1013 996 terra
1048 943 1291 997 reducere
1323 943 1600 1014 pusillum.
1631 944 1699 998 Et
1726 961 1806 999 se-

217 1033 356 1087 dens
380 1032 595 1086 docebat
635 1032 699 1086 de
738 1030 978 1087 navicula
1018 1032 1219 1087 turbas.
1267 1033 1428 1089 Navis
1455 1033 1692 1089 Simonis
1720 1041 1806 1090 est

220 1125 470 1180 Ecclesia
500 1125 793 1195 primitiva,
819 1125 886 1180 de
907 1141 1011 1195 qua
1037 1125 1237 1181 Paulus
1265 1127 1341 1181 ait
1365 1146 1378 1181 :
1406 1127 1509 1193 Qui
1528 1130 1665 1183 enim
1687 1145 1806 1199 ope-

219 1228 375 1271 ratus
399 1227 474 1271 est
498 1215 658 1271 Petro
679 1218 737 1272 in
761 1216 1056 1289 apostolatu
1082 1219 1526 1285 circumcisionis,
1559 1226 1804 1290 operatus

215 1316 301 1362 est
330 1317 380 1361 et
404 1308 532 1362 mihi
553 1308 688 1362 inter
711 1318 906 1379 gentes,
932 1309 1068 1365 bene
1094 1325 1202 1365 una
1231 1310 1399 1376 dicta,
1423 1312 1545 1382 quia
1575 1311 1806 1367 multitu-

216 1397 364 1452 dinis
389 1397 709 1453 credentium
738 1408 851 1453 erat
872 1416 963 1453 cor
982 1416 1145 1454 unum
1164 1409 1213 1455 et
1236 1402 1414 1455 anima
1440 1419 1568 1456 una.
1594 1404 1670 1457 De
1697 1418 1803 1473 qua

215 1489 456 1545 docebat
479 1492 682 1556 turbas,
716 1491 843 1561 quia
871 1492 938 1547 de
971 1493 1293 1548 auctoritate
1330 1493 1587 1551 Ecclesia:
1636 1511 1807 1566 usque

215 1580 387 1635 hodie
415 1589 603 1652 gentes
632 1582 809 1637 docet.

295 1672 368 1727 Ut
391 1675 607 1729 cessavit
627 1685 799 1729 autem
824 1674 987 1747 loqui,
1011 1677 1147 1731 dixit
1172 1678 1241 1731 ad
1272 1677 1541 1733 Simonem
1567 1697 1586 1734 :
1612 1679 1729 1734 Duc
1752 1682 1808 1734 in

213 1767 414 1834 altum,
441 1777 489 1822 et
510 1768 684 1824 laxate
707 1770 834 1824 retia
864 1779 1032 1825 vestra
1057 1772 1112 1824 in
1134 1780 1425 1841 capturum.
1451 1770 1605 1839 Quod
1632 1773 1808 1843 primo

1904 575 2076 641 est,in
2107 576 2531 631 submersionem
2561 586 2881 646 premuntur
2899 616 2914 640 ,
2940 591 3047 630 non
3069 576 3214 632 enim
3243 579 3490 633 submer-

1906 681 2000 733 sa,
2020 668 2114 723 sed
2144 676 2272 723 sunt
2298 667 2629 738 periclitata,
2659 666 2950 736 Apostolus
2997 669 3221 738 exponit
3261 670 3446 726 dicens
3470 688 3485 726 :

1906 759 1975 814 In
1995 760 2285 814 novissimis
2305 758 2486 813 diebus
2508 768 2662 813 erunt
2676 768 2909 829 tempora
2930 758 3243 829 periculosa,
3262 769 3310 814 et
3331 771 3484 817 erunt

1906 848 2140 904 homines
2160 849 2359 918 seipsos
2388 856 2645 914 amantes,
2673 856 2778 903 etc.
2805 848 2940 903 Nam
2978 851 3148 920 mergi
3187 850 3368 914 navis,
3407 859 3492 906 est

1905 942 2151 997 homines
2172 942 2226 996 in
2253 940 2507 996 saeculum
2533 955 2601 995 ex
2623 956 2731 1010 quo
2759 940 2886 995 elati
2931 956 3030 1011 per
3073 940 3234 998 ﬁdem
3275 941 3492 997 fuerant

1906 1048 2119 1087 morum
2144 1032 2412 1101 pravitate
2438 1031 2638 1095 relabi,
2673 1032 2832 1103 quale
2856 1040 2912 1087 et
2953 1032 3068 1102 ipse
3089 1033 3281 1088 Petrus
3308 1032 3490 1087 adhuc

1907 1125 1962 1180 in
2006 1125 2320 1181 inﬁrmitate
2367 1127 2573 1196 positus
2627 1128 2731 1182 hoc
2775 1126 2893 1182 loco
2941 1126 3297 1183 demonstrat.
3333 1122 3489 1180 Unde

1907 1220 2172 1290 sequitur.

1978 1312 2131 1379 Quod
2157 1329 2276 1368 cum
2306 1313 2500 1367 videret
2530 1311 2712 1367 Simon
2741 1309 2953 1377 Petrus,
2980 1311 3205 1383 procidit
3226 1310 3294 1364 ad
3319 1325 3489 1380 genua

1906 1406 2035 1461 Iesu
2063 1445 2078 1471 ,
2124 1405 2302 1459 dicens
2327 1422 2345 1460 :
2374 1403 2477 1459 Emi
2512 1423 2545 1459 a
2574 1421 2687 1471 me,
2713 1406 2835 1476 quia
2867 1405 3020 1460 homo
3060 1412 3302 1476 peccator
3337 1419 3451 1456 sum
3473 1442 3489 1467 ,

1905 1495 2149 1551 Domine.
2191 1495 2328 1563 Quia
2376 1497 2623 1552 carnales
2665 1497 2865 1568 quique
2891 1497 2946 1551 in
2976 1495 3218 1551 Ecclesia
3245 1494 3489 1564 regimen

1908 1589 2269 1660 spiritualium
2294 1590 2351 1643 in
2377 1590 2571 1659 quibus
2599 1589 2835 1644 maxime
2863 1587 3063 1643 Christi
3088 1601 3318 1657 persona
3353 1584 3490 1640 emi-

1908 1690 2021 1749 net,
2046 1698 2077 1737 a
2101 1698 2159 1739 se
2183 1682 2582 1753 quodammodo
2609 1680 2893 1753 repellunt.
2924 1679 3044 1735 Non
3070 1679 3212 1734 enim
3235 1679 3338 1733 hac
3356 1692 3490 1733 voce

1908 1773 2126 1847 linguae,
2153 1775 2339 1830 dicunt
2364 1775 2520 1831 bonis
2543 1774 2809 1830 ministris
2833 1773 2930 1828 Dei
2959 1781 3021 1827 ut
3048 1787 3142 1827 eos
3165 1786 3196 1825 a
3222 1785 3281 1825 se
3315 1769 3492 1840 repel-

216 1859 433 1928 rogavit
461 1857 736 1916 Simonem
765 1862 943 1916 navim
974 1877 1003 1915 a
1042 1870 1186 1917 terra
1224 1863 1481 1918 reducere
1517 1864 1766 1934 pusillum
1785 1905 1799 1929 ,
1831 1849 1880 1911 Β
1907 1867 2044 1933 lant,
2072 1869 2166 1923 sed
2194 1882 2327 1923 voce
2367 1882 2580 1923 morum
2612 1874 2667 1923 et
2697 1875 2912 1921 actuum
2950 1880 3168 1921 suorum
3202 1863 3433 1919 suadent
3458 1877 3489 1916 a

213 1951 495 2023 signiﬁcat
526 1951 608 2007 vel
632 1960 929 2023 temperate
957 1956 1216 2011 utendum
1236 1957 1404 2011 verbo
1424 1957 1491 2011 ad
1517 1958 1725 2022 turbas,
1746 1967 1806 2013 ut

213 2058 323 2099 nec
354 2053 571 2100 terrena
601 2047 682 2101 eis
717 2047 1119 2117 praecipiantur,
1157 2064 1258 2103 nec
1297 2050 1376 2105 sic
1416 2066 1446 2103 a
1489 2053 1721 2107 terrenis
1749 2053 1806 2106 in

210 2135 490 2207 profunda
532 2147 996 2195 sacramentorum
1038 2141 1342 2208 recedatur,
1384 2151 1440 2196 ut
1494 2158 1555 2198 ea
1594 2144 1808 2213 penitus

210 2244 331 2287 non
362 2228 681 2300 intelligant,
705 2230 791 2285 vel
811 2232 962 2302 prius
989 2232 1043 2286 in
1066 2233 1328 2303 proximis
1350 2234 1659 2305 regionibus
1678 2250 1809 2305 gen-

215 2319 368 2373 tibus
389 2319 809 2390 praedicandum,
852 2332 912 2377 ut
949 2324 1041 2393 qui
1081 2324 1212 2379 dicit
1246 2324 1377 2380 item
1401 2325 1593 2392 Petro,
1624 2327 1726 2381 duc
1752 2328 1810 2381 in

209 2408 389 2463 altum
428 2419 476 2463 et
512 2410 688 2465 laxate
730 2414 857 2467 retia
898 2424 1067 2468 vestra
1106 2416 1163 2468 in
1191 2425 1495 2485 capturum,
1531 2418 1598 2471 ad
1632 2432 1809 2473 remo-

210 2500 393 2557 tiores
425 2509 611 2575 gentes
645 2504 840 2574 quibus
886 2514 1068 2575 postea
1107 2507 1460 2577 praedicatum
1497 2518 1600 2574 est,
1640 2510 1808 2579 perti-

213 2600 372 2648 neat.

294 2682 367 2737 Et
395 2685 705 2755 respondens
733 2684 917 2741 Simon
951 2687 1084 2742 dixit
1112 2687 1230 2743 illi:
1261 2685 1581 2759 Prwceptor,
1612 2707 1705 2759 per
1725 2699 1806 2745 to-

212 2784 337 2829 tam
366 2787 563 2831 noctem
595 2776 895 2833 laborantes
923 2779 1053 2833 nihil
1079 2782 1339 2850 cepimus,
1370 2782 1425 2835 in
1453 2782 1605 2836 verbo
1632 2792 1808 2837 autem

213 2879 320 2923 tuo
351 2870 535 2925 laxabo
562 2881 683 2926 rete.
712 2871 835 2926 Nisi
856 2872 1111 2928 Dominus
1132 2874 1468 2942 aediﬁcaverit
1492 2874 1726 2938 domum,
1753 2875 1811 2928 in

211 2978 423 3016 vanum
453 2962 688 3018 laborant
712 2966 804 3035 qui
829 2965 1096 3035 wdiﬁcant
1124 2982 1261 3019 eam.
1287 2964 1403 3020 Nisi
1434 2965 1692 3021 Dominus
1716 2980 1810 3020 cor

214 3052 577 3109 illustraverit
606 3055 935 3124 auditorum,
962 3056 1152 3113 doctor
1174 3058 1227 3112 in
1252 3066 1411 3113 nocte
1439 3057 1667 3113 laborat.
1694 3056 1808 3112 Nisi

213 3148 275 3202 in
308 3147 477 3202 verbo
505 3163 748 3219 superna:
773 3149 960 3220 gratia:
987 3149 1166 3204 laxata
1208 3149 1413 3205 fuerint
1448 3149 1805 3204 instrumenta

210 3238 668 3308 disputationum,
694 3240 893 3296 frustra
915 3242 1064 3296 vocis
1087 3256 1197 3296 suae
1218 3239 1538 3312 praedicator
1567 3240 1807 3309 jaculum
1834 3222 1883 3288 C

212 3331 432 3394 mittet,
486 3331 611 3401 quia
650 3331 784 3386 ﬁdes
831 3333 1151 3403 populorum
1199 3349 1307 3388 non
1343 3334 1608 3403 sapientia
1658 3334 1807 3389 vcrbi

213 3422 546 3491 compositi,
585 3423 681 3478 sed
717 3423 913 3478 divina:
945 3424 1242 3479 vocationis
1264 3439 1488 3479 munere
1523 3426 1803 3495 prazvenit.

295 3513 368 3567 Et
398 3531 516 3569 cum
542 3515 640 3570 hoc
667 3515 930 3585 fecissent,
973 3516 1339 3571 concluserunt
1366 3517 1589 3587 piscium
1618 3517 1793 3573 multi.

214 3605 462 3659 tudinem
508 3607 795 3677 copiosam,
845 3604 1182 3677 rumpebatur
1225 3617 1401 3661 autem
1457 3618 1562 3663 rete
1602 3625 1803 3664 eorum.

216 3701 347 3755 Prae
374 3698 715 3755 multitudine
735 3700 963 3770 piscium
990 3709 1104 3756 rete
1124 3702 1498 3770 rumpebatur,
1522 3701 1647 3770 quia
1661 3716 1808 3759 nunc

215 3807 256 3845 a
285 3788 632 3845 confessione
678 3790 803 3845 ﬁdei
850 3790 1014 3845 etiam
1043 3806 1166 3846 cum
1198 3790 1385 3847 electis
1427 3791 1642 3861 reprobi
1672 3793 1809 3848 tant“

216 3882 453 3945 intrant,
470 3882 563 3952 qui
580 3882 750 3953 ipsam
769 3897 982 3953 quoque
1002 3883 1320 3950 Ecclesiam,
1346 3885 1644 3942 haeresibns
1663 3884 1833 3964 scin-g

217 3973 382 4027 dant.
411 3971 700 4042 Rumpitur
728 3981 906 4029 autem
946 3982 1094 4041 rete,
1128 3973 1223 4030 sed
1249 3990 1356 4030 non
1384 3975 1582 4031 labitur
1608 3978 1805 4046 piscis,

214 4066 360 4137 quia
379 4080 505 4121 suos
526 4066 783 4122 Dominus
809 4068 973 4123 etiam
1012 4069 1155 4125 inter
1188 4070 1625 4140 persequentium
1652 4084 1807 4127 scan-

216 4155 358 4211 dala
382 4164 579 4211 servat.

301 4247 379 4300 Et
407 4258 699 4304 annuerant
728 4250 880 4305 sociis
902 4251 990 4321 qui
1014 4260 1163 4306 erant
1187 4251 1243 4306 in
1272 4251 1380 4307 alia
1409 4254 1550 4320 navi,
1571 4263 1633 4309 ut
1661 4256 1804 4311 veni-

217 4348 345 4394 rent
368 4348 416 4393 et
448 4339 755 4410 adjuvarent
779 4358 884 4395 eos.
904 4342 1019 4396 Alia
1042 4343 1212 4408 navis,
1240 4350 1301 4397 ut
1326 4343 1698 4414 praediximus,
1723 4353 1808 4402 est

218 4434 471 4490 Ecclesia
498 4435 563 4489 de
590 4435 859 4507 gentibus,
882 4452 1001 4508 qua:
1028 4445 1083 4492 et
1104 4438 1219 4507 ipsa
1246 4452 1353 4493 non
1378 4436 1677 4495 sufﬁciente
1695 4454 1804 4495 una

218 4526 478 4583 navicula
509 4527 747 4596 piscibus
771 4528 1027 4598 impletur
1047 4528 1264 4596 electis,
1293 4527 1421 4598 quia
1461 4528 1602 4585 novit
1624 4528 1809 4585 Domi-

1909 1977 1968 2017 se
1991 1962 2191 2017 recedi.
2215 1961 2294 2016 Ne
2321 1977 2419 2031 per
2444 1962 2618 2016 bonos
2645 1969 2903 2032 regantur
2929 1966 2984 2013 et
3017 1972 3082 2013 eo
3118 1956 3492 2014 vehementius

1908 2070 2016 2124 quo
2042 2053 2289 2109 deferant
2315 2054 2397 2109 eis
2423 2054 2691 2117 honores,
2721 2060 2775 2106 et
2806 2060 2988 2106 tamen
3021 2048 3180 2105 factis
3224 2047 3334 2101 suis
3370 2062 3402 2101 a
3433 2058 3492 2100 se

1909 2146 2167 2200 recedere
2194 2146 2505 2210 admonent,
2529 2153 2589 2198 ut
2615 2142 3083 2199 honoriﬁcentiam
3113 2154 3301 2195 eorum
3330 2137 3493 2208 signi-

1908 2234 2155 2290 ﬁcaverit
2206 2236 2398 2290 Petrus
2461 2234 2662 2290 cadens
2710 2233 2776 2287 ad
2822 2233 2987 2301 pedes
3032 2228 3265 2284 Domini.
3315 2226 3492 2281 Mores

1910 2336 2089 2384 autem
2121 2328 2176 2382 in
2205 2342 2291 2393 eo,
2319 2327 2464 2398 quod
2492 2326 2570 2381 ait
2594 2340 2610 2380 :
2642 2322 2748 2379 Exi
2770 2322 3181 2389 ame,Domine,
3209 2320 3333 2391 quia
3372 2335 3490 2389 pec-

1909 2425 2057 2473 cator
2076 2418 2231 2473 homo
2252 2434 2390 2484 sum,
2412 2417 2557 2488 quod
2573 2425 2755 2471 tamen
2783 2416 2910 2485 quia
2938 2428 3045 2468 non
3067 2411 3195 2466 fecit
3209 2410 3490 2475 Dominus,

1910 2525 2019 2566 non
2045 2511 2189 2566 enim
2218 2510 2443 2566 recessit
2471 2510 2539 2564 ab
2565 2509 2678 2574 eis,
2702 2507 2797 2561 sed
2830 2520 2924 2560 eos
2954 2502 3232 2559 subductis
3265 2500 3491 2556 navibus

1911 2600 1979 2653 ad
2008 2600 2160 2655 littus
2189 2599 2462 2669 perduxit,
2494 2595 2766 2667 signiﬁcat
2792 2594 2849 2648 in
2878 2593 3034 2649 bonis
3068 2600 3123 2647 et
3156 2589 3490 2662 spiritalibus

1910 2692 2065 2757 viris,
2096 2707 2203 2747 non
2236 2706 2356 2747 esse
2382 2698 2632 2761 oportere
2655 2688 2796 2742 hanc
2815 2685 3147 2741 voluntatem
3168 2692 3228 2737 ut
3250 2680 3490 2752 peccatis

1913 2785 2192 2841 turbarum
2215 2782 2496 2847 commoti,
2528 2796 2635 2853 quo
2664 2780 2819 2850 quasi
2850 2778 3096 2833 securius
3123 2775 3492 2847 tranquillius—

1910 2897 2018 2952 que
2039 2880 2246 2943 vivant,
2262 2892 2456 2933 munus
2479 2873 2906 2931 ecclesiasticum
2930 2873 3199 2928 deserant.

1982 2971 2053 3025 Et
2097 2972 2172 3024 ait
2215 2970 2283 3023 ad
2314 2967 2581 3023 Simonem
2601 2966 2757 3021 Iesus
2776 3006 2791 3031 ,
2821 2963 2948 3018 Noli
2973 2963 3173 3017 timere.
3204 2959 3489 3015 Confortat

1912 3062 2171 3120 Dominus
2223 3061 2471 3116 timorem
2509 3056 2808 3115 carnalium
2854 3054 3171 3124 animosque
3215 3051 3487 3121 fragilium

1912 3154 2238 3211 consolando
2284 3152 2475 3223 erigit,
2519 3166 2589 3206 ne
2627 3150 2751 3219 quis
2797 3147 2881 3202 vel
2919 3146 2986 3201 de
3012 3160 3124 3199 sua:
3158 3143 3487 3199 conscientia

1911 3246 2082 3318 culpae
2119 3254 2358 3299 tremens
2396 3241 2482 3296 vel
2517 3240 2583 3295 de
2622 3239 2852 3293 aliorum
2890 3235 3197 3290 innocentia
3233 3241 3487 3302 stupens,

1911 3334 2214 3394 sanctitatis
2265 3333 2368 3385 iter
2414 3328 2668 3383 formidet
2704 3324 2955 3397 aggredi,
2993 3324 3134 3393 quod
3189 3329 3366 3376 autem
3405 3335 3490 3373 se-

1952 3429 2120 3485 uitur.

1914 3445 2197 3577 “Eritne
2214 3518 2333 3590 jam
2358 3515 2590 3570 homines
2629 3513 2732 3568 eris
2774 3511 2982 3582 capiens
3010 3550 3025 3575 ,
3057 3510 3124 3566 ad
3165 3509 3342 3580 ipsum
3384 3508 3487 3563 Pc-

1906 3624 2052 3669 trum
2084 3611 2390 3682 specialiter
2412 3610 2666 3681 pertinet.
2698 3608 2930 3680 Exponit
2970 3607 3019 3663 ei
3053 3607 3313 3664 Dominus
3358 3604 3487 3675 quid

1906 3705 2024 3760 haec
2047 3711 2268 3775 captura
2297 3702 2525 3773 piscium
2556 3698 2854 3771 signiﬁcet,
2877 3698 3023 3769 quod
3057 3696 3311 3753 videlicet
3340 3696 3484 3767 ipse,

1908 3797 2050 3853 sicut
2077 3811 2220 3851 nunc
2245 3809 2344 3864 per
2375 3794 2510 3849 retia
2540 3794 2737 3862 pisces,
2766 3791 2846 3846 sic
2882 3789 3169 3860 aliquando
3187 3803 3285 3860 per
3322 3787 3488 3842 verba

1909 3892 1981 3947 sit
2006 3898 2262 3961 capturus
2289 3887 2558 3951 homines,
2584 3894 2838 3956 totusque
2862 3884 2991 3939 facti
3021 3882 3180 3952 hujus
3204 3882 3338 3937 ordo
3360 3880 3488 3951 quid

1908 3984 1964 4039 in
1988 3981 2253 4044 Ecclesia,
2278 3980 2432 4050 cujus
2461 3979 2575 4049 ipse
2596 3986 2780 4049 typum
2810 3983 2975 4041 tenet,
3008 3974 3246 4046 quotidie
3271 3981 3493 4047 geratur

1907 4073 2176 4130 ostendat.
2202 4070 2355 4137 Quod
2385 4084 2514 4124 vero
2540 4067 2904 4139 subiungitur,

1977 4166 2047 4220 Et
2074 4164 2341 4219 subductis
2368 4162 2437 4214 ad
2462 4170 2655 4214 terram
2678 4159 2891 4213 navibus
2920 4158 3112 4212 relictis
3140 4157 3378 4211 omnibus
3406 4174 3487 4211 se-

1909 4262 2015 4316 cuti
2043 4268 2162 4314 sunt
2184 4273 2321 4321 eum,
2346 4262 2524 4326 potest
2545 4252 2850 4325 signiﬁcare
2876 4252 3036 4307 ﬁnem
3061 4252 3319 4322 temporis
3343 4251 3488 4321 quod

1909 4353 1978 4407 ab
2005 4348 2165 4419 hujus
2205 4346 2389 4402 mundi
2425 4344 2540 4398 salo
2568 4343 2659 4413 qui
2691 4342 2908 4397 Christo
2938 4341 3250 4397 inhaeserint
3275 4340 3490 4411 penitus

1908 4440 2177 4497 recessuri
2224 4437 2348 4492 sint.
2399 4433 2687 4490 Sciendum
2722 4439 2808 4488 est
2842 4440 3021 4488 autem
3060 4433 3203 4487 hanc
3242 4432 3489 4488 eamdem

1910 4548 2018 4588 non
2053 4546 2173 4587 esse
2210 4528 2514 4591 lectionem,
2546 4541 2651 4595 qua
2688 4523 2970 4580 Matthaeus
2995 4534 3050 4581 et
3078 4523 3290 4605 Marcus
3334 4524 3491 4580 binos

218 4634 328 4671 nus
355 4618 445 4687 qui
471 4626 593 4670 sunt
624 4617 766 4687 ejus,
797 4627 847 4672 et
880 4619 1021 4689 apud
1046 4619 1216 4690 ipsum
1256 4628 1427 4674 certus
1468 4628 1542 4675 est
1588 4636 1806 4676 suorum
1830 4601 1885 4663 D
1909 4625 1977 4681 de
2018 4620 2281 4678 naviculis
2328 4619 2625 4690 piscatores
2660 4617 2835 4688 primo
2867 4602 3087 4672 Petrum
3113 4625 3168 4672 et
3198 4618 3488 4685 Andream,

221 4726 481 4764 numerus
502 4708 802 4764 electorum.
826 4710 1072 4782 Dumque
1094 4720 1173 4765 tot
1210 4713 1264 4766 in
1296 4712 1478 4768 Iudaea
1507 4713 1809 4769 credituros

221 4817 339 4857 non
378 4801 615 4867 invenit,
640 4810 772 4873 quot
802 4803 869 4857 ad
895 4801 1053 4858 ﬁdem
1082 4803 1358 4875 vitamque
1395 4807 1806 4875 praedestinatos

222 4893 385 4949 novit
411 4901 668 4947 :eternam
693 4935 707 4959 ,
746 4894 903 4964 quasi
932 4894 1050 4949 alia:
1088 4895 1240 4950 navis
1269 4896 1606 4966 receptacula
1640 4898 1807 4967 pisci-

222 4989 333 5042 bus
358 5002 608 5058 quaercns
632 4988 763 5051 suis,
795 4987 960 5042 corda
986 5002 1201 5057 quoque
1221 4988 1456 5058 gentium
1481 4988 1605 5045 ﬁdei
1633 4990 1807 5060 gratia

222 5078 443 5149 replet,
485 5086 540 5133 et
585 5079 722 5133 bene
772 5087 931 5149 rupto
968 5079 1071 5134 reti
1114 5080 1260 5134 socia
1301 5080 1458 5135 navis
1494 5079 1809 5147 advocatur,

223 5173 494 5245 quoniam
526 5181 651 5229 ante
691 5171 857 5228 ludas
901 5174 1171 5243 proditor,
1217 5181 1342 5228 ante
1388 5172 1576 5229 Simon
1624 5188 1814 5245 magus

225 5265 414 5335 pisces
434 5262 747 5333 nequissimi
762 5264 906 5332 capti
935 5270 1081 5329 sunt,
1103 5271 1228 5318 ante
1241 5262 1479 5319 Ananias
1505 5272 1560 5318 et
1582 5262 1813 5333 Saphira

224 5364 356 5412 rete
383 5355 507 5412 ﬁdei
536 5355 758 5412 subdole
785 5357 1065 5411 tentabant
1089 5356 1321 5425 ingredi,
1349 5366 1475 5412 ante
1495 5363 1555 5411 ut
1576 5355 1813 5412 Joannes

230 5455 499 5514 testatur,
547 5446 703 5503 multi
758 5447 1143 5518 discipulorum
1189 5448 1307 5518 ejus
1361 5448 1608 5503 abierunt
1638 5455 1810 5515 retro,

229 5540 405 5594 etiam
433 5553 541 5593 non
571 5553 693 5595 cum
719 5539 808 5594 illo
835 5539 1213 5603 ambulabant,
1238 5554 1302 5593 ac
1322 5537 1513 5593 deinde
1539 5539 1817 5597 Barnabas

230 5640 294 5686 et
320 5629 523 5685 Paulus
545 5630 612 5684 ad
635 5631 871 5701 gentium
892 5639 1020 5686 sunt
1046 5630 1402 5701 apostolatum
1428 5630 1714 5701 segregati.

311 5721 389 5776 Et
412 5731 659 5778 venerunt
679 5731 727 5776 et
752 5722 1093 5793 impleverunt
1120 5723 1300 5777 ambas
1328 5721 1596 5776 naviculas
1615 5763 1630 5788 ,
1658 5723 1735 5776 ita
1760 5730 1819 5776 ut

232 5821 620 5887 iungerentur.
645 5815 848 5871 Harum
873 5816 1114 5887 impletio
1139 5817 1353 5871 navium
1380 5828 1549 5886 usque
1582 5816 1633 5869 in
1656 5814 1817 5870 ﬁnem

1903 4712 2103 4773 deinde
2127 4714 2263 4769 ﬁlios
2282 4711 2525 4767 Zebedzei
2554 4727 2585 4764 a
2608 4710 2836 4765 Domino
2860 4715 3085 4762 narrant
3109 4721 3226 4762 esse
3245 4715 3487 4763 vocatos.

1909 4809 2027 4864 Non
2072 4806 2215 4863 enim
2252 4820 2345 4860 eos
2396 4805 2573 4858 Lucas
2620 4817 2764 4856 nunc
2800 4816 2830 4855 a
2859 4799 3086 4854 Domino
3130 4807 3373 4863 vocatos,
3398 4798 3489 4853 sed

1911 4907 2121 4956 tantum
2160 4896 2322 4952 Petro
2355 4895 2521 4950 fuisse
2559 4893 2874 4964 prtedictum
2900 4890 3044 4960 quod
3070 4888 3317 4945 homines
3350 4896 3490 4945 esset

1911 5000 2167 5064 capturus
2199 4989 2455 5044 insinuat.
2495 4985 2629 5041 Nam
2651 4992 2708 5039 et
2732 4978 2872 5054 post‘
2892 4980 3345 5038 resurrectionem
3388 4981 3494 5037 Do-

1915 5084 2049 5139 mini
2092 5081 2319 5152 legimus
2347 5091 2441 5133 eos
2470 5091 2590 5131 esse
2613 5075 2869 5145 piscatus.
2901 5070 3055 5128 Unde
3081 5072 3240 5127 datur
3266 5070 3492 5143 intelligi

1914 5189 2009 5230 eos
2031 5172 2099 5227 ad
2119 5178 2397 5241 capturam
2415 5167 2643 5239 piscium
2663 5181 2730 5221 ex
2748 5178 2899 5219 more
2921 5176 3211 5227 remeasse,
3229 5169 3289 5216 ut
3305 5169 3492 5231 postea

1915 5266 2071 5324 ﬁeret
2111 5263 2254 5334 quod
2304 5261 2587 5316 Matthaaus
2631 5267 2687 5313 et
2738 5256 2955 5311 Marcus
2999 5262 3240 5319 narrant,
3277 5254 3493 5325 quando

1915 5370 2009 5412 eos
2031 5355 2190 5411 binos
2209 5352 2439 5409 vocavit.
2472 5349 2623 5405 Tunc
2643 5347 2747 5403 etsi
2773 5362 2883 5402 non
2903 5346 3179 5401 subductis
3201 5345 3267 5400 ad
3294 5357 3492 5401 terram

1918 5438 2174 5511 navibus,
2201 5453 2457 5514 tanquam
2481 5456 2610 5497 cura
2640 5436 2921 5501 redeundi,
2946 5436 3039 5491 sed
3065 5436 3139 5490 ita
3165 5450 3289 5491 eum
3320 5436 3493 5492 secuti

1917 5545 2063 5600 sunt,
2098 5544 2358 5605 tanquam
2399 5536 2680 5586 vocantem
2708 5541 2773 5582 ac
2795 5526 3076 5598 iubentem
3110 5532 3171 5579 ut
3206 5538 3495 5595 sequeren-

1918 5638 2030 5697 tur,
2053 5638 2239 5700 postea
2268 5640 2398 5681 vero
2430 5623 2536 5678 ﬁde
2567 5628 2714 5676 recta
2743 5618 2934 5674 imbuti
2955 5625 3011 5672 et
3038 5617 3281 5673 doctrina
3309 5614 3497 5668 Salva-

1918 5721 2055 5777 toris
2083 5721 2165 5775 sui
2190 5718 2417 5788 pleniter
2442 5712 2708 5774 instructi,
2740 5708 2969 5764 ﬁrmiter
2991 5715 3045 5763 et
3070 5706 3333 5762 stabiliter
3352 5703 3494 5773 apud

1921 5827 2077 5868 suum
2105 5813 2517 5881 permanserunt
2550 5803 2835 5859 Dominum
2882 5810 2937 5855 et
2978 5800 3311 5869 magistrum,
3341 5793 3494 5861 cujus
