  <div class='ocr_page' id='page_1' title='image "/cluster/home/n/w/nwhite01/storage/ocr_20150623/110/hvd.32044015466865/185.png"; bbox 0 0 3960 6360; ppageno 0'>
   <div class='ocr_carea' id='block_1_1' title="bbox 497 425 606 481">
    <p class='ocr_par' dir='ltr' id='par_1_1' title="bbox 497 425 606 481">
     <span class='ocr_line' id='line_1_1' title="bbox 497 425 606 481; baseline -0.009 0"><span class='ocrx_word' id='word_1_1' title='bbox 497 425 606 481; x_wconf 73' lang='grc'><strong>547</strong></span> 
     </span>
    </p>
   </div>
   <div class='ocr_carea' id='block_1_2' title="bbox 1153 373 3125 475">
    <p class='ocr_par' dir='ltr' id='par_1_2' title="bbox 1153 373 3125 475">
     <span class='ocr_line' id='line_1_2' title="bbox 1153 373 3125 475; baseline -0.008 0"><span class='ocrx_word' id='word_1_2' title='bbox 1153 421 1214 475; x_wconf 82' lang='lat' dir='ltr'><strong>n.</strong></span> <span class='ocrx_word' id='word_1_3' title='bbox 1253 415 1511 474; x_wconf 76' lang='lat' dir='ltr'><strong>RABANI</strong></span> <span class='ocrx_word' id='word_1_4' title='bbox 1550 376 1772 472; x_wconf 58' lang='lat' dir='ltr'><strong>unum</strong></span> <span class='ocrx_word' id='word_1_5' title='bbox 1807 385 2132 471; x_wconf 56' lang='lat' dir='ltr'><strong>Attamen.</strong></span> <span class='ocrx_word' id='word_1_6' title='bbox 2171 377 2482 470; x_wconf 62' lang='lat' dir='ltr'><strong>uocem.</strong></span> <span class='ocrx_word' id='word_1_7' title='bbox 2519 373 2806 466; x_wconf 58' lang='lat' dir='ltr'><strong>ebﬂﬁuu</strong></span> <span class='ocrx_word' id='word_1_8' title='bbox 2839 403 3024 462; x_wconf 64' lang='lat' dir='ltr'><strong>psus</strong></span> <span class='ocrx_word' id='word_1_9' title='bbox 3055 402 3125 460; x_wconf 84' lang='grc' dir='ltr'><strong>ιι.</strong></span> 
     </span>
    </p>
   </div>
   <div class='ocr_carea' id='block_1_3' title="bbox 3703 391 3804 463">
    <p class='ocr_par' dir='ltr' id='par_1_3' title="bbox 3703 391 3804 463">
     <span class='ocr_line' id='line_1_3' title="bbox 3703 391 3804 463; baseline 0 0"><span class='ocrx_word' id='word_1_10' title='bbox 3703 391 3804 463; x_wconf 61' lang='lat' dir='ltr'><strong>Si!</strong></span> 
     </span>
    </p>
   </div>
   <div class='ocr_carea' id='block_1_4' title="bbox 497 505 3804 614">
    <p class='ocr_par' dir='ltr' id='par_1_4' title="bbox 497 505 3804 614">
     <span class='ocr_line' id='line_1_4' title="bbox 497 505 3804 614; baseline -0.009 -16"><span class='ocrx_word' id='word_1_11' title='bbox 497 541 672 614; x_wconf 81' lang='lat' dir='ltr'><strong>gratia</strong></span> <span class='ocrx_word' id='word_1_12' title='bbox 697 539 766 597; x_wconf 90' lang='lat' dir='ltr'><strong>ad</strong></span> <span class='ocrx_word' id='word_1_13' title='bbox 796 530 966 596; x_wconf 86' lang='lat' dir='ltr'><strong>vitam</strong></span> <span class='ocrx_word' id='word_1_14' title='bbox 992 535 1238 610; x_wconf 74' lang='lat' dir='ltr'><strong>perducti</strong></span> <span class='ocrx_word' id='word_1_15' title='bbox 1285 541 1412 591; x_wconf 90' lang='lat' dir='ltr'><strong>sunt</strong></span> <span class='ocrx_word' id='word_1_16' title='bbox 1455 542 1713 589; x_wconf 85' lang='lat' dir='ltr'><strong>aeternam</strong></span> <span class='ocrx_word' id='word_1_17' title='bbox 1733 571 1748 597; x_wconf 92' lang='lat'><strong>,</strong></span> <span class='ocrx_word' id='word_1_18' title='bbox 1776 529 1830 584; x_wconf 88' lang='lat' dir='ltr'><strong>et</strong></span> <span class='ocrx_word' id='word_1_19' title='bbox 1862 527 1933 584; x_wconf 85' lang='lat' dir='ltr'><strong>ibi</strong></span> <span class='ocrx_word' id='word_1_20' title='bbox 1961 543 2086 584; x_wconf 90' lang='lat' dir='ltr'><strong>cum</strong></span> <span class='ocrx_word' id='word_1_21' title='bbox 2112 519 2168 590; x_wconf 77' lang='grc' dir='ltr'>Α</span> <span class='ocrx_word' id='word_1_22' title='bbox 2188 520 2437 582; x_wconf 83' lang='lat' dir='ltr'><strong>venimus</strong></span> <span class='ocrx_word' id='word_1_23' title='bbox 2464 507 2534 579; x_wconf 80' lang='lat' dir='ltr'><strong>ad</strong></span> <span class='ocrx_word' id='word_1_24' title='bbox 2563 515 2878 593; x_wconf 74' lang='lat' dir='ltr'><strong>Speéiosam</strong></span> <span class='ocrx_word' id='word_1_25' title='bbox 2924 505 3163 614; x_wconf 33' lang='lat' dir='ltr'><strong>portant.</strong></span> <span class='ocrx_word' id='word_1_26' title='bbox 3191 505 3399 614; x_wconf 55' lang='lat' dir='ltr'><strong>templi,</strong></span> <span class='ocrx_word' id='word_1_27' title='bbox 3531 505 3804 590; x_wconf 54' lang='lat' dir='ltr'><strong>praeﬁxi-</strong></span> 
     </span>
    </p>
   </div>
   <div class='ocr_carea' id='block_1_5' title="bbox 493 615 1830 709">
    <p class='ocr_par' dir='ltr' id='par_1_5' title="bbox 493 615 1830 709">
     <span class='ocr_line' id='line_1_5' title="bbox 493 615 1830 709; baseline -0.013 -16"><span class='ocrx_word' id='word_1_28' title='bbox 493 637 612 709; x_wconf 69' lang='lat' dir='ltr'><strong>ipso</strong></span> <span class='ocrx_word' id='word_1_29' title='bbox 637 631 940 705; x_wconf 80' lang='lat' dir='ltr'><strong>regnabant</strong></span> <span class='ocrx_word' id='word_1_30' title='bbox 967 628 1020 684; x_wconf 92' lang='lat' dir='ltr'><strong>in</strong></span> <span class='ocrx_word' id='word_1_31' title='bbox 1048 626 1243 682; x_wconf 66' lang='lat' dir='ltr'><strong>saecula</strong></span> <span class='ocrx_word' id='word_1_32' title='bbox 1269 618 1610 709; x_wconf 63' lang='lat' dir='ltr'><strong>saeculorum.</strong></span> <span class='ocrx_word' id='word_1_33' title='bbox 1639 615 1830 677; x_wconf 79' lang='lat' dir='ltr'><strong>Amen.</strong></span> 
     </span>
    </p>
   </div>
   <div class='ocr_carea' id='block_1_6' title="bbox 1051 707 1525 774">
    <p class='ocr_par' dir='ltr' id='par_1_6' title="bbox 1051 707 1525 774">
     <span class='ocr_line' id='line_1_6' title="bbox 1051 707 1525 774; baseline -0.008 -1"><span class='ocrx_word' id='word_1_34' title='bbox 1051 707 1335 774; x_wconf 75' lang='lat' dir='ltr'><strong>HOMlLlA</strong></span> <span class='ocrx_word' id='word_1_35' title='bbox 1371 712 1525 772; x_wconf 81' lang='lat' dir='ltr'><strong>CVII.</strong></span> 
     </span>
    </p>
   </div>
   <div class='ocr_carea' id='block_1_7' title="bbox 773 819 1796 871">
    <p class='ocr_par' dir='ltr' id='par_1_7' title="bbox 773 819 1796 871">
     <span class='ocr_line' id='line_1_7' title="bbox 773 819 1796 871; baseline -0.013 0"><span class='ocrx_word' id='word_1_36' title='bbox 773 830 830 871; x_wconf 71' lang='lat' dir='ltr'><strong>IN</strong></span> <span class='ocrx_word' id='word_1_37' title='bbox 855 827 1055 870; x_wconf 71' lang='lat' dir='ltr'><strong>VIGILIA</strong></span> <span class='ocrx_word' id='word_1_38' title='bbox 1089 826 1276 866; x_wconf 66' lang='lat' dir='ltr'><strong>SANCTI</strong></span> <span class='ocrx_word' id='word_1_39' title='bbox 1316 823 1476 862; x_wconf 80' lang='lat' dir='ltr'><strong>PETRI</strong></span> <span class='ocrx_word' id='word_1_40' title='bbox 1512 819 1796 870; x_wconf 73' lang='lat' dir='ltr'><strong>APOSTOLI.</strong></span> 
     </span>
    </p>
   </div>
   <div class='ocr_carea' id='block_1_8' title="bbox 849 891 1724 968">
    <p class='ocr_par' dir='ltr' id='par_1_8' title="bbox 849 891 1724 968">
     <span class='ocr_line' id='line_1_8' title="bbox 849 891 1724 968; baseline -0.011 -8"><span class='ocrx_word' id='word_1_41' title='bbox 849 891 1036 960; x_wconf 84' lang='lat' dir='ltr'><strong>Lectio</strong></span> <span class='ocrx_word' id='word_1_42' title='bbox 1068 903 1300 956; x_wconf 88' lang='lat' dir='ltr'><strong>Actuum</strong></span> <span class='ocrx_word' id='word_1_43' title='bbox 1336 896 1724 968; x_wconf 76' lang='lat' dir='ltr'><strong>apostolorum.</strong></span> 
     </span>
    </p>
   </div>
   <div class='ocr_carea' id='block_1_9' title="bbox 563 977 2086 1056">
    <p class='ocr_par' dir='ltr' id='par_1_9' title="bbox 563 977 2086 1056">
     <span class='ocr_line' id='line_1_9' title="bbox 563 977 2086 1056; baseline -0.009 0"><span class='ocrx_word' id='word_1_44' title='bbox 563 1001 636 1056; x_wconf 80' lang='lat' dir='ltr'><strong>In</strong></span> <span class='ocrx_word' id='word_1_45' title='bbox 681 998 866 1056; x_wconf 83' lang='lat' dir='ltr'><strong>diebus</strong></span> <span class='ocrx_word' id='word_1_46' title='bbox 902 995 1008 1051; x_wconf 80' lang='lat' dir='ltr'><strong><em>illis</em></strong></span> <span class='ocrx_word' id='word_1_47' title='bbox 1055 995 1246 1049; x_wconf 78' lang='lat' dir='ltr'><strong>Petrus</strong></span> <span class='ocrx_word' id='word_1_48' title='bbox 1285 1003 1334 1046; x_wconf 90' lang='lat' dir='ltr'><strong>et</strong></span> <span class='ocrx_word' id='word_1_49' title='bbox 1375 979 1608 1045; x_wconf 76' lang='lat' dir='ltr'><strong>Joannes</strong></span> <span class='ocrx_word' id='word_1_50' title='bbox 1654 977 1999 1043; x_wconf 73' lang='lat' dir='ltr'><strong>ascendebant</strong></span> <span class='ocrx_word' id='word_1_51' title='bbox 2028 983 2086 1042; x_wconf 81' lang='lat' dir='ltr'><strong>in</strong></span> 
     </span>
    </p>
   </div>
   <div class='ocr_carea' id='block_1_10' title="bbox 491 1087 1704 1166">
    <p class='ocr_par' dir='ltr' id='par_1_10' title="bbox 491 1087 1704 1166">
     <span class='ocr_line' id='line_1_10' title="bbox 491 1087 1704 1166; baseline -0.013 -15"><span class='ocrx_word' id='word_1_52' title='bbox 491 1093 742 1166; x_wconf 77' lang='lat' dir='ltr'><strong>templum</strong></span> <span class='ocrx_word' id='word_1_53' title='bbox 766 1091 836 1146; x_wconf 86' lang='lat' dir='ltr'><strong>ad</strong></span> <span class='ocrx_word' id='word_1_54' title='bbox 864 1091 1048 1145; x_wconf 86' lang='lat' dir='ltr'><strong>horam</strong></span> <span class='ocrx_word' id='word_1_55' title='bbox 1075 1087 1328 1142; x_wconf 85' lang='lat' dir='ltr'><strong>orationis</strong></span> <span class='ocrx_word' id='word_1_56' title='bbox 1359 1100 1570 1147; x_wconf 89' lang='lat' dir='ltr'><strong>nonam,</strong></span> <span class='ocrx_word' id='word_1_57' title='bbox 1600 1090 1704 1137; x_wconf 90' lang='lat' dir='ltr'><strong>etc.</strong></span> 
     </span>
    </p>
   </div>
   <div class='ocr_carea' id='block_1_11' title="bbox 559 1166 2086 1248">
    <p class='ocr_par' dir='ltr' id='par_1_11' title="bbox 559 1166 2086 1248">
     <span class='ocr_line' id='line_1_11' title="bbox 559 1166 2086 1248; baseline -0.007 -10"><span class='ocrx_word' id='word_1_58' title='bbox 559 1185 618 1239; x_wconf 86' lang='lat' dir='ltr'><strong>In</strong></span> <span class='ocrx_word' id='word_1_59' title='bbox 643 1183 874 1239; x_wconf 90' lang='lat' dir='ltr'><strong>lcctione</strong></span> <span class='ocrx_word' id='word_1_60' title='bbox 899 1181 1128 1235; x_wconf 88' lang='lat' dir='ltr'><strong>Actuum</strong></span> <span class='ocrx_word' id='word_1_61' title='bbox 1155 1166 1523 1248; x_wconf 70' lang='lat' dir='ltr'><strong>apostolorum</strong></span> <span class='ocrx_word' id='word_1_62' title='bbox 1553 1190 1674 1244; x_wconf 78' lang='lat' dir='ltr'><strong>qum</strong></span> <span class='ocrx_word' id='word_1_63' title='bbox 1703 1189 1847 1229; x_wconf 88' lang='lat' dir='ltr'><strong>nunc</strong></span> <span class='ocrx_word' id='word_1_64' title='bbox 1875 1167 1947 1228; x_wconf 85' lang='lat' dir='ltr'><strong>ob</strong></span> <span class='ocrx_word' id='word_1_65' title='bbox 1974 1186 2086 1228; x_wconf 89' lang='lat' dir='ltr'><strong>me-</strong></span> 
     </span>
    </p>
   </div>
   <div class='ocr_carea' id='block_1_12' title="bbox 489 1269 2082 1343">
    <p class='ocr_par' dir='ltr' id='par_1_12' title="bbox 489 1269 2082 1343">
     <span class='ocr_line' id='line_1_12' title="bbox 489 1269 2082 1343; baseline -0.008 -10"><span class='ocrx_word' id='word_1_66' title='bbox 489 1279 721 1334; x_wconf 87' lang='lat' dir='ltr'><strong>moriam</strong></span> <span class='ocrx_word' id='word_1_67' title='bbox 747 1277 1026 1331; x_wconf 84' lang='lat' dir='ltr'><strong>beatorum</strong></span> <span class='ocrx_word' id='word_1_68' title='bbox 1053 1271 1424 1343; x_wconf 75' lang='lat' dir='ltr'><strong>apostolorum</strong></span> <span class='ocrx_word' id='word_1_69' title='bbox 1445 1269 1583 1323; x_wconf 84' lang='lat' dir='ltr'><strong>lecta</strong></span> <span class='ocrx_word' id='word_1_70' title='bbox 1611 1276 1713 1332; x_wconf 86' lang='lat' dir='ltr'><strong>est,</strong></span> <span class='ocrx_word' id='word_1_71' title='bbox 1733 1282 1962 1337; x_wconf 86' lang='lat' dir='ltr'><strong>quorum</strong></span> <span class='ocrx_word' id='word_1_72' title='bbox 1985 1273 2082 1320; x_wconf 84' lang='lat' dir='ltr'><strong>nos</strong></span> 
     </span>
    </p>
   </div>
   <div class='ocr_carea' id='block_1_13' title="bbox 487 1351 2082 1432">
    <p class='ocr_par' dir='ltr' id='par_1_13' title="bbox 487 1351 2082 1432">
     <span class='ocr_line' id='line_1_13' title="bbox 487 1351 2082 1432; baseline -0.01 -6"><span class='ocrx_word' id='word_1_73' title='bbox 487 1370 648 1426; x_wconf 86' lang='lat' dir='ltr'><strong>hodie</strong></span> <span class='ocrx_word' id='word_1_74' title='bbox 677 1366 921 1423; x_wconf 87' lang='lat' dir='ltr'><strong>natalitia</strong></span> <span class='ocrx_word' id='word_1_75' title='bbox 951 1363 1260 1420; x_wconf 88' lang='lat' dir='ltr'><strong>venerando</strong></span> <span class='ocrx_word' id='word_1_76' title='bbox 1289 1361 1670 1432; x_wconf 71' lang='lat' dir='ltr'><strong>przevenimus,</strong></span> <span class='ocrx_word' id='word_1_77' title='bbox 1698 1351 1924 1413; x_wconf 85' lang='lat' dir='ltr'><strong>audistis</strong></span> <span class='ocrx_word' id='word_1_78' title='bbox 1951 1359 2082 1412; x_wconf 87' lang='lat' dir='ltr'><strong>cha-</strong></span> 
     </span>
    </p>
   </div>
   <div class='ocr_carea' id='block_1_14' title="bbox 487 1449 2084 1524">
    <p class='ocr_par' dir='ltr' id='par_1_14' title="bbox 487 1449 2084 1524">
     <span class='ocr_line' id='line_1_14' title="bbox 487 1449 2084 1524; baseline -0.008 -6"><span class='ocrx_word' id='word_1_79' title='bbox 487 1461 691 1518; x_wconf 82' lang='lat' dir='ltr'><strong>rissimi</strong></span> <span class='ocrx_word' id='word_1_80' title='bbox 721 1459 897 1524; x_wconf 85' lang='lat' dir='ltr'><strong>nobis,</strong></span> <span class='ocrx_word' id='word_1_81' title='bbox 929 1458 1139 1523; x_wconf 81' lang='lat' dir='ltr'><strong>Petrus,</strong></span> <span class='ocrx_word' id='word_1_82' title='bbox 1168 1455 1362 1524; x_wconf 81' lang='lat' dir='ltr'><strong>inquit,</strong></span> <span class='ocrx_word' id='word_1_83' title='bbox 1390 1463 1438 1508; x_wconf 91' lang='lat' dir='ltr'><strong>et</strong></span> <span class='ocrx_word' id='word_1_84' title='bbox 1463 1453 1696 1508; x_wconf 82' lang='lat' dir='ltr'><strong>Joannes</strong></span> <span class='ocrx_word' id='word_1_85' title='bbox 1733 1449 2084 1506; x_wconf 79' lang='lat' dir='ltr'><strong>ascendebant</strong></span> 
     </span>
    </p>
   </div>
   <div class='ocr_carea' id='block_1_15' title="bbox 487 1535 2082 1624">
    <p class='ocr_par' dir='ltr' id='par_1_15' title="bbox 487 1535 2082 1624">
     <span class='ocr_line' id='line_1_15' title="bbox 487 1535 2082 1624; baseline -0.006 -14"><span class='ocrx_word' id='word_1_86' title='bbox 487 1555 544 1610; x_wconf 90' lang='lat' dir='ltr'><strong>in</strong></span> <span class='ocrx_word' id='word_1_87' title='bbox 567 1552 815 1624; x_wconf 86' lang='lat' dir='ltr'><strong>templum</strong></span> <span class='ocrx_word' id='word_1_88' title='bbox 843 1550 912 1605; x_wconf 85' lang='lat' dir='ltr'><strong>ad</strong></span> <span class='ocrx_word' id='word_1_89' title='bbox 933 1551 1119 1604; x_wconf 84' lang='lat' dir='ltr'><strong>horam</strong></span> <span class='ocrx_word' id='word_1_90' title='bbox 1144 1547 1396 1602; x_wconf 86' lang='lat' dir='ltr'><strong>orationis</strong></span> <span class='ocrx_word' id='word_1_91' title='bbox 1421 1563 1634 1600; x_wconf 81' lang='lat' dir='ltr'><strong>nonam.</strong></span> <span class='ocrx_word' id='word_1_92' title='bbox 1675 1539 1920 1616; x_wconf 69' lang='lat' dir='ltr'><strong>Apostoli</strong></span> <span class='ocrx_word' id='word_1_93' title='bbox 1951 1535 2082 1600; x_wconf 87' lang='lat' dir='ltr'><strong>hora</strong></span> 
     </span>
    </p>
   </div>
   <div class='ocr_carea' id='block_1_16' title="bbox 487 1637 2081 1716">
    <p class='ocr_par' dir='ltr' id='par_1_16' title="bbox 487 1637 2081 1716">
     <span class='ocr_line' id='line_1_16' title="bbox 487 1637 2081 1716; baseline -0.006 -14"><span class='ocrx_word' id='word_1_94' title='bbox 487 1663 632 1702; x_wconf 86' lang='lat' dir='ltr'><strong>nona</strong></span> <span class='ocrx_word' id='word_1_95' title='bbox 663 1645 919 1716; x_wconf 83' lang='lat' dir='ltr'><strong>templum</strong></span> <span class='ocrx_word' id='word_1_96' title='bbox 951 1643 1211 1716; x_wconf 74' lang='lat' dir='ltr'><strong>ingressi,</strong></span> <span class='ocrx_word' id='word_1_97' title='bbox 1238 1641 1415 1711; x_wconf 89' lang='lat' dir='ltr'><strong>primo</strong></span> <span class='ocrx_word' id='word_1_98' title='bbox 1463 1640 1735 1706; x_wconf 89' lang='lat' dir='ltr'><strong>claudum,</strong></span> <span class='ocrx_word' id='word_1_99' title='bbox 1766 1639 1958 1694; x_wconf 89' lang='lat' dir='ltr'><strong>deinde</strong></span> <span class='ocrx_word' id='word_1_100' title='bbox 1987 1637 2081 1694; x_wconf 85' lang='lat' dir='ltr'><strong>de-</strong></span> 
     </span>
    </p>
   </div>
   <div class='ocr_carea' id='block_1_17' title="bbox 486 1731 2084 1805">
    <p class='ocr_par' dir='ltr' id='par_1_17' title="bbox 486 1731 2084 1805">
     <span class='ocr_line' id='line_1_17' title="bbox 486 1731 2084 1805; baseline -0.008 -7"><span class='ocrx_word' id='word_1_101' title='bbox 486 1741 652 1798; x_wconf 86' lang='lat' dir='ltr'><strong>bilem</strong></span> <span class='ocrx_word' id='word_1_102' title='bbox 681 1739 972 1802; x_wconf 85' lang='lat' dir='ltr'><strong>sanabant,</strong></span> <span class='ocrx_word' id='word_1_103' title='bbox 998 1737 1194 1794; x_wconf 85' lang='lat' dir='ltr'><strong>deinde</strong></span> <span class='ocrx_word' id='word_1_104' title='bbox 1225 1735 1292 1790; x_wconf 91' lang='lat' dir='ltr'><strong>ad</strong></span> <span class='ocrx_word' id='word_1_105' title='bbox 1320 1749 1599 1805; x_wconf 84' lang='lat' dir='ltr'><strong>vesperam</strong></span> <span class='ocrx_word' id='word_1_106' title='bbox 1632 1748 1806 1802; x_wconf 87' lang='lat' dir='ltr'><strong>usque</strong></span> <span class='ocrx_word' id='word_1_107' title='bbox 1830 1731 2084 1787; x_wconf 87' lang='lat' dir='ltr'><strong>laboran—</strong></span> 
     </span>
    </p>
   </div>
   <div class='ocr_carea' id='block_1_18' title="bbox 487 1819 2078 1900">
    <p class='ocr_par' dir='ltr' id='par_1_18' title="bbox 487 1819 2078 1900">
     <span class='ocr_line' id='line_1_18' title="bbox 487 1819 2078 1900; baseline -0.01 -10"><span class='ocrx_word' id='word_1_108' title='bbox 487 1844 590 1900; x_wconf 83' lang='lat' dir='ltr'><strong>tes,</strong></span> <span class='ocrx_word' id='word_1_109' title='bbox 620 1833 788 1888; x_wconf 87' lang='lat' dir='ltr'><strong>multa</strong></span> <span class='ocrx_word' id='word_1_110' title='bbox 840 1830 1121 1886; x_wconf 84' lang='lat' dir='ltr'><strong>hominum</strong></span> <span class='ocrx_word' id='word_1_111' title='bbox 1169 1827 1337 1882; x_wconf 83' lang='lat' dir='ltr'><strong>millia</strong></span> <span class='ocrx_word' id='word_1_112' title='bbox 1372 1826 1540 1880; x_wconf 88' lang='lat' dir='ltr'><strong>verbo</strong></span> <span class='ocrx_word' id='word_1_113' title='bbox 1579 1822 1702 1878; x_wconf 90' lang='lat' dir='ltr'><strong>ﬁdei</strong></span> <span class='ocrx_word' id='word_1_114' title='bbox 1744 1819 2078 1877; x_wconf 86' lang='lat' dir='ltr'><strong>imbuebant.</strong></span> 
     </span>
    </p>
   </div>
   <div class='ocr_carea' id='block_1_19' title="bbox 2188 601 3803 686">
    <p class='ocr_par' dir='ltr' id='par_1_19' title="bbox 2188 601 3803 686">
     <span class='ocr_line' id='line_1_19' title="bbox 2188 601 3803 686; baseline -0.005 -10"><span class='ocrx_word' id='word_1_115' title='bbox 2188 617 2328 686; x_wconf 81' lang='lat' dir='ltr'><strong>inus,</strong></span> <span class='ocrx_word' id='word_1_116' title='bbox 2359 614 2584 676; x_wconf 82' lang='lat' dir='ltr'><strong>verbum</strong></span> <span class='ocrx_word' id='word_1_117' title='bbox 2634 618 2758 671; x_wconf 83' lang='lat' dir='ltr'><strong>vitae</strong></span> <span class='ocrx_word' id='word_1_118' title='bbox 2805 610 3095 682; x_wconf 82' lang='lat' dir='ltr'><strong>audiendo,</strong></span> <span class='ocrx_word' id='word_1_119' title='bbox 3143 601 3494 683; x_wconf 78' lang='lat' dir='ltr'><strong>intelligendo</strong></span> <span class='ocrx_word' id='word_1_120' title='bbox 3538 609 3722 666; x_wconf 79' lang='lat' dir='ltr'><strong>simul</strong></span> <span class='ocrx_word' id='word_1_121' title='bbox 3755 618 3803 668; x_wconf 74' lang='grc' dir='ltr'><strong><em>α</em></strong></span> 
     </span>
    </p>
   </div>
   <div class='ocr_carea' id='block_1_20' title="bbox 2186 695 3798 782">
    <p class='ocr_par' dir='ltr' id='par_1_20' title="bbox 2186 695 3798 782">
     <span class='ocr_line' id='line_1_20' title="bbox 2186 695 3798 782; baseline -0.006 -15"><span class='ocrx_word' id='word_1_122' title='bbox 2186 709 2476 782; x_wconf 88' lang='lat' dir='ltr'><strong>operando,</strong></span> <span class='ocrx_word' id='word_1_123' title='bbox 2505 717 2561 765; x_wconf 93' lang='lat' dir='ltr'><strong>et</strong></span> <span class='ocrx_word' id='word_1_124' title='bbox 2589 707 2657 763; x_wconf 90' lang='lat' dir='ltr'><strong>ad</strong></span> <span class='ocrx_word' id='word_1_125' title='bbox 2686 706 2978 778; x_wconf 84' lang='lat' dir='ltr'><strong>apostolos,</strong></span> <span class='ocrx_word' id='word_1_126' title='bbox 3003 703 3056 760; x_wconf 88' lang='lat' dir='ltr'><strong>id</strong></span> <span class='ocrx_word' id='word_1_127' title='bbox 3081 711 3167 761; x_wconf 84' lang='lat' dir='ltr'><strong>est</strong></span> <span class='ocrx_word' id='word_1_128' title='bbox 3197 703 3266 760; x_wconf 85' lang='lat' dir='ltr'><strong>a‘d</strong></span> <span class='ocrx_word' id='word_1_129' title='bbox 3293 715 3488 760; x_wconf 90' lang='lat' dir='ltr'><strong>eorum</strong></span> <span class='ocrx_word' id='word_1_130' title='bbox 3517 695 3798 774; x_wconf 76' lang='lat' dir='ltr'><strong>exempla,</strong></span> 
     </span>
    </p>
   </div>
   <div class='ocr_carea' id='block_1_21' title="bbox 2186 796 3802 875">
    <p class='ocr_par' dir='ltr' id='par_1_21' title="bbox 2186 796 3802 875">
     <span class='ocr_line' id='line_1_21' title="bbox 2186 796 3802 875; baseline -0.003 -17"><span class='ocrx_word' id='word_1_131' title='bbox 2186 817 2284 875; x_wconf 89' lang='lat' dir='ltr'><strong>per</strong></span> <span class='ocrx_word' id='word_1_132' title='bbox 2322 801 2534 857; x_wconf 91' lang='lat' dir='ltr'><strong>illorum</strong></span> <span class='ocrx_word' id='word_1_133' title='bbox 2566 807 2878 856; x_wconf 90' lang='lat' dir='ltr'><strong>sanctorum</strong></span> <span class='ocrx_word' id='word_1_134' title='bbox 2924 811 3301 854; x_wconf 85' lang='lat' dir='ltr'><strong>successorum</strong></span> <span class='ocrx_word' id='word_1_135' title='bbox 3343 796 3802 868; x_wconf 67' lang='lat' dir='ltr'><strong>prmdtéationem</strong></span> 
     </span>
    </p>
   </div>
   <div class='ocr_carea' id='block_1_22' title="bbox 2188 879 3802 963">
    <p class='ocr_par' dir='ltr' id='par_1_22' title="bbox 2188 879 3802 963">
     <span class='ocr_line' id='line_1_22' title="bbox 2188 879 3802 963; baseline -0.004 -15"><span class='ocrx_word' id='word_1_136' title='bbox 2188 887 2294 950; x_wconf 85' lang='lat' dir='ltr'><strong>ﬁde</strong></span> <span class='ocrx_word' id='word_1_137' title='bbox 2343 891 2712 963; x_wconf 80' lang='lat' dir='ltr'><strong>respeximus,</strong></span> <span class='ocrx_word' id='word_1_138' title='bbox 2764 895 2894 944; x_wconf 89' lang='lat' dir='ltr'><strong>tunc</strong></span> <span class='ocrx_word' id='word_1_139' title='bbox 2936 879 3161 944; x_wconf 87' lang='lat' dir='ltr'><strong>stabiliti</strong></span> <span class='ocrx_word' id='word_1_140' title='bbox 3205 891 3260 943; x_wconf 88' lang='lat' dir='ltr'><strong>et</strong></span> <span class='ocrx_word' id='word_1_141' title='bbox 3301 880 3632 944; x_wconf 39' lang='lat' dir='ltr'><strong>&#39;conﬁrmati</strong></span> <span class='ocrx_word' id='word_1_142' title='bbox 3685 897 3802 942; x_wconf 85' lang='lat' dir='ltr'><strong>sunt</strong></span> 
     </span>
    </p>
   </div>
   <div class='ocr_carea' id='block_1_23' title="bbox 2187 977 3800 1060">
    <p class='ocr_par' dir='ltr' id='par_1_23' title="bbox 2187 977 3800 1060">
     <span class='ocr_line' id='line_1_23' title="bbox 2187 977 3800 1060; baseline -0.004 -18"><span class='ocrx_word' id='word_1_143' title='bbox 2187 1003 2407 1060; x_wconf 75' lang='lat' dir='ltr'><strong>gressus</strong></span> <span class='ocrx_word' id='word_1_144' title='bbox 2456 985 2654 1040; x_wconf 86' lang='lat' dir='ltr'><strong>mentis</strong></span> <span class='ocrx_word' id='word_1_145' title='bbox 2704 989 2924 1048; x_wconf 67' lang='lat' dir='ltr'><strong>nostrae,</strong></span> <span class='ocrx_word' id='word_1_146' title='bbox 2953 981 3014 1037; x_wconf 84' lang='lat' dir='ltr'><strong>ut</strong></span> <span class='ocrx_word' id='word_1_147' title='bbox 3050 983 3165 1055; x_wconf 86' lang='lat' dir='ltr'><strong>jam</strong></span> <span class='ocrx_word' id='word_1_148' title='bbox 3204 985 3314 1036; x_wconf 81' lang='lat' dir='ltr'><strong>neu</strong></span> <span class='ocrx_word' id='word_1_149' title='bbox 3358 977 3800 1037; x_wconf 83' lang='lat' dir='ltr'><strong>claudicaremus</strong></span> 
     </span>
    </p>
   </div>
   <div class='ocr_carea' id='block_1_24' title="bbox 2187 1070 3799 1148">
    <p class='ocr_par' dir='ltr' id='par_1_24' title="bbox 2187 1070 3799 1148">
     <span class='ocr_line' id='line_1_24' title="bbox 2187 1070 3799 1148; baseline -0.003 -16"><span class='ocrx_word' id='word_1_150' title='bbox 2187 1077 2417 1148; x_wconf 90' lang='lat' dir='ltr'><strong>amplius</strong></span> <span class='ocrx_word' id='word_1_151' title='bbox 2439 1077 2492 1132; x_wconf 92' lang='lat' dir='ltr'><strong>in</strong></span> <span class='ocrx_word' id='word_1_152' title='bbox 2515 1077 2598 1131; x_wconf 89' lang='lat' dir='ltr'><strong>via</strong></span> <span class='ocrx_word' id='word_1_153' title='bbox 2626 1075 2944 1146; x_wconf 84' lang='lat' dir='ltr'><strong>iniquitatis,</strong></span> <span class='ocrx_word' id='word_1_154' title='bbox 2969 1070 3062 1130; x_wconf 89' lang='lat' dir='ltr'><strong>sed</strong></span> <span class='ocrx_word' id='word_1_155' title='bbox 3083 1071 3248 1128; x_wconf 87' lang='lat' dir='ltr'><strong>rectis</strong></span> <span class='ocrx_word' id='word_1_156' title='bbox 3269 1074 3540 1129; x_wconf 88' lang='lat' dir='ltr'><strong>bonorum</strong></span> <span class='ocrx_word' id='word_1_157' title='bbox 3570 1087 3799 1143; x_wconf 86' lang='lat' dir='ltr'><strong>operum</strong></span> 
     </span>
    </p>
   </div>
   <div class='ocr_carea' id='block_1_25' title="bbox 2187 1161 3342 1238">
    <p class='ocr_par' dir='ltr' id='par_1_25' title="bbox 2187 1161 3342 1238">
     <span class='ocr_line' id='line_1_25' title="bbox 2187 1161 3342 1238; baseline -0.006 -16"><span class='ocrx_word' id='word_1_158' title='bbox 2187 1163 2460 1238; x_wconf 82' lang='lat' dir='ltr'><strong>gressibus</strong></span> <span class='ocrx_word' id='word_1_159' title='bbox 2485 1179 2580 1237; x_wconf 82' lang='lat' dir='ltr'><strong>per</strong></span> <span class='ocrx_word' id='word_1_160' title='bbox 2608 1165 2709 1219; x_wconf 87' lang='lat' dir='ltr'><strong>iter</strong></span> <span class='ocrx_word' id='word_1_161' title='bbox 2731 1163 2956 1232; x_wconf 73' lang='lat' dir='ltr'><strong>iustitiae</strong></span> <span class='ocrx_word' id='word_1_162' title='bbox 2983 1161 3342 1218; x_wconf 77' lang='lat' dir='ltr'><strong>ambulemus.</strong></span> 
     </span>
    </p>
   </div>
   <div class='ocr_carea' id='block_1_26' title="bbox 2259 1247 3883 1330">
    <p class='ocr_par' dir='ltr' id='par_1_26' title="bbox 2259 1247 3883 1330">
     <span class='ocr_line' id='line_1_26' title="bbox 2259 1247 3883 1330; baseline -0.002 -18"><span class='ocrx_word' id='word_1_163' title='bbox 2259 1247 2330 1312; x_wconf 78' lang='lat' dir='ltr'><strong>Et</strong></span> <span class='ocrx_word' id='word_1_164' title='bbox 2352 1255 2675 1330; x_wconf 83' lang='lat' dir='ltr'><strong>apprehensa</strong></span> <span class='ocrx_word' id='word_1_165' title='bbox 2696 1253 2890 1311; x_wconf 89' lang='lat' dir='ltr'><strong>Petrus</strong></span> <span class='ocrx_word' id='word_1_166' title='bbox 2911 1261 3072 1310; x_wconf 85' lang='lat' dir='ltr'><strong>manu</strong></span> <span class='ocrx_word' id='word_1_167' title='bbox 3101 1251 3290 1310; x_wconf 65' lang='lat' dir='ltr'><strong>dextra</strong></span> <span class='ocrx_word' id='word_1_168' title='bbox 3319 1247 3528 1319; x_wconf 75' lang='lat' dir='ltr'><strong>claudi,</strong></span> <span class='ocrx_word' id='word_1_169' title='bbox 3548 1253 3801 1308; x_wconf 74' lang='lat' dir='ltr'><strong>allevarit</strong></span> <span class='ocrx_word' id='word_1_170' title='bbox 3878 1257 3883 1261; x_wconf 82' lang='grc'><em>’</em></span> 
     </span>
    </p>
   </div>
   <div class='ocr_carea' id='block_1_27' title="bbox 2187 1339 3800 1418">
    <p class='ocr_par' dir='ltr' id='par_1_27' title="bbox 2187 1339 3800 1418">
     <span class='ocr_line' id='line_1_27' title="bbox 2187 1339 3800 1418; baseline -0.002 -15"><span class='ocrx_word' id='word_1_171' title='bbox 2187 1357 2325 1404; x_wconf 85' lang='lat' dir='ltr'><strong>eum.</strong></span> <span class='ocrx_word' id='word_1_172' title='bbox 2355 1343 2500 1403; x_wconf 86' lang='lat' dir='ltr'><strong>Bene</strong></span> <span class='ocrx_word' id='word_1_173' title='bbox 2549 1363 2707 1418; x_wconf 86' lang='lat' dir='ltr'><strong>quem</strong></span> <span class='ocrx_word' id='word_1_174' title='bbox 2739 1345 2905 1402; x_wconf 88' lang='lat' dir='ltr'><strong>verbo</strong></span> <span class='ocrx_word' id='word_1_175' title='bbox 2930 1347 3107 1402; x_wconf 80' lang='lat' dir='ltr'><strong>erexit</strong></span> <span class='ocrx_word' id='word_1_176' title='bbox 3134 1347 3300 1404; x_wconf 89' lang='lat' dir='ltr'><strong>etiam</strong></span> <span class='ocrx_word' id='word_1_177' title='bbox 3345 1339 3540 1402; x_wconf 80' lang='lat' dir='ltr'><strong>dextra</strong></span> <span class='ocrx_word' id='word_1_178' title='bbox 3581 1343 3800 1402; x_wconf 61' lang='lat' dir='ltr'><strong>confero</strong></span> 
     </span>
    </p>
   </div>
   <div class='ocr_carea' id='block_1_28' title="bbox 2190 1437 3797 1511">
    <p class='ocr_par' dir='ltr' id='par_1_28' title="bbox 2190 1437 3797 1511">
     <span class='ocr_line' id='line_1_28' title="bbox 2190 1437 3797 1511; baseline -0.002 -16"><span class='ocrx_word' id='word_1_179' title='bbox 2190 1445 2285 1505; x_wconf 88' lang='lat' dir='ltr'><strong>tat,</strong></span> <span class='ocrx_word' id='word_1_180' title='bbox 2311 1441 2436 1511; x_wconf 89' lang='lat' dir='ltr'><strong>quia</strong></span> <span class='ocrx_word' id='word_1_181' title='bbox 2477 1456 2655 1495; x_wconf 89' lang='lat' dir='ltr'><strong>sermo</strong></span> <span class='ocrx_word' id='word_1_182' title='bbox 2697 1439 2963 1505; x_wconf 83' lang='lat' dir='ltr'><strong>docentis,</strong></span> <span class='ocrx_word' id='word_1_183' title='bbox 2991 1439 3044 1494; x_wconf 91' lang='lat' dir='ltr'><strong>in</strong></span> <span class='ocrx_word' id='word_1_184' title='bbox 3089 1439 3252 1494; x_wconf 88' lang='lat' dir='ltr'><strong>corde</strong></span> <span class='ocrx_word' id='word_1_185' title='bbox 3293 1437 3574 1492; x_wconf 82' lang='lat' dir='ltr'><strong>audientis</strong></span> <span class='ocrx_word' id='word_1_186' title='bbox 3629 1437 3797 1492; x_wconf 83' lang='lat' dir='ltr'><strong>minus</strong></span> 
     </span>
    </p>
   </div>
   <div class='ocr_carea' id='block_1_29' title="bbox 2189 1529 3800 1603">
    <p class='ocr_par' dir='ltr' id='par_1_29' title="bbox 2189 1529 3800 1603">
     <span class='ocr_line' id='line_1_29' title="bbox 2189 1529 3800 1603; baseline -0.002 -15"><span class='ocrx_word' id='word_1_187' title='bbox 2189 1535 2352 1597; x_wconf 84' lang='lat' dir='ltr'><strong>valet,</strong></span> <span class='ocrx_word' id='word_1_188' title='bbox 2383 1530 2428 1588; x_wconf 88' lang='lat' dir='ltr'><strong>si</strong></span> <span class='ocrx_word' id='word_1_189' title='bbox 2478 1548 2584 1587; x_wconf 90' lang='lat' dir='ltr'><strong>non</strong></span> <span class='ocrx_word' id='word_1_190' title='bbox 2625 1533 2788 1587; x_wconf 89' lang='lat' dir='ltr'><strong>etiam</strong></span> <span class='ocrx_word' id='word_1_191' title='bbox 2835 1532 3066 1603; x_wconf 70' lang='lat' dir='ltr'><strong>proprize</strong></span> <span class='ocrx_word' id='word_1_192' title='bbox 3106 1531 3336 1586; x_wconf 87' lang='lat' dir='ltr'><strong>actionis</strong></span> <span class='ocrx_word' id='word_1_193' title='bbox 3381 1529 3800 1586; x_wconf 71' lang='lat' dir='ltr'><strong>commendetur</strong></span> 
     </span>
    </p>
   </div>
   <div class='ocr_carea' id='block_1_30' title="bbox 2190 1625 2472 1681">
    <p class='ocr_par' dir='ltr' id='par_1_30' title="bbox 2190 1625 2472 1681">
     <span class='ocr_line' id='line_1_30' title="bbox 2190 1625 2472 1681; baseline -0.014 0"><span class='ocrx_word' id='word_1_194' title='bbox 2190 1642 2251 1681; x_wconf 77' lang='lat' dir='ltr'><strong>ex</strong></span> <span class='ocrx_word' id='word_1_195' title='bbox 2261 1625 2472 1681; x_wconf 88' lang='lat' dir='ltr'><strong>cmnlis.</strong></span> 
     </span>
    </p>
   </div>
   <div class='ocr_carea' id='block_1_31' title="bbox 2261 1643 3798 1780">
    <p class='ocr_par' dir='ltr' id='par_1_31' title="bbox 2261 1643 3798 1780">
     <span class='ocr_line' id='line_1_31' title="bbox 2261 1643 2472 1680; baseline -0.014 0"><span class='ocrx_word' id='word_1_196' title='bbox 2261 1643 2342 1680; x_wconf 89' lang='lat' dir='ltr'><strong>cm</strong></span> <span class='ocrx_word' id='word_1_197' title='bbox 2387 1643 2472 1678; x_wconf 91' lang='lat' dir='ltr'><strong>us.</strong></span> 
     </span>
     <span class='ocr_line' id='line_1_32' title="bbox 2261 1643 3798 1780; baseline -0.003 -10"><span class='ocrx_word' id='word_1_198' title='bbox 2261 1710 2328 1770; x_wconf 83' lang='lat' dir='ltr'><strong>Et</strong></span> <span class='ocrx_word' id='word_1_199' title='bbox 2350 1643 2584 1770; x_wconf 51' lang='lat' dir='ltr'><strong>Iexiliens</strong></span> <span class='ocrx_word' id='word_1_200' title='bbox 2611 1714 2774 1780; x_wconf 80' lang='lat' dir='ltr'><strong>stetit,</strong></span> <span class='ocrx_word' id='word_1_201' title='bbox 2805 1718 2854 1768; x_wconf 89' lang='lat' dir='ltr'><strong>et</strong></span> <span class='ocrx_word' id='word_1_202' title='bbox 2880 1705 3204 1780; x_wconf 76' lang='lat' dir='ltr'><strong>ambulabat,</strong></span> <span class='ocrx_word' id='word_1_203' title='bbox 3237 1719 3286 1768; x_wconf 86' lang='lat' dir='ltr'><strong>et</strong></span> <span class='ocrx_word' id='word_1_204' title='bbox 3312 1708 3528 1768; x_wconf 80' lang='lat' dir='ltr'><strong>intrarit</strong></span> <span class='ocrx_word' id='word_1_205' title='bbox 3549 1729 3687 1768; x_wconf 82' lang='lat' dir='ltr'><strong>cum</strong></span> <span class='ocrx_word' id='word_1_206' title='bbox 3707 1712 3798 1766; x_wconf 79' lang='lat' dir='ltr'><strong>illis</strong></span> 
     </span>
    </p>
   </div>
   <div class='ocr_carea' id='block_1_32' title="bbox 2187 1803 3795 1880">
    <p class='ocr_par' dir='ltr' id='par_1_32' title="bbox 2187 1803 3795 1880">
     <span class='ocr_line' id='line_1_33' title="bbox 2187 1803 3795 1880; baseline -0.005 -14"><span class='ocrx_word' id='word_1_207' title='bbox 2187 1808 2242 1866; x_wconf 84' lang='lat' dir='ltr'><strong>in</strong></span> <span class='ocrx_word' id='word_1_208' title='bbox 2291 1805 2557 1880; x_wconf 83' lang='lat' dir='ltr'><strong>templum.</strong></span> <span class='ocrx_word' id='word_1_209' title='bbox 2591 1803 2734 1864; x_wconf 85' lang='lat' dir='ltr'><strong>Ordo</strong></span> <span class='ocrx_word' id='word_1_210' title='bbox 2779 1805 3132 1878; x_wconf 80' lang='lat' dir='ltr'><strong>perfectionis</strong></span> <span class='ocrx_word' id='word_1_211' title='bbox 3179 1813 3263 1861; x_wconf 90' lang='lat' dir='ltr'><strong>est</strong></span> <span class='ocrx_word' id='word_1_212' title='bbox 3306 1805 3586 1877; x_wconf 84' lang='lat' dir='ltr'><strong>egregius,</strong></span> <span class='ocrx_word' id='word_1_213' title='bbox 3629 1805 3795 1876; x_wconf 84' lang='lat' dir='ltr'><strong>primo</strong></span> 
     </span>
    </p>
   </div>
   <div class='ocr_carea' id='block_1_33' title="bbox 487 1887 3798 1991">
    <p class='ocr_par' dir='ltr' id='par_1_33' title="bbox 487 1887 3798 1991">
     <span class='ocr_line' id='line_1_34' title="bbox 487 1887 3798 1991; baseline -0.008 -13"><span class='ocrx_word' id='word_1_214' title='bbox 487 1924 602 1978; x_wconf 87' lang='lat' dir='ltr'><strong>lloc</strong></span> <span class='ocrx_word' id='word_1_215' title='bbox 629 1931 683 1980; x_wconf 91' lang='lat' dir='ltr'><strong>et</strong></span> <span class='ocrx_word' id='word_1_216' title='bbox 717 1923 771 1984; x_wconf 85' lang='lat' dir='ltr'><strong>in</strong></span> <span class='ocrx_word' id='word_1_217' title='bbox 800 1922 916 1991; x_wconf 88' lang='lat' dir='ltr'><strong>ipso</strong></span> <span class='ocrx_word' id='word_1_218' title='bbox 945 1934 1044 1974; x_wconf 92' lang='lat' dir='ltr'><strong>suo</strong></span> <span class='ocrx_word' id='word_1_219' title='bbox 1088 1926 1213 1973; x_wconf 88' lang='lat' dir='ltr'><strong>actu</strong></span> <span class='ocrx_word' id='word_1_220' title='bbox 1255 1916 1553 1988; x_wconf 80' lang='lat' dir='ltr'><strong>ﬁguraliter</strong></span> <span class='ocrx_word' id='word_1_221' title='bbox 1581 1932 1640 1970; x_wconf 91' lang='lat' dir='ltr'><strong>se</strong></span> <span class='ocrx_word' id='word_1_222' title='bbox 1667 1929 1830 1986; x_wconf 82' lang='lat' dir='ltr'><strong>agere</strong></span> <span class='ocrx_word' id='word_1_223' title='bbox 1860 1911 2082 1968; x_wconf 76' lang='lat' dir='ltr'><strong>demon-</strong></span> <span class='ocrx_word' id='word_1_224' title='bbox 2109 1887 2158 1959; x_wconf 72' lang='grc' dir='ltr'><strong>Β</strong></span> <span class='ocrx_word' id='word_1_225' title='bbox 2187 1901 2334 1991; x_wconf 65' lang='lat' dir='ltr'><strong>illum</strong></span> <span class='ocrx_word' id='word_1_226' title='bbox 2383 1919 2668 1974; x_wconf 75' lang='lat' dir='ltr'><strong>resurgere</strong></span> <span class='ocrx_word' id='word_1_227' title='bbox 2712 1903 2804 1975; x_wconf 88' lang='lat' dir='ltr'><strong>qui</strong></span> <span class='ocrx_word' id='word_1_228' title='bbox 2841 1901 3108 1974; x_wconf 73' lang='lat' dir='ltr'><strong>iacuerat,</strong></span> <span class='ocrx_word' id='word_1_229' title='bbox 3158 1901 3352 1958; x_wconf 88' lang='lat' dir='ltr'><strong>deinde</strong></span> <span class='ocrx_word' id='word_1_230' title='bbox 3398 1901 3505 1957; x_wconf 88' lang='lat' dir='ltr'><strong>iter</strong></span> <span class='ocrx_word' id='word_1_231' title='bbox 3549 1901 3798 1972; x_wconf 77' lang='lat' dir='ltr'><strong>arripere</strong></span> 
     </span>
    </p>
   </div>
   <div class='ocr_carea' id='block_1_34' title="bbox 487 1995 2078 2082">
    <p class='ocr_par' dir='ltr' id='par_1_34' title="bbox 487 1995 2078 2082">
     <span class='ocr_line' id='line_1_35' title="bbox 487 1995 2078 2082; baseline -0.008 -12"><span class='ocrx_word' id='word_1_232' title='bbox 487 2016 757 2077; x_wconf 84' lang='lat' dir='ltr'><strong>strabant,</strong></span> <span class='ocrx_word' id='word_1_233' title='bbox 773 2013 898 2082; x_wconf 85' lang='lat' dir='ltr'><strong>quia</strong></span> <span class='ocrx_word' id='word_1_234' title='bbox 918 2010 1178 2064; x_wconf 87' lang='lat' dir='ltr'><strong>Dominus</strong></span> <span class='ocrx_word' id='word_1_235' title='bbox 1201 2019 1386 2063; x_wconf 87' lang='lat' dir='ltr'><strong>noster</strong></span> <span class='ocrx_word' id='word_1_236' title='bbox 1403 2007 1864 2078; x_wconf 86' lang='lat' dir='ltr'><strong>appropinquante</strong></span> <span class='ocrx_word' id='word_1_237' title='bbox 1893 1995 2078 2058; x_wconf 89' lang='lat' dir='ltr'><strong>mundi</strong></span> 
     </span>
    </p>
   </div>
   <div class='ocr_carea' id='block_1_35' title="bbox 492 2096 2074 2162">
    <p class='ocr_par' dir='ltr' id='par_1_35' title="bbox 492 2096 2074 2162">
     <span class='ocr_line' id='line_1_36' title="bbox 492 2096 2074 2162; baseline -0.008 0"><span class='ocrx_word' id='word_1_238' title='bbox 492 2106 602 2162; x_wconf 85' lang='lat' dir='ltr'><strong>ﬁne</strong></span> <span class='ocrx_word' id='word_1_239' title='bbox 631 2105 686 2160; x_wconf 90' lang='lat' dir='ltr'><strong>in</strong></span> <span class='ocrx_word' id='word_1_240' title='bbox 717 2106 860 2159; x_wconf 90' lang='lat' dir='ltr'><strong>hunc</strong></span> <span class='ocrx_word' id='word_1_241' title='bbox 889 2103 1148 2158; x_wconf 89' lang='lat' dir='ltr'><strong>mundum</strong></span> <span class='ocrx_word' id='word_1_242' title='bbox 1175 2101 1242 2155; x_wconf 89' lang='lat' dir='ltr'><strong>ad</strong></span> <span class='ocrx_word' id='word_1_243' title='bbox 1286 2099 1574 2154; x_wconf 86' lang='lat' dir='ltr'><strong>salvandos</strong></span> <span class='ocrx_word' id='word_1_244' title='bbox 1601 2113 1790 2153; x_wconf 90' lang='lat' dir='ltr'><strong>omnes</strong></span> <span class='ocrx_word' id='word_1_245' title='bbox 1818 2096 1923 2152; x_wconf 90' lang='lat' dir='ltr'><strong>sibi</strong></span> <span class='ocrx_word' id='word_1_246' title='bbox 1954 2110 2074 2151; x_wconf 89' lang='lat' dir='ltr'><strong>cre-</strong></span> 
     </span>
    </p>
   </div>
   <div class='ocr_carea' id='block_1_36' title="bbox 485 2189 2076 2265">
    <p class='ocr_par' dir='ltr' id='par_1_36' title="bbox 485 2189 2076 2265">
     <span class='ocr_line' id='line_1_37' title="bbox 485 2189 2076 2265; baseline -0.006 -11"><span class='ocrx_word' id='word_1_247' title='bbox 485 2198 680 2254; x_wconf 83' lang='lat' dir='ltr'><strong>dentes</strong></span> <span class='ocrx_word' id='word_1_248' title='bbox 725 2203 966 2260; x_wconf 84' lang='lat' dir='ltr'><strong>venerat,</strong></span> <span class='ocrx_word' id='word_1_249' title='bbox 999 2203 1056 2250; x_wconf 91' lang='lat' dir='ltr'><strong>et</strong></span> <span class='ocrx_word' id='word_1_250' title='bbox 1101 2193 1373 2265; x_wconf 87' lang='lat' dir='ltr'><strong>apostolos</strong></span> <span class='ocrx_word' id='word_1_251' title='bbox 1419 2208 1544 2247; x_wconf 92' lang='lat' dir='ltr'><strong>suos</strong></span> <span class='ocrx_word' id='word_1_252' title='bbox 1596 2190 1750 2262; x_wconf 87' lang='lat' dir='ltr'><strong>quasi</strong></span> <span class='ocrx_word' id='word_1_253' title='bbox 1791 2189 1858 2244; x_wconf 90' lang='lat' dir='ltr'><strong>ad</strong></span> <span class='ocrx_word' id='word_1_254' title='bbox 1906 2189 2076 2260; x_wconf 85' lang='lat' dir='ltr'><strong>ipsam</strong></span> 
     </span>
    </p>
   </div>
   <div class='ocr_carea' id='block_1_37' title="bbox 483 2275 2075 2360">
    <p class='ocr_par' dir='ltr' id='par_1_37' title="bbox 483 2275 2075 2360">
     <span class='ocr_line' id='line_1_38' title="bbox 483 2275 2075 2360; baseline -0.007 -15"><span class='ocrx_word' id='word_1_255' title='bbox 483 2303 769 2360; x_wconf 84' lang='lat' dir='ltr'><strong>vesperam</strong></span> <span class='ocrx_word' id='word_1_256' title='bbox 809 2287 995 2342; x_wconf 89' lang='lat' dir='ltr'><strong>mundi</strong></span> <span class='ocrx_word' id='word_1_257' title='bbox 1031 2302 1132 2356; x_wconf 91' lang='lat' dir='ltr'><strong>per</strong></span> <span class='ocrx_word' id='word_1_258' title='bbox 1158 2294 1330 2341; x_wconf 85' lang='lat' dir='ltr'><strong>totum</strong></span> <span class='ocrx_word' id='word_1_259' title='bbox 1360 2285 1550 2342; x_wconf 89' lang='lat' dir='ltr'><strong>orbem</strong></span> <span class='ocrx_word' id='word_1_260' title='bbox 1580 2284 1648 2338; x_wconf 87' lang='lat' dir='ltr'><strong>ad</strong></span> <span class='ocrx_word' id='word_1_261' title='bbox 1677 2275 2075 2337; x_wconf 85' lang='lat' dir='ltr'><strong>multitudinem</strong></span> 
     </span>
    </p>
   </div>
   <div class='ocr_carea' id='block_1_38' title="bbox 484 2379 1335 2438">
    <p class='ocr_par' dir='ltr' id='par_1_38' title="bbox 484 2379 1335 2438">
     <span class='ocr_line' id='line_1_39' title="bbox 484 2379 1335 2438; baseline -0.009 0"><span class='ocrx_word' id='word_1_262' title='bbox 484 2381 768 2438; x_wconf 81' lang='lat' dir='ltr'><strong>hominum</strong></span> <span class='ocrx_word' id='word_1_263' title='bbox 797 2380 1092 2435; x_wconf 85' lang='lat' dir='ltr'><strong>docendam</strong></span> <span class='ocrx_word' id='word_1_264' title='bbox 1119 2379 1335 2434; x_wconf 78' lang='lat' dir='ltr'><strong>direxit.</strong></span> 
     </span>
    </p>
   </div>
   <div class='ocr_carea' id='block_1_39' title="bbox 557 2467 2074 2544">
    <p class='ocr_par' dir='ltr' id='par_1_39' title="bbox 557 2467 2074 2544">
     <span class='ocr_line' id='line_1_40' title="bbox 557 2467 2074 2544; baseline -0.003 -17"><span class='ocrx_word' id='word_1_265' title='bbox 557 2473 626 2528; x_wconf 78' lang='lat' dir='ltr'><strong>Et</strong></span> <span class='ocrx_word' id='word_1_266' title='bbox 653 2473 868 2544; x_wconf 81' lang='lat' dir='ltr'><strong>quidam</strong></span> <span class='ocrx_word' id='word_1_267' title='bbox 895 2473 972 2527; x_wconf 83' lang='lat' dir='ltr'><strong>vir</strong></span> <span class='ocrx_word' id='word_1_268' title='bbox 989 2473 1079 2543; x_wconf 88' lang='lat' dir='ltr'><strong>qui</strong></span> <span class='ocrx_word' id='word_1_269' title='bbox 1101 2481 1212 2525; x_wconf 86' lang='lat' dir='ltr'><strong>erat</strong></span> <span class='ocrx_word' id='word_1_270' title='bbox 1243 2470 1464 2524; x_wconf 83' lang='lat' dir='ltr'><strong>claudus</strong></span> <span class='ocrx_word' id='word_1_271' title='bbox 1485 2485 1548 2524; x_wconf 76' lang='lat' dir='ltr'><strong>ea:</strong></span> <span class='ocrx_word' id='word_1_272' title='bbox 1564 2477 1712 2522; x_wconf 80' lang='lat' dir='ltr'><strong>utero</strong></span> <span class='ocrx_word' id='word_1_273' title='bbox 1736 2467 1919 2521; x_wconf 80' lang='lat' dir='ltr'><strong>matris</strong></span> <span class='ocrx_word' id='word_1_274' title='bbox 1945 2483 2074 2534; x_wconf 71' lang='lat' dir='ltr'><strong>sum,</strong></span> 
     </span>
    </p>
   </div>
   <div class='ocr_carea' id='block_1_40' title="bbox 486 2557 2080 2635">
    <p class='ocr_par' dir='ltr' id='par_1_40' title="bbox 486 2557 2080 2635">
     <span class='ocr_line' id='line_1_41' title="bbox 486 2557 2080 2635; baseline -0.004 -16"><span class='ocrx_word' id='word_1_275' title='bbox 486 2563 828 2635; x_wconf 78' lang='lat' dir='ltr'><strong>bajulabatur</strong></span> <span class='ocrx_word' id='word_1_276' title='bbox 853 2580 1042 2635; x_wconf 85' lang='lat' dir='ltr'><strong>:quem</strong></span> <span class='ocrx_word' id='word_1_277' title='bbox 1075 2562 1334 2632; x_wconf 87' lang='lat' dir='ltr'><strong>ponebant</strong></span> <span class='ocrx_word' id='word_1_278' title='bbox 1359 2559 1590 2632; x_wconf 79' lang='lat' dir='ltr'><strong>quotidie</strong></span> <span class='ocrx_word' id='word_1_279' title='bbox 1619 2557 1686 2612; x_wconf 87' lang='lat' dir='ltr'><strong>ad</strong></span> <span class='ocrx_word' id='word_1_280' title='bbox 1715 2567 1920 2628; x_wconf 89' lang='lat' dir='ltr'><strong>portam</strong></span> <span class='ocrx_word' id='word_1_281' title='bbox 1948 2566 2080 2612; x_wconf 83' lang='lat' dir='ltr'><strong>tem-</strong></span> 
     </span>
    </p>
   </div>
   <div class='ocr_carea' id='block_1_41' title="bbox 487 2646 2075 2728">
    <p class='ocr_par' dir='ltr' id='par_1_41' title="bbox 487 2646 2075 2728">
     <span class='ocr_line' id='line_1_42' title="bbox 487 2646 2075 2728; baseline -0.004 -17"><span class='ocrx_word' id='word_1_282' title='bbox 487 2655 562 2728; x_wconf 87' lang='lat' dir='ltr'><strong>pli</strong></span> <span class='ocrx_word' id='word_1_283' title='bbox 601 2673 718 2727; x_wconf 68' lang='lat' dir='ltr'><strong>qua</strong></span> <span class='ocrx_word' id='word_1_284' title='bbox 746 2656 940 2712; x_wconf 82' lang='lat' dir='ltr'><strong>dicitur</strong></span> <span class='ocrx_word' id='word_1_285' title='bbox 966 2654 1238 2725; x_wconf 76' lang='lat' dir='ltr'><strong>Spesiosa,</strong></span> <span class='ocrx_word' id='word_1_286' title='bbox 1269 2662 1324 2707; x_wconf 89' lang='lat' dir='ltr'><strong>ut</strong></span> <span class='ocrx_word' id='word_1_287' title='bbox 1371 2660 1564 2724; x_wconf 84' lang='lat' dir='ltr'><strong>peteret</strong></span> <span class='ocrx_word' id='word_1_288' title='bbox 1608 2649 1987 2720; x_wconf 79' lang='lat' dir='ltr'><strong>eleemosynam</strong></span> <span class='ocrx_word' id='word_1_289' title='bbox 2011 2646 2075 2704; x_wconf 88' lang='lat' dir='ltr'><strong>ab</strong></span> 
     </span>
    </p>
   </div>
   <div class='ocr_carea' id='block_1_42' title="bbox 487 2740 2075 2816">
    <p class='ocr_par' dir='ltr' id='par_1_42' title="bbox 487 2740 2075 2816">
     <span class='ocr_line' id='line_1_43' title="bbox 487 2740 2075 2816; baseline -0.003 -14"><span class='ocrx_word' id='word_1_290' title='bbox 487 2747 866 2802; x_wconf 77' lang='lat' dir='ltr'><strong>introeuntibus</strong></span> <span class='ocrx_word' id='word_1_291' title='bbox 896 2748 952 2804; x_wconf 90' lang='lat' dir='ltr'><strong>in</strong></span> <span class='ocrx_word' id='word_1_292' title='bbox 994 2744 1263 2816; x_wconf 79' lang='lat' dir='ltr'><strong>templum.</strong></span> <span class='ocrx_word' id='word_1_293' title='bbox 1302 2743 1457 2800; x_wconf 85' lang='lat' dir='ltr'><strong>Ilunc</strong></span> <span class='ocrx_word' id='word_1_294' title='bbox 1486 2758 1611 2797; x_wconf 91' lang='lat' dir='ltr'><strong>cum</strong></span> <span class='ocrx_word' id='word_1_295' title='bbox 1636 2741 1858 2796; x_wconf 87' lang='lat' dir='ltr'><strong>vidisset</strong></span> <span class='ocrx_word' id='word_1_296' title='bbox 1881 2740 2075 2797; x_wconf 88' lang='lat' dir='ltr'><strong>Petrus</strong></span> 
     </span>
    </p>
   </div>
   <div class='ocr_carea' id='block_1_43' title="bbox 487 2835 2076 2906">
    <p class='ocr_par' dir='ltr' id='par_1_43' title="bbox 487 2835 2076 2906">
     <span class='ocr_line' id='line_1_44' title="bbox 487 2835 2076 2906; baseline -0.001 -14"><span class='ocrx_word' id='word_1_297' title='bbox 487 2853 613 2892; x_wconf 90' lang='lat' dir='ltr'><strong>cum</strong></span> <span class='ocrx_word' id='word_1_298' title='bbox 656 2836 863 2892; x_wconf 80' lang='lat' dir='ltr'><strong>Joanne</strong></span> <span class='ocrx_word' id='word_1_299' title='bbox 909 2837 1046 2894; x_wconf 88' lang='lat' dir='ltr'><strong>dixit</strong></span> <span class='ocrx_word' id='word_1_300' title='bbox 1077 2855 1090 2892; x_wconf 93' lang='lat'>:</span> <span class='ocrx_word' id='word_1_301' title='bbox 1124 2837 1351 2906; x_wconf 85' lang='lat' dir='ltr'><strong>respice.</strong></span> <span class='ocrx_word' id='word_1_302' title='bbox 1372 2836 1444 2891; x_wconf 83' lang='lat' dir='ltr'><strong>At</strong></span> <span class='ocrx_word' id='word_1_303' title='bbox 1487 2835 1578 2891; x_wconf 91' lang='lat' dir='ltr'><strong>ille</strong></span> <span class='ocrx_word' id='word_1_304' title='bbox 1607 2835 1844 2905; x_wconf 79' lang='lat' dir='ltr'><strong>respexit</strong></span> <span class='ocrx_word' id='word_1_305' title='bbox 1879 2835 1934 2889; x_wconf 91' lang='lat' dir='ltr'><strong>in</strong></span> <span class='ocrx_word' id='word_1_306' title='bbox 1961 2850 2076 2901; x_wconf 87' lang='lat' dir='ltr'><strong>eos,</strong></span> 
     </span>
    </p>
   </div>
   <div class='ocr_carea' id='block_1_44' title="bbox 485 2923 2077 3000">
    <p class='ocr_par' dir='ltr' id='par_1_44' title="bbox 485 2923 2077 3000">
     <span class='ocr_line' id='line_1_45' title="bbox 485 2923 2077 3000; baseline -0.003 -14"><span class='ocrx_word' id='word_1_307' title='bbox 485 2945 712 2999; x_wconf 82' lang='lat' dir='ltr'><strong>sperans</strong></span> <span class='ocrx_word' id='word_1_308' title='bbox 735 2943 795 2986; x_wconf 84' lang='lat' dir='ltr'><strong>se</strong></span> <span class='ocrx_word' id='word_1_309' title='bbox 827 2927 1028 3000; x_wconf 88' lang='lat' dir='ltr'><strong>aliquid</strong></span> <span class='ocrx_word' id='word_1_310' title='bbox 1055 2936 1402 2998; x_wconf 87' lang='lat' dir='ltr'><strong>accepturum</strong></span> <span class='ocrx_word' id='word_1_311' title='bbox 1443 2927 1512 2982; x_wconf 90' lang='lat' dir='ltr'><strong>ab</strong></span> <span class='ocrx_word' id='word_1_312' title='bbox 1540 2928 1640 2994; x_wconf 89' lang='lat' dir='ltr'><strong>eis,</strong></span> <span class='ocrx_word' id='word_1_313' title='bbox 1663 2926 1742 2983; x_wconf 90' lang='lat' dir='ltr'><strong>ait</strong></span> <span class='ocrx_word' id='word_1_314' title='bbox 1768 2935 1947 2982; x_wconf 88' lang='lat' dir='ltr'><strong>autem</strong></span> <span class='ocrx_word' id='word_1_315' title='bbox 1975 2923 2077 2982; x_wconf 82' lang='lat' dir='ltr'><strong>Pc-</strong></span> 
     </span>
    </p>
   </div>
   <div class='ocr_carea' id='block_1_45' title="bbox 484 3027 642 3075">
    <p class='ocr_par' dir='ltr' id='par_1_45' title="bbox 484 3027 642 3075">
     <span class='ocr_line' id='line_1_46' title="bbox 484 3027 642 3075; baseline -0.006 0"><span class='ocrx_word' id='word_1_316' title='bbox 484 3027 604 3075; x_wconf 86' lang='lat' dir='ltr'><strong>trus</strong></span> <span class='ocrx_word' id='word_1_317' title='bbox 629 3038 642 3074; x_wconf 92' lang='lat'><strong>:</strong></span> 
     </span>
    </p>
   </div>
   <div class='ocr_carea' id='block_1_46' title="bbox 553 3103 2075 3182">
    <p class='ocr_par' dir='ltr' id='par_1_46' title="bbox 553 3103 2075 3182">
     <span class='ocr_line' id='line_1_47' title="bbox 553 3103 2075 3182; baseline 0 -16"><span class='ocrx_word' id='word_1_318' title='bbox 553 3111 838 3182; x_wconf 80' lang='lat' dir='ltr'><strong>Argentum</strong></span> <span class='ocrx_word' id='word_1_319' title='bbox 863 3120 912 3166; x_wconf 88' lang='lat' dir='ltr'><strong>et</strong></span> <span class='ocrx_word' id='word_1_320' title='bbox 939 3127 1130 3166; x_wconf 87' lang='lat' dir='ltr'><strong>aurum</strong></span> <span class='ocrx_word' id='word_1_321' title='bbox 1159 3126 1264 3165; x_wconf 88' lang='lat' dir='ltr'><strong>non</strong></span> <span class='ocrx_word' id='word_1_322' title='bbox 1292 3109 1456 3165; x_wconf 85' lang='lat' dir='ltr'><strong>habeo</strong></span> <span class='ocrx_word' id='word_1_323' title='bbox 1473 3151 1486 3174; x_wconf 90' lang='lat'><strong>,</strong></span> <span class='ocrx_word' id='word_1_324' title='bbox 1511 3109 1602 3164; x_wconf 86' lang='lat' dir='ltr'><strong>sed</strong></span> <span class='ocrx_word' id='word_1_325' title='bbox 1625 3110 1766 3182; x_wconf 87' lang='lat' dir='ltr'><strong>quod</strong></span> <span class='ocrx_word' id='word_1_326' title='bbox 1792 3111 1980 3178; x_wconf 85' lang='lat' dir='ltr'><strong>habeo,</strong></span> <span class='ocrx_word' id='word_1_327' title='bbox 2008 3103 2075 3166; x_wconf 77' lang='lat' dir='ltr'><strong>do</strong></span> 
     </span>
    </p>
   </div>
   <div class='ocr_carea' id='block_1_47' title="bbox 480 3193 2073 3274">
    <p class='ocr_par' dir='ltr' id='par_1_47' title="bbox 480 3193 2073 3274">
     <span class='ocr_line' id='line_1_48' title="bbox 480 3193 2073 3274; baseline -0.002 -12"><span class='ocrx_word' id='word_1_328' title='bbox 480 3206 572 3262; x_wconf 86' lang='lat' dir='ltr'><strong>tibi</strong></span> <span class='ocrx_word' id='word_1_329' title='bbox 595 3219 612 3258; x_wconf 91' lang='lat'><strong><em>:</em></strong></span> <span class='ocrx_word' id='word_1_330' title='bbox 635 3206 690 3260; x_wconf 90' lang='lat' dir='ltr'><strong>in</strong></span> <span class='ocrx_word' id='word_1_331' title='bbox 711 3205 918 3260; x_wconf 80' lang='lat' dir='ltr'><strong>nomine</strong></span> <span class='ocrx_word' id='word_1_332' title='bbox 937 3204 1065 3259; x_wconf 84' lang='lat' dir='ltr'><strong>Jesu</strong></span> <span class='ocrx_word' id='word_1_333' title='bbox 1086 3201 1281 3259; x_wconf 81' lang='lat' dir='ltr'><strong>Christi</strong></span> <span class='ocrx_word' id='word_1_334' title='bbox 1302 3193 1576 3260; x_wconf 78' lang='lat' dir='ltr'><strong>Nazareni</strong></span> <span class='ocrx_word' id='word_1_335' title='bbox 1595 3221 1750 3274; x_wconf 82' lang='lat' dir='ltr'><strong>surge</strong></span> <span class='ocrx_word' id='word_1_336' title='bbox 1769 3213 1818 3258; x_wconf 89' lang='lat' dir='ltr'><strong>et</strong></span> <span class='ocrx_word' id='word_1_337' title='bbox 1839 3199 2073 3259; x_wconf 86' lang='lat' dir='ltr'><strong>ambula.</strong></span> 
     </span>
    </p>
   </div>
   <div class='ocr_carea' id='block_1_48' title="bbox 2183 1990 3794 2067">
    <p class='ocr_par' dir='ltr' id='par_1_48' title="bbox 2183 1990 3794 2067">
     <span class='ocr_line' id='line_1_49' title="bbox 2183 1990 3794 2067; baseline -0.003 -17"><span class='ocrx_word' id='word_1_338' title='bbox 2183 1990 2340 2051; x_wconf 62' lang='lat' dir='ltr'><strong>bonae</strong></span> <span class='ocrx_word' id='word_1_339' title='bbox 2368 1995 2720 2067; x_wconf 89' lang='lat' dir='ltr'><strong>operationis,</strong></span> <span class='ocrx_word' id='word_1_340' title='bbox 2751 2003 2806 2050; x_wconf 92' lang='lat' dir='ltr'><strong>et</strong></span> <span class='ocrx_word' id='word_1_341' title='bbox 2841 1995 2922 2050; x_wconf 90' lang='lat' dir='ltr'><strong>sic</strong></span> <span class='ocrx_word' id='word_1_342' title='bbox 2957 1991 3144 2050; x_wconf 69' lang='lat' dir='ltr'><strong>mterni</strong></span> <span class='ocrx_word' id='word_1_343' title='bbox 3189 1993 3340 2064; x_wconf 80' lang='lat' dir='ltr'><strong>regni</strong></span> <span class='ocrx_word' id='word_1_344' title='bbox 3371 1991 3609 2062; x_wconf 88' lang='lat' dir='ltr'><strong>januam</strong></span> <span class='ocrx_word' id='word_1_345' title='bbox 3645 1991 3794 2048; x_wconf 83' lang='lat' dir='ltr'><strong>simul</strong></span> 
     </span>
    </p>
   </div>
   <div class='ocr_carea' id='block_1_49' title="bbox 2183 2079 3795 2159">
    <p class='ocr_par' dir='ltr' id='par_1_49' title="bbox 2183 2079 3795 2159">
     <span class='ocr_line' id='line_1_50' title="bbox 2183 2079 3795 2159; baseline -0.003 -15"><span class='ocrx_word' id='word_1_346' title='bbox 2183 2103 2306 2144; x_wconf 91' lang='lat' dir='ltr'><strong>cum</strong></span> <span class='ocrx_word' id='word_1_347' title='bbox 2337 2089 2540 2144; x_wconf 89' lang='lat' dir='ltr'><strong>sanctis</strong></span> <span class='ocrx_word' id='word_1_348' title='bbox 2580 2085 2836 2159; x_wconf 89' lang='lat' dir='ltr'><strong>apostolis</strong></span> <span class='ocrx_word' id='word_1_349' title='bbox 2881 2087 3105 2142; x_wconf 87' lang='lat' dir='ltr'><strong>intrare.</strong></span> <span class='ocrx_word' id='word_1_350' title='bbox 3152 2085 3302 2155; x_wconf 83' lang='lat' dir='ltr'><strong>Ideo,</strong></span> <span class='ocrx_word' id='word_1_351' title='bbox 3333 2079 3532 2141; x_wconf 80' lang='lat' dir='ltr'><strong>fratres</strong></span> <span class='ocrx_word' id='word_1_352' title='bbox 3579 2083 3795 2141; x_wconf 84' lang='lat' dir='ltr'><strong>charis-</strong></span> 
     </span>
    </p>
   </div>
   <div class='ocr_carea' id='block_1_50' title="bbox 2183 2176 3794 2250">
    <p class='ocr_par' dir='ltr' id='par_1_50' title="bbox 2183 2176 3794 2250">
     <span class='ocr_line' id='line_1_51' title="bbox 2183 2176 3794 2250; baseline -0.004 -15"><span class='ocrx_word' id='word_1_353' title='bbox 2183 2179 2329 2246; x_wconf 89' lang='lat' dir='ltr'><strong>simi,</strong></span> <span class='ocrx_word' id='word_1_354' title='bbox 2363 2180 2789 2250; x_wconf 88' lang='lat' dir='ltr'><strong>quotiescunque</strong></span> <span class='ocrx_word' id='word_1_355' title='bbox 2815 2177 3251 2234; x_wconf 89' lang='lat' dir='ltr'><strong>beatissimorum</strong></span> <span class='ocrx_word' id='word_1_356' title='bbox 3279 2176 3665 2249; x_wconf 81' lang='lat' dir='ltr'><strong>apostolorum</strong></span> <span class='ocrx_word' id='word_1_357' title='bbox 3694 2187 3794 2231; x_wconf 84' lang='lat' dir='ltr'><strong>me-</strong></span> 
     </span>
    </p>
   </div>
   <div class='ocr_carea' id='block_1_51' title="bbox 2181 2263 3793 2342">
    <p class='ocr_par' dir='ltr' id='par_1_51' title="bbox 2181 2263 3793 2342">
     <span class='ocr_line' id='line_1_52' title="bbox 2181 2263 3793 2342; baseline -0.003 -15"><span class='ocrx_word' id='word_1_358' title='bbox 2181 2272 2411 2328; x_wconf 86' lang='lat' dir='ltr'><strong>moriam</strong></span> <span class='ocrx_word' id='word_1_359' title='bbox 2456 2269 2816 2337; x_wconf 85' lang='lat' dir='ltr'><strong>celebramus,</strong></span> <span class='ocrx_word' id='word_1_360' title='bbox 2867 2269 3251 2342; x_wconf 59' lang='lat' dir='ltr'><strong>praetermissis</strong></span> <span class='ocrx_word' id='word_1_361' title='bbox 3299 2263 3554 2324; x_wconf 70' lang='lat' dir='ltr'><strong>(munibus</strong></span> <span class='ocrx_word' id='word_1_362' title='bbox 3615 2267 3793 2324; x_wconf 63' lang='lat' dir='ltr'><strong>seculi</strong></span> 
     </span>
    </p>
   </div>
   <div class='ocr_carea' id='block_1_52' title="bbox 2181 2355 3793 2436">
    <p class='ocr_par' dir='ltr' id='par_1_52' title="bbox 2181 2355 3793 2436">
     <span class='ocr_line' id='line_1_53' title="bbox 2181 2355 3793 2436; baseline -0.005 -14"><span class='ocrx_word' id='word_1_363' title='bbox 2181 2362 2395 2423; x_wconf 87' lang='lat' dir='ltr'><strong>actibus</strong></span> <span class='ocrx_word' id='word_1_364' title='bbox 2422 2366 2540 2422; x_wconf 87' lang='lat' dir='ltr'><strong>sine</strong></span> <span class='ocrx_word' id='word_1_365' title='bbox 2567 2363 2748 2436; x_wconf 89' lang='lat' dir='ltr'><strong>aliqua</strong></span> <span class='ocrx_word' id='word_1_366' title='bbox 2779 2361 3035 2420; x_wconf 88' lang='lat' dir='ltr'><strong>dilatione</strong></span> <span class='ocrx_word' id='word_1_367' title='bbox 3072 2361 3320 2433; x_wconf 81' lang='lat' dir='ltr'><strong>profectu</strong></span> <span class='ocrx_word' id='word_1_368' title='bbox 3360 2355 3648 2416; x_wconf 86' lang='lat' dir='ltr'><strong>bonorum</strong></span> <span class='ocrx_word' id='word_1_369' title='bbox 3679 2375 3793 2432; x_wconf 82' lang='lat' dir='ltr'><strong>ope-</strong></span> 
     </span>
    </p>
   </div>
   <div class='ocr_carea' id='block_1_53' title="bbox 2181 2449 3794 2520">
    <p class='ocr_par' dir='ltr' id='par_1_53' title="bbox 2181 2449 3794 2520">
     <span class='ocr_line' id='line_1_54' title="bbox 2181 2449 3794 2520; baseline -0.004 -7"><span class='ocrx_word' id='word_1_370' title='bbox 2181 2474 2303 2513; x_wconf 88' lang='lat' dir='ltr'><strong>rum</strong></span> <span class='ocrx_word' id='word_1_371' title='bbox 2345 2472 2568 2513; x_wconf 89' lang='lat' dir='ltr'><strong>currere</strong></span> <span class='ocrx_word' id='word_1_372' title='bbox 2612 2456 2893 2520; x_wconf 87' lang='lat' dir='ltr'><strong>debemus,</strong></span> <span class='ocrx_word' id='word_1_373' title='bbox 2929 2461 2986 2510; x_wconf 87' lang='lat' dir='ltr'><strong>et</strong></span> <span class='ocrx_word' id='word_1_374' title='bbox 3013 2451 3238 2510; x_wconf 89' lang='lat' dir='ltr'><strong>reddere</strong></span> <span class='ocrx_word' id='word_1_375' title='bbox 3275 2451 3381 2510; x_wconf 89' lang='lat' dir='ltr'><strong>illis</strong></span> <span class='ocrx_word' id='word_1_376' title='bbox 3407 2453 3461 2508; x_wconf 90' lang='lat' dir='ltr'><strong>in</strong></span> <span class='ocrx_word' id='word_1_377' title='bbox 3490 2451 3594 2508; x_wconf 89' lang='lat' dir='ltr'><strong>Dei</strong></span> <span class='ocrx_word' id='word_1_378' title='bbox 3627 2449 3794 2507; x_wconf 84' lang='lat' dir='ltr'><strong>laudi-</strong></span> 
     </span>
    </p>
   </div>
   <div class='ocr_carea' id='block_1_54' title="bbox 2181 2547 3788 2622">
    <p class='ocr_par' dir='ltr' id='par_1_54' title="bbox 2181 2547 3788 2622">
     <span class='ocr_line' id='line_1_55' title="bbox 2181 2547 3788 2622; baseline -0.004 -12"><span class='ocrx_word' id='word_1_379' title='bbox 2181 2555 2283 2610; x_wconf 89' lang='lat' dir='ltr'><strong>bus</strong></span> <span class='ocrx_word' id='word_1_380' title='bbox 2333 2548 2801 2610; x_wconf 87' lang='lat' dir='ltr'><strong>honorilicentiam</strong></span> <span class='ocrx_word' id='word_1_381' title='bbox 2850 2551 3120 2615; x_wconf 88' lang='lat' dir='ltr'><strong>debitam;</strong></span> <span class='ocrx_word' id='word_1_382' title='bbox 3173 2551 3265 2622; x_wconf 91' lang='lat' dir='ltr'><strong>qui</strong></span> <span class='ocrx_word' id='word_1_383' title='bbox 3314 2547 3472 2605; x_wconf 91' lang='lat' dir='ltr'><strong>nobis</strong></span> <span class='ocrx_word' id='word_1_384' title='bbox 3521 2559 3788 2606; x_wconf 62' lang='lat' dir='ltr'><strong>atternam</strong></span> 
     </span>
    </p>
   </div>
   <div class='ocr_carea' id='block_1_55' title="bbox 2182 2643 3790 2718">
    <p class='ocr_par' dir='ltr' id='par_1_55' title="bbox 2182 2643 3790 2718">
     <span class='ocr_line' id='line_1_56' title="bbox 2182 2643 3790 2718; baseline -0.006 -16"><span class='ocrx_word' id='word_1_385' title='bbox 2182 2645 2407 2702; x_wconf 87' lang='lat' dir='ltr'><strong>salutem</strong></span> <span class='ocrx_word' id='word_1_386' title='bbox 2436 2660 2534 2718; x_wconf 86' lang='lat' dir='ltr'><strong>per</strong></span> <span class='ocrx_word' id='word_1_387' title='bbox 2559 2643 2877 2700; x_wconf 80' lang='lat' dir='ltr'><strong>eﬁ‘usionem</strong></span> <span class='ocrx_word' id='word_1_388' title='bbox 2905 2644 2988 2698; x_wconf 90' lang='lat' dir='ltr'><strong>sui</strong></span> <span class='ocrx_word' id='word_1_389' title='bbox 3018 2643 3295 2714; x_wconf 81' lang='lat' dir='ltr'><strong>sanguinis</strong></span> <span class='ocrx_word' id='word_1_390' title='bbox 3319 2651 3688 2712; x_wconf 84' lang='lat' dir='ltr'><strong>pepererunt,</strong></span> <span class='ocrx_word' id='word_1_391' title='bbox 3708 2655 3790 2712; x_wconf 70' lang='lat' dir='ltr'><strong>qui</strong></span> 
     </span>
    </p>
   </div>
   <div class='ocr_carea' id='block_1_56' title="bbox 2183 2733 3788 2806">
    <p class='ocr_par' dir='ltr' id='par_1_56' title="bbox 2183 2733 3788 2806">
     <span class='ocr_line' id='line_1_57' title="bbox 2183 2733 3788 2806; baseline -0.004 -13"><span class='ocrx_word' id='word_1_392' title='bbox 2183 2746 2390 2794; x_wconf 88' lang='lat' dir='ltr'><strong>tantam</strong></span> <span class='ocrx_word' id='word_1_393' title='bbox 2439 2735 2674 2792; x_wconf 85' lang='lat' dir='ltr'><strong>hostiam</strong></span> <span class='ocrx_word' id='word_1_394' title='bbox 2719 2736 2774 2790; x_wconf 91' lang='lat' dir='ltr'><strong>in</strong></span> <span class='ocrx_word' id='word_1_395' title='bbox 2809 2733 3117 2806; x_wconf 86' lang='lat' dir='ltr'><strong>semetipsis</strong></span> <span class='ocrx_word' id='word_1_396' title='bbox 3143 2751 3241 2806; x_wconf 86' lang='lat' dir='ltr'><strong>pro</strong></span> <span class='ocrx_word' id='word_1_397' title='bbox 3283 2745 3467 2790; x_wconf 84' lang='lat' dir='ltr'><strong>nostra</strong></span> <span class='ocrx_word' id='word_1_398' title='bbox 3523 2735 3788 2806; x_wconf 86' lang='lat' dir='ltr'><strong>propitia-</strong></span> 
     </span>
    </p>
   </div>
   <div class='ocr_carea' id='block_1_57' title="bbox 2181 2819 3787 2898">
    <p class='ocr_par' dir='ltr' id='par_1_57' title="bbox 2181 2819 3787 2898">
     <span class='ocr_line' id='line_1_58' title="bbox 2181 2819 3787 2898; baseline -0.002 -14"><span class='ocrx_word' id='word_1_399' title='bbox 2181 2829 2326 2886; x_wconf 79' lang='lat' dir='ltr'><strong>tiorie</strong></span> <span class='ocrx_word' id='word_1_400' title='bbox 2352 2821 2578 2884; x_wconf 91' lang='lat' dir='ltr'><strong>Domino</strong></span> <span class='ocrx_word' id='word_1_401' title='bbox 2605 2822 2935 2884; x_wconf 90' lang='lat' dir='ltr'><strong>obtulerunt.</strong></span> <span class='ocrx_word' id='word_1_402' title='bbox 2961 2819 3270 2883; x_wconf 71' lang='lat' dir='ltr'><strong>Praesertim</strong></span> <span class='ocrx_word' id='word_1_403' title='bbox 3303 2843 3425 2882; x_wconf 91' lang='lat' dir='ltr'><strong>cum</strong></span> <span class='ocrx_word' id='word_1_404' title='bbox 3453 2825 3573 2898; x_wconf 87' lang='lat' dir='ltr'><strong>ipse</strong></span> <span class='ocrx_word' id='word_1_405' title='bbox 3603 2824 3787 2883; x_wconf 50' lang='lat' dir='ltr'><strong>Domi.</strong></span> 
     </span>
    </p>
   </div>
   <div class='ocr_carea' id='block_1_58' title="bbox 2181 2919 3784 2990">
    <p class='ocr_par' dir='ltr' id='par_1_58' title="bbox 2181 2919 3784 2990">
     <span class='ocr_line' id='line_1_59' title="bbox 2181 2919 3784 2990; baseline -0.003 -9"><span class='ocrx_word' id='word_1_406' title='bbox 2181 2941 2286 2982; x_wconf 85' lang='lat' dir='ltr'><strong>nus</strong></span> <span class='ocrx_word' id='word_1_407' title='bbox 2331 2919 2468 2980; x_wconf 82' lang='lat' dir='ltr'><strong>dixit</strong></span> <span class='ocrx_word' id='word_1_408' title='bbox 2499 2925 2568 2980; x_wconf 89' lang='lat' dir='ltr'><strong>ad</strong></span> <span class='ocrx_word' id='word_1_409' title='bbox 2597 2923 2719 2980; x_wconf 89' lang='lat' dir='ltr'><strong>illos</strong></span> <span class='ocrx_word' id='word_1_410' title='bbox 2749 2943 2762 2978; x_wconf 87' lang='lat'><strong>:</strong></span> <span class='ocrx_word' id='word_1_411' title='bbox 2791 2921 2896 2990; x_wconf 85' lang='lat' dir='ltr'><strong>Qui</strong></span> <span class='ocrx_word' id='word_1_412' title='bbox 2935 2941 3026 2978; x_wconf 80' lang='lat' dir='ltr'><strong>vos</strong></span> <span class='ocrx_word' id='word_1_413' title='bbox 3060 2925 3307 2990; x_wconf 84' lang='lat' dir='ltr'><strong>honorat,</strong></span> <span class='ocrx_word' id='word_1_414' title='bbox 3331 2941 3412 2978; x_wconf 89' lang='lat' dir='ltr'><strong>me</strong></span> <span class='ocrx_word' id='word_1_415' title='bbox 3449 2920 3714 2990; x_wconf 82' lang='lat' dir='ltr'><strong>honorat,</strong></span> <span class='ocrx_word' id='word_1_416' title='bbox 3742 2937 3784 2979; x_wconf 78' lang='lat' dir='ltr'><strong>et</strong></span> 
     </span>
    </p>
   </div>
   <div class='ocr_carea' id='block_1_59' title="bbox 2178 3007 3783 3088">
    <p class='ocr_par' dir='ltr' id='par_1_59' title="bbox 2178 3007 3783 3088">
     <span class='ocr_line' id='line_1_60' title="bbox 2178 3007 3783 3088; baseline 0.002 -19"><span class='ocrx_word' id='word_1_417' title='bbox 2178 3009 2284 3088; x_wconf 75' lang='lat' dir='ltr'><strong>qui&#39;</strong></span> <span class='ocrx_word' id='word_1_418' title='bbox 2297 3032 2384 3070; x_wconf 87' lang='lat' dir='ltr'><strong>vos</strong></span> <span class='ocrx_word' id='word_1_419' title='bbox 2414 3015 2633 3086; x_wconf 85' lang='lat' dir='ltr'><strong>spernit,</strong></span> <span class='ocrx_word' id='word_1_420' title='bbox 2658 3031 2740 3070; x_wconf 90' lang='lat' dir='ltr'><strong>me</strong></span> <span class='ocrx_word' id='word_1_421' title='bbox 2777 3015 2996 3087; x_wconf 83' lang='lat' dir='ltr'><strong>spernit.</strong></span> <span class='ocrx_word' id='word_1_422' title='bbox 3029 3007 3288 3084; x_wconf 81' lang='lat' dir='ltr'><strong>Quisquis</strong></span> <span class='ocrx_word' id='word_1_423' title='bbox 3311 3031 3442 3086; x_wconf 87' lang='lat' dir='ltr'><strong>ergo</strong></span> <span class='ocrx_word' id='word_1_424' title='bbox 3471 3015 3668 3072; x_wconf 82' lang='lat' dir='ltr'><strong>debita</strong></span> <span class='ocrx_word' id='word_1_425' title='bbox 3695 3033 3783 3072; x_wconf 76' lang='lat' dir='ltr'><strong>ve-</strong></span> 
     </span>
    </p>
   </div>
   <div class='ocr_carea' id='block_1_60' title="bbox 2181 3102 3784 3179">
    <p class='ocr_par' dir='ltr' id='par_1_60' title="bbox 2181 3102 3784 3179">
     <span class='ocr_line' id='line_1_61' title="bbox 2181 3102 3784 3179; baseline 0.001 -19"><span class='ocrx_word' id='word_1_426' title='bbox 2181 3102 2460 3161; x_wconf 87' lang='lat' dir='ltr'><strong>neratione</strong></span> <span class='ocrx_word' id='word_1_427' title='bbox 2512 3103 2748 3162; x_wconf 88' lang='lat' dir='ltr'><strong>honorat</strong></span> <span class='ocrx_word' id='word_1_428' title='bbox 2807 3103 3080 3177; x_wconf 88' lang='lat' dir='ltr'><strong>apostolos</strong></span> <span class='ocrx_word' id='word_1_429' title='bbox 3125 3116 3180 3161; x_wconf 90' lang='lat' dir='ltr'><strong>et</strong></span> <span class='ocrx_word' id='word_1_430' title='bbox 3232 3116 3504 3179; x_wconf 84' lang='lat' dir='ltr'><strong>martyres</strong></span> <span class='ocrx_word' id='word_1_431' title='bbox 3553 3105 3784 3174; x_wconf 85' lang='lat' dir='ltr'><strong>Christi,</strong></span> 
     </span>
    </p>
   </div>
   <div class='ocr_carea' id='block_1_61' title="bbox 2179 3193 3784 3272">
    <p class='ocr_par' dir='ltr' id='par_1_61' title="bbox 2179 3193 3784 3272">
     <span class='ocr_line' id='line_1_62' title="bbox 2179 3193 3784 3272; baseline 0 -18"><span class='ocrx_word' id='word_1_432' title='bbox 2179 3194 2456 3256; x_wconf 89' lang='lat' dir='ltr'><strong>Christum</strong></span> <span class='ocrx_word' id='word_1_433' title='bbox 2483 3193 2744 3265; x_wconf 88' lang='lat' dir='ltr'><strong>honorat,</strong></span> <span class='ocrx_word' id='word_1_434' title='bbox 2773 3214 2936 3270; x_wconf 87' lang='lat' dir='ltr'><strong>quem</strong></span> <span class='ocrx_word' id='word_1_435' title='bbox 2968 3197 3156 3270; x_wconf 81' lang='lat' dir='ltr'><strong>diligit,</strong></span> <span class='ocrx_word' id='word_1_436' title='bbox 3185 3205 3240 3254; x_wconf 88' lang='lat' dir='ltr'><strong>et</strong></span> <span class='ocrx_word' id='word_1_437' title='bbox 3265 3215 3388 3254; x_wconf 91' lang='lat' dir='ltr'><strong>cum</strong></span> <span class='ocrx_word' id='word_1_438' title='bbox 3415 3195 3551 3272; x_wconf 88' lang='lat' dir='ltr'><strong>ipsis</strong></span> <span class='ocrx_word' id='word_1_439' title='bbox 3579 3197 3784 3255; x_wconf 82' lang='lat' dir='ltr'><strong>sanctis</strong></span> 
     </span>
    </p>
   </div>
   <div class='ocr_carea' id='block_1_62' title="bbox 485 3251 3786 3368">
    <p class='ocr_par' dir='ltr' id='par_1_62' title="bbox 485 3251 3786 3368">
     <span class='ocr_line' id='line_1_63' title="bbox 485 3251 3781 3274; baseline -0.002 -12"><span class='ocrx_word' id='word_1_440' title='bbox 485 3251 571 3262; x_wconf 75' lang='grc' dir='ltr'><strong>η-.</strong></span> <span class='ocrx_word' id='word_1_441' title='bbox 595 3251 608 3258; x_wconf 89' lang='grc'><strong>-</strong></span> <span class='ocrx_word' id='word_1_442' title='bbox 711 3251 914 3260; x_wconf 59' lang='grc' dir='ltr'><strong>.--ω-η-</strong></span> <span class='ocrx_word' id='word_1_443' title='bbox 937 3251 1064 3259; x_wconf 64' lang='grc' dir='ltr'><strong><em>--η</em></strong></span> <span class='ocrx_word' id='word_1_444' title='bbox 1092 3251 1280 3259; x_wconf 55' lang='grc' dir='ltr'><strong>πη---</strong></span> <span class='ocrx_word' id='word_1_445' title='bbox 1302 3251 1574 3260; x_wconf 56' lang='grc' dir='ltr'><strong>-.η--.ηπ</strong></span> <span class='ocrx_word' id='word_1_446' title='bbox 1595 3251 1745 3274; x_wconf 51' lang='grc'><strong>--.³-</strong></span> <span class='ocrx_word' id='word_1_447' title='bbox 1770 3251 1814 3258; x_wconf 60' lang='grc' dir='ltr'><strong>ν-</strong></span> <span class='ocrx_word' id='word_1_448' title='bbox 1840 3251 2073 3259; x_wconf 43' lang='lat' dir='ltr'><strong>suum&quot;</strong></span> <span class='ocrx_word' id='word_1_449' title='bbox 2780 3251 2895 3270; x_wconf 49' lang='grc' dir='ltr'><strong>γρ</strong></span> <span class='ocrx_word' id='word_1_450' title='bbox 2924 3251 2933 3252; x_wconf 34' lang='grc' dir='ltr'><em>κ</em></span> <span class='ocrx_word' id='word_1_451' title='bbox 2976 3251 3156 3270; x_wconf 33' lang='grc' dir='ltr'><em>κ</em></span> <span class='ocrx_word' id='word_1_452' title='bbox 3192 3251 3236 3254; x_wconf 53' lang='lat'><strong>-,</strong></span> <span class='ocrx_word' id='word_1_453' title='bbox 3273 3251 3387 3254; x_wconf 58' lang='grc' dir='ltr'><strong>η---</strong></span> <span class='ocrx_word' id='word_1_454' title='bbox 3417 3251 3547 3272; x_wconf 49' lang='grc' dir='ltr'><strong>Γ--</strong></span> <span class='ocrx_word' id='word_1_455' title='bbox 3581 3251 3781 3255; x_wconf 55' lang='lat'><strong>_,-__-_-</strong></span> 
     </span>
     <span class='ocr_line' id='line_1_64' title="bbox 485 3251 3786 3368; baseline -0.001 -16"><span class='ocrx_word' id='word_1_456' title='bbox 485 3299 588 3368; x_wconf 85' lang='lat' dir='ltr'><strong>Qui</strong></span> <span class='ocrx_word' id='word_1_457' title='bbox 617 3296 904 3353; x_wconf 81' lang='lat' dir='ltr'><strong>confestim</strong></span> <span class='ocrx_word' id='word_1_458' title='bbox 941 3297 1195 3352; x_wconf 82' lang='lat' dir='ltr'><strong>surrexit.</strong></span> <span class='ocrx_word' id='word_1_459' title='bbox 1227 3296 1287 3350; x_wconf 86' lang='lat' dir='ltr'><strong>In</strong></span> <span class='ocrx_word' id='word_1_460' title='bbox 1329 3295 1524 3351; x_wconf 88' lang='lat' dir='ltr'><strong>claudo</strong></span> <span class='ocrx_word' id='word_1_461' title='bbox 1552 3297 1658 3352; x_wconf 90' lang='lat' dir='ltr'><strong>isto</strong></span> <span class='ocrx_word' id='word_1_462' title='bbox 1686 3296 1731 3351; x_wconf 90' lang='lat' dir='ltr'><strong>si</strong></span> <span class='ocrx_word' id='word_1_463' title='bbox 1759 3295 2072 3352; x_wconf 90' lang='lat' dir='ltr'><strong>considere-</strong></span> <span class='ocrx_word' id='word_1_464' title='bbox 2103 3251 2148 3322; x_wconf 56' lang='grc' dir='ltr'>δ</span> <span class='ocrx_word' id='word_1_465' title='bbox 2180 3283 2437 3363; x_wconf 87' lang='lat' dir='ltr'><strong>apostolis</strong></span> <span class='ocrx_word' id='word_1_466' title='bbox 2476 3301 2638 3362; x_wconf 87' lang='lat' dir='ltr'><strong>atque</strong></span> <span class='ocrx_word' id='word_1_467' title='bbox 2672 3291 3004 3362; x_wconf 82' lang='lat' dir='ltr'><strong>martyribus</strong></span> <span class='ocrx_word' id='word_1_468' title='bbox 3025 3333 3038 3356; x_wconf 95' lang='lat'><strong>,</strong></span> <span class='ocrx_word' id='word_1_469' title='bbox 3070 3285 3340 3362; x_wconf 86' lang='lat' dir='ltr'><strong>simulque</strong></span> <span class='ocrx_word' id='word_1_470' title='bbox 3377 3308 3500 3348; x_wconf 89' lang='lat' dir='ltr'><strong>cum</strong></span> <span class='ocrx_word' id='word_1_471' title='bbox 3530 3292 3786 3349; x_wconf 86' lang='lat' dir='ltr'><strong>omnibus</strong></span> 
     </span>
    </p>
   </div>
   <div class='ocr_carea' id='block_1_63' title="bbox 483 3385 2076 3460">
    <p class='ocr_par' dir='ltr' id='par_1_63' title="bbox 483 3385 2076 3460">
     <span class='ocr_line' id='line_1_65' title="bbox 483 3385 2076 3460; baseline -0.001 -16"><span class='ocrx_word' id='word_1_472' title='bbox 483 3404 606 3445; x_wconf 89' lang='lat' dir='ltr'><strong>mus</strong></span> <span class='ocrx_word' id='word_1_473' title='bbox 621 3389 847 3460; x_wconf 83' lang='lat' dir='ltr'><strong>mystica</strong></span> <span class='ocrx_word' id='word_1_474' title='bbox 861 3395 1202 3442; x_wconf 89' lang='lat' dir='ltr'><strong>sacramenta</strong></span> <span class='ocrx_word' id='word_1_475' title='bbox 1215 3389 1594 3458; x_wconf 83' lang='lat' dir='ltr'><strong>cognoscimus</strong></span> <span class='ocrx_word' id='word_1_476' title='bbox 1605 3395 1958 3458; x_wconf 67' lang='lat' dir='ltr'><strong>praeostensa,</strong></span> <span class='ocrx_word' id='word_1_477' title='bbox 1972 3385 2076 3443; x_wconf 88' lang='lat' dir='ltr'><strong>Per</strong></span> 
     </span>
    </p>
   </div>
   <div class='ocr_carea' id='block_1_64' title="bbox 485 3481 2072 3553">
    <p class='ocr_par' dir='ltr' id='par_1_64' title="bbox 485 3481 2072 3553">
     <span class='ocr_line' id='line_1_66' title="bbox 485 3481 2072 3553; baseline 0 -17"><span class='ocrx_word' id='word_1_478' title='bbox 485 3481 799 3553; x_wconf 83' lang='lat' dir='ltr'><strong>Speciosam</strong></span> <span class='ocrx_word' id='word_1_479' title='bbox 827 3488 1038 3550; x_wconf 82' lang='lat' dir='ltr'><strong>portam</strong></span> <span class='ocrx_word' id='word_1_480' title='bbox 1062 3482 1250 3552; x_wconf 81' lang='lat' dir='ltr'><strong>templi</strong></span> <span class='ocrx_word' id='word_1_481' title='bbox 1271 3482 1360 3536; x_wconf 84' lang='lat' dir='ltr'><strong>ubi</strong></span> <span class='ocrx_word' id='word_1_482' title='bbox 1387 3482 1493 3538; x_wconf 84' lang='lat' dir='ltr'><strong>iste</strong></span> <span class='ocrx_word' id='word_1_483' title='bbox 1515 3482 1744 3538; x_wconf 88' lang='lat' dir='ltr'><strong>claudus</strong></span> <span class='ocrx_word' id='word_1_484' title='bbox 1761 3483 2072 3549; x_wconf 77' lang='lat' dir='ltr'><strong>satiabatur,</strong></span> 
     </span>
    </p>
   </div>
   <div class='ocr_carea' id='block_1_65' title="bbox 483 3571 2078 3645">
    <p class='ocr_par' dir='ltr' id='par_1_65' title="bbox 483 3571 2078 3645">
     <span class='ocr_line' id='line_1_67' title="bbox 483 3571 2078 3645; baseline 0.001 -17"><span class='ocrx_word' id='word_1_485' title='bbox 483 3572 850 3643; x_wconf 83' lang='lat' dir='ltr'><strong>evangelicam</strong></span> <span class='ocrx_word' id='word_1_486' title='bbox 869 3586 1028 3642; x_wconf 77' lang='lat' dir='ltr'><strong>posse</strong></span> <span class='ocrx_word' id='word_1_487' title='bbox 1037 3587 1156 3626; x_wconf 88' lang='lat' dir='ltr'><strong>mus</strong></span> <span class='ocrx_word' id='word_1_488' title='bbox 1176 3571 1477 3645; x_wconf 76' lang='lat' dir='ltr'><strong>intelligere</strong></span> <span class='ocrx_word' id='word_1_489' title='bbox 1503 3573 1962 3643; x_wconf 65' lang='lat' dir='ltr'><strong>prmdicationem,</strong></span> <span class='ocrx_word' id='word_1_490' title='bbox 1980 3590 2078 3644; x_wconf 88' lang='lat' dir='ltr'><strong>per</strong></span> 
     </span>
    </p>
   </div>
   <div class='ocr_carea' id='block_1_66' title="bbox 483 3657 2074 3736">
    <p class='ocr_par' dir='ltr' id='par_1_66' title="bbox 483 3657 2074 3736">
     <span class='ocr_line' id='line_1_68' title="bbox 483 3657 2074 3736; baseline 0.003 -18"><span class='ocrx_word' id='word_1_491' title='bbox 483 3679 646 3735; x_wconf 84' lang='lat' dir='ltr'><strong>quam</strong></span> <span class='ocrx_word' id='word_1_492' title='bbox 692 3663 947 3733; x_wconf 85' lang='lat' dir='ltr'><strong>templum</strong></span> <span class='ocrx_word' id='word_1_493' title='bbox 983 3663 1106 3730; x_wconf 88' lang='lat' dir='ltr'><strong>Dei,</strong></span> <span class='ocrx_word' id='word_1_494' title='bbox 1139 3657 1196 3718; x_wconf 90' lang='lat' dir='ltr'><strong>id</strong></span> <span class='ocrx_word' id='word_1_495' title='bbox 1222 3673 1308 3720; x_wconf 80' lang='lat' dir='ltr'><strong>est</strong></span> <span class='ocrx_word' id='word_1_496' title='bbox 1343 3664 1544 3720; x_wconf 87' lang='lat' dir='ltr'><strong>Christi</strong></span> <span class='ocrx_word' id='word_1_497' title='bbox 1571 3665 1816 3722; x_wconf 83' lang='lat' dir='ltr'><strong>Ecclesia</strong></span> <span class='ocrx_word' id='word_1_498' title='bbox 1845 3667 2074 3736; x_wconf 87' lang='lat' dir='ltr'><strong>spiritali</strong></span> 
     </span>
    </p>
   </div>
   <div class='ocr_carea' id='block_1_67' title="bbox 483 3752 2077 3834">
    <p class='ocr_par' dir='ltr' id='par_1_67' title="bbox 483 3752 2077 3834">
     <span class='ocr_line' id='line_1_69' title="bbox 483 3752 2077 3834; baseline 0.002 -27"><span class='ocrx_word' id='word_1_499' title='bbox 483 3752 883 3824; x_wconf 88' lang='lat' dir='ltr'><strong>pulchritudine</strong></span> <span class='ocrx_word' id='word_1_500' title='bbox 927 3752 1235 3834; x_wconf 75' lang='lat' dir='ltr'><strong>decoratur.</strong></span> <span class='ocrx_word' id='word_1_501' title='bbox 1283 3752 1343 3806; x_wconf 75' lang='lat' dir='ltr'><strong>In</strong></span> <span class='ocrx_word' id='word_1_502' title='bbox 1381 3770 1488 3826; x_wconf 90' lang='lat' dir='ltr'><strong>qua</strong></span> <span class='ocrx_word' id='word_1_503' title='bbox 1519 3755 1608 3824; x_wconf 92' lang='lat' dir='ltr'><strong>qui</strong></span> <span class='ocrx_word' id='word_1_504' title='bbox 1649 3766 1828 3810; x_wconf 89' lang='lat' dir='ltr'><strong>mente</strong></span> <span class='ocrx_word' id='word_1_505' title='bbox 1875 3755 2077 3810; x_wconf 88' lang='lat' dir='ltr'><strong>debiles</strong></span> 
     </span>
    </p>
   </div>
   <div class='ocr_carea' id='block_1_68' title="bbox 481 3841 2076 3917">
    <p class='ocr_par' dir='ltr' id='par_1_68' title="bbox 481 3841 2076 3917">
     <span class='ocr_line' id='line_1_70' title="bbox 481 3841 2076 3917; baseline 0.003 -17"><span class='ocrx_word' id='word_1_506' title='bbox 481 3861 581 3917; x_wconf 86' lang='lat' dir='ltr'><strong>per</strong></span> <span class='ocrx_word' id='word_1_507' title='bbox 611 3841 982 3900; x_wconf 88' lang='lat' dir='ltr'><strong>inﬁdelitatem</strong></span> <span class='ocrx_word' id='word_1_508' title='bbox 1021 3852 1076 3900; x_wconf 90' lang='lat' dir='ltr'><strong>et</strong></span> <span class='ocrx_word' id='word_1_509' title='bbox 1115 3845 1479 3915; x_wconf 76' lang='lat' dir='ltr'><strong>ignorantiam</strong></span> <span class='ocrx_word' id='word_1_510' title='bbox 1509 3847 1752 3903; x_wconf 84' lang='lat' dir='ltr'><strong>nominis</strong></span> <span class='ocrx_word' id='word_1_511' title='bbox 1771 3847 1974 3910; x_wconf 85' lang='lat' dir='ltr'><strong>Christi</strong></span> <span class='ocrx_word' id='word_1_512' title='bbox 1999 3849 2076 3904; x_wconf 90' lang='lat' dir='ltr'><strong>si-</strong></span> 
     </span>
    </p>
   </div>
   <div class='ocr_carea' id='block_1_69' title="bbox 482 3939 2079 4015">
    <p class='ocr_par' dir='ltr' id='par_1_69' title="bbox 482 3939 2079 4015">
     <span class='ocr_line' id='line_1_71' title="bbox 482 3939 2079 4015; baseline 0.005 -21"><span class='ocrx_word' id='word_1_513' title='bbox 482 3939 595 3994; x_wconf 87' lang='lat' dir='ltr'><strong>mul</strong></span> <span class='ocrx_word' id='word_1_514' title='bbox 615 3949 670 3995; x_wconf 88' lang='lat' dir='ltr'><strong>et</strong></span> <span class='ocrx_word' id='word_1_515' title='bbox 695 3941 873 3996; x_wconf 85' lang='lat' dir='ltr'><strong>anima</strong></span> <span class='ocrx_word' id='word_1_516' title='bbox 899 3943 1075 3998; x_wconf 89' lang='lat' dir='ltr'><strong>claudi</strong></span> <span class='ocrx_word' id='word_1_517' title='bbox 1102 3952 1248 4010; x_wconf 87' lang='lat' dir='ltr'><strong>sunt,</strong></span> <span class='ocrx_word' id='word_1_518' title='bbox 1274 3943 1572 4000; x_wconf 88' lang='lat' dir='ltr'><strong>remedium</strong></span> <span class='ocrx_word' id='word_1_519' title='bbox 1595 3943 1784 4000; x_wconf 87' lang='lat' dir='ltr'><strong>salutis</strong></span> <span class='ocrx_word' id='word_1_520' title='bbox 1806 3946 2079 4015; x_wconf 80' lang='lat' dir='ltr'><strong>accipiunt</strong></span> 
     </span>
    </p>
   </div>
   <div class='ocr_carea' id='block_1_70' title="bbox 479 4032 2076 4108">
    <p class='ocr_par' dir='ltr' id='par_1_70' title="bbox 479 4032 2076 4108">
     <span class='ocr_line' id='line_1_72' title="bbox 479 4032 2076 4108; baseline 0.004 -24"><span class='ocrx_word' id='word_1_521' title='bbox 479 4046 580 4102; x_wconf 86' lang='lat' dir='ltr'><strong>per</strong></span> <span class='ocrx_word' id='word_1_522' title='bbox 634 4032 998 4104; x_wconf 82' lang='lat' dir='ltr'><strong>evangelicam</strong></span> <span class='ocrx_word' id='word_1_523' title='bbox 1046 4034 1252 4090; x_wconf 86' lang='lat' dir='ltr'><strong>Christi</strong></span> <span class='ocrx_word' id='word_1_524' title='bbox 1298 4035 1762 4107; x_wconf 66' lang='lat' dir='ltr'><strong>praedicationem.</strong></span> <span class='ocrx_word' id='word_1_525' title='bbox 1833 4035 2076 4108; x_wconf 88' lang='lat' dir='ltr'><strong>Denique</strong></span> 
     </span>
    </p>
   </div>
   <div class='ocr_carea' id='block_1_71' title="bbox 483 4123 2074 4198">
    <p class='ocr_par' dir='ltr' id='par_1_71' title="bbox 483 4123 2074 4198">
     <span class='ocr_line' id='line_1_73' title="bbox 483 4123 2074 4198; baseline 0.001 -19"><span class='ocrx_word' id='word_1_526' title='bbox 483 4123 738 4195; x_wconf 84' lang='lat' dir='ltr'><strong>Speciosa</strong></span> <span class='ocrx_word' id='word_1_527' title='bbox 778 4125 869 4180; x_wconf 88' lang='lat' dir='ltr'><strong>illa</strong></span> <span class='ocrx_word' id='word_1_528' title='bbox 911 4133 1070 4195; x_wconf 88' lang='lat' dir='ltr'><strong>porta</strong></span> <span class='ocrx_word' id='word_1_529' title='bbox 1100 4126 1305 4198; x_wconf 83' lang='lat' dir='ltr'><strong>templi,</strong></span> <span class='ocrx_word' id='word_1_530' title='bbox 1343 4141 1506 4196; x_wconf 88' lang='lat' dir='ltr'><strong>quam</strong></span> <span class='ocrx_word' id='word_1_531' title='bbox 1535 4125 1770 4180; x_wconf 74' lang='lat' dir='ltr'><strong>diximus</strong></span> <span class='ocrx_word' id='word_1_532' title='bbox 1801 4126 2074 4196; x_wconf 85' lang='lat' dir='ltr'><strong>evangeli—</strong></span> 
     </span>
    </p>
   </div>
   <div class='ocr_carea' id='block_1_72' title="bbox 479 4215 2076 4289">
    <p class='ocr_par' dir='ltr' id='par_1_72' title="bbox 479 4215 2076 4289">
     <span class='ocr_line' id='line_1_74' title="bbox 479 4215 2076 4289; baseline 0 -19"><span class='ocrx_word' id='word_1_533' title='bbox 479 4230 599 4270; x_wconf 88' lang='lat' dir='ltr'><strong>cam</strong></span> <span class='ocrx_word' id='word_1_534' title='bbox 653 4215 1090 4286; x_wconf 62' lang='lat' dir='ltr'><strong>praedicationem</strong></span> <span class='ocrx_word' id='word_1_535' title='bbox 1138 4216 1386 4289; x_wconf 76' lang='lat' dir='ltr'><strong>intelligi,</strong></span> <span class='ocrx_word' id='word_1_536' title='bbox 1435 4215 1685 4272; x_wconf 88' lang='lat' dir='ltr'><strong>claudum</strong></span> <span class='ocrx_word' id='word_1_537' title='bbox 1732 4216 1979 4286; x_wconf 87' lang='lat' dir='ltr'><strong>suscipit,</strong></span> <span class='ocrx_word' id='word_1_538' title='bbox 2021 4215 2076 4271; x_wconf 91' lang='lat' dir='ltr'><strong>id</strong></span> 
     </span>
    </p>
   </div>
   <div class='ocr_carea' id='block_1_73' title="bbox 482 4305 2072 4376">
    <p class='ocr_par' dir='ltr' id='par_1_73' title="bbox 482 4305 2072 4376">
     <span class='ocr_line' id='line_1_75' title="bbox 482 4305 2072 4376; baseline 0.001 -17"><span class='ocrx_word' id='word_1_539' title='bbox 482 4313 567 4359; x_wconf 88' lang='lat' dir='ltr'><strong>est</strong></span> <span class='ocrx_word' id='word_1_540' title='bbox 611 4305 941 4370; x_wconf 89' lang='lat' dir='ltr'><strong>incredulos,</strong></span> <span class='ocrx_word' id='word_1_541' title='bbox 986 4314 1041 4360; x_wconf 89' lang='lat' dir='ltr'><strong>et</strong></span> <span class='ocrx_word' id='word_1_542' title='bbox 1070 4305 1340 4376; x_wconf 83' lang='lat' dir='ltr'><strong>integrum</strong></span> <span class='ocrx_word' id='word_1_543' title='bbox 1391 4306 1590 4371; x_wconf 90' lang='lat' dir='ltr'><strong>reddit,</strong></span> <span class='ocrx_word' id='word_1_544' title='bbox 1617 4306 1744 4360; x_wconf 92' lang='lat' dir='ltr'><strong>dum</strong></span> <span class='ocrx_word' id='word_1_545' title='bbox 1775 4306 1842 4360; x_wconf 88' lang='lat' dir='ltr'><strong>ad</strong></span> <span class='ocrx_word' id='word_1_546' title='bbox 1877 4321 2072 4376; x_wconf 89' lang='lat' dir='ltr'><strong>perpe-</strong></span> 
     </span>
    </p>
   </div>
   <div class='ocr_carea' id='block_1_74' title="bbox 482 4395 2076 4464">
    <p class='ocr_par' dir='ltr' id='par_1_74' title="bbox 482 4395 2076 4464">
     <span class='ocr_line' id='line_1_76' title="bbox 482 4395 2076 4464; baseline 0.001 -12"><span class='ocrx_word' id='word_1_547' title='bbox 482 4407 632 4452; x_wconf 89' lang='lat' dir='ltr'><strong>tuam</strong></span> <span class='ocrx_word' id='word_1_548' title='bbox 678 4395 968 4452; x_wconf 85' lang='lat' dir='ltr'><strong>sanitatem</strong></span> <span class='ocrx_word' id='word_1_549' title='bbox 1013 4398 1207 4452; x_wconf 76' lang='lat' dir='ltr'><strong>animae</strong></span> <span class='ocrx_word' id='word_1_550' title='bbox 1257 4395 1376 4454; x_wconf 91' lang='lat' dir='ltr'><strong>illos</strong></span> <span class='ocrx_word' id='word_1_551' title='bbox 1417 4399 1836 4464; x_wconf 85' lang='lat' dir='ltr'><strong>commovendo,</strong></span> <span class='ocrx_word' id='word_1_552' title='bbox 1880 4395 2076 4454; x_wconf 79' lang='lat' dir='ltr'><strong>exhor-</strong></span> 
     </span>
    </p>
   </div>
   <div class='ocr_carea' id='block_1_75' title="bbox 483 4488 2075 4558">
    <p class='ocr_par' dir='ltr' id='par_1_75' title="bbox 483 4488 2075 4558">
     <span class='ocr_line' id='line_1_77' title="bbox 483 4488 2075 4558; baseline 0.004 -16"><span class='ocrx_word' id='word_1_553' title='bbox 483 4488 648 4542; x_wconf 91' lang='lat' dir='ltr'><strong>tando</strong></span> <span class='ocrx_word' id='word_1_554' title='bbox 674 4496 728 4542; x_wconf 89' lang='lat' dir='ltr'><strong>ct</strong></span> <span class='ocrx_word' id='word_1_555' title='bbox 758 4489 998 4543; x_wconf 88' lang='lat' dir='ltr'><strong>docendo</strong></span> <span class='ocrx_word' id='word_1_556' title='bbox 1042 4490 1288 4558; x_wconf 85' lang='lat' dir='ltr'><strong>perducit</strong></span> <span class='ocrx_word' id='word_1_557' title='bbox 1312 4507 1326 4544; x_wconf 90' lang='lat'><strong>:</strong></span> <span class='ocrx_word' id='word_1_558' title='bbox 1349 4491 1491 4546; x_wconf 88' lang='lat' dir='ltr'><strong>sicut</strong></span> <span class='ocrx_word' id='word_1_559' title='bbox 1535 4491 1760 4547; x_wconf 89' lang='lat' dir='ltr'><strong>claudus</strong></span> <span class='ocrx_word' id='word_1_560' title='bbox 1802 4492 1904 4548; x_wconf 88' lang='lat' dir='ltr'><strong>iste</strong></span> <span class='ocrx_word' id='word_1_561' title='bbox 1951 4508 2075 4548; x_wconf 90' lang='lat' dir='ltr'><strong>cum</strong></span> 
     </span>
    </p>
   </div>
   <div class='ocr_carea' id='block_1_76' title="bbox 2180 3389 3783 3462">
    <p class='ocr_par' dir='ltr' id='par_1_76' title="bbox 2180 3389 3783 3462">
     <span class='ocr_line' id='line_1_78' title="bbox 2180 3389 3783 3462; baseline -0.002 -14"><span class='ocrx_word' id='word_1_562' title='bbox 2180 3391 2386 3450; x_wconf 86' lang='lat' dir='ltr'><strong>sanctis</strong></span> <span class='ocrx_word' id='word_1_563' title='bbox 2449 3398 2666 3446; x_wconf 60' lang='lat' dir='ltr'><strong>aeterna</strong></span> <span class='ocrx_word' id='word_1_564' title='bbox 2718 3389 3067 3446; x_wconf 83' lang='lat' dir='ltr'><strong>beatitudinis</strong></span> <span class='ocrx_word' id='word_1_565' title='bbox 3118 3390 3340 3460; x_wconf 53' lang='lat' dir='ltr'><strong>praemia</strong></span> <span class='ocrx_word' id='word_1_566' title='bbox 3393 3399 3783 3462; x_wconf 85' lang='lat' dir='ltr'><strong>consequetur.</strong></span> 
     </span>
    </p>
   </div>
   <div class='ocr_carea' id='block_1_77' title="bbox 2178 3468 3782 3557">
    <p class='ocr_par' dir='ltr' id='par_1_77' title="bbox 2178 3468 3782 3557">
     <span class='ocr_line' id='line_1_79' title="bbox 2178 3468 3782 3557; baseline 0 -17"><span class='ocrx_word' id='word_1_567' title='bbox 2178 3484 2445 3557; x_wconf 74' lang='lat' dir='ltr'><strong>largiente</strong></span> <span class='ocrx_word' id='word_1_568' title='bbox 2470 3484 2698 3542; x_wconf 88' lang='lat' dir='ltr'><strong>Domino</strong></span> <span class='ocrx_word' id='word_1_569' title='bbox 2721 3491 2908 3540; x_wconf 88' lang='lat' dir='ltr'><strong>nostro</strong></span> <span class='ocrx_word' id='word_1_570' title='bbox 2936 3468 3066 3541; x_wconf 84' lang='lat' dir='ltr'><strong>Jesu</strong></span> <span class='ocrx_word' id='word_1_571' title='bbox 3108 3484 3348 3550; x_wconf 78' lang='lat' dir='ltr'><strong>Christo,</strong></span> <span class='ocrx_word' id='word_1_572' title='bbox 3377 3485 3464 3542; x_wconf 81' lang='lat' dir='ltr'><strong>cui</strong></span> <span class='ocrx_word' id='word_1_573' title='bbox 3492 3496 3580 3542; x_wconf 88' lang='lat' dir='ltr'><strong>est</strong></span> <span class='ocrx_word' id='word_1_574' title='bbox 3607 3480 3782 3542; x_wconf 79' lang='lat' dir='ltr'><strong>homr</strong></span> 
     </span>
    </p>
   </div>
   <div class='ocr_carea' id='block_1_78' title="bbox 2183 3577 3390 3655">
    <p class='ocr_par' dir='ltr' id='par_1_78' title="bbox 2183 3577 3390 3655">
     <span class='ocr_line' id='line_1_80' title="bbox 2183 3577 3390 3655; baseline 0.002 -21"><span class='ocrx_word' id='word_1_575' title='bbox 2183 3586 2242 3655; x_wconf 86' lang='lat' dir='ltr'><strong>et</strong></span> <span class='ocrx_word' id='word_1_576' title='bbox 2267 3577 2440 3652; x_wconf 85' lang='lat' dir='ltr'><strong>gloria</strong></span> <span class='ocrx_word' id='word_1_577' title='bbox 2465 3593 2566 3652; x_wconf 83' lang='lat' dir='ltr'><strong>per</strong></span> <span class='ocrx_word' id='word_1_578' title='bbox 2589 3578 3160 3634; x_wconf 58' lang='lat' dir='ltr'><strong>immortalia-sarcula.</strong></span> <span class='ocrx_word' id='word_1_579' title='bbox 3190 3579 3390 3636; x_wconf 74' lang='lat' dir='ltr'><strong>Amen.</strong></span> 
     </span>
    </p>
   </div>
   <div class='ocr_carea' id='block_1_79' title="bbox 2733 3689 3230 3747">
    <p class='ocr_par' dir='ltr' id='par_1_79' title="bbox 2733 3689 3230 3747">
     <span class='ocr_line' id='line_1_81' title="bbox 2733 3689 3230 3747; baseline -0.006 -1"><span class='ocrx_word' id='word_1_580' title='bbox 2733 3690 3016 3746; x_wconf 73' lang='lat' dir='ltr'><strong>HOMlLlA</strong></span> <span class='ocrx_word' id='word_1_581' title='bbox 3052 3689 3230 3747; x_wconf 74' lang='lat' dir='ltr'><strong>CVIII.</strong></span> 
     </span>
    </p>
   </div>
   <div class='ocr_carea' id='block_1_80' title="bbox 2679 3777 3275 3818">
    <p class='ocr_par' dir='ltr' id='par_1_80' title="bbox 2679 3777 3275 3818">
     <span class='ocr_line' id='line_1_82' title="bbox 2679 3777 3275 3818; baseline -0.007 0"><span class='ocrx_word' id='word_1_582' title='bbox 2679 3779 2745 3818; x_wconf 76' lang='lat' dir='ltr'><strong>IN</strong></span> <span class='ocrx_word' id='word_1_583' title='bbox 2779 3777 3004 3816; x_wconf 69' lang='lat' dir='ltr'><strong>EODEM</strong></span> <span class='ocrx_word' id='word_1_584' title='bbox 3043 3777 3275 3818; x_wconf 79' lang='lat' dir='ltr'><strong>FESTO.</strong></span> 
     </span>
    </p>
   </div>
   <div class='ocr_carea' id='block_1_81' title="bbox 2316 3850 3632 3924">
    <p class='ocr_par' dir='ltr' id='par_1_81' title="bbox 2316 3850 3632 3924">
     <span class='ocr_line' id='line_1_83' title="bbox 2316 3850 3632 3924; baseline -0.005 -14"><span class='ocrx_word' id='word_1_585' title='bbox 2316 3854 2502 3911; x_wconf 84' lang='lat' dir='ltr'><strong>Lectio</strong></span> <span class='ocrx_word' id='word_1_586' title='bbox 2523 3854 2696 3912; x_wconf 86' lang='lat' dir='ltr'><strong>sancti</strong></span> <span class='ocrx_word' id='word_1_587' title='bbox 2721 3853 2998 3924; x_wconf 77' lang='lat' dir='ltr'><strong>Evangelii</strong></span> <span class='ocrx_word' id='word_1_588' title='bbox 3025 3853 3322 3908; x_wconf 86' lang='lat' dir='ltr'><strong>secundum</strong></span> <span class='ocrx_word' id='word_1_589' title='bbox 3343 3850 3632 3906; x_wconf 81' lang='lat' dir='ltr'><strong>Joannem.</strong></span> 
     </span>
    </p>
   </div>
   <div class='ocr_carea' id='block_1_82' title="bbox 2249 3939 3769 4017">
    <p class='ocr_par' dir='ltr' id='par_1_82' title="bbox 2249 3939 3769 4017">
     <span class='ocr_line' id='line_1_84' title="bbox 2249 3939 3769 4017; baseline -0.004 -15"><span class='ocrx_word' id='word_1_590' title='bbox 2249 3947 2318 4002; x_wconf 83' lang='lat' dir='ltr'><strong>In</strong></span> <span class='ocrx_word' id='word_1_591' title='bbox 2341 3947 2432 4002; x_wconf 89' lang='lat' dir='ltr'><strong>illo</strong></span> <span class='ocrx_word' id='word_1_592' title='bbox 2471 3959 2722 4017; x_wconf 85' lang='lat' dir='ltr'><strong>tempore,</strong></span> <span class='ocrx_word' id='word_1_593' title='bbox 2746 3945 2880 4000; x_wconf 73' lang='lat' dir='ltr'><strong>dixit</strong></span> <span class='ocrx_word' id='word_1_594' title='bbox 2911 3943 3068 3999; x_wconf 77' lang='lat' dir='ltr'><strong>Iesus</strong></span> <span class='ocrx_word' id='word_1_595' title='bbox 3093 3942 3255 3998; x_wconf 91' lang='lat' dir='ltr'><strong>Petro</strong></span> <span class='ocrx_word' id='word_1_596' title='bbox 3277 3957 3296 3996; x_wconf 91' lang='lat'><strong><em>:</em></strong></span> <span class='ocrx_word' id='word_1_597' title='bbox 3317 3939 3500 3998; x_wconf 84' lang='lat' dir='ltr'><strong>Simon</strong></span> <span class='ocrx_word' id='word_1_598' title='bbox 3527 3941 3769 4002; x_wconf 74' lang='lat' dir='ltr'><strong>Joannis,</strong></span> 
     </span>
    </p>
   </div>
   <div class='ocr_carea' id='block_1_83' title="bbox 2177 4034 3772 4112">
    <p class='ocr_par' dir='ltr' id='par_1_83' title="bbox 2177 4034 3772 4112">
     <span class='ocr_line' id='line_1_85' title="bbox 2177 4034 3772 4112; baseline -0.005 -17"><span class='ocrx_word' id='word_1_599' title='bbox 2177 4039 2352 4112; x_wconf 79' lang='lat' dir='ltr'><strong>diligis</strong></span> <span class='ocrx_word' id='word_1_600' title='bbox 2388 4055 2468 4092; x_wconf 85' lang='lat' dir='ltr'><strong>me</strong></span> <span class='ocrx_word' id='word_1_601' title='bbox 2500 4037 2618 4108; x_wconf 87' lang='lat' dir='ltr'><strong>plus</strong></span> <span class='ocrx_word' id='word_1_602' title='bbox 2659 4037 2784 4090; x_wconf 84' lang='lat' dir='ltr'><strong>his?</strong></span> <span class='ocrx_word' id='word_1_603' title='bbox 2808 4036 2949 4090; x_wconf 84' lang='lat' dir='ltr'><strong>Dicit</strong></span> <span class='ocrx_word' id='word_1_604' title='bbox 2975 4037 3022 4090; x_wconf 89' lang='lat' dir='ltr'><strong>ei</strong></span> <span class='ocrx_word' id='word_1_605' title='bbox 3047 4051 3065 4090; x_wconf 89' lang='lat'><strong><em>:</em></strong></span> <span class='ocrx_word' id='word_1_606' title='bbox 3087 4034 3292 4100; x_wconf 86' lang='lat' dir='ltr'><strong>Etiam,</strong></span> <span class='ocrx_word' id='word_1_607' title='bbox 3315 4035 3566 4100; x_wconf 81' lang='lat' dir='ltr'><strong>Domine,</strong></span> <span class='ocrx_word' id='word_1_608' title='bbox 3593 4043 3650 4088; x_wconf 80' lang='lat' dir='ltr'><strong>tu</strong></span> <span class='ocrx_word' id='word_1_609' title='bbox 3675 4034 3772 4088; x_wconf 80' lang='lat' dir='ltr'><strong>scis</strong></span> 
     </span>
    </p>
   </div>
   <div class='ocr_carea' id='block_1_84' title="bbox 2174 4132 2549 4202">
    <p class='ocr_par' dir='ltr' id='par_1_84' title="bbox 2174 4132 2549 4202">
     <span class='ocr_line' id='line_1_86' title="bbox 2174 4132 2549 4202; baseline -0.005 -18"><span class='ocrx_word' id='word_1_610' title='bbox 2174 4132 2300 4202; x_wconf 87' lang='lat' dir='ltr'><strong>quia</strong></span> <span class='ocrx_word' id='word_1_611' title='bbox 2333 4146 2452 4183; x_wconf 91' lang='lat' dir='ltr'><strong>amo</strong></span> <span class='ocrx_word' id='word_1_612' title='bbox 2483 4137 2549 4182; x_wconf 89' lang='lat' dir='ltr'><strong>te.</strong></span> 
     </span>
    </p>
   </div>
   <div class='ocr_carea' id='block_1_85' title="bbox 2249 4215 3765 4288">
    <p class='ocr_par' dir='ltr' id='par_1_85' title="bbox 2249 4215 3765 4288">
     <span class='ocr_line' id='line_1_87' title="bbox 2249 4215 3765 4288; baseline -0.003 -11"><span class='ocrx_word' id='word_1_613' title='bbox 2249 4221 2514 4277; x_wconf 86' lang='lat' dir='ltr'><strong>Virtutem</strong></span> <span class='ocrx_word' id='word_1_614' title='bbox 2550 4218 2705 4274; x_wconf 85' lang='lat' dir='ltr'><strong>nobis</strong></span> <span class='ocrx_word' id='word_1_615' title='bbox 2731 4215 3026 4288; x_wconf 80' lang='lat' dir='ltr'><strong>perfectam</strong></span> <span class='ocrx_word' id='word_1_616' title='bbox 3055 4215 3362 4272; x_wconf 87' lang='lat' dir='ltr'><strong>dilectionis</strong></span> <span class='ocrx_word' id='word_1_617' title='bbox 3393 4231 3635 4287; x_wconf 66' lang='lat' dir='ltr'><strong>praesens</strong></span> <span class='ocrx_word' id='word_1_618' title='bbox 3664 4215 3765 4272; x_wconf 84' lang='lat' dir='ltr'><strong>Do—</strong></span> 
     </span>
    </p>
   </div>
   <div class='ocr_carea' id='block_1_86' title="bbox 2175 4307 3766 4380">
    <p class='ocr_par' dir='ltr' id='par_1_86' title="bbox 2175 4307 3766 4380">
     <span class='ocr_line' id='line_1_88' title="bbox 2175 4307 3766 4380; baseline -0.005 -12"><span class='ocrx_word' id='word_1_619' title='bbox 2175 4312 2309 4368; x_wconf 90' lang='lat' dir='ltr'><strong>mini</strong></span> <span class='ocrx_word' id='word_1_620' title='bbox 2351 4311 2520 4366; x_wconf 88' lang='lat' dir='ltr'><strong>nostri</strong></span> <span class='ocrx_word' id='word_1_621' title='bbox 2559 4309 2910 4380; x_wconf 79' lang='lat' dir='ltr'><strong>interrogatio</strong></span> <span class='ocrx_word' id='word_1_622' title='bbox 2950 4307 3208 4375; x_wconf 85' lang='lat' dir='ltr'><strong>ostendit,</strong></span> <span class='ocrx_word' id='word_1_623' title='bbox 3238 4307 3480 4378; x_wconf 81' lang='lat' dir='ltr'><strong>perfecta</strong></span> <span class='ocrx_word' id='word_1_624' title='bbox 3519 4307 3663 4362; x_wconf 84' lang='lat' dir='ltr'><strong>enim</strong></span> <span class='ocrx_word' id='word_1_625' title='bbox 3695 4308 3766 4361; x_wconf 89' lang='lat' dir='ltr'><strong>di-</strong></span> 
     </span>
    </p>
   </div>
   <div class='ocr_carea' id='block_1_87' title="bbox 2173 4391 3763 4473">
    <p class='ocr_par' dir='ltr' id='par_1_87' title="bbox 2173 4391 3763 4473">
     <span class='ocr_line' id='line_1_89' title="bbox 2173 4391 3763 4473; baseline -0.005 -14"><span class='ocrx_word' id='word_1_626' title='bbox 2173 4402 2337 4460; x_wconf 86' lang='lat' dir='ltr'><strong>lectio</strong></span> <span class='ocrx_word' id='word_1_627' title='bbox 2370 4410 2476 4468; x_wconf 89' lang='lat' dir='ltr'><strong>est,</strong></span> <span class='ocrx_word' id='word_1_628' title='bbox 2507 4418 2612 4473; x_wconf 84' lang='lat' dir='ltr'><strong>qua</strong></span> <span class='ocrx_word' id='word_1_629' title='bbox 2637 4391 2926 4456; x_wconf 84' lang='lat' dir='ltr'><strong>Dominum</strong></span> <span class='ocrx_word' id='word_1_630' title='bbox 2952 4415 3020 4454; x_wconf 79' lang='lat' dir='ltr'><strong>ex</strong></span> <span class='ocrx_word' id='word_1_631' title='bbox 3067 4406 3180 4453; x_wconf 90' lang='lat' dir='ltr'><strong>toto</strong></span> <span class='ocrx_word' id='word_1_632' title='bbox 3210 4399 3396 4464; x_wconf 87' lang='lat' dir='ltr'><strong>corde,</strong></span> <span class='ocrx_word' id='word_1_633' title='bbox 3430 4405 3544 4453; x_wconf 86' lang='lat' dir='ltr'><strong>tota</strong></span> <span class='ocrx_word' id='word_1_634' title='bbox 3569 4399 3763 4458; x_wconf 82' lang='lat' dir='ltr'><strong>anima.</strong></span> 
     </span>
    </p>
   </div>
   <div class='ocr_carea' id='block_1_88' title="bbox 2174 4489 3764 4564">
    <p class='ocr_par' dir='ltr' id='par_1_88' title="bbox 2174 4489 3764 4564">
     <span class='ocr_line' id='line_1_90' title="bbox 2174 4489 3764 4564; baseline -0.004 -14"><span class='ocrx_word' id='word_1_635' title='bbox 2174 4504 2287 4552; x_wconf 90' lang='lat' dir='ltr'><strong>tota</strong></span> <span class='ocrx_word' id='word_1_636' title='bbox 2338 4495 2558 4560; x_wconf 90' lang='lat' dir='ltr'><strong>virtute,</strong></span> <span class='ocrx_word' id='word_1_637' title='bbox 2591 4493 2896 4564; x_wconf 57' lang='lat' dir='ltr'><strong>proximum</strong></span> <span class='ocrx_word' id='word_1_638' title='bbox 2940 4499 3123 4545; x_wconf 90' lang='lat' dir='ltr'><strong>autem</strong></span> <span class='ocrx_word' id='word_1_639' title='bbox 3169 4499 3428 4562; x_wconf 87' lang='lat' dir='ltr'><strong>tanquam</strong></span> <span class='ocrx_word' id='word_1_640' title='bbox 3479 4505 3580 4544; x_wconf 91' lang='lat' dir='ltr'><strong>nos</strong></span> <span class='ocrx_word' id='word_1_641' title='bbox 3625 4489 3764 4562; x_wconf 86' lang='lat' dir='ltr'><strong>ipsos</strong></span> 
     </span>
    </p>
   </div>
   <div class='ocr_carea' id='block_1_89' title="bbox 481 4579 3759 4674">
    <p class='ocr_par' dir='ltr' id='par_1_89' title="bbox 481 4579 3759 4674">
     <span class='ocr_line' id='line_1_91' title="bbox 481 4579 3759 4674; baseline -0.001 -40"><span class='ocrx_word' id='word_1_642' title='bbox 481 4587 627 4674; x_wconf 67' lang='lat' dir='ltr'><strong>esset</strong></span> <span class='ocrx_word' id='word_1_643' title='bbox 685 4581 756 4636; x_wconf 86' lang='lat' dir='ltr'><strong>ad</strong></span> <span class='ocrx_word' id='word_1_644' title='bbox 793 4579 1104 4652; x_wconf 86' lang='lat' dir='ltr'><strong>Speciosam</strong></span> <span class='ocrx_word' id='word_1_645' title='bbox 1156 4591 1367 4652; x_wconf 88' lang='lat' dir='ltr'><strong>portam</strong></span> <span class='ocrx_word' id='word_1_646' title='bbox 1427 4583 1611 4653; x_wconf 88' lang='lat' dir='ltr'><strong>templi</strong></span> <span class='ocrx_word' id='word_1_647' title='bbox 1675 4585 1970 4655; x_wconf 87' lang='lat' dir='ltr'><strong>respiciens</strong></span> <span class='ocrx_word' id='word_1_648' title='bbox 2018 4587 2074 4641; x_wconf 90' lang='lat' dir='ltr'><strong>in</strong></span> <span class='ocrx_word' id='word_1_649' title='bbox 2098 4607 2153 4674; x_wconf 62' lang='grc' dir='ltr'><strong>Β</strong></span> <span class='ocrx_word' id='word_1_650' title='bbox 2178 4585 2400 4656; x_wconf 76' lang='lat' dir='ltr'><strong>diligere</strong></span> <span class='ocrx_word' id='word_1_651' title='bbox 2418 4583 2690 4652; x_wconf 71' lang='lat' dir='ltr'><strong>iubemur,</strong></span> <span class='ocrx_word' id='word_1_652' title='bbox 2710 4590 2766 4637; x_wconf 88' lang='lat' dir='ltr'><strong>et</strong></span> <span class='ocrx_word' id='word_1_653' title='bbox 2787 4592 2978 4636; x_wconf 85' lang='lat' dir='ltr'><strong>neutra</strong></span> <span class='ocrx_word' id='word_1_654' title='bbox 3003 4581 3197 4635; x_wconf 85' lang='lat' dir='ltr'><strong>harum</strong></span> <span class='ocrx_word' id='word_1_655' title='bbox 3223 4579 3444 4636; x_wconf 86' lang='lat' dir='ltr'><strong>dilectio</strong></span> <span class='ocrx_word' id='word_1_656' title='bbox 3461 4581 3580 4635; x_wconf 90' lang='lat' dir='ltr'><strong>sine</strong></span> <span class='ocrx_word' id='word_1_657' title='bbox 3603 4579 3759 4633; x_wconf 84' lang='lat' dir='ltr'><strong>altera</strong></span> 
     </span>
    </p>
   </div>
   <div class='ocr_carea' id='block_1_90' title="bbox 482 4663 2076 4744">
    <p class='ocr_par' dir='ltr' id='par_1_90' title="bbox 482 4663 2076 4744">
     <span class='ocr_line' id='line_1_92' title="bbox 482 4663 2076 4744; baseline 0.006 -20"><span class='ocrx_word' id='word_1_658' title='bbox 482 4663 702 4726; x_wconf 87' lang='lat' dir='ltr'><strong>Petrum</strong></span> <span class='ocrx_word' id='word_1_659' title='bbox 747 4679 804 4726; x_wconf 89' lang='lat' dir='ltr'><strong>et</strong></span> <span class='ocrx_word' id='word_1_660' title='bbox 851 4669 1114 4728; x_wconf 83' lang='lat' dir='ltr'><strong>Joannem</strong></span> <span class='ocrx_word' id='word_1_661' title='bbox 1153 4673 1362 4744; x_wconf 82' lang='lat' dir='ltr'><strong>accepit</strong></span> <span class='ocrx_word' id='word_1_662' title='bbox 1421 4673 1728 4740; x_wconf 86' lang='lat' dir='ltr'><strong>sanitatem,</strong></span> <span class='ocrx_word' id='word_1_663' title='bbox 1773 4674 1846 4732; x_wconf 91' lang='lat' dir='ltr'><strong>ita</strong></span> <span class='ocrx_word' id='word_1_664' title='bbox 1882 4685 1937 4732; x_wconf 92' lang='lat' dir='ltr'><strong>et</strong></span> <span class='ocrx_word' id='word_1_665' title='bbox 1978 4694 2076 4734; x_wconf 91' lang='lat' dir='ltr'><strong>nos</strong></span> 
     </span>
    </p>
   </div>
   <div class='ocr_carea' id='block_1_91' title="bbox 483 4764 2071 4841">
    <p class='ocr_par' dir='ltr' id='par_1_91' title="bbox 483 4764 2071 4841">
     <span class='ocr_line' id='line_1_93' title="bbox 483 4764 2071 4841; baseline 0.005 -21"><span class='ocrx_word' id='word_1_666' title='bbox 483 4764 656 4820; x_wconf 88' lang='lat' dir='ltr'><strong>claudi</strong></span> <span class='ocrx_word' id='word_1_667' title='bbox 700 4775 992 4836; x_wconf 88' lang='lat' dir='ltr'><strong>antequam</strong></span> <span class='ocrx_word' id='word_1_668' title='bbox 1035 4767 1343 4826; x_wconf 82' lang='lat' dir='ltr'><strong>veniremus</strong></span> <span class='ocrx_word' id='word_1_669' title='bbox 1405 4769 1472 4824; x_wconf 89' lang='lat' dir='ltr'><strong>ad</strong></span> <span class='ocrx_word' id='word_1_670' title='bbox 1519 4771 1852 4841; x_wconf 77' lang='lat' dir='ltr'><strong>agnitionem</strong></span> <span class='ocrx_word' id='word_1_671' title='bbox 1911 4772 2071 4828; x_wconf 89' lang='lat' dir='ltr'><strong>Chri—</strong></span> 
     </span>
    </p>
   </div>
   <div class='ocr_carea' id='block_1_92' title="bbox 481 4857 2074 4934">
    <p class='ocr_par' dir='ltr' id='par_1_92' title="bbox 481 4857 2074 4934">
     <span class='ocr_line' id='line_1_94' title="bbox 481 4857 2074 4934; baseline 0.004 -22"><span class='ocrx_word' id='word_1_672' title='bbox 481 4857 572 4922; x_wconf 85' lang='lat' dir='ltr'><strong>sti,</strong></span> <span class='ocrx_word' id='word_1_673' title='bbox 600 4873 725 4912; x_wconf 87' lang='lat' dir='ltr'><strong>vere</strong></span> <span class='ocrx_word' id='word_1_674' title='bbox 764 4857 941 4912; x_wconf 86' lang='lat' dir='ltr'><strong>claudi</strong></span> <span class='ocrx_word' id='word_1_675' title='bbox 974 4874 1216 4924; x_wconf 88' lang='lat' dir='ltr'><strong>eramus,</strong></span> <span class='ocrx_word' id='word_1_676' title='bbox 1243 4860 1368 4930; x_wconf 88' lang='lat' dir='ltr'><strong>quia</strong></span> <span class='ocrx_word' id='word_1_677' title='bbox 1415 4861 1472 4916; x_wconf 90' lang='lat' dir='ltr'><strong>in</strong></span> <span class='ocrx_word' id='word_1_678' title='bbox 1519 4863 1604 4916; x_wconf 87' lang='lat' dir='ltr'><strong>via</strong></span> <span class='ocrx_word' id='word_1_679' title='bbox 1654 4863 1880 4934; x_wconf 80' lang='lat' dir='ltr'><strong>justitiae</strong></span> <span class='ocrx_word' id='word_1_680' title='bbox 1928 4863 2074 4919; x_wconf 89' lang='lat' dir='ltr'><strong>clau-</strong></span> 
     </span>
    </p>
   </div>
   <div class='ocr_carea' id='block_1_93' title="bbox 483 4946 2073 5025">
    <p class='ocr_par' dir='ltr' id='par_1_93' title="bbox 483 4946 2073 5025">
     <span class='ocr_line' id='line_1_95' title="bbox 483 4946 2073 5025; baseline 0.004 -21"><span class='ocrx_word' id='word_1_681' title='bbox 483 4947 812 5004; x_wconf 83' lang='lat' dir='ltr'><strong>dieabamus.</strong></span> <span class='ocrx_word' id='word_1_682' title='bbox 901 4946 1349 5005; x_wconf 87' lang='lat' dir='ltr'><strong>Claudicabamus</strong></span> <span class='ocrx_word' id='word_1_683' title='bbox 1411 4959 1590 5006; x_wconf 83' lang='lat' dir='ltr'><strong>autem</strong></span> <span class='ocrx_word' id='word_1_684' title='bbox 1657 4970 1764 5008; x_wconf 90' lang='lat' dir='ltr'><strong>non</strong></span> <span class='ocrx_word' id='word_1_685' title='bbox 1831 4956 2073 5025; x_wconf 84' lang='lat' dir='ltr'><strong>corporis</strong></span> 
     </span>
    </p>
   </div>
   <div class='ocr_carea' id='block_1_94' title="bbox 481 5039 2074 5111">
    <p class='ocr_par' dir='ltr' id='par_1_94' title="bbox 481 5039 2074 5111">
     <span class='ocr_line' id='line_1_96' title="bbox 481 5039 2074 5111; baseline 0.004 -17"><span class='ocrx_word' id='word_1_686' title='bbox 481 5055 690 5111; x_wconf 81' lang='lat' dir='ltr'><strong>gressu,</strong></span> <span class='ocrx_word' id='word_1_687' title='bbox 720 5039 816 5095; x_wconf 84' lang='lat' dir='ltr'><strong>sed</strong></span> <span class='ocrx_word' id='word_1_688' title='bbox 862 5039 1090 5094; x_wconf 73' lang='lat' dir='ltr'><strong>internae</strong></span> <span class='ocrx_word' id='word_1_689' title='bbox 1122 5041 1319 5096; x_wconf 87' lang='lat' dir='ltr'><strong>mentis</strong></span> <span class='ocrx_word' id='word_1_690' title='bbox 1343 5055 1584 5100; x_wconf 77' lang='lat' dir='ltr'><strong>excessu.</strong></span> <span class='ocrx_word' id='word_1_691' title='bbox 1633 5043 1736 5110; x_wconf 85' lang='lat' dir='ltr'><strong>Qui</strong></span> <span class='ocrx_word' id='word_1_692' title='bbox 1773 5046 1917 5100; x_wconf 78' lang='lat' dir='ltr'><strong>enim</strong></span> <span class='ocrx_word' id='word_1_693' title='bbox 1944 5046 2074 5101; x_wconf 89' lang='lat' dir='ltr'><strong>alie-</strong></span> 
     </span>
    </p>
   </div>
   <div class='ocr_carea' id='block_1_95' title="bbox 483 5127 2070 5198">
    <p class='ocr_par' dir='ltr' id='par_1_95' title="bbox 483 5127 2070 5198">
     <span class='ocr_line' id='line_1_97' title="bbox 483 5127 2070 5198; baseline 0.003 -12"><span class='ocrx_word' id='word_1_694' title='bbox 483 5145 588 5186; x_wconf 85' lang='lat' dir='ltr'><strong>nus</strong></span> <span class='ocrx_word' id='word_1_695' title='bbox 645 5137 728 5184; x_wconf 87' lang='lat' dir='ltr'><strong>est</strong></span> <span class='ocrx_word' id='word_1_696' title='bbox 769 5145 802 5184; x_wconf 90' lang='lat' dir='ltr'><strong>a</strong></span> <span class='ocrx_word' id='word_1_697' title='bbox 851 5130 936 5184; x_wconf 89' lang='lat' dir='ltr'><strong>via</strong></span> <span class='ocrx_word' id='word_1_698' title='bbox 996 5127 1254 5198; x_wconf 68' lang='lat' dir='ltr'><strong>iustitiae,</strong></span> <span class='ocrx_word' id='word_1_699' title='bbox 1313 5145 1346 5184; x_wconf 91' lang='lat' dir='ltr'><strong>a</strong></span> <span class='ocrx_word' id='word_1_700' title='bbox 1404 5132 1489 5186; x_wconf 86' lang='lat' dir='ltr'><strong>via</strong></span> <span class='ocrx_word' id='word_1_701' title='bbox 1542 5133 1826 5198; x_wconf 84' lang='lat' dir='ltr'><strong>veritatis,</strong></span> <span class='ocrx_word' id='word_1_702' title='bbox 1883 5135 1936 5188; x_wconf 91' lang='lat' dir='ltr'><strong>id</strong></span> <span class='ocrx_word' id='word_1_703' title='bbox 1987 5145 2070 5190; x_wconf 86' lang='lat' dir='ltr'><strong>est</strong></span> 
     </span>
    </p>
   </div>
   <div class='ocr_carea' id='block_1_96' title="bbox 485 5219 2069 5296">
    <p class='ocr_par' dir='ltr' id='par_1_96' title="bbox 485 5219 2069 5296">
     <span class='ocr_line' id='line_1_98' title="bbox 485 5219 2069 5296; baseline 0.004 -20"><span class='ocrx_word' id='word_1_704' title='bbox 485 5236 514 5276; x_wconf 83' lang='lat' dir='ltr'><strong>a</strong></span> <span class='ocrx_word' id='word_1_705' title='bbox 545 5220 648 5275; x_wconf 88' lang='lat' dir='ltr'><strong>ﬁde</strong></span> <span class='ocrx_word' id='word_1_706' title='bbox 679 5229 732 5274; x_wconf 90' lang='lat' dir='ltr'><strong>et</strong></span> <span class='ocrx_word' id='word_1_707' title='bbox 755 5221 1024 5292; x_wconf 83' lang='lat' dir='ltr'><strong>agnitione</strong></span> <span class='ocrx_word' id='word_1_708' title='bbox 1049 5221 1248 5275; x_wconf 86' lang='lat' dir='ltr'><strong>Christi</strong></span> <span class='ocrx_word' id='word_1_709' title='bbox 1275 5219 1393 5275; x_wconf 85' lang='lat' dir='ltr'><strong>Filii</strong></span> <span class='ocrx_word' id='word_1_710' title='bbox 1425 5221 1518 5277; x_wconf 92' lang='lat' dir='ltr'><strong>Dei</strong></span> <span class='ocrx_word' id='word_1_711' title='bbox 1547 5224 1675 5287; x_wconf 85' lang='lat' dir='ltr'><strong>vivi,</strong></span> <span class='ocrx_word' id='word_1_712' title='bbox 1709 5225 1794 5279; x_wconf 89' lang='lat' dir='ltr'><strong>hic</strong></span> <span class='ocrx_word' id='word_1_713' title='bbox 1823 5228 2069 5296; x_wconf 87' lang='lat' dir='ltr'><strong>quamvis</strong></span> 
     </span>
    </p>
   </div>
   <div class='ocr_carea' id='block_1_97' title="bbox 484 5314 2070 5389">
    <p class='ocr_par' dir='ltr' id='par_1_97' title="bbox 484 5314 2070 5389">
     <span class='ocr_line' id='line_1_99' title="bbox 484 5314 2070 5389; baseline 0.003 -20"><span class='ocrx_word' id='word_1_714' title='bbox 484 5323 662 5370; x_wconf 88' lang='lat' dir='ltr'><strong>rectos</strong></span> <span class='ocrx_word' id='word_1_715' title='bbox 690 5314 853 5382; x_wconf 85' lang='lat' dir='ltr'><strong>pedes</strong></span> <span class='ocrx_word' id='word_1_716' title='bbox 885 5315 1126 5383; x_wconf 88' lang='lat' dir='ltr'><strong>corporis</strong></span> <span class='ocrx_word' id='word_1_717' title='bbox 1157 5314 1372 5377; x_wconf 85' lang='lat' dir='ltr'><strong>habeat,</strong></span> <span class='ocrx_word' id='word_1_718' title='bbox 1401 5323 1544 5370; x_wconf 88' lang='lat' dir='ltr'><strong>totus</strong></span> <span class='ocrx_word' id='word_1_719' title='bbox 1573 5316 1793 5372; x_wconf 89' lang='lat' dir='ltr'><strong>claudus</strong></span> <span class='ocrx_word' id='word_1_720' title='bbox 1822 5319 2070 5389; x_wconf 87' lang='lat' dir='ltr'><strong>est,quia</strong></span> 
     </span>
    </p>
   </div>
   <div class='ocr_carea' id='block_1_98' title="bbox 485 5405 2067 5470">
    <p class='ocr_par' dir='ltr' id='par_1_98' title="bbox 485 5405 2067 5470">
     <span class='ocr_line' id='line_1_100' title="bbox 485 5405 2067 5470; baseline 0.001 -9"><span class='ocrx_word' id='word_1_721' title='bbox 485 5413 666 5461; x_wconf 89' lang='lat' dir='ltr'><strong>mente</strong></span> <span class='ocrx_word' id='word_1_722' title='bbox 693 5412 748 5458; x_wconf 89' lang='lat' dir='ltr'><strong>et</strong></span> <span class='ocrx_word' id='word_1_723' title='bbox 775 5405 954 5458; x_wconf 87' lang='lat' dir='ltr'><strong>anima</strong></span> <span class='ocrx_word' id='word_1_724' title='bbox 974 5405 1256 5470; x_wconf 85' lang='lat' dir='ltr'><strong>claudicat,</strong></span> <span class='ocrx_word' id='word_1_725' title='bbox 1285 5405 1389 5458; x_wconf 89' lang='lat' dir='ltr'><strong>iter</strong></span> <span class='ocrx_word' id='word_1_726' title='bbox 1417 5406 1560 5460; x_wconf 89' lang='lat' dir='ltr'><strong>enim</strong></span> <span class='ocrx_word' id='word_1_727' title='bbox 1585 5406 1707 5460; x_wconf 87' lang='lat' dir='ltr'><strong>ﬁdei</strong></span> <span class='ocrx_word' id='word_1_728' title='bbox 1739 5423 1802 5461; x_wconf 89' lang='lat' dir='ltr'><strong>ac</strong></span> <span class='ocrx_word' id='word_1_729' title='bbox 1823 5409 2067 5464; x_wconf 87' lang='lat' dir='ltr'><strong>veritatis</strong></span> 
     </span>
    </p>
   </div>
   <div class='ocr_carea' id='block_1_99' title="bbox 484 5493 2066 5566">
    <p class='ocr_par' dir='ltr' id='par_1_99' title="bbox 484 5493 2066 5566">
     <span class='ocr_line' id='line_1_101' title="bbox 484 5493 2066 5566; baseline 0.003 -15"><span class='ocrx_word' id='word_1_730' title='bbox 484 5494 538 5551; x_wconf 90' lang='lat' dir='ltr'><strong>in</strong></span> <span class='ocrx_word' id='word_1_731' title='bbox 564 5493 868 5548; x_wconf 81' lang='lat' dir='ltr'><strong>obeditione</strong></span> <span class='ocrx_word' id='word_1_732' title='bbox 895 5503 1279 5564; x_wconf 65' lang='lat' dir='ltr'><strong>praaceptorum</strong></span> <span class='ocrx_word' id='word_1_733' title='bbox 1300 5495 1523 5562; x_wconf 86' lang='lat' dir='ltr'><strong>Christi,</strong></span> <span class='ocrx_word' id='word_1_734' title='bbox 1547 5512 1653 5552; x_wconf 90' lang='lat' dir='ltr'><strong>non</strong></span> <span class='ocrx_word' id='word_1_735' title='bbox 1681 5497 1919 5566; x_wconf 82' lang='lat' dir='ltr'><strong>gestibus</strong></span> <span class='ocrx_word' id='word_1_736' title='bbox 1947 5507 2066 5556; x_wconf 87' lang='lat' dir='ltr'><strong>tau-</strong></span> 
     </span>
    </p>
   </div>
   <div class='ocr_carea' id='block_1_100' title="bbox 485 5587 2060 5660">
    <p class='ocr_par' dir='ltr' id='par_1_100' title="bbox 485 5587 2060 5660">
     <span class='ocr_line' id='line_1_102' title="bbox 485 5587 2060 5660; baseline 0.003 -19"><span class='ocrx_word' id='word_1_737' title='bbox 485 5595 596 5642; x_wconf 89' lang='lat' dir='ltr'><strong>tum</strong></span> <span class='ocrx_word' id='word_1_738' title='bbox 624 5587 868 5656; x_wconf 87' lang='lat' dir='ltr'><strong>corporis</strong></span> <span class='ocrx_word' id='word_1_739' title='bbox 891 5587 1176 5653; x_wconf 75' lang='lat' dir='ltr'><strong>inceditur,</strong></span> <span class='ocrx_word' id='word_1_740' title='bbox 1200 5589 1294 5644; x_wconf 87' lang='lat' dir='ltr'><strong>sed</strong></span> <span class='ocrx_word' id='word_1_741' title='bbox 1320 5588 1563 5660; x_wconf 79' lang='lat' dir='ltr'><strong>gestibus</strong></span> <span class='ocrx_word' id='word_1_742' title='bbox 1591 5590 1786 5644; x_wconf 87' lang='lat' dir='ltr'><strong>mentis</strong></span> <span class='ocrx_word' id='word_1_743' title='bbox 1817 5589 2060 5646; x_wconf 84' lang='lat' dir='ltr'><strong>internae.</strong></span> 
     </span>
    </p>
   </div>
   <div class='ocr_carea' id='block_1_101' title="bbox 487 5679 2064 5752">
    <p class='ocr_par' dir='ltr' id='par_1_101' title="bbox 487 5679 2064 5752">
     <span class='ocr_line' id='line_1_103' title="bbox 487 5679 2064 5752; baseline 0.002 -15"><span class='ocrx_word' id='word_1_744' title='bbox 487 5679 635 5737; x_wconf 84' lang='lat' dir='ltr'><strong>Unde</strong></span> <span class='ocrx_word' id='word_1_745' title='bbox 663 5696 770 5736; x_wconf 88' lang='lat' dir='ltr'><strong>non</strong></span> <span class='ocrx_word' id='word_1_746' title='bbox 795 5682 1014 5738; x_wconf 84' lang='lat' dir='ltr'><strong>dubium</strong></span> <span class='ocrx_word' id='word_1_747' title='bbox 1041 5691 1124 5736; x_wconf 88' lang='lat' dir='ltr'><strong>est</strong></span> <span class='ocrx_word' id='word_1_748' title='bbox 1141 5719 1158 5748; x_wconf 85' lang='lat'><strong>,</strong></span> <span class='ocrx_word' id='word_1_749' title='bbox 1182 5684 1306 5752; x_wconf 88' lang='lat' dir='ltr'><strong>quia</strong></span> <span class='ocrx_word' id='word_1_750' title='bbox 1337 5683 1535 5738; x_wconf 90' lang='lat' dir='ltr'><strong>dudum</strong></span> <span class='ocrx_word' id='word_1_751' title='bbox 1573 5681 2008 5740; x_wconf 84' lang='lat' dir='ltr'><strong>claudicabamus</strong></span> <span class='ocrx_word' id='word_1_752' title='bbox 2033 5701 2064 5740; x_wconf 89' lang='lat' dir='ltr'><strong>a</strong></span> 
     </span>
    </p>
   </div>
   <div class='ocr_carea' id='block_1_102' title="bbox 481 5771 2065 5844">
    <p class='ocr_par' dir='ltr' id='par_1_102' title="bbox 481 5771 2065 5844">
     <span class='ocr_line' id='line_1_104' title="bbox 481 5771 2065 5844; baseline 0 -16"><span class='ocrx_word' id='word_1_753' title='bbox 481 5773 566 5828; x_wconf 86' lang='lat' dir='ltr'><strong>via</strong></span> <span class='ocrx_word' id='word_1_754' title='bbox 611 5772 856 5844; x_wconf 70' lang='lat' dir='ltr'><strong>jUSlllltB,</strong></span> <span class='ocrx_word' id='word_1_755' title='bbox 883 5788 1005 5827; x_wconf 89' lang='lat' dir='ltr'><strong>cum</strong></span> <span class='ocrx_word' id='word_1_756' title='bbox 1050 5788 1234 5828; x_wconf 89' lang='lat' dir='ltr'><strong>veram</strong></span> <span class='ocrx_word' id='word_1_757' title='bbox 1279 5773 1420 5827; x_wconf 90' lang='lat' dir='ltr'><strong>viam</strong></span> <span class='ocrx_word' id='word_1_758' title='bbox 1452 5771 1642 5828; x_wconf 84' lang='lat' dir='ltr'><strong>salutis</strong></span> <span class='ocrx_word' id='word_1_759' title='bbox 1667 5787 1730 5826; x_wconf 90' lang='lat' dir='ltr'><strong>ac</strong></span> <span class='ocrx_word' id='word_1_760' title='bbox 1759 5771 1878 5827; x_wconf 73' lang='lat' dir='ltr'><strong>vita:</strong></span> <span class='ocrx_word' id='word_1_761' title='bbox 1909 5772 2065 5830; x_wconf 88' lang='lat' dir='ltr'><strong>Chri-</strong></span> 
     </span>
    </p>
   </div>
   <div class='ocr_carea' id='block_1_103' title="bbox 479 5865 2066 5940">
    <p class='ocr_par' dir='ltr' id='par_1_103' title="bbox 479 5865 2066 5940">
     <span class='ocr_line' id='line_1_105' title="bbox 479 5865 2066 5940; baseline -0.002 -14"><span class='ocrx_word' id='word_1_762' title='bbox 479 5872 625 5928; x_wconf 78' lang='lat' dir='ltr'><strong>stum</strong></span> <span class='ocrx_word' id='word_1_763' title='bbox 649 5867 931 5924; x_wconf 90' lang='lat' dir='ltr'><strong>Dominum</strong></span> <span class='ocrx_word' id='word_1_764' title='bbox 957 5876 1199 5924; x_wconf 89' lang='lat' dir='ltr'><strong>nostrum</strong></span> <span class='ocrx_word' id='word_1_765' title='bbox 1224 5865 1614 5924; x_wconf 87' lang='lat' dir='ltr'><strong>nesciebamus.</strong></span> <span class='ocrx_word' id='word_1_766' title='bbox 1645 5865 1752 5923; x_wconf 89' lang='lat' dir='ltr'><strong>Sed</strong></span> <span class='ocrx_word' id='word_1_767' title='bbox 1779 5875 2066 5940; x_wconf 87' lang='lat' dir='ltr'><strong>postquam</strong></span> 
     </span>
    </p>
   </div>
   <div class='ocr_carea' id='block_1_104' title="bbox 2177 4668 3756 4742">
    <p class='ocr_par' dir='ltr' id='par_1_104' title="bbox 2177 4668 3756 4742">
     <span class='ocr_line' id='line_1_106' title="bbox 2177 4668 3756 4742; baseline -0.003 -11"><span class='ocrx_word' id='word_1_768' title='bbox 2177 4675 2319 4731; x_wconf 89' lang='lat' dir='ltr'><strong>valet</strong></span> <span class='ocrx_word' id='word_1_769' title='bbox 2343 4689 2462 4730; x_wconf 86' lang='lat' dir='ltr'><strong>esse</strong></span> <span class='ocrx_word' id='word_1_770' title='bbox 2485 4671 2744 4742; x_wconf 85' lang='lat' dir='ltr'><strong>perlecta,</strong></span> <span class='ocrx_word' id='word_1_771' title='bbox 2768 4672 2892 4740; x_wconf 87' lang='lat' dir='ltr'><strong>quia</strong></span> <span class='ocrx_word' id='word_1_772' title='bbox 2915 4687 3014 4726; x_wconf 90' lang='lat' dir='ltr'><strong>nec</strong></span> <span class='ocrx_word' id='word_1_773' title='bbox 3035 4668 3178 4726; x_wconf 85' lang='lat' dir='ltr'><strong>Deus</strong></span> <span class='ocrx_word' id='word_1_774' title='bbox 3200 4677 3328 4724; x_wconf 90' lang='lat' dir='ltr'><strong>vere‘</strong></span> <span class='ocrx_word' id='word_1_775' title='bbox 3353 4670 3474 4726; x_wconf 89' lang='lat' dir='ltr'><strong>sine</strong></span> <span class='ocrx_word' id='word_1_776' title='bbox 3502 4671 3756 4742; x_wconf 83' lang='lat' dir='ltr'><strong>proximo,</strong></span> 
     </span>
    </p>
   </div>
   <div class='ocr_carea' id='block_1_105' title="bbox 2177 4763 3448 4834">
    <p class='ocr_par' dir='ltr' id='par_1_105' title="bbox 2177 4763 3448 4834">
     <span class='ocr_line' id='line_1_107' title="bbox 2177 4763 3448 4834; baseline -0.006 -11"><span class='ocrx_word' id='word_1_777' title='bbox 2177 4783 2276 4824; x_wconf 90' lang='lat' dir='ltr'><strong>nec</strong></span> <span class='ocrx_word' id='word_1_778' title='bbox 2305 4767 2562 4822; x_wconf 86' lang='lat' dir='ltr'><strong>sineDeo</strong></span> <span class='ocrx_word' id='word_1_779' title='bbox 2591 4780 2716 4819; x_wconf 84' lang='lat' dir='ltr'><strong>vere</strong></span> <span class='ocrx_word' id='word_1_780' title='bbox 2747 4772 2923 4834; x_wconf 88' lang='lat' dir='ltr'><strong>potest</strong></span> <span class='ocrx_word' id='word_1_781' title='bbox 2944 4763 3224 4834; x_wconf 75' lang='lat' dir='ltr'><strong>proximus</strong></span> <span class='ocrx_word' id='word_1_782' title='bbox 3251 4763 3448 4817; x_wconf 88' lang='lat' dir='ltr'><strong>amari.</strong></span> 
     </span>
    </p>
   </div>
   <div class='ocr_carea' id='block_1_106' title="bbox 2247 4847 3756 4926">
    <p class='ocr_par' dir='ltr' id='par_1_106' title="bbox 2247 4847 3756 4926">
     <span class='ocr_line' id='line_1_108' title="bbox 2247 4847 3756 4926; baseline -0.003 -14"><span class='ocrx_word' id='word_1_783' title='bbox 2247 4858 2387 4912; x_wconf 82' lang='lat' dir='ltr'><strong>Dicit</strong></span> <span class='ocrx_word' id='word_1_784' title='bbox 2408 4858 2456 4912; x_wconf 89' lang='lat' dir='ltr'><strong>ei</strong></span> <span class='ocrx_word' id='word_1_785' title='bbox 2475 4871 2489 4906; x_wconf 92' lang='grc'><strong>.·</strong></span> <span class='ocrx_word' id='word_1_786' title='bbox 2513 4847 2681 4910; x_wconf 77' lang='lat' dir='ltr'><strong>Pasce</strong></span> <span class='ocrx_word' id='word_1_787' title='bbox 2696 4872 2858 4926; x_wconf 86' lang='lat' dir='ltr'><strong>agnos</strong></span> <span class='ocrx_word' id='word_1_788' title='bbox 2873 4871 3033 4910; x_wconf 86' lang='lat' dir='ltr'><strong>meos.</strong></span> <span class='ocrx_word' id='word_1_789' title='bbox 3059 4853 3137 4909; x_wconf 84' lang='lat' dir='ltr'><strong>Ac</strong></span> <span class='ocrx_word' id='word_1_790' title='bbox 3150 4856 3192 4910; x_wconf 89' lang='lat' dir='ltr'><strong>si</strong></span> <span class='ocrx_word' id='word_1_791' title='bbox 3208 4862 3395 4925; x_wconf 87' lang='lat' dir='ltr'><strong>aperte</strong></span> <span class='ocrx_word' id='word_1_792' title='bbox 3411 4848 3636 4920; x_wconf 70' lang='lat' dir='ltr'><strong>diceret,</strong></span> <span class='ocrx_word' id='word_1_793' title='bbox 3649 4852 3756 4908; x_wconf 64' lang='lat' dir='ltr'><strong>haec</strong></span> 
     </span>
    </p>
   </div>
   <div class='ocr_carea' id='block_1_107' title="bbox 2176 4940 3753 5018">
    <p class='ocr_par' dir='ltr' id='par_1_107' title="bbox 2176 4940 3753 5018">
     <span class='ocr_line' id='line_1_109' title="bbox 2176 4940 3753 5018; baseline 0 -14"><span class='ocrx_word' id='word_1_794' title='bbox 2176 4948 2290 5004; x_wconf 87' lang='lat' dir='ltr'><strong>sola</strong></span> <span class='ocrx_word' id='word_1_795' title='bbox 2317 4957 2371 5004; x_wconf 90' lang='lat' dir='ltr'><strong>et</strong></span> <span class='ocrx_word' id='word_1_796' title='bbox 2401 4963 2530 5002; x_wconf 91' lang='lat' dir='ltr'><strong>vera</strong></span> <span class='ocrx_word' id='word_1_797' title='bbox 2573 4956 2656 5002; x_wconf 90' lang='lat' dir='ltr'><strong>cst</strong></span> <span class='ocrx_word' id='word_1_798' title='bbox 2682 4946 2926 5018; x_wconf 87' lang='lat' dir='ltr'><strong>probatio</strong></span> <span class='ocrx_word' id='word_1_799' title='bbox 2963 4947 3158 5018; x_wconf 88' lang='lat' dir='ltr'><strong>integri</strong></span> <span class='ocrx_word' id='word_1_800' title='bbox 3193 4940 3246 5001; x_wconf 86' lang='lat' dir='ltr'><strong>in</strong></span> <span class='ocrx_word' id='word_1_801' title='bbox 3279 4946 3511 5002; x_wconf 88' lang='lat' dir='ltr'><strong>Domino</strong></span> <span class='ocrx_word' id='word_1_802' title='bbox 3545 4948 3753 5011; x_wconf 84' lang='lat' dir='ltr'><strong>amoris,</strong></span> 
     </span>
    </p>
   </div>
   <div class='ocr_carea' id='block_1_108' title="bbox 2177 5036 3754 5112">
    <p class='ocr_par' dir='ltr' id='par_1_108' title="bbox 2177 5036 3754 5112">
     <span class='ocr_line' id='line_1_110' title="bbox 2177 5036 3754 5112; baseline -0.003 -16"><span class='ocrx_word' id='word_1_803' title='bbox 2177 5041 2221 5096; x_wconf 88' lang='lat' dir='ltr'><strong>si</strong></span> <span class='ocrx_word' id='word_1_804' title='bbox 2245 5055 2375 5112; x_wconf 87' lang='lat' dir='ltr'><strong>erga</strong></span> <span class='ocrx_word' id='word_1_805' title='bbox 2415 5039 2611 5096; x_wconf 80' lang='lat' dir='ltr'><strong>fratres</strong></span> <span class='ocrx_word' id='word_1_806' title='bbox 2647 5039 2918 5095; x_wconf 86' lang='lat' dir='ltr'><strong>studueris</strong></span> <span class='ocrx_word' id='word_1_807' title='bbox 2950 5049 3073 5094; x_wconf 86' lang='lat' dir='ltr'><strong>eum</strong></span> <span class='ocrx_word' id='word_1_808' title='bbox 3118 5036 3483 5095; x_wconf 87' lang='lat' dir='ltr'><strong>sollicitudine</strong></span> <span class='ocrx_word' id='word_1_809' title='bbox 3514 5053 3754 5095; x_wconf 76' lang='lat' dir='ltr'><strong>exercere</strong></span> 
     </span>
    </p>
   </div>
   <div class='ocr_carea' id='block_1_109' title="bbox 2175 5125 3750 5202">
    <p class='ocr_par' dir='ltr' id='par_1_109' title="bbox 2175 5125 3750 5202">
     <span class='ocr_line' id='line_1_111' title="bbox 2175 5125 3750 5202; baseline -0.001 -18"><span class='ocrx_word' id='word_1_810' title='bbox 2175 5127 2409 5186; x_wconf 89' lang='lat' dir='ltr'><strong>labores.</strong></span> <span class='ocrx_word' id='word_1_811' title='bbox 2447 5129 2584 5186; x_wconf 86' lang='lat' dir='ltr'><strong>Nam</strong></span> <span class='ocrx_word' id='word_1_812' title='bbox 2621 5131 2932 5202; x_wconf 86' lang='lat' dir='ltr'><strong>quicunque</strong></span> <span class='ocrx_word' id='word_1_813' title='bbox 2975 5125 3132 5185; x_wconf 78' lang='lat' dir='ltr'><strong>fratri</strong></span> <span class='ocrx_word' id='word_1_814' title='bbox 3175 5146 3308 5202; x_wconf 89' lang='lat' dir='ltr'><strong>opus</strong></span> <span class='ocrx_word' id='word_1_815' title='bbox 3351 5131 3596 5202; x_wconf 83' lang='lat' dir='ltr'><strong>pietatis,</strong></span> <span class='ocrx_word' id='word_1_816' title='bbox 3623 5131 3750 5200; x_wconf 86' lang='lat' dir='ltr'><strong>quod</strong></span> 
     </span>
    </p>
   </div>
   <div class='ocr_carea' id='block_1_110' title="bbox 2177 5219 3748 5293">
    <p class='ocr_par' dir='ltr' id='par_1_110' title="bbox 2177 5219 3748 5293">
     <span class='ocr_line' id='line_1_112' title="bbox 2177 5219 3748 5293; baseline 0 -19"><span class='ocrx_word' id='word_1_817' title='bbox 2177 5219 2336 5286; x_wconf 88' lang='lat' dir='ltr'><strong>valet,</strong></span> <span class='ocrx_word' id='word_1_818' title='bbox 2363 5221 2671 5292; x_wconf 87' lang='lat' dir='ltr'><strong>impendere</strong></span> <span class='ocrx_word' id='word_1_819' title='bbox 2696 5221 2936 5292; x_wconf 83' lang='lat' dir='ltr'><strong>negligit,</strong></span> <span class='ocrx_word' id='word_1_820' title='bbox 2967 5222 3146 5277; x_wconf 88' lang='lat' dir='ltr'><strong>minus</strong></span> <span class='ocrx_word' id='word_1_821' title='bbox 3159 5223 3306 5293; x_wconf 86' lang='lat' dir='ltr'><strong>juste</strong></span> <span class='ocrx_word' id='word_1_822' title='bbox 3333 5238 3394 5276; x_wconf 83' lang='lat' dir='ltr'><strong>se</strong></span> <span class='ocrx_word' id='word_1_823' title='bbox 3424 5221 3748 5278; x_wconf 81' lang='lat' dir='ltr'><strong>conditorem</strong></span> 
     </span>
    </p>
   </div>
   <div class='ocr_carea' id='block_1_111' title="bbox 2175 5311 3750 5388">
    <p class='ocr_par' dir='ltr' id='par_1_111' title="bbox 2175 5311 3750 5388">
     <span class='ocr_line' id='line_1_113' title="bbox 2175 5311 3750 5388; baseline 0 -20"><span class='ocrx_word' id='word_1_824' title='bbox 2175 5312 2396 5384; x_wconf 83' lang='lat' dir='ltr'><strong>diligere</strong></span> <span class='ocrx_word' id='word_1_825' title='bbox 2422 5313 2678 5378; x_wconf 89' lang='lat' dir='ltr'><strong>ostendit,</strong></span> <span class='ocrx_word' id='word_1_826' title='bbox 2707 5311 2860 5382; x_wconf 86' lang='lat' dir='ltr'><strong>cujus</strong></span> <span class='ocrx_word' id='word_1_827' title='bbox 2891 5311 3144 5369; x_wconf 88' lang='lat' dir='ltr'><strong>mandata</strong></span> <span class='ocrx_word' id='word_1_828' title='bbox 3174 5315 3228 5369; x_wconf 90' lang='lat' dir='ltr'><strong>iu</strong></span> <span class='ocrx_word' id='word_1_829' title='bbox 3255 5315 3611 5372; x_wconf 83' lang='lat' dir='ltr'><strong>sustentanda</strong></span> <span class='ocrx_word' id='word_1_830' title='bbox 3637 5329 3750 5388; x_wconf 88' lang='lat' dir='ltr'><strong>pro-</strong></span> 
     </span>
    </p>
   </div>
   <div class='ocr_carea' id='block_1_112' title="bbox 2175 5405 3002 5461">
    <p class='ocr_par' dir='ltr' id='par_1_112' title="bbox 2175 5405 3002 5461">
     <span class='ocr_line' id='line_1_114' title="bbox 2175 5405 3002 5461; baseline 0.004 -3"><span class='ocrx_word' id='word_1_831' title='bbox 2175 5405 2310 5458; x_wconf 79' lang='lat' dir='ltr'><strong>ximi</strong></span> <span class='ocrx_word' id='word_1_832' title='bbox 2341 5405 2661 5460; x_wconf 87' lang='lat' dir='ltr'><strong>necessitate</strong></span> <span class='ocrx_word' id='word_1_833' title='bbox 2689 5405 3002 5461; x_wconf 89' lang='lat' dir='ltr'><strong>contemnit.</strong></span> 
     </span>
    </p>
   </div>
   <div class='ocr_carea' id='block_1_113' title="bbox 2247 5489 3746 5566">
    <p class='ocr_par' dir='ltr' id='par_1_113' title="bbox 2247 5489 3746 5566">
     <span class='ocr_line' id='line_1_115' title="bbox 2247 5489 3746 5566; baseline 0.002 -18"><span class='ocrx_word' id='word_1_834' title='bbox 2247 5489 2384 5548; x_wconf 87' lang='lat' dir='ltr'><strong>Dicit</strong></span> <span class='ocrx_word' id='word_1_835' title='bbox 2414 5495 2460 5549; x_wconf 88' lang='lat' dir='ltr'><strong>ei</strong></span> <span class='ocrx_word' id='word_1_836' title='bbox 2482 5495 2702 5548; x_wconf 84' lang='lat' dir='ltr'><strong>iterant:</strong></span> <span class='ocrx_word' id='word_1_837' title='bbox 2727 5493 2912 5551; x_wconf 84' lang='lat' dir='ltr'><strong>Simon</strong></span> <span class='ocrx_word' id='word_1_838' title='bbox 2939 5496 3182 5566; x_wconf 83' lang='lat' dir='ltr'><strong>Joannis,</strong></span> <span class='ocrx_word' id='word_1_839' title='bbox 3207 5515 3355 5552; x_wconf 86' lang='lat' dir='ltr'><strong>amas</strong></span> <span class='ocrx_word' id='word_1_840' title='bbox 3379 5495 3503 5554; x_wconf 69' lang='lat' dir='ltr'><strong>me?</strong></span> <span class='ocrx_word' id='word_1_841' title='bbox 3529 5495 3615 5556; x_wconf 74' lang='lat' dir='ltr'><strong>Ait</strong></span> <span class='ocrx_word' id='word_1_842' title='bbox 3635 5498 3746 5555; x_wconf 87' lang='lat' dir='ltr'><strong>illi:</strong></span> 
     </span>
    </p>
   </div>
   <div class='ocr_carea' id='block_1_114' title="bbox 2174 5584 3746 5666">
    <p class='ocr_par' dir='ltr' id='par_1_114' title="bbox 2174 5584 3746 5666">
     <span class='ocr_line' id='line_1_116' title="bbox 2174 5584 3746 5666; baseline 0.004 -23"><span class='ocrx_word' id='word_1_843' title='bbox 2174 5584 2373 5654; x_wconf 86' lang='lat' dir='ltr'><strong>Etiam,</strong></span> <span class='ocrx_word' id='word_1_844' title='bbox 2412 5587 2662 5656; x_wconf 87' lang='lat' dir='ltr'><strong>Domine,</strong></span> <span class='ocrx_word' id='word_1_845' title='bbox 2690 5601 2746 5644; x_wconf 89' lang='lat' dir='ltr'><strong>tu</strong></span> <span class='ocrx_word' id='word_1_846' title='bbox 2771 5593 2872 5662; x_wconf 68' lang='lat' dir='ltr'><strong>scis</strong></span> <span class='ocrx_word' id='word_1_847' title='bbox 2897 5594 3022 5664; x_wconf 80' lang='lat' dir='ltr'><strong>quia</strong></span> <span class='ocrx_word' id='word_1_848' title='bbox 3051 5610 3171 5647; x_wconf 88' lang='lat' dir='ltr'><strong>amo</strong></span> <span class='ocrx_word' id='word_1_849' title='bbox 3195 5603 3262 5648; x_wconf 89' lang='lat' dir='ltr'><strong>te.</strong></span> <span class='ocrx_word' id='word_1_850' title='bbox 3304 5592 3492 5652; x_wconf 89' lang='lat' dir='ltr'><strong>Simon</strong></span> <span class='ocrx_word' id='word_1_851' title='bbox 3527 5609 3746 5666; x_wconf 86' lang='lat' dir='ltr'><strong>namque</strong></span> 
     </span>
    </p>
   </div>
   <div class='ocr_carea' id='block_1_115' title="bbox 2161 5679 3742 5762">
    <p class='ocr_par' dir='ltr' id='par_1_115' title="bbox 2161 5679 3742 5762">
     <span class='ocr_line' id='line_1_117' title="bbox 2161 5679 3742 5762; baseline 0.004 -26"><span class='ocrx_word' id='word_1_852' title='bbox 2161 5681 2433 5746; x_wconf 85' lang='lat' dir='ltr'><strong>.obediens,</strong></span> <span class='ocrx_word' id='word_1_853' title='bbox 2478 5679 2711 5738; x_wconf 88' lang='lat' dir='ltr'><strong>Joannes</strong></span> <span class='ocrx_word' id='word_1_854' title='bbox 2755 5683 2952 5740; x_wconf 87' lang='lat' dir='ltr'><strong>dicitur</strong></span> <span class='ocrx_word' id='word_1_855' title='bbox 2996 5685 3094 5741; x_wconf 84' lang='lat' dir='ltr'><strong>Dei</strong></span> <span class='ocrx_word' id='word_1_856' title='bbox 3130 5687 3322 5758; x_wconf 87' lang='lat' dir='ltr'><strong>gratia,</strong></span> <span class='ocrx_word' id='word_1_857' title='bbox 3369 5697 3426 5744; x_wconf 87' lang='lat' dir='ltr'><strong>et</strong></span> <span class='ocrx_word' id='word_1_858' title='bbox 3472 5701 3742 5762; x_wconf 81' lang='lat' dir='ltr'><strong>propterea</strong></span> 
     </span>
    </p>
   </div>
   <div class='ocr_carea' id='block_1_116' title="bbox 2171 5773 3741 5850">
    <p class='ocr_par' dir='ltr' id='par_1_116' title="bbox 2171 5773 3741 5850">
     <span class='ocr_line' id='line_1_118' title="bbox 2171 5773 3741 5850; baseline 0.003 -21"><span class='ocrx_word' id='word_1_859' title='bbox 2171 5783 2319 5830; x_wconf 88' lang='lat' dir='ltr'><strong>recte</strong></span> <span class='ocrx_word' id='word_1_860' title='bbox 2351 5773 2558 5845; x_wconf 87' lang='lat' dir='ltr'><strong>primus</strong></span> <span class='ocrx_word' id='word_1_861' title='bbox 2585 5775 2947 5844; x_wconf 90' lang='lat' dir='ltr'><strong>apostolorum</strong></span> <span class='ocrx_word' id='word_1_862' title='bbox 2975 5792 3097 5832; x_wconf 91' lang='lat' dir='ltr'><strong>cum</strong></span> <span class='ocrx_word' id='word_1_863' title='bbox 3127 5778 3192 5833; x_wconf 87' lang='lat' dir='ltr'><strong>de</strong></span> <span class='ocrx_word' id='word_1_864' title='bbox 3233 5793 3418 5836; x_wconf 86' lang='lat' dir='ltr'><strong>amore</strong></span> <span class='ocrx_word' id='word_1_865' title='bbox 3446 5795 3545 5836; x_wconf 92' lang='lat' dir='ltr'><strong>suo</strong></span> <span class='ocrx_word' id='word_1_866' title='bbox 3572 5779 3741 5850; x_wconf 83' lang='lat' dir='ltr'><strong>requi-</strong></span> 
     </span>
    </p>
   </div>
   <div class='ocr_carea' id='block_1_117' title="bbox 2171 5863 3742 5945">
    <p class='ocr_par' dir='ltr' id='par_1_117' title="bbox 2171 5863 3742 5945">
     <span class='ocr_line' id='line_1_119' title="bbox 2171 5863 3742 5945; baseline 0.003 -23"><span class='ocrx_word' id='word_1_867' title='bbox 2171 5866 2310 5924; x_wconf 90' lang='lat' dir='ltr'><strong>ritur</strong></span> <span class='ocrx_word' id='word_1_868' title='bbox 2356 5864 2541 5923; x_wconf 87' lang='lat' dir='ltr'><strong>Simon</strong></span> <span class='ocrx_word' id='word_1_869' title='bbox 2571 5863 2814 5936; x_wconf 87' lang='lat' dir='ltr'><strong>Joannis,</strong></span> <span class='ocrx_word' id='word_1_870' title='bbox 2848 5867 2904 5924; x_wconf 87' lang='lat' dir='ltr'><strong>id</strong></span> <span class='ocrx_word' id='word_1_871' title='bbox 2931 5879 3013 5925; x_wconf 89' lang='lat' dir='ltr'><strong>est</strong></span> <span class='ocrx_word' id='word_1_872' title='bbox 3041 5869 3298 5927; x_wconf 88' lang='lat' dir='ltr'><strong>obedieus</strong></span> <span class='ocrx_word' id='word_1_873' title='bbox 3324 5869 3422 5928; x_wconf 83' lang='lat' dir='ltr'><strong>Dei</strong></span> <span class='ocrx_word' id='word_1_874' title='bbox 3446 5872 3618 5945; x_wconf 87' lang='lat' dir='ltr'><strong>gratia</strong></span> <span class='ocrx_word' id='word_1_875' title='bbox 3652 5884 3742 5926; x_wconf 84' lang='lat' dir='ltr'><strong>vo-</strong></span> 
     </span>
    </p>
   </div>
  </div>
