  <div class='ocr_page' id='page_1' title='image "/cluster/home/n/w/nwhite01/storage/ocr_20150623/110/hvd.32044015466865/186.png"; bbox 0 0 3960 6360; ppageno 0'>
   <div class='ocr_carea' id='block_1_1' title="bbox 190 439 308 517">
    <p class='ocr_par' dir='ltr' id='par_1_1' title="bbox 190 439 308 517">
     <span class='ocr_line' id='line_1_1' title="bbox 190 439 308 517; baseline 0.008 -1"><span class='ocrx_word' id='word_1_1' title='bbox 190 439 308 517; x_wconf 63' lang='lat'><strong>349</strong></span> 
     </span>
    </p>
   </div>
   <div class='ocr_carea' id='block_1_2' title="bbox 1268 433 2330 520">
    <p class='ocr_par' dir='ltr' id='par_1_2' title="bbox 1268 433 2330 520">
     <span class='ocr_line' id='line_1_2' title="bbox 1268 433 2330 520; baseline 0.001 -4"><span class='ocrx_word' id='word_1_2' title='bbox 1268 443 1564 520; x_wconf 64' lang='lat' dir='ltr'><strong>&quot;eum</strong></span> <span class='ocrx_word' id='word_1_3' title='bbox 1596 445 1662 518; x_wconf 74' lang='lat' dir='ltr'><strong>ia</strong></span> <span class='ocrx_word' id='word_1_4' title='bbox 1702 445 1948 518; x_wconf 74' lang='lat' dir='ltr'><strong>EVANC.</strong></span> <span class='ocrx_word' id='word_1_5' title='bbox 1992 443 2078 516; x_wconf 71' lang='grc' dir='ltr'><strong>ΕΤ</strong></span> <span class='ocrx_word' id='word_1_6' title='bbox 2117 433 2330 519; x_wconf 62' lang='lat' dir='ltr'><strong>arar.</strong></span> 
     </span>
    </p>
   </div>
   <div class='ocr_carea' id='block_1_3' title="bbox 3348 453 3460 517">
    <p class='ocr_par' dir='ltr' id='par_1_3' title="bbox 3348 453 3460 517">
     <span class='ocr_line' id='line_1_3' title="bbox 3348 453 3460 517; baseline 0.009 -1"><span class='ocrx_word' id='word_1_7' title='bbox 3348 453 3460 517; x_wconf 56' lang='lat'><strong>33:0</strong></span> 
     </span>
    </p>
   </div>
   <div class='ocr_carea' id='block_1_4' title="bbox 192 563 3456 649">
    <p class='ocr_par' dir='ltr' id='par_1_4' title="bbox 192 563 3456 649">
     <span class='ocr_line' id='line_1_4' title="bbox 192 563 3456 649; baseline -0.001 -15"><span class='ocrx_word' id='word_1_8' title='bbox 192 587 379 645; x_wconf 70' lang='lat' dir='ltr'><strong>catur,</strong></span> <span class='ocrx_word' id='word_1_9' title='bbox 407 586 467 634; x_wconf 93' lang='lat' dir='ltr'><strong>ut</strong></span> <span class='ocrx_word' id='word_1_10' title='bbox 510 577 714 648; x_wconf 90' lang='lat' dir='ltr'><strong>liquido</strong></span> <span class='ocrx_word' id='word_1_11' title='bbox 743 579 951 634; x_wconf 88' lang='lat' dir='ltr'><strong>cunctis</strong></span> <span class='ocrx_word' id='word_1_12' title='bbox 981 579 1321 645; x_wconf 77' lang='lat' dir='ltr'><strong>ostendatur,</strong></span> <span class='ocrx_word' id='word_1_13' title='bbox 1354 581 1454 634; x_wconf 81' lang='lat' dir='ltr'><strong>hoc</strong></span> <span class='ocrx_word' id='word_1_14' title='bbox 1484 565 1624 648; x_wconf 85' lang='lat' dir='ltr'><strong>quod</strong></span> <span class='ocrx_word' id='word_1_15' title='bbox 1665 582 1780 632; x_wconf 83' lang='lat' dir='ltr'><strong>ma-</strong></span> <span class='ocrx_word' id='word_1_16' title='bbox 1806 563 1859 640; x_wconf 79' lang='grc' dir='ltr'><strong>Ᾱ</strong></span> <span class='ocrx_word' id='word_1_17' title='bbox 1883 563 2031 631; x_wconf 81' lang='lat' dir='ltr'><strong>iestis</strong></span> <span class='ocrx_word' id='word_1_18' title='bbox 2061 563 2206 632; x_wconf 80' lang='lat' dir='ltr'><strong>verbi</strong></span> <span class='ocrx_word' id='word_1_19' title='bbox 2237 577 2616 649; x_wconf 74' lang='lat' dir='ltr'><strong>prmdieatione&#39;</strong></span> <span class='ocrx_word' id='word_1_20' title='bbox 2644 577 2875 631; x_wconf 73' lang='lat' dir='ltr'><strong>cessare.</strong></span> <span class='ocrx_word' id='word_1_21' title='bbox 2909 571 3081 644; x_wconf 78' lang='lat' dir='ltr'><strong>Q‘u‘e&#39;m‘</strong></span> <span class='ocrx_word' id='word_1_22' title='bbox 3109 589 3167 632; x_wconf 86' lang='lat' dir='ltr'><strong>ut</strong></span> <span class='ocrx_word' id='word_1_23' title='bbox 3193 585 3290 633; x_wconf 79' lang='lat' dir='ltr'><strong>nos</strong></span> <span class='ocrx_word' id='word_1_24' title='bbox 3336 580 3456 633; x_wconf 73' lang='lat' dir='ltr'><strong>imi-</strong></span> 
     </span>
    </p>
   </div>
   <div class='ocr_carea' id='block_1_5' title="bbox 178 669 1775 741">
    <p class='ocr_par' dir='ltr' id='par_1_5' title="bbox 178 669 1775 741">
     <span class='ocr_line' id='line_1_5' title="bbox 178 669 1775 741; baseline -0.002 -15"><span class='ocrx_word' id='word_1_25' title='bbox 178 687 318 739; x_wconf 60' lang='grc' dir='ltr'><strong>,ωε</strong></span> <span class='ocrx_word' id='word_1_26' title='bbox 342 687 450 741; x_wconf 71' lang='lat' dir='ltr'><strong>pra:</strong></span> <span class='ocrx_word' id='word_1_27' title='bbox 473 671 684 726; x_wconf 76' lang='lat' dir='ltr'><strong>caeteris</strong></span> <span class='ocrx_word' id='word_1_28' title='bbox 707 670 1009 724; x_wconf 87' lang='lat' dir='ltr'><strong>obedientia</strong></span> <span class='ocrx_word' id='word_1_29' title='bbox 1023 671 1240 726; x_wconf 80' lang='lat' dir='ltr'><strong>‘Domini</strong></span> <span class='ocrx_word' id='word_1_30' title='bbox 1259 670 1423 736; x_wconf 85' lang='lat' dir='ltr'><strong>jussis</strong></span> <span class='ocrx_word' id='word_1_31' title='bbox 1442 669 1775 740; x_wconf 81' lang='lat' dir='ltr'><strong>obsequitur,</strong></span> 
     </span>
    </p>
   </div>
   <div class='ocr_carea' id='block_1_6' title="bbox 183 761 1777 836">
    <p class='ocr_par' dir='ltr' id='par_1_6' title="bbox 183 761 1777 836">
     <span class='ocr_line' id='line_1_6' title="bbox 183 761 1777 836; baseline 0.002 -23"><span class='ocrx_word' id='word_1_32' title='bbox 183 763 344 836; x_wconf 72' lang='lat' dir='ltr'><strong>quod</strong></span> <span class='ocrx_word' id='word_1_33' title='bbox 397 761 685 815; x_wconf 85' lang='lat' dir='ltr'><strong>ardentiori</strong></span> <span class='ocrx_word' id='word_1_34' title='bbox 738 761 888 815; x_wconf 90' lang='lat' dir='ltr'><strong>illum</strong></span> <span class='ocrx_word' id='word_1_35' title='bbox 937 762 1202 816; x_wconf 87' lang='lat' dir='ltr'><strong>charitate</strong></span> <span class='ocrx_word' id='word_1_36' title='bbox 1248 763 1629 836; x_wconf 74' lang='lat' dir='ltr'><strong>amplectitur,</strong></span> <span class='ocrx_word' id='word_1_37' title='bbox 1672 779 1777 817; x_wconf 93' lang='lat' dir='ltr'><strong>non</strong></span> 
     </span>
    </p>
   </div>
   <div class='ocr_carea' id='block_1_7' title="bbox 185 835 1780 918">
    <p class='ocr_par' dir='ltr' id='par_1_7' title="bbox 185 836 1780 918">
     <span class='ocr_line' id='line_1_7' title="bbox 185 836 1780 918; baseline 0.003 -14"><span class='ocrx_word' id='word_1_38' title='bbox 185 851 422 906; x_wconf 76' lang='lat' dir='ltr'><strong>humani</strong></span> <span class='ocrx_word' id='word_1_39' title='bbox 473 851 681 918; x_wconf 88' lang='lat' dir='ltr'><strong>meriti,</strong></span> <span class='ocrx_word' id='word_1_40' title='bbox 713 853 804 907; x_wconf 91' lang='lat' dir='ltr'><strong>sed</strong></span> <span class='ocrx_word' id='word_1_41' title='bbox 837 853 1072 906; x_wconf 88' lang='lat' dir='ltr'><strong>muneris</strong></span> <span class='ocrx_word' id='word_1_42' title='bbox 1117 869 1238 907; x_wconf 89' lang='lat' dir='ltr'><strong>esse</strong></span> <span class='ocrx_word' id='word_1_43' title='bbox 1279 854 1466 907; x_wconf 80' lang='lat' dir='ltr'><strong>divini.</strong></span> <span class='ocrx_word' id='word_1_44' title='bbox 1515 836 1682 908; x_wconf 85' lang='lat' dir='ltr'><strong>Cauta</strong></span> <span class='ocrx_word' id='word_1_45' title='bbox 1716 870 1780 908; x_wconf 88' lang='lat' dir='ltr'><strong>ac</strong></span> 
     </span>
    </p>
   </div>
   <div class='ocr_carea' id='block_1_8' title="bbox 185 943 1779 1013">
    <p class='ocr_par' dir='ltr' id='par_1_8' title="bbox 185 943 1779 1013">
     <span class='ocr_line' id='line_1_8' title="bbox 185 943 1779 1013; baseline 0 -17"><span class='ocrx_word' id='word_1_46' title='bbox 185 951 496 1013; x_wconf 81' lang='lat' dir='ltr'><strong>temperata</strong></span> <span class='ocrx_word' id='word_1_47' title='bbox 532 951 585 997; x_wconf 84' lang='lat' dir='ltr'><strong>et</strong></span> <span class='ocrx_word' id='word_1_48' title='bbox 613 943 839 1012; x_wconf 83' lang='lat' dir='ltr'><strong>simplici</strong></span> <span class='ocrx_word' id='word_1_49' title='bbox 869 959 999 997; x_wconf 85' lang='lat' dir='ltr'><strong>voce</strong></span> <span class='ocrx_word' id='word_1_50' title='bbox 1034 943 1106 997; x_wconf 85' lang='lat' dir='ltr'><strong>ait</strong></span> <span class='ocrx_word' id='word_1_51' title='bbox 1133 961 1144 995; x_wconf 90' lang='lat'>:</span> <span class='ocrx_word' id='word_1_52' title='bbox 1172 943 1415 1007; x_wconf 82' lang='lat' dir='ltr'><strong>Domine,</strong></span> <span class='ocrx_word' id='word_1_53' title='bbox 1449 953 1504 996; x_wconf 88' lang='lat' dir='ltr'><strong>tu</strong></span> <span class='ocrx_word' id='word_1_54' title='bbox 1529 944 1628 996; x_wconf 86' lang='lat' dir='ltr'><strong>scis</strong></span> <span class='ocrx_word' id='word_1_55' title='bbox 1655 944 1779 1013; x_wconf 89' lang='lat' dir='ltr'><strong>quia</strong></span> 
     </span>
    </p>
   </div>
   <div class='ocr_carea' id='block_1_9' title="bbox 181 1025 1777 1106">
    <p class='ocr_par' dir='ltr' id='par_1_9' title="bbox 181 1025 1777 1106">
     <span class='ocr_line' id='line_1_9' title="bbox 181 1025 1777 1106; baseline 0 -18"><span class='ocrx_word' id='word_1_56' title='bbox 181 1054 314 1088; x_wconf 64' lang='lat' dir='ltr'><strong>ante</strong></span> <span class='ocrx_word' id='word_1_57' title='bbox 359 1046 426 1089; x_wconf 87' lang='lat' dir='ltr'><strong>te.</strong></span> <span class='ocrx_word' id='word_1_58' title='bbox 467 1036 616 1103; x_wconf 84' lang='lat' dir='ltr'><strong>Quod</strong></span> <span class='ocrx_word' id='word_1_59' title='bbox 660 1045 742 1091; x_wconf 89' lang='lat' dir='ltr'><strong>est</strong></span> <span class='ocrx_word' id='word_1_60' title='bbox 778 1025 961 1106; x_wconf 80' lang='lat' dir='ltr'><strong>aperte</strong></span> <span class='ocrx_word' id='word_1_61' title='bbox 992 1038 1197 1102; x_wconf 91' lang='lat' dir='ltr'><strong>dicere,</strong></span> <span class='ocrx_word' id='word_1_62' title='bbox 1231 1037 1342 1090; x_wconf 91' lang='lat' dir='ltr'><strong>scio</strong></span> <span class='ocrx_word' id='word_1_63' title='bbox 1388 1036 1602 1105; x_wconf 81' lang='lat' dir='ltr'><strong>quidem</strong></span> <span class='ocrx_word' id='word_1_64' title='bbox 1653 1037 1777 1103; x_wconf 83' lang='lat' dir='ltr'><strong>quia</strong></span> 
     </span>
    </p>
   </div>
   <div class='ocr_carea' id='block_1_10' title="bbox 185 1129 1775 1199">
    <p class='ocr_par' dir='ltr' id='par_1_10' title="bbox 185 1129 1775 1199">
     <span class='ocr_line' id='line_1_10' title="bbox 185 1129 1775 1199; baseline 0 -19"><span class='ocrx_word' id='word_1_65' title='bbox 185 1129 313 1196; x_wconf 55' lang='lat' dir='ltr'><strong>ipse</strong></span> <span class='ocrx_word' id='word_1_66' title='bbox 339 1138 410 1193; x_wconf 91' lang='lat' dir='ltr'><strong>te,</strong></span> <span class='ocrx_word' id='word_1_67' title='bbox 444 1137 499 1182; x_wconf 94' lang='lat' dir='ltr'><strong>ut</strong></span> <span class='ocrx_word' id='word_1_68' title='bbox 522 1137 574 1182; x_wconf 91' lang='lat' dir='ltr'><strong>tu</strong></span> <span class='ocrx_word' id='word_1_69' title='bbox 600 1129 788 1182; x_wconf 84' lang='lat' dir='ltr'><strong>melius</strong></span> <span class='ocrx_word' id='word_1_70' title='bbox 817 1130 974 1192; x_wconf 87' lang='lat' dir='ltr'><strong>nosti,</strong></span> <span class='ocrx_word' id='word_1_71' title='bbox 1006 1130 1214 1197; x_wconf 80' lang='lat' dir='ltr'><strong>integro</strong></span> <span class='ocrx_word' id='word_1_72' title='bbox 1239 1129 1399 1182; x_wconf 88' lang='lat' dir='ltr'><strong>corde</strong></span> <span class='ocrx_word' id='word_1_73' title='bbox 1430 1129 1612 1199; x_wconf 77' lang='lat' dir='ltr'><strong>diligo,</strong></span> <span class='ocrx_word' id='word_1_74' title='bbox 1640 1143 1775 1196; x_wconf 89' lang='lat' dir='ltr'><strong>qua-</strong></span> 
     </span>
    </p>
   </div>
   <div class='ocr_carea' id='block_1_11' title="bbox 179 1217 1776 1290">
    <p class='ocr_par' dir='ltr' id='par_1_11' title="bbox 179 1217 1776 1290">
     <span class='ocr_line' id='line_1_11' title="bbox 179 1217 1776 1290; baseline 0.001 -18"><span class='ocrx_word' id='word_1_75' title='bbox 179 1220 318 1273; x_wconf 81' lang='lat' dir='ltr'><strong>liter</strong></span> <span class='ocrx_word' id='word_1_76' title='bbox 343 1235 470 1273; x_wconf 86' lang='lat' dir='ltr'><strong>vero</strong></span> <span class='ocrx_word' id='word_1_77' title='bbox 493 1228 544 1274; x_wconf 80' lang='lat' dir='ltr'><strong>te</strong></span> <span class='ocrx_word' id='word_1_78' title='bbox 579 1219 682 1278; x_wconf 33' lang='lat' dir='ltr'><strong>alii,</strong></span> <span class='ocrx_word' id='word_1_79' title='bbox 715 1221 940 1290; x_wconf 83' lang='lat' dir='ltr'><strong>diligant</strong></span> <span class='ocrx_word' id='word_1_80' title='bbox 970 1221 1099 1274; x_wconf 89' lang='lat' dir='ltr'><strong>mihi</strong></span> <span class='ocrx_word' id='word_1_81' title='bbox 1145 1219 1357 1288; x_wconf 86' lang='lat' dir='ltr'><strong>quidem</strong></span> <span class='ocrx_word' id='word_1_82' title='bbox 1389 1219 1650 1289; x_wconf 80' lang='lat' dir='ltr'><strong>ignotum,</strong></span> <span class='ocrx_word' id='word_1_83' title='bbox 1683 1217 1776 1273; x_wconf 83' lang='lat' dir='ltr'><strong>sed</strong></span> 
     </span>
    </p>
   </div>
   <div class='ocr_carea' id='block_1_12' title="bbox 181 1297 825 1364">
    <p class='ocr_par' dir='ltr' id='par_1_12' title="bbox 181 1297 825 1364">
     <span class='ocr_line' id='line_1_12' title="bbox 181 1297 825 1364; baseline 0.003 -2"><span class='ocrx_word' id='word_1_84' title='bbox 181 1311 291 1364; x_wconf 91' lang='lat' dir='ltr'><strong>tibi</strong></span> <span class='ocrx_word' id='word_1_85' title='bbox 321 1320 446 1364; x_wconf 90' lang='lat' dir='ltr'><strong>sunt</strong></span> <span class='ocrx_word' id='word_1_86' title='bbox 473 1297 652 1364; x_wconf 81' lang='lat' dir='ltr'><strong>omnia</strong></span> <span class='ocrx_word' id='word_1_87' title='bbox 678 1320 825 1364; x_wconf 88' lang='lat' dir='ltr'><strong>nota.</strong></span> 
     </span>
    </p>
   </div>
   <div class='ocr_carea' id='block_1_13' title="bbox 263 1400 1777 1472">
    <p class='ocr_par' dir='ltr' id='par_1_13' title="bbox 263 1400 1777 1472">
     <span class='ocr_line' id='line_1_13' title="bbox 263 1400 1777 1472; baseline 0 -18"><span class='ocrx_word' id='word_1_88' title='bbox 263 1401 615 1455; x_wconf 84' lang='lat' dir='ltr'><strong>Contristatus</strong></span> <span class='ocrx_word' id='word_1_89' title='bbox 639 1413 709 1454; x_wconf 87' lang='lat' dir='ltr'><strong>est</strong></span> <span class='ocrx_word' id='word_1_90' title='bbox 730 1402 918 1455; x_wconf 81' lang='lat' dir='ltr'><strong>Petrus</strong></span> <span class='ocrx_word' id='word_1_91' title='bbox 938 1402 1058 1472; x_wconf 90' lang='lat' dir='ltr'><strong>quia</strong></span> <span class='ocrx_word' id='word_1_92' title='bbox 1081 1401 1211 1455; x_wconf 68' lang='lat' dir='ltr'><strong>dixit</strong></span> <span class='ocrx_word' id='word_1_93' title='bbox 1233 1402 1278 1454; x_wconf 84' lang='lat' dir='ltr'><strong>ei</strong></span> <span class='ocrx_word' id='word_1_94' title='bbox 1302 1402 1472 1464; x_wconf 86' lang='lat' dir='ltr'><strong>tertio,</strong></span> <span class='ocrx_word' id='word_1_95' title='bbox 1488 1400 1647 1454; x_wconf 79' lang='lat' dir='ltr'><strong>Antas</strong></span> <span class='ocrx_word' id='word_1_96' title='bbox 1669 1401 1777 1454; x_wconf 86' lang='lat' dir='ltr'><strong>me?</strong></span> 
     </span>
    </p>
   </div>
   <div class='ocr_carea' id='block_1_14' title="bbox 175 1477 1774 1565">
    <p class='ocr_par' dir='ltr' id='par_1_14' title="bbox 175 1495 1774 1565">
     <span class='ocr_line' id='line_1_14' title="bbox 175 1495 1774 1565; baseline 0 -18"><span class='ocrx_word' id='word_1_97' title='bbox 175 1504 234 1547; x_wconf 88' lang='lat' dir='ltr'><strong>et</strong></span> <span class='ocrx_word' id='word_1_98' title='bbox 266 1496 393 1548; x_wconf 81' lang='lat' dir='ltr'><strong>dicit</strong></span> <span class='ocrx_word' id='word_1_99' title='bbox 417 1495 494 1548; x_wconf 88' lang='lat' dir='ltr'><strong>ei:</strong></span> <span class='ocrx_word' id='word_1_100' title='bbox 514 1495 754 1558; x_wconf 83' lang='lat' dir='ltr'><strong>Domine,</strong></span> <span class='ocrx_word' id='word_1_101' title='bbox 785 1505 839 1547; x_wconf 86' lang='lat' dir='ltr'><strong>tu</strong></span> <span class='ocrx_word' id='word_1_102' title='bbox 878 1495 1052 1547; x_wconf 82' lang='lat' dir='ltr'><strong>omnia</strong></span> <span class='ocrx_word' id='word_1_103' title='bbox 1102 1496 1254 1557; x_wconf 83' lang='lat' dir='ltr'><strong>nosti,</strong></span> <span class='ocrx_word' id='word_1_104' title='bbox 1296 1504 1351 1546; x_wconf 87' lang='lat' dir='ltr'><strong>tu</strong></span> <span class='ocrx_word' id='word_1_105' title='bbox 1382 1495 1482 1547; x_wconf 83' lang='lat' dir='ltr'><strong>scis</strong></span> <span class='ocrx_word' id='word_1_106' title='bbox 1510 1496 1633 1565; x_wconf 85' lang='lat' dir='ltr'><strong>quia</strong></span> <span class='ocrx_word' id='word_1_107' title='bbox 1657 1511 1774 1548; x_wconf 89' lang='lat' dir='ltr'><strong>amo</strong></span> 
     </span>
    </p>
   </div>
   <div class='ocr_carea' id='block_1_15' title="bbox 178 1586 1770 1657">
    <p class='ocr_par' dir='ltr' id='par_1_15' title="bbox 178 1586 1770 1657">
     <span class='ocr_line' id='line_1_15' title="bbox 178 1586 1770 1657; baseline 0.003 -18"><span class='ocrx_word' id='word_1_108' title='bbox 178 1599 258 1640; x_wconf 76' lang='lat' dir='ltr'><strong>te.</strong></span> <span class='ocrx_word' id='word_1_109' title='bbox 297 1587 436 1640; x_wconf 82' lang='lat' dir='ltr'><strong>Dicit</strong></span> <span class='ocrx_word' id='word_1_110' title='bbox 469 1587 554 1640; x_wconf 84' lang='lat' dir='ltr'><strong>ei:</strong></span> <span class='ocrx_word' id='word_1_111' title='bbox 579 1586 743 1640; x_wconf 85' lang='lat' dir='ltr'><strong>Pasce</strong></span> <span class='ocrx_word' id='word_1_112' title='bbox 791 1605 950 1656; x_wconf 87' lang='lat' dir='ltr'><strong>agnos</strong></span> <span class='ocrx_word' id='word_1_113' title='bbox 993 1605 1150 1641; x_wconf 86' lang='lat' dir='ltr'><strong>meos.</strong></span> <span class='ocrx_word' id='word_1_114' title='bbox 1186 1589 1411 1642; x_wconf 78' lang='lat' dir='ltr'><strong>Provida</strong></span> <span class='ocrx_word' id='word_1_115' title='bbox 1445 1598 1622 1640; x_wconf 85' lang='lat' dir='ltr'><strong>autem</strong></span> <span class='ocrx_word' id='word_1_116' title='bbox 1655 1591 1770 1657; x_wconf 84' lang='lat' dir='ltr'><strong>pie-</strong></span> 
     </span>
    </p>
   </div>
   <div class='ocr_carea' id='block_1_16' title="bbox 179 1673 1770 1749">
    <p class='ocr_par' dir='ltr' id='par_1_16' title="bbox 179 1673 1770 1749">
     <span class='ocr_line' id='line_1_16' title="bbox 179 1673 1770 1749; baseline 0.003 -21"><span class='ocrx_word' id='word_1_117' title='bbox 179 1673 303 1731; x_wconf 77' lang='lat' dir='ltr'><strong>tate</strong></span> <span class='ocrx_word' id='word_1_118' title='bbox 336 1675 590 1730; x_wconf 86' lang='lat' dir='ltr'><strong>Dominus</strong></span> <span class='ocrx_word' id='word_1_119' title='bbox 619 1678 778 1731; x_wconf 87' lang='lat' dir='ltr'><strong>tertio</strong></span> <span class='ocrx_word' id='word_1_120' title='bbox 805 1677 1024 1732; x_wconf 80' lang='lat' dir='ltr'><strong>Petrum</strong></span> <span class='ocrx_word' id='word_1_121' title='bbox 1056 1695 1120 1731; x_wconf 89' lang='lat' dir='ltr'><strong>an</strong></span> <span class='ocrx_word' id='word_1_122' title='bbox 1151 1693 1206 1732; x_wconf 87' lang='lat' dir='ltr'><strong>se</strong></span> <span class='ocrx_word' id='word_1_123' title='bbox 1237 1679 1422 1749; x_wconf 77' lang='lat' dir='ltr'><strong>diligat</strong></span> <span class='ocrx_word' id='word_1_124' title='bbox 1457 1680 1770 1749; x_wconf 80' lang='lat' dir='ltr'><strong>interrOgat,</strong></span> 
     </span>
    </p>
   </div>
   <div class='ocr_carea' id='block_1_17' title="bbox 175 1768 1771 1840">
    <p class='ocr_par' dir='ltr' id='par_1_17' title="bbox 175 1768 1771 1840">
     <span class='ocr_line' id='line_1_17' title="bbox 175 1768 1771 1840; baseline 0.004 -21"><span class='ocrx_word' id='word_1_125' title='bbox 175 1773 247 1819; x_wconf 74' lang='lat' dir='ltr'><strong>tit</strong></span> <span class='ocrx_word' id='word_1_126' title='bbox 285 1768 396 1836; x_wconf 87' lang='lat' dir='ltr'><strong>ipsa</strong></span> <span class='ocrx_word' id='word_1_127' title='bbox 437 1768 574 1821; x_wconf 86' lang='lat' dir='ltr'><strong>trina</strong></span> <span class='ocrx_word' id='word_1_128' title='bbox 613 1769 949 1823; x_wconf 78' lang='lat' dir='ltr'><strong>confessione</strong></span> <span class='ocrx_word' id='word_1_129' title='bbox 989 1770 1195 1824; x_wconf 84' lang='lat' dir='ltr'><strong>vincula</strong></span> <span class='ocrx_word' id='word_1_130' title='bbox 1239 1779 1356 1840; x_wconf 73' lang='lat' dir='ltr'><strong>quzfe</strong></span> <span class='ocrx_word' id='word_1_131' title='bbox 1395 1771 1540 1824; x_wconf 84' lang='lat' dir='ltr'><strong>illum</strong></span> <span class='ocrx_word' id='word_1_132' title='bbox 1573 1779 1653 1825; x_wconf 87' lang='lat' dir='ltr'><strong>ter</strong></span> <span class='ocrx_word' id='word_1_133' title='bbox 1679 1785 1771 1824; x_wconf 87' lang='lat' dir='ltr'><strong>ne-</strong></span> 
     </span>
    </p>
   </div>
   <div class='ocr_carea' id='block_1_18' title="bbox 181 1857 1770 1928">
    <p class='ocr_par' dir='ltr' id='par_1_18' title="bbox 181 1857 1770 1928">
     <span class='ocr_line' id='line_1_18' title="bbox 181 1857 1770 1928; baseline 0.004 -19"><span class='ocrx_word' id='word_1_134' title='bbox 181 1857 369 1923; x_wconf 69' lang='lat' dir='ltr'><strong>gando</strong></span> <span class='ocrx_word' id='word_1_135' title='bbox 412 1857 662 1925; x_wconf 66' lang='lat' dir='ltr'><strong>ligarunt,</strong></span> <span class='ocrx_word' id='word_1_136' title='bbox 709 1857 965 1911; x_wconf 71' lang='lat' dir='ltr'><strong>absfo’lva&#39;t.</strong></span> <span class='ocrx_word' id='word_1_137' title='bbox 1018 1857 1083 1913; x_wconf 79' lang='lat' dir='ltr'><strong>Et</strong></span> <span class='ocrx_word' id='word_1_138' title='bbox 1142 1861 1352 1928; x_wconf 85' lang='lat' dir='ltr'><strong>quoties</strong></span> <span class='ocrx_word' id='word_1_139' title='bbox 1394 1861 1610 1914; x_wconf 87' lang='lat' dir='ltr'><strong>territus</strong></span> <span class='ocrx_word' id='word_1_140' title='bbox 1655 1859 1770 1928; x_wconf 83' lang='lat' dir='ltr'><strong>ejus</strong></span> 
     </span>
    </p>
   </div>
   <div class='ocr_carea' id='block_1_19' title="bbox 1887 658 3459 738">
    <p class='ocr_par' dir='ltr' id='par_1_19' title="bbox 1887 658 3459 738">
     <span class='ocr_line' id='line_1_19' title="bbox 1887 658 3459 738; baseline 0.004 -19"><span class='ocrx_word' id='word_1_141' title='bbox 1887 667 2062 721; x_wconf 79' lang='lat' dir='ltr'><strong>temur</strong></span> <span class='ocrx_word' id='word_1_142' title='bbox 2108 663 2270 721; x_wconf 70' lang='lat' dir='ltr'><strong>facint</strong></span> <span class='ocrx_word' id='word_1_143' title='bbox 2298 661 2386 722; x_wconf 86' lang='lat' dir='ltr'><strong>ille</strong></span> <span class='ocrx_word' id='word_1_144' title='bbox 2413 658 2505 737; x_wconf 84' lang='lat' dir='ltr'><strong>qui</strong></span> <span class='ocrx_word' id='word_1_145' title='bbox 2539 671 2660 722; x_wconf 69' lang='grc' dir='ltr'>οὐιἱί</span> <span class='ocrx_word' id='word_1_146' title='bbox 2710 665 2870 722; x_wconf 66' lang='lat' dir='ltr'><strong>Patre</strong></span> <span class='ocrx_word' id='word_1_147' title='bbox 2919 671 2973 723; x_wconf 85' lang='lat' dir='ltr'><strong>et</strong></span> <span class='ocrx_word' id='word_1_148' title='bbox 3017 665 3220 738; x_wconf 77' lang='lat' dir='ltr'><strong>Spiritu</strong></span> <span class='ocrx_word' id='word_1_149' title='bbox 3271 677 3459 725; x_wconf 69' lang='lat' dir='ltr'><strong>Sancto</strong></span> 
     </span>
    </p>
   </div>
   <div class='ocr_carea' id='block_1_20' title="bbox 1883 743 3450 832">
    <p class='ocr_par' dir='ltr' id='par_1_20' title="bbox 1883 743 3450 832">
     <span class='ocr_line' id='line_1_20' title="bbox 1883 743 3450 832; baseline 0.003 -20"><span class='ocrx_word' id='word_1_150' title='bbox 1883 745 2010 813; x_wconf 85' lang='lat' dir='ltr'><strong>vivit</strong></span> <span class='ocrx_word' id='word_1_151' title='bbox 2039 753 2092 814; x_wconf 80' lang='lat' dir='ltr'><strong>et</strong></span> <span class='ocrx_word' id='word_1_152' title='bbox 2123 761 2309 832; x_wconf 80' lang='lat' dir='ltr'><strong>regnat</strong></span> <span class='ocrx_word' id='word_1_153' title='bbox 2352 743 2514 826; x_wconf 73' lang='lat' dir='ltr'><strong>Deus,</strong></span> <span class='ocrx_word' id='word_1_154' title='bbox 2540 761 2640 830; x_wconf 73' lang='lat' dir='ltr'><strong>per</strong></span> <span class='ocrx_word' id='word_1_155' title='bbox 2673 759 2857 814; x_wconf 76' lang='lat' dir='ltr'><strong>omnia</strong></span> <span class='ocrx_word' id='word_1_156' title='bbox 2893 757 3090 814; x_wconf 64' lang='lat' dir='ltr'><strong>smcu&#39;la‘</strong></span> <span class='ocrx_word' id='word_1_157' title='bbox 3117 759 3450 816; x_wconf 65' lang='lat' dir='ltr'><strong>saeculorum.</strong></span> 
     </span>
    </p>
   </div>
   <div class='ocr_carea' id='block_1_21' title="bbox 1878 836 2070 908">
    <p class='ocr_par' dir='ltr' id='par_1_21' title="bbox 1878 836 2070 908">
     <span class='ocr_line' id='line_1_21' title="bbox 1878 836 2070 908; baseline -0.005 0"><span class='ocrx_word' id='word_1_158' title='bbox 1878 836 2070 908; x_wconf 68' lang='lat' dir='ltr'><strong>Amen.</strong></span> 
     </span>
    </p>
   </div>
   <div class='ocr_carea' id='block_1_22' title="bbox 2439 933 2897 998">
    <p class='ocr_par' dir='ltr' id='par_1_22' title="bbox 2439 933 2897 998">
     <span class='ocr_line' id='line_1_22' title="bbox 2439 933 2897 998; baseline -0.004 0"><span class='ocrx_word' id='word_1_159' title='bbox 2439 935 2714 998; x_wconf 69' lang='lat' dir='ltr'><strong>HOMl‘Lb‘t</strong></span> <span class='ocrx_word' id='word_1_160' title='bbox 2765 933 2897 996; x_wconf 71' lang='lat' dir='ltr'><strong>CIX.</strong></span> 
     </span>
    </p>
   </div>
   <div class='ocr_carea' id='block_1_23' title="bbox 2324 1041 3009 1096">
    <p class='ocr_par' dir='ltr' id='par_1_23' title="bbox 2324 1041 3009 1096">
     <span class='ocr_line' id='line_1_23' title="bbox 2324 1041 3009 1096; baseline -0.006 -1"><span class='ocrx_word' id='word_1_161' title='bbox 2324 1041 2376 1095; x_wconf 71' lang='lat' dir='ltr'><strong>iit</strong></span> <span class='ocrx_word' id='word_1_162' title='bbox 2402 1043 2593 1096; x_wconf 66' lang='lat' dir='ltr'><strong>unam</strong></span> <span class='ocrx_word' id='word_1_163' title='bbox 2622 1049 2807 1095; x_wconf 61' lang='lat' dir='ltr'><strong>sAsc&#39;rt</strong></span> <span class='ocrx_word' id='word_1_164' title='bbox 2833 1041 3009 1092; x_wconf 60' lang='lat' dir='ltr'><strong>uertit.</strong></span> 
     </span>
    </p>
   </div>
   <div class='ocr_carea' id='block_1_24' title="bbox 2231 1120 3104 1200">
    <p class='ocr_par' dir='ltr' id='par_1_24' title="bbox 2231 1120 3104 1200">
     <span class='ocr_line' id='line_1_24' title="bbox 2231 1120 3104 1200; baseline -0.005 -13"><span class='ocrx_word' id='word_1_165' title='bbox 2231 1120 2416 1189; x_wconf 65' lang='lat' dir='ltr'><strong>Lectio</strong></span> <span class='ocrx_word' id='word_1_166' title='bbox 2450 1129 2677 1186; x_wconf 78' lang='lat' dir='ltr'><strong>Actuuin</strong></span> <span class='ocrx_word' id='word_1_167' title='bbox 2719 1126 3104 1200; x_wconf 73' lang='lat' dir='ltr'><strong>apostolorum.</strong></span> 
     </span>
    </p>
   </div>
   <div class='ocr_carea' id='block_1_25' title="bbox 1949 1207 3457 1296">
    <p class='ocr_par' dir='ltr' id='par_1_25' title="bbox 1949 1207 3457 1296">
     <span class='ocr_line' id='line_1_25' title="bbox 1949 1207 3457 1296; baseline -0.004 -16"><span class='ocrx_word' id='word_1_168' title='bbox 1949 1207 2016 1282; x_wconf 83' lang='grc' dir='ltr'><em>Ῐη</em></span> <span class='ocrx_word' id='word_1_169' title='bbox 2044 1211 2221 1281; x_wconf 79' lang='lat' dir='ltr'><strong>diebus</strong></span> <span class='ocrx_word' id='word_1_170' title='bbox 2249 1215 2367 1292; x_wconf 70' lang='lat' dir='ltr'><strong>illis,</strong></span> <span class='ocrx_word' id='word_1_171' title='bbox 2403 1229 2541 1282; x_wconf 84' lang='lat' dir='ltr'><strong>misit</strong></span> <span class='ocrx_word' id='word_1_172' title='bbox 2583 1219 2814 1280; x_wconf 56' lang='lat' dir='ltr'><strong>Hei-ode}?</strong></span> <span class='ocrx_word' id='word_1_173' title='bbox 2848 1235 2936 1280; x_wconf 65' lang='lat' dir='ltr'><strong>rem</strong></span> <span class='ocrx_word' id='word_1_174' title='bbox 2966 1230 3155 1278; x_wconf 71' lang='lat' dir='ltr'><strong>manus</strong></span> <span class='ocrx_word' id='word_1_175' title='bbox 3177 1227 3230 1276; x_wconf 84' lang='lat' dir='ltr'><strong>itt</strong></span> <span class='ocrx_word' id='word_1_176' title='bbox 3261 1219 3457 1296; x_wconf 71' lang='lat' dir='ltr'><strong>afﬂige—</strong></span> 
     </span>
    </p>
   </div>
   <div class='ocr_carea' id='block_1_26' title="bbox 1877 1313 2734 1386">
    <p class='ocr_par' dir='ltr' id='par_1_26' title="bbox 1877 1313 2734 1386">
     <span class='ocr_line' id='line_1_26' title="bbox 1877 1313 2734 1386; baseline 0 -17"><span class='ocrx_word' id='word_1_177' title='bbox 1877 1313 1954 1371; x_wconf 73' lang='lat' dir='ltr'><strong>ret</strong></span> <span class='ocrx_word' id='word_1_178' title='bbox 1977 1315 2228 1386; x_wconf 84' lang='lat' dir='ltr'><strong>quosdam</strong></span> <span class='ocrx_word' id='word_1_179' title='bbox 2254 1318 2316 1370; x_wconf 79' lang='lat' dir='ltr'><strong>tle</strong></span> <span class='ocrx_word' id='word_1_180' title='bbox 2345 1317 2598 1382; x_wconf 79' lang='lat' dir='ltr'><strong>Ecclesia,</strong></span> <span class='ocrx_word' id='word_1_181' title='bbox 2631 1323 2734 1371; x_wconf 88' lang='lat' dir='ltr'><strong>etc.</strong></span> 
     </span>
    </p>
   </div>
   <div class='ocr_carea' id='block_1_27' title="bbox 1947 1395 3452 1474">
    <p class='ocr_par' dir='ltr' id='par_1_27' title="bbox 1947 1395 3452 1474">
     <span class='ocr_line' id='line_1_27' title="bbox 1947 1395 3452 1474; baseline -0.005 -11"><span class='ocrx_word' id='word_1_182' title='bbox 1947 1395 2100 1464; x_wconf 70' lang='lat' dir='ltr'><strong>Hunc</strong></span> <span class='ocrx_word' id='word_1_183' title='bbox 2131 1395 2392 1464; x_wconf 71' lang='lat' dir='ltr'><strong>Herodem</strong></span> <span class='ocrx_word' id='word_1_184' title='bbox 2419 1408 2625 1462; x_wconf 83' lang='lat' dir='ltr'><strong>Claudii</strong></span> <span class='ocrx_word' id='word_1_185' title='bbox 2659 1411 2890 1460; x_wconf 59' lang='lat' dir='ltr'><strong>annm...</strong></span> <span class='ocrx_word' id='word_1_186' title='bbox 2919 1403 3000 1458; x_wconf 80' lang='lat' dir='ltr'><strong>sui</strong></span> <span class='ocrx_word' id='word_1_187' title='bbox 3024 1407 3154 1458; x_wconf 69' lang='lat' dir='ltr'><strong>vero</strong></span> <span class='ocrx_word' id='word_1_188' title='bbox 3185 1403 3338 1474; x_wconf 70' lang='lat' dir='ltr'><strong>regni</strong></span> <span class='ocrx_word' id='word_1_189' title='bbox 3365 1401 3452 1465; x_wconf 88' lang='lat'><strong>70,</strong></span> 
     </span>
    </p>
   </div>
   <div class='ocr_carea' id='block_1_28' title="bbox 1877 1488 2994 1574">
    <p class='ocr_par' dir='ltr' id='par_1_28' title="bbox 1877 1488 2994 1574">
     <span class='ocr_line' id='line_1_28' title="bbox 1877 1488 2994 1574; baseline -0.009 -16"><span class='ocrx_word' id='word_1_190' title='bbox 1877 1488 1944 1558; x_wconf 79' lang='lat' dir='ltr'><strong>ab</strong></span> <span class='ocrx_word' id='word_1_191' title='bbox 1974 1489 2173 1574; x_wconf 61' lang='lat' dir='ltr'><strong>Angelo</strong></span> <span class='ocrx_word' id='word_1_192' title='bbox 2200 1518 2510 1572; x_wconf 82' lang='lat' dir='ltr'><strong>percussum</strong></span> <span class='ocrx_word' id='word_1_193' title='bbox 2542 1509 2725 1555; x_wconf 86' lang='lat' dir='ltr'><strong>narrat</strong></span> <span class='ocrx_word' id='word_1_194' title='bbox 2753 1498 2994 1552; x_wconf 83' lang='lat' dir='ltr'><strong>historia.</strong></span> 
     </span>
    </p>
   </div>
   <div class='ocr_carea' id='block_1_29' title="bbox 1949 1582 3458 1663">
    <p class='ocr_par' dir='ltr' id='par_1_29' title="bbox 1949 1582 3458 1663">
     <span class='ocr_line' id='line_1_29' title="bbox 1949 1582 3458 1663; baseline -0.009 -11"><span class='ocrx_word' id='word_1_195' title='bbox 1949 1584 2150 1652; x_wconf 74' lang='lat' dir='ltr'><strong>Occidit</strong></span> <span class='ocrx_word' id='word_1_196' title='bbox 2183 1609 2351 1650; x_wconf 84' lang='lat' dir='ltr'><strong>autent</strong></span> <span class='ocrx_word' id='word_1_197' title='bbox 2384 1594 2638 1650; x_wconf 70' lang='lat' dir='ltr'><strong>Iacobum</strong></span> <span class='ocrx_word' id='word_1_198' title='bbox 2662 1594 2873 1663; x_wconf 81' lang='lat' dir='ltr'><strong>fratrem</strong></span> <span class='ocrx_word' id='word_1_199' title='bbox 2902 1589 3124 1644; x_wconf 83' lang='lat' dir='ltr'><strong>Joannis</strong></span> <span class='ocrx_word' id='word_1_200' title='bbox 3150 1582 3345 1658; x_wconf 80' lang='lat' dir='ltr'><strong>gladio.</strong></span> <span class='ocrx_word' id='word_1_201' title='bbox 3383 1587 3458 1639; x_wconf 86' lang='lat' dir='ltr'><strong>De</strong></span> 
     </span>
    </p>
   </div>
   <div class='ocr_carea' id='block_1_30' title="bbox 1876 1673 3458 1752">
    <p class='ocr_par' dir='ltr' id='par_1_30' title="bbox 1876 1673 3458 1752">
     <span class='ocr_line' id='line_1_30' title="bbox 1876 1673 3458 1752; baseline -0.006 -8"><span class='ocrx_word' id='word_1_202' title='bbox 1876 1673 1976 1745; x_wconf 85' lang='lat' dir='ltr'><strong>hoc</strong></span> <span class='ocrx_word' id='word_1_203' title='bbox 2021 1687 2217 1745; x_wconf 81' lang='lat' dir='ltr'><strong>Jacobo</strong></span> <span class='ocrx_word' id='word_1_204' title='bbox 2247 1689 2495 1743; x_wconf 76' lang='lat' dir='ltr'><strong>Clemens</strong></span> <span class='ocrx_word' id='word_1_205' title='bbox 2531 1685 2925 1742; x_wconf 79' lang='lat' dir='ltr'><strong>Alexandrinus</strong></span> <span class='ocrx_word' id='word_1_206' title='bbox 2961 1683 3238 1739; x_wconf 83' lang='lat' dir='ltr'><strong>historiam</strong></span> <span class='ocrx_word' id='word_1_207' title='bbox 3270 1697 3458 1752; x_wconf 85' lang='lat' dir='ltr'><strong>quam-</strong></span> 
     </span>
    </p>
   </div>
   <div class='ocr_carea' id='block_1_31' title="bbox 1877 1769 3459 1852">
    <p class='ocr_par' dir='ltr' id='par_1_31' title="bbox 1877 1769 3459 1852">
     <span class='ocr_line' id='line_1_31' title="bbox 1877 1769 3459 1852; baseline -0.007 -17"><span class='ocrx_word' id='word_1_208' title='bbox 1877 1769 1994 1836; x_wconf 82' lang='lat' dir='ltr'><strong>dam</strong></span> <span class='ocrx_word' id='word_1_209' title='bbox 2021 1781 2234 1852; x_wconf 83' lang='lat' dir='ltr'><strong>dignam</strong></span> <span class='ocrx_word' id='word_1_210' title='bbox 2261 1780 2518 1833; x_wconf 85' lang='lat' dir='ltr'><strong>memoria</strong></span> <span class='ocrx_word' id='word_1_211' title='bbox 2550 1778 2711 1832; x_wconf 80' lang='lat' dir='ltr'><strong>refert</strong></span> <span class='ocrx_word' id='word_1_212' title='bbox 2737 1797 2749 1831; x_wconf 76' lang='grc' dir='ltr'>ε</span> <span class='ocrx_word' id='word_1_213' title='bbox 2781 1778 2843 1830; x_wconf 77' lang='lat' dir='ltr'><strong>Et</strong></span> <span class='ocrx_word' id='word_1_214' title='bbox 2875 1779 2937 1839; x_wconf 86' lang='lat' dir='ltr'><strong>is,</strong></span> <span class='ocrx_word' id='word_1_215' title='bbox 2968 1777 3162 1844; x_wconf 81' lang='lat' dir='ltr'><strong>inquit,</strong></span> <span class='ocrx_word' id='word_1_216' title='bbox 3196 1776 3284 1844; x_wconf 83' lang='lat' dir='ltr'><strong>qui</strong></span> <span class='ocrx_word' id='word_1_217' title='bbox 3312 1772 3459 1825; x_wconf 82' lang='lat' dir='ltr'><strong>obtu-</strong></span> 
     </span>
    </p>
   </div>
   <div class='ocr_carea' id='block_1_32' title="bbox 1876 1865 3457 1941">
    <p class='ocr_par' dir='ltr' id='par_1_32' title="bbox 1876 1865 3457 1941">
     <span class='ocr_line' id='line_1_32' title="bbox 1876 1865 3457 1941; baseline -0.006 -17"><span class='ocrx_word' id='word_1_218' title='bbox 1876 1869 2005 1924; x_wconf 83' lang='lat' dir='ltr'><strong>lerat</strong></span> <span class='ocrx_word' id='word_1_219' title='bbox 2021 1871 2193 1941; x_wconf 83' lang='lat' dir='ltr'><strong>judici</strong></span> <span class='ocrx_word' id='word_1_220' title='bbox 2215 1869 2281 1922; x_wconf 82' lang='lat' dir='ltr'><strong>ad</strong></span> <span class='ocrx_word' id='word_1_221' title='bbox 2303 1869 2610 1937; x_wconf 66' lang='lat' dir='ltr'><strong>martyrium</strong></span> <span class='ocrx_word' id='word_1_222' title='bbox 2633 1867 2886 1921; x_wconf 73' lang='lat' dir='ltr'><strong>Iacobum</strong></span> <span class='ocrx_word' id='word_1_223' title='bbox 2902 1866 3094 1919; x_wconf 83' lang='lat' dir='ltr'><strong>scilicet</strong></span> <span class='ocrx_word' id='word_1_224' title='bbox 3119 1875 3288 1918; x_wconf 85' lang='lat' dir='ltr'><strong>motus</strong></span> <span class='ocrx_word' id='word_1_225' title='bbox 3303 1865 3457 1917; x_wconf 87' lang='lat' dir='ltr'><strong>etiam</strong></span> 
     </span>
    </p>
   </div>
   <div class='ocr_carea' id='block_1_33' title="bbox 175 1941 3456 2033">
    <p class='ocr_par' dir='ltr' id='par_1_33' title="bbox 175 1941 3456 2033">
     <span class='ocr_line' id='line_1_33' title="bbox 175 1941 3456 2033; baseline -0.003 -18"><span class='ocrx_word' id='word_1_226' title='bbox 175 1946 440 2014; x_wconf 67' lang='lat' dir='ltr'><strong>lmSSione</strong></span> <span class='ocrx_word' id='word_1_227' title='bbox 486 1957 542 2001; x_wconf 70' lang='lat'><strong>5°</strong></span> <span class='ocrx_word' id='word_1_228' title='bbox 576 1941 723 2000; x_wconf 73' lang='lat' dir='ltr'><strong>mum</strong></span> <span class='ocrx_word' id='word_1_229' title='bbox 769 1945 930 2002; x_wconf 55' lang='grc' dir='ltr'><strong>ἣοεέῧ</strong></span> <span class='ocrx_word' id='word_1_230' title='bbox 969 1945 1288 2019; x_wconf 64' lang='grc' dir='ltr'><strong>ὴρςτινρίδτιί,</strong></span> <span class='ocrx_word' id='word_1_231' title='bbox 1341 1947 1502 2004; x_wconf 58' lang='grc' dir='ltr'>ἶοῑῖθε</span> <span class='ocrx_word' id='word_1_232' title='bbox 1536 1951 1651 2018; x_wconf 71' lang='lat' dir='ltr'><strong>eius</strong></span> <span class='ocrx_word' id='word_1_233' title='bbox 1690 1968 1774 2006; x_wconf 72' lang='grc' dir='ltr'><strong>Γθ-</strong></span> <span class='ocrx_word' id='word_1_234' title='bbox 1801 1941 1848 2002; x_wconf 82' lang='grc' dir='ltr'><strong>Β</strong></span> <span class='ocrx_word' id='word_1_235' title='bbox 1877 1963 1983 2033; x_wconf 82' lang='lat' dir='ltr'><strong>ipse</strong></span> <span class='ocrx_word' id='word_1_236' title='bbox 2021 1962 2284 2030; x_wconf 77' lang='lat' dir='ltr'><strong>confessus</strong></span> <span class='ocrx_word' id='word_1_237' title='bbox 2323 1969 2396 2013; x_wconf 84' lang='lat' dir='ltr'><strong>est</strong></span> <span class='ocrx_word' id='word_1_238' title='bbox 2436 1978 2488 2013; x_wconf 90' lang='lat' dir='ltr'><strong>se</strong></span> <span class='ocrx_word' id='word_1_239' title='bbox 2525 1971 2632 2013; x_wconf 80' lang='lat' dir='ltr'><strong>esse</strong></span> <span class='ocrx_word' id='word_1_240' title='bbox 2674 1957 3051 2012; x_wconf 82' lang='lat' dir='ltr'><strong>Christianum.</strong></span> <span class='ocrx_word' id='word_1_241' title='bbox 3097 1955 3253 2008; x_wconf 81' lang='lat' dir='ltr'><strong>Ducti</strong></span> <span class='ocrx_word' id='word_1_242' title='bbox 3285 1967 3456 2007; x_wconf 83' lang='lat' dir='ltr'><strong>autem</strong></span> 
     </span>
    </p>
   </div>
   <div class='ocr_carea' id='block_1_34' title="bbox 177 2038 1772 2106">
    <p class='ocr_par' dir='ltr' id='par_1_34' title="bbox 177 2038 1772 2106">
     <span class='ocr_line' id='line_1_34' title="bbox 177 2038 1772 2106; baseline 0.004 -17"><span class='ocrx_word' id='word_1_243' title='bbox 177 2038 524 2092; x_wconf 85' lang='lat' dir='ltr'><strong>surreetione</strong></span> <span class='ocrx_word' id='word_1_244' title='bbox 552 2043 845 2103; x_wconf 82' lang='lat' dir='ltr'><strong>recreatus,</strong></span> <span class='ocrx_word' id='word_1_245' title='bbox 877 2039 1017 2106; x_wconf 90' lang='lat' dir='ltr'><strong>quod</strong></span> <span class='ocrx_word' id='word_1_246' title='bbox 1060 2038 1208 2091; x_wconf 79' lang='grc' dir='ltr'><strong>ὶΙΙιιιιι</strong></span> <span class='ocrx_word' id='word_1_247' title='bbox 1255 2043 1365 2092; x_wconf 86' lang='lat' dir='ltr'><strong>toto</strong></span> <span class='ocrx_word' id='word_1_248' title='bbox 1406 2048 1550 2094; x_wconf 90' lang='lat' dir='ltr'><strong>amet</strong></span> <span class='ocrx_word' id='word_1_249' title='bbox 1590 2042 1772 2106; x_wconf 87' lang='lat' dir='ltr'><strong>corde,</strong></span> 
     </span>
    </p>
   </div>
   <div class='ocr_carea' id='block_1_35' title="bbox 175 2125 1770 2197">
    <p class='ocr_par' dir='ltr' id='par_1_35' title="bbox 175 2125 1770 2197">
     <span class='ocr_line' id='line_1_35' title="bbox 175 2125 1770 2197; baseline 0.003 -17"><span class='ocrx_word' id='word_1_250' title='bbox 175 2129 438 2182; x_wconf 76' lang='lat' dir='ltr'><strong>1e5tatur.</strong></span> <span class='ocrx_word' id='word_1_251' title='bbox 490 2125 593 2182; x_wconf 81' lang='lat' dir='ltr'><strong>Sed</strong></span> <span class='ocrx_word' id='word_1_252' title='bbox 623 2126 726 2183; x_wconf 86' lang='lat' dir='ltr'><strong>hoc</strong></span> <span class='ocrx_word' id='word_1_253' title='bbox 759 2129 958 2197; x_wconf 85' lang='lat' dir='ltr'><strong>pastori</strong></span> <span class='ocrx_word' id='word_1_254' title='bbox 1001 2136 1082 2184; x_wconf 86' lang='lat' dir='ltr'><strong>est</strong></span> <span class='ocrx_word' id='word_1_255' title='bbox 1111 2131 1216 2183; x_wconf 76' lang='lat' dir='ltr'><strong>tixo</strong></span> <span class='ocrx_word' id='word_1_256' title='bbox 1251 2130 1414 2184; x_wconf 88' lang='lat' dir='ltr'><strong>corde</strong></span> <span class='ocrx_word' id='word_1_257' title='bbox 1461 2134 1770 2197; x_wconf 87' lang='lat' dir='ltr'><strong>tenendum,</strong></span> 
     </span>
    </p>
   </div>
   <div class='ocr_carea' id='block_1_36' title="bbox 177 2217 1775 2290">
    <p class='ocr_par' dir='ltr' id='par_1_36' title="bbox 177 2217 1775 2290">
     <span class='ocr_line' id='line_1_36' title="bbox 177 2217 1775 2290; baseline 0.004 -20"><span class='ocrx_word' id='word_1_258' title='bbox 177 2223 246 2271; x_wconf 70' lang='lat' dir='ltr'><strong>ut</strong></span> <span class='ocrx_word' id='word_1_259' title='bbox 281 2233 374 2273; x_wconf 86' lang='lat' dir='ltr'><strong>eos</strong></span> <span class='ocrx_word' id='word_1_260' title='bbox 402 2217 597 2288; x_wconf 82' lang='lat' dir='ltr'><strong>quibus</strong></span> <span class='ocrx_word' id='word_1_261' title='bbox 640 2229 856 2288; x_wconf 61' lang='lat' dir='ltr'><strong>praiest,</strong></span> <span class='ocrx_word' id='word_1_262' title='bbox 891 2233 996 2272; x_wconf 87' lang='lat' dir='ltr'><strong>non</strong></span> <span class='ocrx_word' id='word_1_263' title='bbox 1025 2219 1178 2287; x_wconf 77' lang='lat' dir='ltr'><strong>quasi</strong></span> <span class='ocrx_word' id='word_1_264' title='bbox 1220 2229 1346 2273; x_wconf 74' lang='lat' dir='ltr'><strong>suos</strong></span> <span class='ocrx_word' id='word_1_265' title='bbox 1385 2222 1646 2290; x_wconf 82' lang='lat' dir='ltr'><strong>proprios,</strong></span> <span class='ocrx_word' id='word_1_266' title='bbox 1683 2222 1775 2276; x_wconf 85' lang='lat' dir='ltr'><strong>sed</strong></span> 
     </span>
    </p>
   </div>
   <div class='ocr_carea' id='block_1_37' title="bbox 177 2309 1775 2382">
    <p class='ocr_par' dir='ltr' id='par_1_37' title="bbox 177 2309 1775 2382">
     <span class='ocr_line' id='line_1_37' title="bbox 177 2309 1775 2382; baseline 0.004 -20"><span class='ocrx_word' id='word_1_267' title='bbox 177 2317 250 2363; x_wconf 80' lang='lat' dir='ltr'><strong>&#39;ut</strong></span> <span class='ocrx_word' id='word_1_268' title='bbox 277 2309 489 2364; x_wconf 82' lang='lat' dir='ltr'><strong>Domini</strong></span> <span class='ocrx_word' id='word_1_269' title='bbox 517 2309 599 2365; x_wconf 69' lang='lat' dir='ltr'><strong>sui</strong></span> <span class='ocrx_word' id='word_1_270' title='bbox 629 2328 842 2382; x_wconf 80' lang='lat' dir='ltr'><strong>gregem</strong></span> <span class='ocrx_word' id='word_1_271' title='bbox 867 2309 1101 2367; x_wconf 76' lang='lat' dir='ltr'><strong>tractare</strong></span> <span class='ocrx_word' id='word_1_272' title='bbox 1124 2314 1448 2380; x_wconf 85' lang='lat' dir='ltr'><strong>meminerit,</strong></span> <span class='ocrx_word' id='word_1_273' title='bbox 1466 2312 1619 2382; x_wconf 82' lang='lat' dir='ltr'><strong>juxta</strong></span> <span class='ocrx_word' id='word_1_274' title='bbox 1647 2313 1775 2369; x_wconf 88' lang='lat' dir='ltr'><strong>illud</strong></span> 
     </span>
    </p>
   </div>
   <div class='ocr_carea' id='block_1_38' title="bbox 179 2399 1770 2477">
    <p class='ocr_par' dir='ltr' id='par_1_38' title="bbox 179 2399 1770 2477">
     <span class='ocr_line' id='line_1_38' title="bbox 179 2399 1770 2477; baseline 0.003 -19"><span class='ocrx_word' id='word_1_275' title='bbox 179 2406 335 2475; x_wconf 79' lang='lat' dir='ltr'><strong>quod</strong></span> <span class='ocrx_word' id='word_1_276' title='bbox 379 2405 538 2460; x_wconf 75' lang='lat' dir='ltr'><strong>Petro</strong></span> <span class='ocrx_word' id='word_1_277' title='bbox 569 2401 766 2460; x_wconf 77' lang='lat' dir='ltr'><strong>dicitur</strong></span> <span class='ocrx_word' id='word_1_278' title='bbox 790 2425 802 2460; x_wconf 93' lang='lat'>:</span> <span class='ocrx_word' id='word_1_279' title='bbox 829 2408 873 2461; x_wconf 91' lang='lat' dir='ltr'><strong>si</strong></span> <span class='ocrx_word' id='word_1_280' title='bbox 905 2399 1080 2477; x_wconf 66' lang='lat' dir='ltr'><strong>diligis</strong></span> <span class='ocrx_word' id='word_1_281' title='bbox 1123 2409 1229 2472; x_wconf 78' lang='lat' dir='ltr'><strong>ine,</strong></span> <span class='ocrx_word' id='word_1_282' title='bbox 1255 2421 1408 2477; x_wconf 77' lang='lat' dir='ltr'><strong>pasce</strong></span> <span class='ocrx_word' id='word_1_283' title='bbox 1455 2419 1568 2462; x_wconf 76' lang='lat' dir='ltr'><strong>bees</strong></span> <span class='ocrx_word' id='word_1_284' title='bbox 1612 2421 1770 2462; x_wconf 86' lang='lat' dir='ltr'><strong>meas.</strong></span> 
     </span>
    </p>
   </div>
   <div class='ocr_carea' id='block_1_39' title="bbox 180 2497 1774 2567">
    <p class='ocr_par' dir='ltr' id='par_1_39' title="bbox 180 2497 1774 2567">
     <span class='ocr_line' id='line_1_39' title="bbox 180 2497 1774 2567; baseline 0.003 -16"><span class='ocrx_word' id='word_1_285' title='bbox 180 2497 356 2558; x_wconf 76' lang='lat' dir='ltr'><strong>Meas,</strong></span> <span class='ocrx_word' id='word_1_286' title='bbox 380 2497 574 2567; x_wconf 82' lang='lat' dir='ltr'><strong>inquit,</strong></span> <span class='ocrx_word' id='word_1_287' title='bbox 603 2501 707 2553; x_wconf 78' lang='lat' dir='ltr'><strong>non</strong></span> <span class='ocrx_word' id='word_1_288' title='bbox 739 2506 888 2565; x_wconf 85' lang='lat' dir='ltr'><strong>tuas;</strong></span> <span class='ocrx_word' id='word_1_289' title='bbox 921 2505 1068 2554; x_wconf 80' lang='lat' dir='ltr'><strong>meas</strong></span> <span class='ocrx_word' id='word_1_290' title='bbox 1093 2499 1188 2554; x_wconf 86' lang='lat' dir='ltr'><strong>tibi</strong></span> <span class='ocrx_word' id='word_1_291' title='bbox 1217 2513 1344 2555; x_wconf 88' lang='lat' dir='ltr'><strong>oves</strong></span> <span class='ocrx_word' id='word_1_292' title='bbox 1374 2503 1774 2557; x_wconf 76' lang='lat' dir='ltr'><strong>commendatus</strong></span> 
     </span>
    </p>
   </div>
   <div class='ocr_carea' id='block_1_40' title="bbox 179 2589 1770 2664">
    <p class='ocr_par' dir='ltr' id='par_1_40' title="bbox 179 2589 1770 2664">
     <span class='ocr_line' id='line_1_40' title="bbox 179 2589 1770 2664; baseline 0.006 -22"><span class='ocrx_word' id='word_1_293' title='bbox 179 2589 419 2652; x_wconf 79' lang='lat' dir='ltr'><strong>scito,et</strong></span> <span class='ocrx_word' id='word_1_294' title='bbox 447 2591 543 2643; x_wconf 89' lang='lat' dir='ltr'><strong>has</strong></span> <span class='ocrx_word' id='word_1_295' title='bbox 571 2591 725 2658; x_wconf 81' lang='lat' dir='ltr'><strong>quasi</strong></span> <span class='ocrx_word' id='word_1_296' title='bbox 758 2603 907 2644; x_wconf 86' lang='lat' dir='ltr'><strong>meas</strong></span> <span class='ocrx_word' id='word_1_297' title='bbox 933 2593 1139 2662; x_wconf 70' lang='lat' dir='ltr'><strong>regere,</strong></span> <span class='ocrx_word' id='word_1_298' title='bbox 1158 2593 1201 2646; x_wconf 89' lang='lat' dir='ltr'><strong>si</strong></span> <span class='ocrx_word' id='word_1_299' title='bbox 1225 2603 1309 2648; x_wconf 85' lang='lat' dir='ltr'><strong>me</strong></span> <span class='ocrx_word' id='word_1_300' title='bbox 1336 2595 1572 2664; x_wconf 74' lang='lat' dir='ltr'><strong>perfecte</strong></span> <span class='ocrx_word' id='word_1_301' title='bbox 1602 2605 1770 2663; x_wconf 88' lang='lat' dir='ltr'><strong>amas,</strong></span> 
     </span>
    </p>
   </div>
   <div class='ocr_carea' id='block_1_41' title="bbox 179 2679 1773 2754">
    <p class='ocr_par' dir='ltr' id='par_1_41' title="bbox 179 2679 1773 2754">
     <span class='ocr_line' id='line_1_41' title="bbox 179 2679 1773 2754; baseline 0.004 -21"><span class='ocrx_word' id='word_1_302' title='bbox 179 2680 393 2745; x_wconf 68' lang='lat' dir='ltr'><strong>recole,</strong></span> <span class='ocrx_word' id='word_1_303' title='bbox 420 2687 480 2734; x_wconf 86' lang='lat' dir='ltr'><strong>ut</strong></span> <span class='ocrx_word' id='word_1_304' title='bbox 509 2687 683 2734; x_wconf 82' lang='lat' dir='ltr'><strong>meam</strong></span> <span class='ocrx_word' id='word_1_305' title='bbox 723 2679 972 2736; x_wconf 82' lang='lat' dir='ltr'><strong>videlicet</strong></span> <span class='ocrx_word' id='word_1_306' title='bbox 1009 2683 1060 2736; x_wconf 85' lang='lat' dir='ltr'><strong>in</strong></span> <span class='ocrx_word' id='word_1_307' title='bbox 1091 2683 1170 2738; x_wconf 83' lang='lat' dir='ltr'><strong>eis</strong></span> <span class='ocrx_word' id='word_1_308' title='bbox 1195 2685 1440 2754; x_wconf 75' lang='lat' dir='ltr'><strong>gloriam,</strong></span> <span class='ocrx_word' id='word_1_309' title='bbox 1467 2691 1645 2740; x_wconf 83' lang='lat' dir='ltr'><strong>meum</strong></span> <span class='ocrx_word' id='word_1_310' title='bbox 1677 2687 1773 2741; x_wconf 88' lang='lat' dir='ltr'><strong>do-</strong></span> 
     </span>
    </p>
   </div>
   <div class='ocr_carea' id='block_1_42' title="bbox 183 2771 1776 2843">
    <p class='ocr_par' dir='ltr' id='par_1_42' title="bbox 183 2771 1776 2843">
     <span class='ocr_line' id='line_1_42' title="bbox 183 2771 1776 2843; baseline 0.006 -21"><span class='ocrx_word' id='word_1_311' title='bbox 183 2771 443 2834; x_wconf 87' lang='lat' dir='ltr'><strong>minium,</strong></span> <span class='ocrx_word' id='word_1_312' title='bbox 480 2783 597 2824; x_wconf 89' lang='lat' dir='ltr'><strong>mea</strong></span> <span class='ocrx_word' id='word_1_313' title='bbox 642 2785 746 2824; x_wconf 91' lang='lat' dir='ltr'><strong>non</strong></span> <span class='ocrx_word' id='word_1_314' title='bbox 782 2780 869 2824; x_wconf 89' lang='lat' dir='ltr'><strong>tua</strong></span> <span class='ocrx_word' id='word_1_315' title='bbox 897 2773 1111 2841; x_wconf 82' lang='lat' dir='ltr'><strong>propria</strong></span> <span class='ocrx_word' id='word_1_316' title='bbox 1152 2787 1382 2843; x_wconf 82' lang='lat' dir='ltr'><strong>qu:eras.</strong></span> <span class='ocrx_word' id='word_1_317' title='bbox 1417 2771 1638 2831; x_wconf 83' lang='lat' dir='ltr'><strong>Dilectio</strong></span> <span class='ocrx_word' id='word_1_318' title='bbox 1663 2783 1776 2832; x_wconf 80' lang='lat' dir='ltr'><strong>am—</strong></span> 
     </span>
    </p>
   </div>
   <div class='ocr_carea' id='block_1_43' title="bbox 179 2865 1776 2946">
    <p class='ocr_par' dir='ltr' id='par_1_43' title="bbox 179 2865 1776 2946">
     <span class='ocr_line' id='line_1_43' title="bbox 179 2865 1776 2946; baseline 0.003 -27"><span class='ocrx_word' id='word_1_319' title='bbox 179 2867 423 2935; x_wconf 81' lang='lat' dir='ltr'><strong>pliorem</strong></span> <span class='ocrx_word' id='word_1_320' title='bbox 465 2871 622 2937; x_wconf 76' lang='lat' dir='ltr'><strong>quam</strong></span> <span class='ocrx_word' id='word_1_321' title='bbox 670 2872 822 2922; x_wconf 82' lang='lat' dir='ltr'><strong>amor</strong></span> <span class='ocrx_word' id='word_1_322' title='bbox 865 2865 1058 2923; x_wconf 79' lang='lat' dir='ltr'><strong>retinet</strong></span> <span class='ocrx_word' id='word_1_323' title='bbox 1105 2872 1440 2946; x_wconf 27' lang='lat' dir='ltr'><strong>Quaulitatem,</strong></span> <span class='ocrx_word' id='word_1_324' title='bbox 1469 2880 1526 2926; x_wconf 81' lang='lat' dir='ltr'><strong>et</strong></span> <span class='ocrx_word' id='word_1_325' title='bbox 1552 2872 1672 2925; x_wconf 87' lang='lat' dir='ltr'><strong>ideo</strong></span> <span class='ocrx_word' id='word_1_326' title='bbox 1699 2871 1776 2924; x_wconf 91' lang='lat' dir='ltr'><strong>di-</strong></span> 
     </span>
    </p>
   </div>
   <div class='ocr_carea' id='block_1_44' title="bbox 175 2957 1778 3031">
    <p class='ocr_par' dir='ltr' id='par_1_44' title="bbox 175 2957 1778 3031">
     <span class='ocr_line' id='line_1_44' title="bbox 175 2957 1778 3031; baseline 0.002 -19"><span class='ocrx_word' id='word_1_327' title='bbox 175 2965 355 3012; x_wconf 67' lang='lat' dir='ltr'><strong>‘Cente</strong></span> <span class='ocrx_word' id='word_1_328' title='bbox 382 2957 605 3013; x_wconf 76' lang='lat' dir='ltr'><strong>Dmulnn</strong></span> <span class='ocrx_word' id='word_1_329' title='bbox 630 2965 644 3014; x_wconf 74' lang='grc' dir='ltr'>ξ</span> <span class='ocrx_word' id='word_1_330' title='bbox 671 2959 850 3014; x_wconf 68' lang='lat' dir='ltr'><strong>Sinam</strong></span> <span class='ocrx_word' id='word_1_331' title='bbox 872 2961 1118 3026; x_wconf 74' lang='lat' dir='ltr'><strong>Joannis,-</strong></span> <span class='ocrx_word' id='word_1_332' title='bbox 1145 2961 1321 3031; x_wconf 76' lang='lat' dir='ltr'><strong>diligis</strong></span> <span class='ocrx_word' id='word_1_333' title='bbox 1343 2976 1446 3028; x_wconf 81' lang='lat' dir='ltr'><strong>me,</strong></span> <span class='ocrx_word' id='word_1_334' title='bbox 1479 2977 1586 3015; x_wconf 81' lang='lat' dir='ltr'><strong>non</strong></span> <span class='ocrx_word' id='word_1_335' title='bbox 1616 2965 1778 3016; x_wconf 77' lang='lat' dir='ltr'><strong>ausus</strong></span> 
     </span>
    </p>
   </div>
   <div class='ocr_carea' id='block_1_45' title="bbox 175 3049 1776 3116">
    <p class='ocr_par' dir='ltr' id='par_1_45' title="bbox 175 3049 1776 3116">
     <span class='ocr_line' id='line_1_45' title="bbox 175 3049 1776 3116; baseline 0.002 -13"><span class='ocrx_word' id='word_1_336' title='bbox 175 3059 274 3103; x_wconf 71' lang='lat' dir='ltr'><strong>est</strong></span> <span class='ocrx_word' id='word_1_337' title='bbox 301 3050 494 3105; x_wconf 79' lang='lat' dir='ltr'><strong>Petrus</strong></span> <span class='ocrx_word' id='word_1_338' title='bbox 520 3051 677 3106; x_wconf 69' lang='lat' dir='ltr'><strong>fateri</strong></span> <span class='ocrx_word' id='word_1_339' title='bbox 703 3052 1006 3106; x_wconf 71' lang='lat' dir='ltr'><strong>dilectionis</strong></span> <span class='ocrx_word' id='word_1_340' title='bbox 1027 3059 1086 3107; x_wconf 81' lang='lat' dir='ltr'><strong>se</strong></span> <span class='ocrx_word' id='word_1_341' title='bbox 1111 3049 1310 3108; x_wconf 79' lang='lat' dir='ltr'><strong>habere</strong></span> <span class='ocrx_word' id='word_1_342' title='bbox 1332 3061 1661 3116; x_wconf 76' lang='lat' dir='ltr'><strong>mensuram,</strong></span> <span class='ocrx_word' id='word_1_343' title='bbox 1683 3053 1776 3107; x_wconf 84' lang='lat' dir='ltr'><strong>sed</strong></span> 
     </span>
    </p>
   </div>
   <div class='ocr_carea' id='block_1_46' title="bbox 178 3137 1777 3217">
    <p class='ocr_par' dir='ltr' id='par_1_46' title="bbox 178 3137 1777 3217">
     <span class='ocr_line' id='line_1_46' title="bbox 178 3137 1777 3217; baseline 0.001 -20"><span class='ocrx_word' id='word_1_344' title='bbox 178 3137 471 3198; x_wconf 59' lang='lat' dir='ltr'><strong>humiliter</strong></span> <span class='ocrx_word' id='word_1_345' title='bbox 501 3153 558 3199; x_wconf 83' lang='lat' dir='ltr'><strong>se</strong></span> <span class='ocrx_word' id='word_1_346' title='bbox 583 3145 872 3214; x_wconf 69' lang='lat' dir='ltr'><strong>profitetur</strong></span> <span class='ocrx_word' id='word_1_347' title='bbox 907 3155 1108 3200; x_wconf 80' lang='lat' dir='ltr'><strong>amare.</strong></span> <span class='ocrx_word' id='word_1_348' title='bbox 1145 3146 1402 3217; x_wconf 81' lang='lat' dir='ltr'><strong>Superior</strong></span> <span class='ocrx_word' id='word_1_349' title='bbox 1435 3147 1577 3200; x_wconf 86' lang='lat' dir='ltr'><strong>enim</strong></span> <span class='ocrx_word' id='word_1_350' title='bbox 1608 3145 1777 3199; x_wconf 84' lang='lat' dir='ltr'><strong>amori</strong></span> 
     </span>
    </p>
   </div>
   <div class='ocr_carea' id='block_1_47' title="bbox 179 3235 1779 3309">
    <p class='ocr_par' dir='ltr' id='par_1_47' title="bbox 179 3235 1779 3309">
     <span class='ocr_line' id='line_1_47' title="bbox 179 3235 1779 3309; baseline 0.003 -21"><span class='ocrx_word' id='word_1_351' title='bbox 179 3235 418 3291; x_wconf 56' lang='lat' dir='ltr'><strong>dilectio</strong></span> <span class='ocrx_word' id='word_1_352' title='bbox 445 3238 728 3306; x_wconf 70' lang='lat' dir='ltr'><strong>reperitur.</strong></span> <span class='ocrx_word' id='word_1_353' title='bbox 763 3239 1002 3307; x_wconf 77' lang='lat' dir='ltr'><strong>Denique</strong></span> <span class='ocrx_word' id='word_1_354' title='bbox 1031 3240 1185 3292; x_wconf 82' lang='lat' dir='ltr'><strong>tertia</strong></span> <span class='ocrx_word' id='word_1_355' title='bbox 1213 3239 1571 3309; x_wconf 82' lang='lat' dir='ltr'><strong>appellatione</strong></span> <span class='ocrx_word' id='word_1_356' title='bbox 1601 3239 1779 3292; x_wconf 84' lang='lat' dir='ltr'><strong>Domi-</strong></span> 
     </span>
    </p>
   </div>
   <div class='ocr_carea' id='block_1_48' title="bbox 181 3329 1779 3400">
    <p class='ocr_par' dir='ltr' id='par_1_48' title="bbox 181 3329 1779 3400">
     <span class='ocr_line' id='line_1_48' title="bbox 181 3329 1779 3400; baseline 0.003 -19"><span class='ocrx_word' id='word_1_357' title='bbox 181 3341 301 3381; x_wconf 80' lang='lat' dir='ltr'><strong>nus</strong></span> <span class='ocrx_word' id='word_1_358' title='bbox 353 3329 692 3400; x_wconf 74' lang='lat' dir='ltr'><strong>interrogans</strong></span> <span class='ocrx_word' id='word_1_359' title='bbox 739 3330 977 3395; x_wconf 81' lang='lat' dir='ltr'><strong>Petrum,</strong></span> <span class='ocrx_word' id='word_1_360' title='bbox 1004 3333 1127 3399; x_wconf 85' lang='lat' dir='ltr'><strong>quia</strong></span> <span class='ocrx_word' id='word_1_361' title='bbox 1174 3347 1279 3385; x_wconf 88' lang='lat' dir='ltr'><strong>non</strong></span> <span class='ocrx_word' id='word_1_362' title='bbox 1330 3333 1468 3385; x_wconf 90' lang='lat' dir='ltr'><strong>sicut</strong></span> <span class='ocrx_word' id='word_1_363' title='bbox 1506 3331 1779 3400; x_wconf 82' lang='lat' dir='ltr'><strong>prioribus</strong></span> 
     </span>
    </p>
   </div>
   <div class='ocr_carea' id='block_1_49' title="bbox 185 3419 1779 3492">
    <p class='ocr_par' dir='ltr' id='par_1_49' title="bbox 185 3419 1779 3492">
     <span class='ocr_line' id='line_1_49' title="bbox 185 3419 1779 3492; baseline 0.001 -21"><span class='ocrx_word' id='word_1_364' title='bbox 185 3419 408 3472; x_wconf 80' lang='lat' dir='ltr'><strong>vicibus</strong></span> <span class='ocrx_word' id='word_1_365' title='bbox 448 3420 654 3474; x_wconf 79' lang='lat' dir='ltr'><strong>duabus</strong></span> <span class='ocrx_word' id='word_1_366' title='bbox 683 3419 910 3485; x_wconf 82' lang='lat' dir='ltr'><strong>dixerat,</strong></span> <span class='ocrx_word' id='word_1_367' title='bbox 941 3421 1136 3492; x_wconf 85' lang='lat' dir='ltr'><strong>diligis,</strong></span> <span class='ocrx_word' id='word_1_368' title='bbox 1163 3422 1254 3475; x_wconf 85' lang='lat' dir='ltr'><strong>sed</strong></span> <span class='ocrx_word' id='word_1_369' title='bbox 1281 3435 1428 3475; x_wconf 88' lang='lat' dir='ltr'><strong>amas</strong></span> <span class='ocrx_word' id='word_1_370' title='bbox 1456 3437 1563 3485; x_wconf 87' lang='lat' dir='ltr'><strong>me,</strong></span> <span class='ocrx_word' id='word_1_371' title='bbox 1587 3421 1779 3474; x_wconf 78' lang='lat' dir='ltr'><strong>contri—</strong></span> 
     </span>
    </p>
   </div>
   <div class='ocr_carea' id='block_1_50' title="bbox 188 3509 1777 3583">
    <p class='ocr_par' dir='ltr' id='par_1_50' title="bbox 188 3509 1777 3583">
     <span class='ocr_line' id='line_1_50' title="bbox 188 3509 1777 3583; baseline 0.002 -21"><span class='ocrx_word' id='word_1_372' title='bbox 188 3513 364 3562; x_wconf 80' lang='lat' dir='ltr'><strong>sta‘tus</strong></span> <span class='ocrx_word' id='word_1_373' title='bbox 397 3519 470 3563; x_wconf 82' lang='lat' dir='ltr'><strong>est</strong></span> <span class='ocrx_word' id='word_1_374' title='bbox 499 3509 712 3576; x_wconf 81' lang='lat' dir='ltr'><strong>Petrus,</strong></span> <span class='ocrx_word' id='word_1_375' title='bbox 744 3521 843 3564; x_wconf 78' lang='lat' dir='ltr'><strong>cur</strong></span> <span class='ocrx_word' id='word_1_376' title='bbox 868 3521 922 3564; x_wconf 86' lang='lat' dir='ltr'><strong>et</strong></span> <span class='ocrx_word' id='word_1_377' title='bbox 944 3513 998 3565; x_wconf 89' lang='lat' dir='ltr'><strong>in</strong></span> <span class='ocrx_word' id='word_1_378' title='bbox 1026 3515 1186 3567; x_wconf 80' lang='lat' dir='ltr'><strong>tertia</strong></span> <span class='ocrx_word' id='word_1_379' title='bbox 1217 3513 1640 3583; x_wconf 77' lang='lat' dir='ltr'><strong>interrogatione</strong></span> <span class='ocrx_word' id='word_1_380' title='bbox 1671 3524 1777 3566; x_wconf 88' lang='lat' dir='ltr'><strong>non</strong></span> 
     </span>
    </p>
   </div>
   <div class='ocr_carea' id='block_1_51' title="bbox 189 3599 1780 3674">
    <p class='ocr_par' dir='ltr' id='par_1_51' title="bbox 189 3599 1780 3674">
     <span class='ocr_line' id='line_1_51' title="bbox 189 3599 1780 3674; baseline 0.001 -20"><span class='ocrx_word' id='word_1_381' title='bbox 189 3601 394 3656; x_wconf 77' lang='lat' dir='ltr'><strong>dixerit</strong></span> <span class='ocrx_word' id='word_1_382' title='bbox 441 3604 616 3674; x_wconf 79' lang='lat' dir='ltr'><strong>diligis</strong></span> <span class='ocrx_word' id='word_1_383' title='bbox 648 3616 755 3667; x_wconf 79' lang='lat' dir='ltr'><strong>me;</strong></span> <span class='ocrx_word' id='word_1_384' title='bbox 781 3599 873 3658; x_wconf 80' lang='lat' dir='ltr'><strong>sed</strong></span> <span class='ocrx_word' id='word_1_385' title='bbox 903 3615 1067 3659; x_wconf 81' lang='lat' dir='ltr'><strong>amas</strong></span> <span class='ocrx_word' id='word_1_386' title='bbox 1103 3617 1210 3669; x_wconf 80' lang='lat' dir='ltr'><strong>me,</strong></span> <span class='ocrx_word' id='word_1_387' title='bbox 1239 3605 1384 3658; x_wconf 79' lang='lat' dir='ltr'><strong>velut</strong></span> <span class='ocrx_word' id='word_1_388' title='bbox 1431 3619 1534 3659; x_wconf 79' lang='lat' dir='ltr'><strong>non</strong></span> <span class='ocrx_word' id='word_1_389' title='bbox 1576 3604 1686 3671; x_wconf 75' lang='lat' dir='ltr'><strong>jam</strong></span> <span class='ocrx_word' id='word_1_390' title='bbox 1713 3601 1780 3657; x_wconf 92' lang='lat' dir='ltr'><strong>de</strong></span> 
     </span>
    </p>
   </div>
   <div class='ocr_carea' id='block_1_52' title="bbox 187 3691 1782 3760">
    <p class='ocr_par' dir='ltr' id='par_1_52' title="bbox 187 3691 1782 3760">
     <span class='ocr_line' id='line_1_52' title="bbox 187 3691 1782 3760; baseline 0.001 -14"><span class='ocrx_word' id='word_1_391' title='bbox 187 3692 415 3747; x_wconf 77' lang='lat' dir='ltr'><strong>sublimi</strong></span> <span class='ocrx_word' id='word_1_392' title='bbox 443 3695 632 3748; x_wconf 85' lang='lat' dir='ltr'><strong>ordine</strong></span> <span class='ocrx_word' id='word_1_393' title='bbox 677 3691 1009 3760; x_wconf 77' lang='lat' dir='ltr'><strong>dilectionis,</strong></span> <span class='ocrx_word' id='word_1_394' title='bbox 1039 3697 1134 3750; x_wconf 85' lang='lat' dir='ltr'><strong>sed</strong></span> <span class='ocrx_word' id='word_1_395' title='bbox 1175 3696 1244 3750; x_wconf 75' lang='lat' dir='ltr'><strong>de</strong></span> <span class='ocrx_word' id='word_1_396' title='bbox 1287 3696 1538 3750; x_wconf 79' lang='lat' dir='ltr'><strong>inferiore</strong></span> <span class='ocrx_word' id='word_1_397' title='bbox 1581 3695 1782 3749; x_wconf 84' lang='lat' dir='ltr'><strong>amoris</strong></span> 
     </span>
    </p>
   </div>
   <div class='ocr_carea' id='block_1_53' title="bbox 189 3787 796 3854">
    <p class='ocr_par' dir='ltr' id='par_1_53' title="bbox 189 3787 796 3854">
     <span class='ocr_line' id='line_1_53' title="bbox 189 3787 796 3854; baseline 0.005 -17"><span class='ocrx_word' id='word_1_398' title='bbox 189 3799 292 3852; x_wconf 66' lang='grc' dir='ltr'><strong>ενδ</strong></span> <span class='ocrx_word' id='word_1_399' title='bbox 301 3787 371 3838; x_wconf 89' lang='lat' dir='ltr'><strong>tia</strong></span> <span class='ocrx_word' id='word_1_400' title='bbox 401 3794 796 3854; x_wconf 73' lang='lat' dir='ltr'><strong>percunctatus.</strong></span> 
     </span>
    </p>
   </div>
   <div class='ocr_carea' id='block_1_54' title="bbox 275 3875 1781 3947">
    <p class='ocr_par' dir='ltr' id='par_1_54' title="bbox 275 3875 1781 3947">
     <span class='ocr_line' id='line_1_54' title="bbox 275 3875 1781 3947; baseline 0.003 -20"><span class='ocrx_word' id='word_1_401' title='bbox 275 3876 462 3937; x_wconf 79' lang='lat' dir='ltr'><strong>Amen,</strong></span> <span class='ocrx_word' id='word_1_402' title='bbox 492 3883 644 3928; x_wconf 80' lang='lat' dir='ltr'><strong>amen</strong></span> <span class='ocrx_word' id='word_1_403' title='bbox 687 3875 804 3928; x_wconf 57' lang='lat' dir='ltr'><strong>dico</strong></span> <span class='ocrx_word' id='word_1_404' title='bbox 845 3875 1114 3929; x_wconf 74' lang='lat' dir='ltr'><strong>tibi:cmn</strong></span> <span class='ocrx_word' id='word_1_405' title='bbox 1145 3891 1280 3931; x_wconf 78' lang='lat' dir='ltr'><strong>esses</strong></span> <span class='ocrx_word' id='word_1_406' title='bbox 1328 3878 1502 3942; x_wconf 77' lang='lat' dir='ltr'><strong>iunior</strong></span> <span class='ocrx_word' id='word_1_407' title='bbox 1542 3879 1781 3947; x_wconf 78' lang='lat' dir='ltr'><strong>cingebas</strong></span> 
     </span>
    </p>
   </div>
   <div class='ocr_carea' id='block_1_55' title="bbox 193 3967 1782 4035">
    <p class='ocr_par' dir='ltr' id='par_1_55' title="bbox 193 3967 1782 4035">
     <span class='ocr_line' id='line_1_55' title="bbox 193 3967 1782 4035; baseline 0.001 -12"><span class='ocrx_word' id='word_1_408' title='bbox 193 3979 270 4034; x_wconf 80' lang='lat' dir='ltr'><strong>te,</strong></span> <span class='ocrx_word' id='word_1_409' title='bbox 293 3978 342 4022; x_wconf 81' lang='lat' dir='ltr'><strong>et</strong></span> <span class='ocrx_word' id='word_1_410' title='bbox 368 3967 673 4021; x_wconf 64' lang='lat' dir='ltr'><strong>ambulatio:</strong></span> <span class='ocrx_word' id='word_1_411' title='bbox 698 3969 785 4021; x_wconf 83' lang='lat' dir='ltr'><strong>ttbi</strong></span> <span class='ocrx_word' id='word_1_412' title='bbox 808 3968 1043 4032; x_wconf 74' lang='lat' dir='ltr'><strong>volebas:</strong></span> <span class='ocrx_word' id='word_1_413' title='bbox 1068 3979 1182 4024; x_wconf 78' lang='lat' dir='ltr'><strong>cum</strong></span> <span class='ocrx_word' id='word_1_414' title='bbox 1214 3981 1384 4024; x_wconf 84' lang='lat' dir='ltr'><strong>autem</strong></span> <span class='ocrx_word' id='word_1_415' title='bbox 1412 3970 1665 4035; x_wconf 78' lang='lat' dir='ltr'><strong>sentteris,</strong></span> <span class='ocrx_word' id='word_1_416' title='bbox 1688 3988 1782 4025; x_wconf 72' lang='lat' dir='ltr'><strong>ex-</strong></span> 
     </span>
    </p>
   </div>
   <div class='ocr_carea' id='block_1_56' title="bbox 193 4060 1782 4132">
    <p class='ocr_par' dir='ltr' id='par_1_56' title="bbox 193 4060 1782 4132">
     <span class='ocr_line' id='line_1_56' title="bbox 193 4060 1782 4132; baseline -0.001 -17"><span class='ocrx_word' id='word_1_417' title='bbox 193 4061 382 4115; x_wconf 71' lang='lat' dir='ltr'><strong>tendes</strong></span> <span class='ocrx_word' id='word_1_418' title='bbox 417 4075 604 4113; x_wconf 80' lang='lat' dir='ltr'><strong>manus</strong></span> <span class='ocrx_word' id='word_1_419' title='bbox 647 4071 764 4113; x_wconf 80' lang='lat' dir='ltr'><strong>tuas</strong></span> <span class='ocrx_word' id='word_1_420' title='bbox 801 4063 850 4113; x_wconf 78' lang='lat' dir='ltr'><strong>et</strong></span> <span class='ocrx_word' id='word_1_421' title='bbox 877 4061 1084 4114; x_wconf 76' lang='lat' dir='ltr'><strong>alius&#39;te</strong></span> <span class='ocrx_word' id='word_1_422' title='bbox 1110 4063 1308 4130; x_wconf 77' lang='lat' dir='ltr'><strong>cinget,</strong></span> <span class='ocrx_word' id='word_1_423' title='bbox 1335 4072 1381 4114; x_wconf 85' lang='lat' dir='ltr'><strong>et</strong></span> <span class='ocrx_word' id='word_1_424' title='bbox 1422 4060 1572 4114; x_wconf 81' lang='lat' dir='ltr'><strong>ducet</strong></span> <span class='ocrx_word' id='word_1_425' title='bbox 1596 4060 1697 4132; x_wconf 65' lang='lat' dir='ltr'><strong>qua</strong></span> <span class='ocrx_word' id='word_1_426' title='bbox 1728 4072 1782 4114; x_wconf 76' lang='lat' dir='ltr'><strong>tu</strong></span> 
     </span>
    </p>
   </div>
   <div class='ocr_carea' id='block_1_57' title="bbox 189 4149 1786 4222">
    <p class='ocr_par' dir='ltr' id='par_1_57' title="bbox 189 4149 1786 4222">
     <span class='ocr_line' id='line_1_57' title="bbox 189 4149 1786 4222; baseline -0.001 -13"><span class='ocrx_word' id='word_1_427' title='bbox 189 4169 310 4209; x_wconf 61' lang='lat' dir='ltr'><strong>non</strong></span> <span class='ocrx_word' id='word_1_428' title='bbox 358 4155 455 4208; x_wconf 58' lang='lat' dir='ltr'><strong>vis;</strong></span> <span class='ocrx_word' id='word_1_429' title='bbox 503 4153 576 4205; x_wconf 80' lang='lat' dir='ltr'><strong>Ac</strong></span> <span class='ocrx_word' id='word_1_430' title='bbox 603 4153 646 4206; x_wconf 81' lang='lat' dir='ltr'><strong>sl</strong></span> <span class='ocrx_word' id='word_1_431' title='bbox 673 4149 919 4222; x_wconf 84' lang='lat' dir='ltr'><strong>patenter</strong></span> <span class='ocrx_word' id='word_1_432' title='bbox 955 4151 1097 4206; x_wconf 70' lang='lat' dir='ltr'><strong>dimt</strong></span> <span class='ocrx_word' id='word_1_433' title='bbox 1143 4162 1343 4222; x_wconf 81' lang='lat' dir='ltr'><strong>quanta</strong></span> <span class='ocrx_word' id='word_1_434' title='bbox 1390 4165 1476 4206; x_wconf 87' lang='lat' dir='ltr'><strong>me</strong></span> <span class='ocrx_word' id='word_1_435' title='bbox 1522 4154 1786 4208; x_wconf 67' lang='lat' dir='ltr'><strong>maritate</strong></span> 
     </span>
    </p>
   </div>
   <div class='ocr_carea' id='block_1_58' title="bbox 189 4243 1782 4317">
    <p class='ocr_par' dir='ltr' id='par_1_58' title="bbox 189 4243 1782 4317">
     <span class='ocr_line' id='line_1_58' title="bbox 189 4243 1782 4317; baseline 0 -17"><span class='ocrx_word' id='word_1_436' title='bbox 189 4245 418 4315; x_wconf 73' lang='lat' dir='ltr'><strong>diligis;</strong></span> <span class='ocrx_word' id='word_1_437' title='bbox 449 4243 574 4299; x_wconf 85' lang='lat' dir='ltr'><strong>hinc</strong></span> <span class='ocrx_word' id='word_1_438' title='bbox 600 4246 883 4316; x_wconf 74' lang='lat' dir='ltr'><strong>aliquando</strong></span> <span class='ocrx_word' id='word_1_439' title='bbox 908 4247 1157 4316; x_wconf 75' lang='lat' dir='ltr'><strong>probabis</strong></span> <span class='ocrx_word' id='word_1_440' title='bbox 1179 4257 1299 4301; x_wconf 85' lang='lat' dir='ltr'><strong>eum</strong></span> <span class='ocrx_word' id='word_1_441' title='bbox 1321 4259 1418 4317; x_wconf 87' lang='lat' dir='ltr'><strong>pro</strong></span> <span class='ocrx_word' id='word_1_442' title='bbox 1439 4248 1782 4316; x_wconf 81' lang='lat' dir='ltr'><strong>parvulorum</strong></span> 
     </span>
    </p>
   </div>
   <div class='ocr_carea' id='block_1_59' title="bbox 197 4335 1781 4404">
    <p class='ocr_par' dir='ltr' id='par_1_59' title="bbox 197 4335 1781 4404">
     <span class='ocr_line' id='line_1_59' title="bbox 197 4335 1781 4404; baseline -0.001 -13"><span class='ocrx_word' id='word_1_443' title='bbox 197 4349 452 4391; x_wconf 81' lang='lat' dir='ltr'><strong>meorum</strong></span> <span class='ocrx_word' id='word_1_444' title='bbox 484 4335 590 4388; x_wconf 84' lang='lat' dir='ltr'><strong>vita</strong></span> <span class='ocrx_word' id='word_1_445' title='bbox 627 4336 798 4404; x_wconf 78' lang='lat' dir='ltr'><strong>usque</strong></span> <span class='ocrx_word' id='word_1_446' title='bbox 827 4337 892 4389; x_wconf 86' lang='lat' dir='ltr'><strong>ad</strong></span> <span class='ocrx_word' id='word_1_447' title='bbox 918 4339 1145 4390; x_wconf 75' lang='lat' dir='ltr'><strong>mortem</strong></span> <span class='ocrx_word' id='word_1_448' title='bbox 1169 4335 1424 4392; x_wconf 88' lang='lat' dir='ltr'><strong>certando</strong></span> <span class='ocrx_word' id='word_1_449' title='bbox 1451 4337 1781 4404; x_wconf 80' lang='lat' dir='ltr'><strong>perveneris.</strong></span> 
     </span>
    </p>
   </div>
   <div class='ocr_carea' id='block_1_60' title="bbox 198 4428 1786 4499">
    <p class='ocr_par' dir='ltr' id='par_1_60' title="bbox 198 4428 1786 4499">
     <span class='ocr_line' id='line_1_60' title="bbox 198 4428 1786 4499; baseline 0.002 -17"><span class='ocrx_word' id='word_1_450' title='bbox 198 4430 274 4482; x_wconf 77' lang='lat' dir='ltr'><strong>Et</strong></span> <span class='ocrx_word' id='word_1_451' title='bbox 317 4437 375 4481; x_wconf 89' lang='lat' dir='ltr'><strong>ut</strong></span> <span class='ocrx_word' id='word_1_452' title='bbox 413 4428 487 4482; x_wconf 89' lang='lat' dir='ltr'><strong>illi</strong></span> <span class='ocrx_word' id='word_1_453' title='bbox 531 4429 583 4481; x_wconf 96' lang='lat' dir='ltr'><strong>in</strong></span> <span class='ocrx_word' id='word_1_454' title='bbox 612 4443 836 4498; x_wconf 74' lang='lat' dir='ltr'><strong>corpore</strong></span> <span class='ocrx_word' id='word_1_455' title='bbox 878 4429 1086 4498; x_wconf 79' lang='lat' dir='ltr'><strong>possint</strong></span> <span class='ocrx_word' id='word_1_456' title='bbox 1111 4438 1166 4483; x_wconf 87' lang='lat' dir='ltr'><strong>et</strong></span> <span class='ocrx_word' id='word_1_457' title='bbox 1206 4439 1385 4484; x_wconf 88' lang='lat' dir='ltr'><strong>mente</strong></span> <span class='ocrx_word' id='word_1_458' title='bbox 1435 4430 1629 4484; x_wconf 86' lang='lat' dir='ltr'><strong>salvari</strong></span> <span class='ocrx_word' id='word_1_459' title='bbox 1674 4431 1786 4499; x_wconf 86' lang='lat' dir='ltr'><strong>ipse</strong></span> 
     </span>
    </p>
   </div>
   <div class='ocr_carea' id='block_1_61' title="bbox 193 4517 1787 4590">
    <p class='ocr_par' dir='ltr' id='par_1_61' title="bbox 193 4517 1787 4590">
     <span class='ocr_line' id='line_1_61' title="bbox 193 4517 1787 4590; baseline 0.002 -17"><span class='ocrx_word' id='word_1_460' title='bbox 193 4526 475 4573; x_wconf 77' lang='lat' dir='ltr'><strong>tormenta</strong></span> <span class='ocrx_word' id='word_1_461' title='bbox 493 4519 742 4588; x_wconf 77' lang='lat' dir='ltr'><strong>corporis</strong></span> <span class='ocrx_word' id='word_1_462' title='bbox 771 4521 950 4573; x_wconf 79' lang='lat' dir='ltr'><strong>omnia</strong></span> <span class='ocrx_word' id='word_1_463' title='bbox 993 4528 1112 4589; x_wconf 66' lang='lat' dir='ltr'><strong>qua!</strong></span> <span class='ocrx_word' id='word_1_464' title='bbox 1155 4520 1520 4574; x_wconf 83' lang='lat' dir='ltr'><strong>adversarium</strong></span> <span class='ocrx_word' id='word_1_465' title='bbox 1546 4517 1787 4590; x_wconf 69' lang='lat' dir='ltr'><strong>inﬂigere</strong></span> 
     </span>
    </p>
   </div>
   <div class='ocr_carea' id='block_1_62' title="bbox 1874 2048 3461 2124">
    <p class='ocr_par' dir='ltr' id='par_1_62' title="bbox 1874 2048 3461 2124">
     <span class='ocr_line' id='line_1_62' title="bbox 1874 2048 3461 2124; baseline -0.006 -15"><span class='ocrx_word' id='word_1_466' title='bbox 1874 2053 1994 2110; x_wconf 82' lang='lat' dir='ltr'><strong>sunt</strong></span> <span class='ocrx_word' id='word_1_467' title='bbox 2031 2053 2178 2108; x_wconf 88' lang='lat' dir='ltr'><strong>ambo</strong></span> <span class='ocrx_word' id='word_1_468' title='bbox 2217 2057 2413 2124; x_wconf 81' lang='lat' dir='ltr'><strong>pariter</strong></span> <span class='ocrx_word' id='word_1_469' title='bbox 2438 2053 2506 2105; x_wconf 84' lang='lat' dir='ltr'><strong>ad</strong></span> <span class='ocrx_word' id='word_1_470' title='bbox 2540 2051 2878 2122; x_wconf 65' lang='lat' dir='ltr'><strong>suraplicium,</strong></span> <span class='ocrx_word' id='word_1_471' title='bbox 2911 2055 2957 2105; x_wconf 84' lang='lat' dir='ltr'><strong>et</strong></span> <span class='ocrx_word' id='word_1_472' title='bbox 2988 2065 3103 2103; x_wconf 82' lang='lat' dir='ltr'><strong>cum.</strong></span> <span class='ocrx_word' id='word_1_473' title='bbox 3148 2048 3461 2102; x_wconf 73' lang='lat' dir='ltr'><strong>ducerentur</strong></span> 
     </span>
    </p>
   </div>
   <div class='ocr_carea' id='block_1_63' title="bbox 1874 2131 3462 2214">
    <p class='ocr_par' dir='ltr' id='par_1_63' title="bbox 1874 2131 3462 2214">
     <span class='ocr_line' id='line_1_63' title="bbox 1874 2131 3462 2214; baseline -0.005 -15"><span class='ocrx_word' id='word_1_474' title='bbox 1874 2148 1930 2199; x_wconf 87' lang='lat' dir='ltr'><strong>in</strong></span> <span class='ocrx_word' id='word_1_475' title='bbox 1969 2131 2049 2199; x_wconf 80' lang='lat' dir='ltr'><strong>via</strong></span> <span class='ocrx_word' id='word_1_476' title='bbox 2078 2148 2272 2214; x_wconf 77' lang='lat' dir='ltr'><strong>rogarit</strong></span> <span class='ocrx_word' id='word_1_477' title='bbox 2304 2144 2560 2197; x_wconf 84' lang='lat' dir='ltr'><strong>Jacobum</strong></span> <span class='ocrx_word' id='word_1_478' title='bbox 2587 2144 2705 2196; x_wconf 87' lang='lat' dir='ltr'><strong>dari</strong></span> <span class='ocrx_word' id='word_1_479' title='bbox 2732 2143 2828 2195; x_wconf 81' lang='lat' dir='ltr'><strong>sibi</strong></span> <span class='ocrx_word' id='word_1_480' title='bbox 2864 2143 3234 2195; x_wconf 80' lang='lat' dir='ltr'><strong>remissionem.</strong></span> <span class='ocrx_word' id='word_1_481' title='bbox 3279 2139 3342 2193; x_wconf 84' lang='grc' dir='ltr'><em>Λῑ</em></span> <span class='ocrx_word' id='word_1_482' title='bbox 3373 2139 3462 2193; x_wconf 82' lang='lat' dir='ltr'><strong>ille</strong></span> 
     </span>
    </p>
   </div>
   <div class='ocr_carea' id='block_1_64' title="bbox 1875 2229 3460 2306">
    <p class='ocr_par' dir='ltr' id='par_1_64' title="bbox 1875 2229 3460 2306">
     <span class='ocr_line' id='line_1_64' title="bbox 1875 2229 3460 2306; baseline -0.004 -18"><span class='ocrx_word' id='word_1_483' title='bbox 1875 2237 2154 2306; x_wconf 73' lang='lat' dir='ltr'><strong>parantper</strong></span> <span class='ocrx_word' id='word_1_484' title='bbox 2177 2235 2490 2296; x_wconf 78' lang='lat' dir='ltr'><strong>deliberans,</strong></span> <span class='ocrx_word' id='word_1_485' title='bbox 2517 2243 2620 2304; x_wconf 65' lang='lat' dir='ltr'><strong>par.</strong></span> <span class='ocrx_word' id='word_1_486' title='bbox 2649 2229 2759 2298; x_wconf 79' lang='lat' dir='ltr'><strong>tibi,</strong></span> <span class='ocrx_word' id='word_1_487' title='bbox 2788 2234 2978 2302; x_wconf 72' lang='lat' dir='ltr'><strong>inquit,</strong></span> <span class='ocrx_word' id='word_1_488' title='bbox 3011 2240 3058 2284; x_wconf 86' lang='lat' dir='ltr'><strong>et</strong></span> <span class='ocrx_word' id='word_1_489' title='bbox 3089 2231 3354 2285; x_wconf 79' lang='lat' dir='ltr'><strong>Usculdtus</strong></span> <span class='ocrx_word' id='word_1_490' title='bbox 3384 2235 3460 2284; x_wconf 79' lang='lat' dir='ltr'><strong>est</strong></span> 
     </span>
    </p>
   </div>
   <div class='ocr_carea' id='block_1_65' title="bbox 1875 2315 3088 2395">
    <p class='ocr_par' dir='ltr' id='par_1_65' title="bbox 1875 2315 3088 2395">
     <span class='ocr_line' id='line_1_65' title="bbox 1875 2315 3088 2395; baseline -0.003 -15"><span class='ocrx_word' id='word_1_491' title='bbox 1875 2329 2012 2386; x_wconf 73' lang='lat' dir='ltr'><strong>cum,</strong></span> <span class='ocrx_word' id='word_1_492' title='bbox 2050 2333 2096 2378; x_wconf 82' lang='lat' dir='ltr'><strong>et</strong></span> <span class='ocrx_word' id='word_1_493' title='bbox 2131 2327 2202 2378; x_wconf 87' lang='lat' dir='ltr'><strong>ita</strong></span> <span class='ocrx_word' id='word_1_494' title='bbox 2233 2327 2384 2379; x_wconf 82' lang='lat' dir='ltr'><strong>ambo</strong></span> <span class='ocrx_word' id='word_1_495' title='bbox 2408 2323 2565 2380; x_wconf 81' lang='lat' dir='ltr'><strong>simul</strong></span> <span class='ocrx_word' id='word_1_496' title='bbox 2590 2328 2754 2395; x_wconf 81' lang='lat' dir='ltr'><strong>capite</strong></span> <span class='ocrx_word' id='word_1_497' title='bbox 2789 2315 2928 2395; x_wconf 75' lang='lat' dir='ltr'><strong>pleri</strong></span> <span class='ocrx_word' id='word_1_498' title='bbox 2948 2335 3088 2379; x_wconf 84' lang='lat' dir='ltr'><strong>sunt.</strong></span> 
     </span>
    </p>
   </div>
   <div class='ocr_carea' id='block_1_66' title="bbox 1957 2405 3458 2487">
    <p class='ocr_par' dir='ltr' id='par_1_66' title="bbox 1957 2405 3458 2487">
     <span class='ocr_line' id='line_1_66' title="bbox 1957 2405 3458 2487; baseline -0.001 -20"><span class='ocrx_word' id='word_1_499' title='bbox 1957 2405 2144 2469; x_wconf 68' lang='lat' dir='ltr'><strong>i’idens</strong></span> <span class='ocrx_word' id='word_1_500' title='bbox 2175 2421 2344 2469; x_wconf 76' lang='lat' dir='ltr'><strong>at&#39;t&#39;te‘m</strong></span> <span class='ocrx_word' id='word_1_501' title='bbox 2371 2418 2493 2487; x_wconf 84' lang='lat' dir='ltr'><strong>quia</strong></span> <span class='ocrx_word' id='word_1_502' title='bbox 2517 2415 2739 2485; x_wconf 77' lang='lat' dir='ltr'><strong>placeret</strong></span> <span class='ocrx_word' id='word_1_503' title='bbox 2764 2411 2987 2478; x_wconf 68' lang='lat' dir='ltr'><strong>laureis,</strong></span> <span class='ocrx_word' id='word_1_504' title='bbox 3013 2416 3253 2484; x_wconf 78' lang='lat' dir='ltr'><strong>apposuit</strong></span> <span class='ocrx_word' id='word_1_505' title='bbox 3277 2425 3458 2484; x_wconf 78' lang='lat' dir='ltr'><strong>appre-</strong></span> 
     </span>
    </p>
   </div>
   <div class='ocr_carea' id='block_1_67' title="bbox 1874 2497 3462 2576">
    <p class='ocr_par' dir='ltr' id='par_1_67' title="bbox 1874 2497 3462 2576">
     <span class='ocr_line' id='line_1_67' title="bbox 1874 2497 3462 2576; baseline -0.001 -16"><span class='ocrx_word' id='word_1_506' title='bbox 1874 2497 2095 2560; x_wconf 67' lang='lat' dir='ltr'><strong>hendere</strong></span> <span class='ocrx_word' id='word_1_507' title='bbox 2146 2506 2378 2561; x_wconf 77' lang='lat' dir='ltr'><strong>Petrum.</strong></span> <span class='ocrx_word' id='word_1_508' title='bbox 2411 2505 2575 2571; x_wconf 82' lang='lat' dir='ltr'><strong>Quem</strong></span> <span class='ocrx_word' id='word_1_509' title='bbox 2626 2511 2741 2559; x_wconf 76' lang='lat' dir='ltr'><strong>cum</strong></span> <span class='ocrx_word' id='word_1_510' title='bbox 2784 2505 3199 2576; x_wconf 64' lang='lat' dir='ltr'><strong>appre&#39;hendiSSet</strong></span> <span class='ocrx_word' id='word_1_511' title='bbox 3240 2506 3377 2558; x_wconf 83' lang='lat' dir='ltr'><strong>misit</strong></span> <span class='ocrx_word' id='word_1_512' title='bbox 3407 2506 3462 2558; x_wconf 86' lang='lat' dir='ltr'><strong>in</strong></span> 
     </span>
    </p>
   </div>
   <div class='ocr_carea' id='block_1_68' title="bbox 1875 2595 3462 2665">
    <p class='ocr_par' dir='ltr' id='par_1_68' title="bbox 1875 2595 3462 2665">
     <span class='ocr_line' id='line_1_68' title="bbox 1875 2595 3462 2665; baseline -0.004 -13"><span class='ocrx_word' id='word_1_513' title='bbox 1875 2603 2157 2664; x_wconf 51' lang='lat' dir='ltr'><strong>carcerem,</strong></span> <span class='ocrx_word' id='word_1_514' title='bbox 2181 2609 2284 2653; x_wconf 84' lang='lat' dir='ltr'><strong>etc.</strong></span> <span class='ocrx_word' id='word_1_515' title='bbox 2317 2595 2773 2665; x_wconf 79' lang='lat' dir='ltr'><strong>Quemadmodum</strong></span> <span class='ocrx_word' id='word_1_516' title='bbox 2800 2595 3017 2650; x_wconf 76' lang='lat' dir='ltr'><strong>sanctus</strong></span> <span class='ocrx_word' id='word_1_517' title='bbox 3045 2597 3235 2651; x_wconf 84' lang='lat' dir='ltr'><strong>Petrus</strong></span> <span class='ocrx_word' id='word_1_518' title='bbox 3265 2597 3462 2648; x_wconf 77' lang='lat' dir='ltr'><strong>missus</strong></span> 
     </span>
    </p>
   </div>
   <div class='ocr_carea' id='block_1_69' title="bbox 1876 2684 3463 2758">
    <p class='ocr_par' dir='ltr' id='par_1_69' title="bbox 1876 2684 3463 2758">
     <span class='ocr_line' id='line_1_69' title="bbox 1876 2684 3463 2758; baseline -0.007 -12"><span class='ocrx_word' id='word_1_519' title='bbox 1876 2689 1944 2746; x_wconf 75' lang='lat' dir='ltr'><strong>sit</strong></span> <span class='ocrx_word' id='word_1_520' title='bbox 1987 2691 2043 2745; x_wconf 87' lang='lat' dir='ltr'><strong>ln‘</strong></span> <span class='ocrx_word' id='word_1_521' title='bbox 2097 2693 2371 2746; x_wconf 66' lang='lat' dir='ltr'><strong>carcerem“</strong></span> <span class='ocrx_word' id='word_1_522' title='bbox 2420 2688 2615 2758; x_wconf 83' lang='lat' dir='ltr'><strong>ligatus</strong></span> <span class='ocrx_word' id='word_1_523' title='bbox 2660 2685 2866 2740; x_wconf 83' lang='lat' dir='ltr'><strong>duabus</strong></span> <span class='ocrx_word' id='word_1_524' title='bbox 2897 2684 3121 2751; x_wconf 83' lang='lat' dir='ltr'><strong>catenis,</strong></span> <span class='ocrx_word' id='word_1_525' title='bbox 3151 2687 3204 2739; x_wconf 87' lang='lat' dir='ltr'><strong>et</strong></span> <span class='ocrx_word' id='word_1_526' title='bbox 3233 2685 3463 2738; x_wconf 83' lang='lat' dir='ltr'><strong>traditus</strong></span> 
     </span>
    </p>
   </div>
   <div class='ocr_carea' id='block_1_70' title="bbox 1876 2773 3460 2854">
    <p class='ocr_par' dir='ltr' id='par_1_70' title="bbox 1876 2773 3460 2854">
     <span class='ocr_line' id='line_1_70' title="bbox 1876 2773 3460 2854; baseline -0.008 -17"><span class='ocrx_word' id='word_1_527' title='bbox 1876 2781 2106 2854; x_wconf 81' lang='lat' dir='ltr'><strong>quatuor</strong></span> <span class='ocrx_word' id='word_1_528' title='bbox 2133 2780 2572 2853; x_wconf 80' lang='lat' dir='ltr'><strong>quaterniOnibus</strong></span> <span class='ocrx_word' id='word_1_529' title='bbox 2617 2778 2867 2843; x_wconf 85' lang='lat' dir='ltr'><strong>militum,</strong></span> <span class='ocrx_word' id='word_1_530' title='bbox 2907 2787 2962 2831; x_wconf 89' lang='lat' dir='ltr'><strong>et</strong></span> <span class='ocrx_word' id='word_1_531' title='bbox 3010 2773 3460 2847; x_wconf 83' lang='lat' dir='ltr'><strong>quemadmodum</strong></span> 
     </span>
    </p>
   </div>
   <div class='ocr_carea' id='block_1_71' title="bbox 1877 2867 3464 2942">
    <p class='ocr_par' dir='ltr' id='par_1_71' title="bbox 1877 2867 3464 2942">
     <span class='ocr_line' id='line_1_71' title="bbox 1877 2867 3464 2942; baseline -0.008 -12"><span class='ocrx_word' id='word_1_532' title='bbox 1877 2877 1998 2931; x_wconf 81' lang='lat' dir='ltr'><strong>inde</strong></span> <span class='ocrx_word' id='word_1_533' title='bbox 2048 2867 2304 2929; x_wconf 75' lang='lat' dir='ltr'><strong>liberatus</strong></span> <span class='ocrx_word' id='word_1_534' title='bbox 2333 2871 2404 2928; x_wconf 87' lang='lat' dir='ltr'><strong>sit</strong></span> <span class='ocrx_word' id='word_1_535' title='bbox 2428 2883 2523 2942; x_wconf 86' lang='lat' dir='ltr'><strong>per</strong></span> <span class='ocrx_word' id='word_1_536' title='bbox 2553 2870 2799 2940; x_wconf 80' lang='lat' dir='ltr'><strong>angelum</strong></span> <span class='ocrx_word' id='word_1_537' title='bbox 2848 2867 3089 2931; x_wconf 77' lang='lat' dir='ltr'><strong>Domini,</strong></span> <span class='ocrx_word' id='word_1_538' title='bbox 3127 2867 3329 2920; x_wconf 87' lang='lat' dir='ltr'><strong>audivit</strong></span> <span class='ocrx_word' id='word_1_539' title='bbox 3369 2877 3464 2935; x_wconf 83' lang='lat' dir='ltr'><strong>per</strong></span> 
     </span>
    </p>
   </div>
   <div class='ocr_carea' id='block_1_72' title="bbox 1877 2959 3466 3034">
    <p class='ocr_par' dir='ltr' id='par_1_72' title="bbox 1877 2959 3466 3034">
     <span class='ocr_line' id='line_1_72' title="bbox 1877 2959 3466 3034; baseline -0.007 -10"><span class='ocrx_word' id='word_1_540' title='bbox 1877 2959 2120 3024; x_wconf 77' lang='lat' dir='ltr'><strong>Ordinem</strong></span> <span class='ocrx_word' id='word_1_541' title='bbox 2148 2965 2360 3022; x_wconf 85' lang='lat' dir='ltr'><strong>dilectio</strong></span> <span class='ocrx_word' id='word_1_542' title='bbox 2387 2977 2582 3022; x_wconf 77' lang='lat' dir='ltr'><strong>vestra.</strong></span> <span class='ocrx_word' id='word_1_543' title='bbox 2613 2963 2805 3020; x_wconf 83' lang='lat' dir='ltr'><strong>Missus</strong></span> <span class='ocrx_word' id='word_1_544' title='bbox 2830 2980 2960 3034; x_wconf 74' lang='lat' dir='ltr'><strong>ergo</strong></span> <span class='ocrx_word' id='word_1_545' title='bbox 2988 2965 3042 3018; x_wconf 80' lang='lat' dir='ltr'><strong>in</strong></span> <span class='ocrx_word' id='word_1_546' title='bbox 3078 2963 3351 3018; x_wconf 72' lang='lat' dir='ltr'><strong>carcerem</strong></span> <span class='ocrx_word' id='word_1_547' title='bbox 3381 2967 3466 3014; x_wconf 84' lang='lat' dir='ltr'><strong>est</strong></span> 
     </span>
    </p>
   </div>
   <div class='ocr_carea' id='block_1_73' title="bbox 1879 3043 3463 3122">
    <p class='ocr_par' dir='ltr' id='par_1_73' title="bbox 1879 3043 3463 3122">
     <span class='ocr_line' id='line_1_73' title="bbox 1879 3043 3463 3122; baseline -0.01 -4"><span class='ocrx_word' id='word_1_548' title='bbox 1879 3068 2100 3118; x_wconf 80' lang='lat' dir='ltr'><strong>Sanctus</strong></span> <span class='ocrx_word' id='word_1_549' title='bbox 2139 3059 2330 3114; x_wconf 85' lang='lat' dir='ltr'><strong>Petrus</strong></span> <span class='ocrx_word' id='word_1_550' title='bbox 2373 3071 2534 3113; x_wconf 86' lang='lat' dir='ltr'><strong>causa</strong></span> <span class='ocrx_word' id='word_1_551' title='bbox 2579 3057 2810 3111; x_wconf 88' lang='lat' dir='ltr'><strong>nominis</strong></span> <span class='ocrx_word' id='word_1_552' title='bbox 2847 3055 3089 3121; x_wconf 82' lang='lat' dir='ltr'><strong>Christi,</strong></span> <span class='ocrx_word' id='word_1_553' title='bbox 3118 3054 3212 3109; x_wconf 81' lang='lat' dir='ltr'><strong>Sed</strong></span> <span class='ocrx_word' id='word_1_554' title='bbox 3248 3043 3463 3122; x_wconf 51' lang='lat' dir='ltr'><strong>{uenam</strong></span> 
     </span>
    </p>
   </div>
   <div class='ocr_carea' id='block_1_74' title="bbox 1879 3145 3465 3217">
    <p class='ocr_par' dir='ltr' id='par_1_74' title="bbox 1879 3145 3465 3217">
     <span class='ocr_line' id='line_1_74' title="bbox 1879 3145 3465 3217; baseline -0.01 -8"><span class='ocrx_word' id='word_1_555' title='bbox 1879 3151 2115 3209; x_wconf 66' lang='lat' dir='ltr'><strong>cari-eris</strong></span> <span class='ocrx_word' id='word_1_556' title='bbox 2167 3149 2390 3205; x_wconf 88' lang='lat' dir='ltr'><strong>horrere</strong></span> <span class='ocrx_word' id='word_1_557' title='bbox 2436 3163 2540 3202; x_wconf 91' lang='lat' dir='ltr'><strong>non</strong></span> <span class='ocrx_word' id='word_1_558' title='bbox 2593 3153 2822 3217; x_wconf 89' lang='lat' dir='ltr'><strong>poterat,</strong></span> <span class='ocrx_word' id='word_1_559' title='bbox 2851 3145 2942 3215; x_wconf 88' lang='lat' dir='ltr'><strong>qui</strong></span> <span class='ocrx_word' id='word_1_560' title='bbox 2986 3146 3101 3214; x_wconf 86' lang='lat' dir='ltr'><strong>ipse</strong></span> <span class='ocrx_word' id='word_1_561' title='bbox 3149 3145 3204 3197; x_wconf 88' lang='lat' dir='ltr'><strong>in</strong></span> <span class='ocrx_word' id='word_1_562' title='bbox 3247 3155 3465 3196; x_wconf 85' lang='lat' dir='ltr'><strong>carcere</strong></span> 
     </span>
    </p>
   </div>
   <div class='ocr_carea' id='block_1_75' title="bbox 1883 3231 3460 3313">
    <p class='ocr_par' dir='ltr' id='par_1_75' title="bbox 1883 3231 3460 3313">
     <span class='ocr_line' id='line_1_75' title="bbox 1883 3231 3460 3313; baseline -0.01 -15"><span class='ocrx_word' id='word_1_563' title='bbox 1883 3243 2137 3313; x_wconf 85' lang='lat' dir='ltr'><strong>templum</strong></span> <span class='ocrx_word' id='word_1_564' title='bbox 2177 3239 2270 3295; x_wconf 86' lang='lat' dir='ltr'><strong>Dei</strong></span> <span class='ocrx_word' id='word_1_565' title='bbox 2300 3249 2435 3293; x_wconf 87' lang='lat' dir='ltr'><strong>erat.</strong></span> <span class='ocrx_word' id='word_1_566' title='bbox 2467 3237 2688 3309; x_wconf 83' lang='lat' dir='ltr'><strong>Ligatus</strong></span> <span class='ocrx_word' id='word_1_567' title='bbox 2717 3245 2834 3291; x_wconf 86' lang='lat' dir='ltr'><strong>erat</strong></span> <span class='ocrx_word' id='word_1_568' title='bbox 2876 3238 3082 3290; x_wconf 82' lang='lat' dir='ltr'><strong>duabus</strong></span> <span class='ocrx_word' id='word_1_569' title='bbox 3113 3234 3338 3295; x_wconf 72' lang='lat' dir='ltr'><strong>Catenis,</strong></span> <span class='ocrx_word' id='word_1_570' title='bbox 3369 3231 3460 3285; x_wconf 83' lang='lat' dir='ltr'><strong>sed</strong></span> 
     </span>
    </p>
   </div>
   <div class='ocr_carea' id='block_1_76' title="bbox 1883 3321 3464 3397">
    <p class='ocr_par' dir='ltr' id='par_1_76' title="bbox 1883 3321 3464 3397">
     <span class='ocr_line' id='line_1_76' title="bbox 1883 3321 3464 3397; baseline -0.013 -5"><span class='ocrx_word' id='word_1_571' title='bbox 1883 3343 2101 3392; x_wconf 87' lang='lat' dir='ltr'><strong>catenas</strong></span> <span class='ocrx_word' id='word_1_572' title='bbox 2131 3332 2418 3388; x_wconf 87' lang='lat' dir='ltr'><strong>criminum</strong></span> <span class='ocrx_word' id='word_1_573' title='bbox 2458 3330 2511 3383; x_wconf 93' lang='lat' dir='ltr'><strong>in</strong></span> <span class='ocrx_word' id='word_1_574' title='bbox 2543 3329 2657 3397; x_wconf 88' lang='lat' dir='ltr'><strong>ipso</strong></span> <span class='ocrx_word' id='word_1_575' title='bbox 2694 3341 2910 3380; x_wconf 86' lang='lat' dir='ltr'><strong>carcere</strong></span> <span class='ocrx_word' id='word_1_576' title='bbox 2939 3333 2967 3379; x_wconf 82' lang='lat' dir='ltr'><strong>a</strong></span> <span class='ocrx_word' id='word_1_577' title='bbox 2998 3323 3343 3379; x_wconf 65' lang='lat' dir='ltr'><strong>crethntilms</strong></span> <span class='ocrx_word' id='word_1_578' title='bbox 3367 3321 3464 3373; x_wconf 65' lang='lat' dir='ltr'><strong>de-</strong></span> 
     </span>
    </p>
   </div>
   <div class='ocr_carea' id='block_1_77' title="bbox 1881 3415 3465 3489">
    <p class='ocr_par' dir='ltr' id='par_1_77' title="bbox 1881 3415 3465 3489">
     <span class='ocr_line' id='line_1_77' title="bbox 1881 3415 3465 3489; baseline -0.01 -8"><span class='ocrx_word' id='word_1_579' title='bbox 1881 3427 2146 3482; x_wconf 85' lang='lat' dir='ltr'><strong>trahebat.</strong></span> <span class='ocrx_word' id='word_1_580' title='bbox 2201 3423 2613 3478; x_wconf 68' lang='lat' dir='ltr'><strong>Cusrodiebatur</strong></span> <span class='ocrx_word' id='word_1_581' title='bbox 2661 3435 2690 3474; x_wconf 84' lang='lat' dir='ltr'><strong>a</strong></span> <span class='ocrx_word' id='word_1_582' title='bbox 2739 3429 2971 3489; x_wconf 77' lang='lat' dir='ltr'><strong>quatuor</strong></span> <span class='ocrx_word' id='word_1_583' title='bbox 3021 3415 3465 3487; x_wconf 75' lang='lat' dir='ltr'><strong>quaternionilms</strong></span> 
     </span>
    </p>
   </div>
   <div class='ocr_carea' id='block_1_78' title="bbox 1881 3510 3466 3584">
    <p class='ocr_par' dir='ltr' id='par_1_78' title="bbox 1881 3510 3466 3584">
     <span class='ocr_line' id='line_1_78' title="bbox 1881 3510 3466 3584; baseline -0.01 -7"><span class='ocrx_word' id='word_1_584' title='bbox 1881 3519 2134 3584; x_wconf 67' lang='lat' dir='ltr'><strong>Militum,</strong></span> <span class='ocrx_word' id='word_1_585' title='bbox 2166 3517 2219 3572; x_wconf 85' lang='lat' dir='ltr'><strong>id</strong></span> <span class='ocrx_word' id='word_1_586' title='bbox 2246 3525 2328 3571; x_wconf 87' lang='lat' dir='ltr'><strong>est</strong></span> <span class='ocrx_word' id='word_1_587' title='bbox 2351 3533 2379 3570; x_wconf 81' lang='lat' dir='ltr'><strong>a</strong></span> <span class='ocrx_word' id='word_1_588' title='bbox 2410 3514 2664 3578; x_wconf 81' lang='lat' dir='ltr'><strong>sedecim,</strong></span> <span class='ocrx_word' id='word_1_589' title='bbox 2694 3513 2833 3568; x_wconf 75' lang='lat' dir='ltr'><strong>Sicut</strong></span> <span class='ocrx_word' id='word_1_590' title='bbox 2873 3513 3014 3566; x_wconf 80' lang='lat' dir='ltr'><strong>enim</strong></span> <span class='ocrx_word' id='word_1_591' title='bbox 3051 3510 3295 3566; x_wconf 82' lang='lat' dir='ltr'><strong>centurio</strong></span> <span class='ocrx_word' id='word_1_592' title='bbox 3341 3517 3466 3561; x_wconf 81' lang='lat' dir='ltr'><strong>ceu-</strong></span> 
     </span>
    </p>
   </div>
   <div class='ocr_carea' id='block_1_79' title="bbox 1883 3599 3469 3678">
    <p class='ocr_par' dir='ltr' id='par_1_79' title="bbox 1883 3599 3469 3678">
     <span class='ocr_line' id='line_1_79' title="bbox 1883 3599 3469 3678; baseline -0.011 -11"><span class='ocrx_word' id='word_1_593' title='bbox 1883 3611 2018 3677; x_wconf 75' lang='lat' dir='ltr'><strong>tum,</strong></span> <span class='ocrx_word' id='word_1_594' title='bbox 2046 3613 2120 3665; x_wconf 88' lang='lat' dir='ltr'><strong>ita</strong></span> <span class='ocrx_word' id='word_1_595' title='bbox 2150 3608 2432 3678; x_wconf 84' lang='lat' dir='ltr'><strong>quaternio</strong></span> <span class='ocrx_word' id='word_1_596' title='bbox 2459 3605 2528 3661; x_wconf 76' lang='lat' dir='ltr'><strong>IV</strong></span> <span class='ocrx_word' id='word_1_597' title='bbox 2554 3604 2654 3660; x_wconf 75' lang='lat' dir='ltr'><strong>sub</strong></span> <span class='ocrx_word' id='word_1_598' title='bbox 2688 3617 2746 3658; x_wconf 77' lang='lat' dir='ltr'><strong>se</strong></span> <span class='ocrx_word' id='word_1_599' title='bbox 2777 3603 2974 3658; x_wconf 73' lang='lat' dir='ltr'><strong>Milites</strong></span> <span class='ocrx_word' id='word_1_600' title='bbox 3024 3601 3184 3655; x_wconf 81' lang='lat' dir='ltr'><strong>habet</strong></span> <span class='ocrx_word' id='word_1_601' title='bbox 3211 3619 3222 3652; x_wconf 85' lang='lat'><strong>:</strong></span> <span class='ocrx_word' id='word_1_602' title='bbox 3251 3599 3340 3652; x_wconf 80' lang='lat' dir='ltr'><strong>sed</strong></span> <span class='ocrx_word' id='word_1_603' title='bbox 3368 3599 3469 3652; x_wconf 85' lang='lat' dir='ltr'><strong>sub</strong></span> 
     </span>
    </p>
   </div>
   <div class='ocr_carea' id='block_1_80' title="bbox 1883 3687 3467 3774">
    <p class='ocr_par' dir='ltr' id='par_1_80' title="bbox 1883 3687 3467 3774">
     <span class='ocr_line' id='line_1_80' title="bbox 1883 3687 3467 3774; baseline -0.012 -15"><span class='ocrx_word' id='word_1_604' title='bbox 1883 3706 1995 3774; x_wconf 80' lang='lat' dir='ltr'><strong>ipsa</strong></span> <span class='ocrx_word' id='word_1_605' title='bbox 2026 3701 2268 3757; x_wconf 87' lang='lat' dir='ltr'><strong>custodia</strong></span> <span class='ocrx_word' id='word_1_606' title='bbox 2315 3703 2547 3768; x_wconf 76' lang='lat' dir='ltr'><strong>quatuor</strong></span> <span class='ocrx_word' id='word_1_607' title='bbox 2577 3695 2866 3764; x_wconf 73' lang='lat' dir='ltr'><strong>Evangelia</strong></span> <span class='ocrx_word' id='word_1_608' title='bbox 2893 3693 2960 3747; x_wconf 79' lang='lat' dir='ltr'><strong>ad</strong></span> <span class='ocrx_word' id='word_1_609' title='bbox 2999 3693 3158 3746; x_wconf 76' lang='lat' dir='ltr'><strong>fidem</strong></span> <span class='ocrx_word' id='word_1_610' title='bbox 3205 3687 3467 3743; x_wconf 70' lang='lat' dir='ltr'><strong>venienti—</strong></span> 
     </span>
    </p>
   </div>
   <div class='ocr_carea' id='block_1_81' title="bbox 1881 3785 3467 3851">
    <p class='ocr_par' dir='ltr' id='par_1_81' title="bbox 1881 3785 3467 3851">
     <span class='ocr_line' id='line_1_81' title="bbox 1881 3785 3467 3851; baseline -0.011 0"><span class='ocrx_word' id='word_1_611' title='bbox 1881 3797 1982 3851; x_wconf 87' lang='lat' dir='ltr'><strong>bu‘s</strong></span> <span class='ocrx_word' id='word_1_612' title='bbox 2026 3792 2352 3848; x_wconf 82' lang='lat' dir='ltr'><strong>ittsinuabat.</strong></span> <span class='ocrx_word' id='word_1_613' title='bbox 2405 3788 2513 3844; x_wconf 83' lang='lat' dir='ltr'><strong>Nec</strong></span> <span class='ocrx_word' id='word_1_614' title='bbox 2563 3788 2854 3843; x_wconf 82' lang='lat' dir='ltr'><strong>humanam</strong></span> <span class='ocrx_word' id='word_1_615' title='bbox 2905 3785 3202 3839; x_wconf 83' lang='lat' dir='ltr'><strong>custodiam</strong></span> <span class='ocrx_word' id='word_1_616' title='bbox 3257 3789 3467 3851; x_wconf 85' lang='lat' dir='ltr'><strong>poterat</strong></span> 
     </span>
    </p>
   </div>
   <div class='ocr_carea' id='block_1_82' title="bbox 1884 3874 3465 3953">
    <p class='ocr_par' dir='ltr' id='par_1_82' title="bbox 1884 3874 3465 3953">
     <span class='ocr_line' id='line_1_82' title="bbox 1884 3874 3465 3953; baseline -0.011 -12"><span class='ocrx_word' id='word_1_617' title='bbox 1884 3887 2104 3949; x_wconf 86' lang='lat' dir='ltr'><strong>timere,</strong></span> <span class='ocrx_word' id='word_1_618' title='bbox 2134 3883 2225 3953; x_wconf 86' lang='lat' dir='ltr'><strong>qui</strong></span> <span class='ocrx_word' id='word_1_619' title='bbox 2261 3883 2440 3937; x_wconf 76' lang='lat' dir='ltr'><strong>divina</strong></span> <span class='ocrx_word' id='word_1_620' title='bbox 2487 3879 2728 3935; x_wconf 81' lang='lat' dir='ltr'><strong>custodia</strong></span> <span class='ocrx_word' id='word_1_621' title='bbox 2773 3878 3104 3932; x_wconf 80' lang='lat' dir='ltr'><strong>servabatur.</strong></span> <span class='ocrx_word' id='word_1_622' title='bbox 3161 3874 3294 3927; x_wconf 86' lang='lat' dir='ltr'><strong>Cum</strong></span> <span class='ocrx_word' id='word_1_623' title='bbox 3338 3877 3465 3940; x_wconf 74' lang='lat' dir='ltr'><strong>ergo</strong></span> 
     </span>
    </p>
   </div>
   <div class='ocr_carea' id='block_1_83' title="bbox 1886 3966 3468 4046">
    <p class='ocr_par' dir='ltr' id='par_1_83' title="bbox 1886 3966 3468 4046">
     <span class='ocr_line' id='line_1_83' title="bbox 1886 3966 3468 4046; baseline -0.01 -16"><span class='ocrx_word' id='word_1_624' title='bbox 1886 3971 2164 4046; x_wconf 81' lang='lat' dir='ltr'><strong>diligenter</strong></span> <span class='ocrx_word' id='word_1_625' title='bbox 2203 3974 2396 4028; x_wconf 84' lang='lat' dir='ltr'><strong>Petrus</strong></span> <span class='ocrx_word' id='word_1_626' title='bbox 2426 3970 2787 4027; x_wconf 78' lang='lat' dir='ltr'><strong>custodiretur</strong></span> <span class='ocrx_word' id='word_1_627' title='bbox 2831 3966 2884 4021; x_wconf 82' lang='lat' dir='ltr'><strong>in</strong></span> <span class='ocrx_word' id='word_1_628' title='bbox 2930 3979 3152 4021; x_wconf 84' lang='lat' dir='ltr'><strong>carcere</strong></span> <span class='ocrx_word' id='word_1_629' title='bbox 3179 3971 3208 4018; x_wconf 80' lang='lat' dir='ltr'><strong>a</strong></span> <span class='ocrx_word' id='word_1_630' title='bbox 3237 3971 3468 4034; x_wconf 75' lang='lat' dir='ltr'><strong>quatuor</strong></span> 
     </span>
    </p>
   </div>
   <div class='ocr_carea' id='block_1_84' title="bbox 1883 4056 3465 4138">
    <p class='ocr_par' dir='ltr' id='par_1_84' title="bbox 1883 4056 3465 4138">
     <span class='ocr_line' id='line_1_84' title="bbox 1883 4056 3465 4138; baseline -0.011 -16"><span class='ocrx_word' id='word_1_631' title='bbox 1883 4064 2327 4138; x_wconf 82' lang='lat' dir='ltr'><strong>quaternionibus</strong></span> <span class='ocrx_word' id='word_1_632' title='bbox 2349 4063 2595 4123; x_wconf 89' lang='lat' dir='ltr'><strong>militum,</strong></span> <span class='ocrx_word' id='word_1_633' title='bbox 2624 4061 2818 4129; x_wconf 69' lang='lat' dir='ltr'><strong>ligatus</strong></span> <span class='ocrx_word' id='word_1_634' title='bbox 2840 4059 3046 4111; x_wconf 71' lang='lat' dir='ltr'><strong>duabus</strong></span> <span class='ocrx_word' id='word_1_635' title='bbox 3069 4057 3292 4117; x_wconf 80' lang='lat' dir='ltr'><strong>catenis,</strong></span> <span class='ocrx_word' id='word_1_636' title='bbox 3324 4056 3465 4106; x_wconf 63' lang='lat' dir='ltr'><strong>Venit</strong></span> 
     </span>
    </p>
   </div>
   <div class='ocr_carea' id='block_1_85' title="bbox 1885 4143 3467 4226">
    <p class='ocr_par' dir='ltr' id='par_1_85' title="bbox 1885 4143 3467 4226">
     <span class='ocr_line' id='line_1_85' title="bbox 1885 4143 3467 4226; baseline -0.01 -16"><span class='ocrx_word' id='word_1_637' title='bbox 1885 4156 2104 4226; x_wconf 85' lang='lat' dir='ltr'><strong>angelus</strong></span> <span class='ocrx_word' id='word_1_638' title='bbox 2129 4154 2336 4207; x_wconf 87' lang='lat' dir='ltr'><strong>Domini</strong></span> <span class='ocrx_word' id='word_1_639' title='bbox 2363 4152 2431 4205; x_wconf 88' lang='lat' dir='ltr'><strong>ad</strong></span> <span class='ocrx_word' id='word_1_640' title='bbox 2453 4149 2596 4214; x_wconf 71' lang='lat' dir='ltr'><strong>enni,</strong></span> <span class='ocrx_word' id='word_1_641' title='bbox 2630 4143 2688 4202; x_wconf 76' lang='lat' dir='ltr'><strong>tit</strong></span> <span class='ocrx_word' id='word_1_642' title='bbox 2714 4143 2914 4202; x_wconf 80' lang='lat' dir='ltr'><strong>audivit</strong></span> <span class='ocrx_word' id='word_1_643' title='bbox 2943 4148 3157 4200; x_wconf 84' lang='lat' dir='ltr'><strong>dilectio</strong></span> <span class='ocrx_word' id='word_1_644' title='bbox 3189 4156 3385 4207; x_wconf 87' lang='lat' dir='ltr'><strong>vestra,</strong></span> <span class='ocrx_word' id='word_1_645' title='bbox 3414 4153 3467 4196; x_wconf 89' lang='lat' dir='ltr'><strong>et</strong></span> 
     </span>
    </p>
   </div>
   <div class='ocr_carea' id='block_1_86' title="bbox 1886 4239 3419 4319">
    <p class='ocr_par' dir='ltr' id='par_1_86' title="bbox 1886 4239 3419 4319">
     <span class='ocr_line' id='line_1_86' title="bbox 1886 4239 3419 4319; baseline -0.011 -16"><span class='ocrx_word' id='word_1_646' title='bbox 1886 4249 2095 4319; x_wconf 81' lang='lat' dir='ltr'><strong>aperuit</strong></span> <span class='ocrx_word' id='word_1_647' title='bbox 2120 4247 2168 4300; x_wconf 81' lang='lat' dir='ltr'><strong>ci</strong></span> <span class='ocrx_word' id='word_1_648' title='bbox 2193 4246 2384 4315; x_wconf 83' lang='lat' dir='ltr'><strong>jauuas</strong></span> <span class='ocrx_word' id='word_1_649' title='bbox 2415 4242 2668 4305; x_wconf 69' lang='lat' dir='ltr'><strong>carceris,</strong></span> <span class='ocrx_word' id='word_1_650' title='bbox 2701 4248 2753 4294; x_wconf 89' lang='lat' dir='ltr'><strong>et</strong></span> <span class='ocrx_word' id='word_1_651' title='bbox 2782 4239 2853 4291; x_wconf 80' lang='lat' dir='ltr'><strong>ait</strong></span> <span class='ocrx_word' id='word_1_652' title='bbox 2885 4239 2934 4292; x_wconf 84' lang='lat' dir='ltr'><strong>ei</strong></span> <span class='ocrx_word' id='word_1_653' title='bbox 2963 4256 2974 4291; x_wconf 91' lang='lat'>:</span> <span class='ocrx_word' id='word_1_654' title='bbox 3418 4250 3419 4253; x_wconf 81' lang='lat'>‘</span> 
     </span>
    </p>
   </div>
   <div class='ocr_carea' id='block_1_87' title="bbox 1961 4331 3466 4412">
    <p class='ocr_par' dir='ltr' id='par_1_87' title="bbox 1961 4331 3466 4412">
     <span class='ocr_line' id='line_1_87' title="bbox 1961 4331 3466 4412; baseline -0.012 -15"><span class='ocrx_word' id='word_1_655' title='bbox 1961 4343 2128 4412; x_wconf 82' lang='lat' dir='ltr'><strong>Surge</strong></span> <span class='ocrx_word' id='word_1_656' title='bbox 2169 4347 2214 4393; x_wconf 86' lang='lat' dir='ltr'><strong>et</strong></span> <span class='ocrx_word' id='word_1_657' title='bbox 2263 4337 2385 4393; x_wconf 84' lang='lat' dir='ltr'><strong>tolle</strong></span> <span class='ocrx_word' id='word_1_658' title='bbox 2431 4335 2786 4390; x_wconf 71' lang='lat' dir='ltr'><strong>uestimentum</strong></span> <span class='ocrx_word' id='word_1_659' title='bbox 2843 4339 3013 4394; x_wconf 78' lang='lat' dir='ltr'><strong>tuum,</strong></span> <span class='ocrx_word' id='word_1_660' title='bbox 3042 4337 3088 4382; x_wconf 84' lang='lat' dir='ltr'><strong>et</strong></span> <span class='ocrx_word' id='word_1_661' title='bbox 3141 4331 3280 4398; x_wconf 72' lang='lat' dir='ltr'><strong>operi</strong></span> <span class='ocrx_word' id='word_1_662' title='bbox 3322 4337 3390 4392; x_wconf 65' lang='lat' dir='ltr'><strong>te,</strong></span> <span class='ocrx_word' id='word_1_663' title='bbox 3422 4336 3466 4380; x_wconf 71' lang='lat' dir='ltr'><strong>et</strong></span> 
     </span>
    </p>
   </div>
   <div class='ocr_carea' id='block_1_88' title="bbox 1887 4421 3467 4497">
    <p class='ocr_par' dir='ltr' id='par_1_88' title="bbox 1887 4421 3467 4497">
     <span class='ocr_line' id='line_1_88' title="bbox 1887 4421 3467 4497; baseline -0.013 -4"><span class='ocrx_word' id='word_1_664' title='bbox 1887 4435 2059 4493; x_wconf 75' lang='lat' dir='ltr'><strong>calceo</strong></span> <span class='ocrx_word' id='word_1_665' title='bbox 2086 4433 2133 4489; x_wconf 81' lang='lat' dir='ltr'><strong>te</strong></span> <span class='ocrx_word' id='word_1_666' title='bbox 2160 4433 2527 4496; x_wconf 67' lang='lat' dir='ltr'><strong>urtcéantento,</strong></span> <span class='ocrx_word' id='word_1_667' title='bbox 2557 4439 2605 4484; x_wconf 84' lang='lat' dir='ltr'><strong>et</strong></span> <span class='ocrx_word' id='word_1_668' title='bbox 2625 4429 2759 4493; x_wconf 80' lang='lat' dir='ltr'><strong>veni,</strong></span> <span class='ocrx_word' id='word_1_669' title='bbox 2778 4437 2985 4497; x_wconf 75' lang='lat' dir='ltr'><strong>sequere</strong></span> <span class='ocrx_word' id='word_1_670' title='bbox 3010 4433 3123 4489; x_wconf 82' lang='lat' dir='ltr'><strong>me;</strong></span> <span class='ocrx_word' id='word_1_671' title='bbox 3154 4429 3206 4476; x_wconf 73' lang='lat' dir='ltr'><strong>at</strong></span> <span class='ocrx_word' id='word_1_672' title='bbox 3235 4421 3323 4476; x_wconf 85' lang='lat' dir='ltr'><strong>ille</strong></span> <span class='ocrx_word' id='word_1_673' title='bbox 3345 4433 3467 4474; x_wconf 82' lang='lat' dir='ltr'><strong>sur-</strong></span> 
     </span>
    </p>
   </div>
   <div class='ocr_carea' id='block_1_89' title="bbox 1889 4514 3471 4598">
    <p class='ocr_par' dir='ltr' id='par_1_89' title="bbox 1889 4514 3471 4598">
     <span class='ocr_line' id='line_1_89' title="bbox 1889 4514 3471 4598; baseline -0.013 -13"><span class='ocrx_word' id='word_1_674' title='bbox 1889 4546 2020 4598; x_wconf 85' lang='lat' dir='ltr'><strong>gens</strong></span> <span class='ocrx_word' id='word_1_675' title='bbox 2061 4527 2385 4596; x_wconf 87' lang='lat' dir='ltr'><strong>sequebatur</strong></span> <span class='ocrx_word' id='word_1_676' title='bbox 2414 4538 2557 4577; x_wconf 92' lang='lat' dir='ltr'><strong>eum.</strong></span> <span class='ocrx_word' id='word_1_677' title='bbox 2600 4520 2666 4573; x_wconf 90' lang='lat' dir='ltr'><strong>Et</strong></span> <span class='ocrx_word' id='word_1_678' title='bbox 2714 4533 2834 4572; x_wconf 90' lang='lat' dir='ltr'><strong>cum</strong></span> <span class='ocrx_word' id='word_1_679' title='bbox 2881 4517 3114 4570; x_wconf 80' lang='lat' dir='ltr'><strong>venisset</strong></span> <span class='ocrx_word' id='word_1_680' title='bbox 3147 4514 3214 4566; x_wconf 89' lang='lat' dir='ltr'><strong>ad</strong></span> <span class='ocrx_word' id='word_1_681' title='bbox 3263 4522 3471 4582; x_wconf 81' lang='lat' dir='ltr'><strong>portam</strong></span> 
     </span>
    </p>
   </div>
   <div class='ocr_carea' id='block_1_90' title="bbox 195 4605 3470 4716">
    <p class='ocr_par' dir='ltr' id='par_1_90' title="bbox 195 4605 3470 4716">
     <span class='ocr_line' id='line_1_90' title="bbox 195 4605 3470 4716; baseline -0.003 -53"><span class='ocrx_word' id='word_1_682' title='bbox 195 4611 364 4674; x_wconf 78' lang='lat' dir='ltr'><strong>libet,</strong></span> <span class='ocrx_word' id='word_1_683' title='bbox 395 4609 517 4664; x_wconf 83' lang='lat' dir='ltr'><strong>forti</strong></span> <span class='ocrx_word' id='word_1_684' title='bbox 543 4612 739 4664; x_wconf 82' lang='lat' dir='ltr'><strong>mentis</strong></span> <span class='ocrx_word' id='word_1_685' title='bbox 768 4613 1068 4665; x_wconf 74' lang='lat' dir='ltr'><strong>constant-ia</strong></span> <span class='ocrx_word' id='word_1_686' title='bbox 1099 4611 1370 4675; x_wconf 86' lang='lat' dir='ltr'><strong>tolerabis,</strong></span> <span class='ocrx_word' id='word_1_687' title='bbox 1395 4613 1447 4665; x_wconf 91' lang='lat' dir='ltr'><strong>in</strong></span> <span class='ocrx_word' id='word_1_688' title='bbox 1475 4615 1786 4667; x_wconf 81' lang='lat' dir='ltr'><strong>extensitme</strong></span> <span class='ocrx_word' id='word_1_689' title='bbox 1815 4651 1866 4716; x_wconf 62' lang='grc' dir='ltr'>υ</span> <span class='ocrx_word' id='word_1_690' title='bbox 1892 4617 2123 4675; x_wconf 58' lang='lat' dir='ltr'><strong>fin-ream</strong></span> <span class='ocrx_word' id='word_1_691' title='bbox 2145 4627 2267 4673; x_wconf 67' lang='lat' dir='ltr'><strong>eum</strong></span> <span class='ocrx_word' id='word_1_692' title='bbox 2303 4615 2510 4684; x_wconf 85' lang='lat' dir='ltr'><strong>angelo,</strong></span> <span class='ocrx_word' id='word_1_693' title='bbox 2531 4612 2715 4667; x_wconf 86' lang='lat' dir='ltr'><strong>statim</strong></span> <span class='ocrx_word' id='word_1_694' title='bbox 2739 4605 2803 4663; x_wconf 74' lang='lat' dir='ltr'><strong>ali</strong></span> <span class='ocrx_word' id='word_1_695' title='bbox 2827 4625 2886 4663; x_wconf 86' lang='lat' dir='ltr'><strong>se</strong></span> <span class='ocrx_word' id='word_1_696' title='bbox 2908 4609 3092 4663; x_wconf 80' lang='lat' dir='ltr'><strong>eadem</strong></span> <span class='ocrx_word' id='word_1_697' title='bbox 3115 4615 3262 4674; x_wconf 78' lang='lat' dir='ltr'><strong>porta</strong></span> <span class='ocrx_word' id='word_1_698' title='bbox 3287 4617 3470 4673; x_wconf 73' lang='lat' dir='ltr'><strong>upr‘rtzt</strong></span> 
     </span>
    </p>
   </div>
   <div class='ocr_carea' id='block_1_91' title="bbox 196 4701 1787 4773">
    <p class='ocr_par' dir='ltr' id='par_1_91' title="bbox 196 4701 1787 4773">
     <span class='ocr_line' id='line_1_91' title="bbox 196 4701 1787 4773; baseline 0.003 -20"><span class='ocrx_word' id='word_1_699' title='bbox 196 4701 354 4754; x_wconf 79' lang='lat' dir='ltr'><strong>enim</strong></span> <span class='ocrx_word' id='word_1_700' title='bbox 381 4707 634 4755; x_wconf 82' lang='lat' dir='ltr'><strong>manuum</strong></span> <span class='ocrx_word' id='word_1_701' title='bbox 655 4703 974 4771; x_wconf 82' lang='lat' dir='ltr'><strong>positionem</strong></span> <span class='ocrx_word' id='word_1_702' title='bbox 1003 4703 1365 4757; x_wconf 83' lang='lat' dir='ltr'><strong>membrorum</strong></span> <span class='ocrx_word' id='word_1_703' title='bbox 1389 4703 1504 4771; x_wconf 82' lang='lat' dir='ltr'><strong>ejus</strong></span> <span class='ocrx_word' id='word_1_704' title='bbox 1527 4705 1615 4773; x_wconf 92' lang='lat' dir='ltr'><strong>qui</strong></span> <span class='ocrx_word' id='word_1_705' title='bbox 1640 4708 1787 4760; x_wconf 76' lang='lat' dir='ltr'><strong>cruci</strong></span> 
     </span>
    </p>
   </div>
   <div class='ocr_carea' id='block_1_92' title="bbox 199 4794 1792 4865">
    <p class='ocr_par' dir='ltr' id='par_1_92' title="bbox 199 4794 1792 4865">
     <span class='ocr_line' id='line_1_92' title="bbox 199 4794 1792 4865; baseline 0.002 -19"><span class='ocrx_word' id='word_1_706' title='bbox 199 4800 330 4846; x_wconf 85' lang='lat' dir='ltr'><strong>erat</strong></span> <span class='ocrx_word' id='word_1_707' title='bbox 376 4794 639 4860; x_wconf 87' lang='lat' dir='ltr'><strong>aptandus</strong></span> <span class='ocrx_word' id='word_1_708' title='bbox 682 4794 933 4847; x_wconf 86' lang='lat' dir='ltr'><strong>insinuat.</strong></span> <span class='ocrx_word' id='word_1_709' title='bbox 963 4794 1020 4846; x_wconf 88' lang='lat' dir='ltr'><strong>ln</strong></span> <span class='ocrx_word' id='word_1_710' title='bbox 1053 4794 1317 4848; x_wconf 86' lang='lat' dir='ltr'><strong>cinctione</strong></span> <span class='ocrx_word' id='word_1_711' title='bbox 1348 4794 1591 4860; x_wconf 85' lang='lat' dir='ltr'><strong>alterius,</strong></span> <span class='ocrx_word' id='word_1_712' title='bbox 1623 4795 1792 4865; x_wconf 89' lang='lat' dir='ltr'><strong>impo-</strong></span> 
     </span>
    </p>
   </div>
   <div class='ocr_carea' id='block_1_93' title="bbox 198 4885 1791 4955">
    <p class='ocr_par' dir='ltr' id='par_1_93' title="bbox 198 4885 1791 4955">
     <span class='ocr_line' id='line_1_93' title="bbox 198 4885 1791 4955; baseline 0.001 -15"><span class='ocrx_word' id='word_1_713' title='bbox 198 4885 464 4940; x_wconf 78' lang='lat' dir='ltr'><strong>sitionem</strong></span> <span class='ocrx_word' id='word_1_714' title='bbox 491 4885 827 4940; x_wconf 87' lang='lat' dir='ltr'><strong>vinculorum</strong></span> <span class='ocrx_word' id='word_1_715' title='bbox 876 4887 1067 4955; x_wconf 84' lang='lat' dir='ltr'><strong>quibus</strong></span> <span class='ocrx_word' id='word_1_716' title='bbox 1096 4903 1126 4940; x_wconf 88' lang='lat' dir='ltr'><strong>a</strong></span> <span class='ocrx_word' id='word_1_717' title='bbox 1171 4896 1521 4955; x_wconf 85' lang='lat' dir='ltr'><strong>persecutore</strong></span> <span class='ocrx_word' id='word_1_718' title='bbox 1544 4897 1662 4942; x_wconf 89' lang='lat' dir='ltr'><strong>erat</strong></span> <span class='ocrx_word' id='word_1_719' title='bbox 1707 4905 1791 4941; x_wconf 89' lang='lat' dir='ltr'><strong>ar—</strong></span> 
     </span>
    </p>
   </div>
   <div class='ocr_carea' id='block_1_94' title="bbox 203 4978 1794 5048">
    <p class='ocr_par' dir='ltr' id='par_1_94' title="bbox 203 4978 1794 5048">
     <span class='ocr_line' id='line_1_94' title="bbox 203 4978 1794 5048; baseline 0.002 -16"><span class='ocrx_word' id='word_1_720' title='bbox 203 4978 415 5032; x_wconf 83' lang='lat' dir='ltr'><strong>cendus</strong></span> <span class='ocrx_word' id='word_1_721' title='bbox 459 4978 730 5046; x_wconf 80' lang='lat' dir='ltr'><strong>exprimit.</strong></span> <span class='ocrx_word' id='word_1_722' title='bbox 767 4979 821 5032; x_wconf 88' lang='lat' dir='ltr'><strong>In</strong></span> <span class='ocrx_word' id='word_1_723' title='bbox 867 4980 1025 5033; x_wconf 87' lang='lat' dir='ltr'><strong>ductu</strong></span> <span class='ocrx_word' id='word_1_724' title='bbox 1059 4993 1164 5048; x_wconf 87' lang='lat' dir='ltr'><strong>quo</strong></span> <span class='ocrx_word' id='word_1_725' title='bbox 1195 4980 1377 5043; x_wconf 88' lang='lat' dir='ltr'><strong>nollet,</strong></span> <span class='ocrx_word' id='word_1_726' title='bbox 1407 4981 1575 5048; x_wconf 89' lang='lat' dir='ltr'><strong>ipsam</strong></span> <span class='ocrx_word' id='word_1_727' title='bbox 1606 4982 1794 5035; x_wconf 87' lang='lat' dir='ltr'><strong>mortis</strong></span> 
     </span>
    </p>
   </div>
   <div class='ocr_carea' id='block_1_95' title="bbox 205 5069 1794 5141">
    <p class='ocr_par' dir='ltr' id='par_1_95' title="bbox 205 5069 1794 5141">
     <span class='ocr_line' id='line_1_95' title="bbox 205 5069 1794 5141; baseline 0.001 -17"><span class='ocrx_word' id='word_1_728' title='bbox 205 5086 274 5124; x_wconf 87' lang='lat' dir='ltr'><strong>ac</strong></span> <span class='ocrx_word' id='word_1_729' title='bbox 317 5069 582 5138; x_wconf 89' lang='lat' dir='ltr'><strong>passionis</strong></span> <span class='ocrx_word' id='word_1_730' title='bbox 629 5071 976 5124; x_wconf 89' lang='lat' dir='ltr'><strong>acerbitatem</strong></span> <span class='ocrx_word' id='word_1_731' title='bbox 1019 5071 1246 5135; x_wconf 90' lang='lat' dir='ltr'><strong>indicat,</strong></span> <span class='ocrx_word' id='word_1_732' title='bbox 1293 5087 1452 5140; x_wconf 89' lang='lat' dir='ltr'><strong>quam</strong></span> <span class='ocrx_word' id='word_1_733' title='bbox 1497 5072 1794 5141; x_wconf 82' lang='lat' dir='ltr'><strong>corporalis</strong></span> 
     </span>
    </p>
   </div>
   <div class='ocr_carea' id='block_1_96' title="bbox 203 5161 1792 5234">
    <p class='ocr_par' dir='ltr' id='par_1_96' title="bbox 203 5161 1792 5234">
     <span class='ocr_line' id='line_1_96' title="bbox 203 5161 1792 5234; baseline 0.003 -19"><span class='ocrx_word' id='word_1_734' title='bbox 203 5164 331 5231; x_wconf 81' lang='lat' dir='ltr'><strong>ejus</strong></span> <span class='ocrx_word' id='word_1_735' title='bbox 362 5161 646 5217; x_wconf 81' lang='lat' dir='ltr'><strong>inﬁrmitas</strong></span> <span class='ocrx_word' id='word_1_736' title='bbox 671 5161 924 5218; x_wconf 87' lang='lat' dir='ltr'><strong>horrebat</strong></span> <span class='ocrx_word' id='word_1_737' title='bbox 953 5181 965 5218; x_wconf 88' lang='lat'><strong>:</strong></span> <span class='ocrx_word' id='word_1_738' title='bbox 995 5165 1146 5234; x_wconf 77' lang='lat' dir='ltr'><strong>cujus</strong></span> <span class='ocrx_word' id='word_1_739' title='bbox 1176 5166 1337 5218; x_wconf 88' lang='lat' dir='ltr'><strong>animi</strong></span> <span class='ocrx_word' id='word_1_740' title='bbox 1369 5165 1656 5219; x_wconf 75' lang='lat' dir='ltr'><strong>inﬁrmitas</strong></span> <span class='ocrx_word' id='word_1_741' title='bbox 1681 5167 1792 5234; x_wconf 76' lang='lat' dir='ltr'><strong>spi—</strong></span> 
     </span>
    </p>
   </div>
   <div class='ocr_carea' id='block_1_97' title="bbox 207 5255 1794 5324">
    <p class='ocr_par' dir='ltr' id='par_1_97' title="bbox 207 5255 1794 5324">
     <span class='ocr_line' id='line_1_97' title="bbox 207 5255 1794 5324; baseline -0.001 -14"><span class='ocrx_word' id='word_1_742' title='bbox 207 5255 391 5310; x_wconf 82' lang='lat' dir='ltr'><strong>rilalis</strong></span> <span class='ocrx_word' id='word_1_743' title='bbox 433 5255 593 5308; x_wconf 88' lang='lat' dir='ltr'><strong>etiam</strong></span> <span class='ocrx_word' id='word_1_744' title='bbox 634 5255 856 5309; x_wconf 81' lang='lat' dir='ltr'><strong>adversa</strong></span> <span class='ocrx_word' id='word_1_745' title='bbox 901 5269 997 5324; x_wconf 90' lang='lat' dir='ltr'><strong>pro</strong></span> <span class='ocrx_word' id='word_1_746' title='bbox 1039 5255 1269 5309; x_wconf 90' lang='lat' dir='ltr'><strong>Domino</strong></span> <span class='ocrx_word' id='word_1_747' title='bbox 1294 5256 1578 5310; x_wconf 69' lang='lat' dir='ltr'><strong>laetabatur</strong></span> <span class='ocrx_word' id='word_1_748' title='bbox 1602 5262 1794 5309; x_wconf 83' lang='lat' dir='ltr'><strong>cuneta</strong></span> 
     </span>
    </p>
   </div>
   <div class='ocr_carea' id='block_1_98' title="bbox 207 5346 1794 5412">
    <p class='ocr_par' dir='ltr' id='par_1_98' title="bbox 207 5346 1794 5412">
     <span class='ocr_line' id='line_1_98' title="bbox 207 5346 1794 5412; baseline -0.003 -10"><span class='ocrx_word' id='word_1_749' title='bbox 207 5348 475 5403; x_wconf 69' lang='lat' dir='ltr'><strong>sufferre:</strong></span> <span class='ocrx_word' id='word_1_750' title='bbox 501 5361 607 5400; x_wconf 91' lang='lat' dir='ltr'><strong>non</strong></span> <span class='ocrx_word' id='word_1_751' title='bbox 627 5348 770 5401; x_wconf 88' lang='lat' dir='ltr'><strong>enim</strong></span> <span class='ocrx_word' id='word_1_752' title='bbox 793 5346 1122 5400; x_wconf 83' lang='lat' dir='ltr'><strong>voluntatem</strong></span> <span class='ocrx_word' id='word_1_753' title='bbox 1153 5362 1324 5412; x_wconf 88' lang='lat' dir='ltr'><strong>suam,</strong></span> <span class='ocrx_word' id='word_1_754' title='bbox 1349 5348 1443 5402; x_wconf 88' lang='lat' dir='ltr'><strong>sed</strong></span> <span class='ocrx_word' id='word_1_755' title='bbox 1465 5346 1794 5400; x_wconf 79' lang='lat' dir='ltr'><strong>voluntatem</strong></span> 
     </span>
    </p>
   </div>
   <div class='ocr_carea' id='block_1_99' title="bbox 207 5435 1317 5509">
    <p class='ocr_par' dir='ltr' id='par_1_99' title="bbox 207 5435 1317 5509">
     <span class='ocr_line' id='line_1_99' title="bbox 207 5435 1317 5509; baseline -0.003 -17"><span class='ocrx_word' id='word_1_756' title='bbox 207 5439 492 5509; x_wconf 69' lang='lat' dir='ltr'><strong>quaarebat</strong></span> <span class='ocrx_word' id='word_1_757' title='bbox 517 5437 633 5506; x_wconf 78' lang='lat' dir='ltr'><strong>ejus</strong></span> <span class='ocrx_word' id='word_1_758' title='bbox 658 5439 748 5506; x_wconf 89' lang='lat' dir='ltr'><strong>qui</strong></span> <span class='ocrx_word' id='word_1_759' title='bbox 777 5439 922 5491; x_wconf 87' lang='lat' dir='ltr'><strong>misit</strong></span> <span class='ocrx_word' id='word_1_760' title='bbox 947 5451 1068 5490; x_wconf 89' lang='lat' dir='ltr'><strong>eum</strong></span> <span class='ocrx_word' id='word_1_761' title='bbox 1099 5435 1317 5491; x_wconf 88' lang='lat' dir='ltr'><strong>Christi.</strong></span> 
     </span>
    </p>
   </div>
   <div class='ocr_carea' id='block_1_100' title="bbox 290 5547 1798 5618">
    <p class='ocr_par' dir='ltr' id='par_1_100' title="bbox 290 5547 1798 5618">
     <span class='ocr_line' id='line_1_100' title="bbox 290 5547 1798 5618; baseline -0.001 -16"><span class='ocrx_word' id='word_1_762' title='bbox 290 5548 407 5602; x_wconf 81' lang='lat' dir='ltr'><strong>Hoc</strong></span> <span class='ocrx_word' id='word_1_763' title='bbox 438 5559 610 5602; x_wconf 80' lang='lat' dir='ltr'><strong>autent</strong></span> <span class='ocrx_word' id='word_1_764' title='bbox 631 5549 786 5612; x_wconf 76' lang='lat' dir='ltr'><strong>dixit,</strong></span> <span class='ocrx_word' id='word_1_765' title='bbox 816 5548 1116 5618; x_wconf 80' lang='lat' dir='ltr'><strong>signiﬁcans</strong></span> <span class='ocrx_word' id='word_1_766' title='bbox 1144 5565 1247 5616; x_wconf 86' lang='lat' dir='ltr'><strong>qua</strong></span> <span class='ocrx_word' id='word_1_767' title='bbox 1287 5555 1448 5600; x_wconf 87' lang='lat' dir='ltr'><strong>morte</strong></span> <span class='ocrx_word' id='word_1_768' title='bbox 1479 5547 1798 5615; x_wconf 75' lang='lat' dir='ltr'><strong>clari/iculu-</strong></span> 
     </span>
    </p>
   </div>
   <div class='ocr_carea' id='block_1_101' title="bbox 211 5638 1798 5711">
    <p class='ocr_par' dir='ltr' id='par_1_101' title="bbox 211 5638 1798 5711">
     <span class='ocr_line' id='line_1_101' title="bbox 211 5638 1798 5711; baseline -0.004 -12"><span class='ocrx_word' id='word_1_769' title='bbox 211 5662 308 5700; x_wconf 62' lang='grc' dir='ltr'><strong>ηις</strong></span> <span class='ocrx_word' id='word_1_770' title='bbox 335 5655 464 5698; x_wconf 80' lang='lat' dir='ltr'><strong>esset</strong></span> <span class='ocrx_word' id='word_1_771' title='bbox 491 5643 676 5698; x_wconf 85' lang='lat' dir='ltr'><strong>Deum.</strong></span> <span class='ocrx_word' id='word_1_772' title='bbox 710 5642 1036 5697; x_wconf 87' lang='lat' dir='ltr'><strong>Clarilicavit</strong></span> <span class='ocrx_word' id='word_1_773' title='bbox 1060 5642 1255 5711; x_wconf 87' lang='lat' dir='ltr'><strong>quippe</strong></span> <span class='ocrx_word' id='word_1_774' title='bbox 1282 5638 1472 5694; x_wconf 86' lang='lat' dir='ltr'><strong>Petrus</strong></span> <span class='ocrx_word' id='word_1_775' title='bbox 1503 5651 1676 5694; x_wconf 89' lang='lat' dir='ltr'><strong>morte</strong></span> <span class='ocrx_word' id='word_1_776' title='bbox 1702 5655 1798 5694; x_wconf 81' lang='lat' dir='ltr'><strong>Sua</strong></span> 
     </span>
    </p>
   </div>
   <div class='ocr_carea' id='block_1_102' title="bbox 209 5731 1799 5804">
    <p class='ocr_par' dir='ltr' id='par_1_102' title="bbox 209 5731 1799 5804">
     <span class='ocr_line' id='line_1_102' title="bbox 209 5731 1799 5804; baseline -0.005 -14"><span class='ocrx_word' id='word_1_777' title='bbox 209 5736 415 5799; x_wconf 83' lang='lat' dir='ltr'><strong>Deum,</strong></span> <span class='ocrx_word' id='word_1_778' title='bbox 442 5735 655 5804; x_wconf 88' lang='lat' dir='ltr'><strong>quando</strong></span> <span class='ocrx_word' id='word_1_779' title='bbox 701 5734 802 5787; x_wconf 87' lang='lat' dir='ltr'><strong>hoc</strong></span> <span class='ocrx_word' id='word_1_780' title='bbox 824 5731 1047 5801; x_wconf 87' lang='lat' dir='ltr'><strong>judicio,</strong></span> <span class='ocrx_word' id='word_1_781' title='bbox 1076 5741 1336 5800; x_wconf 86' lang='lat' dir='ltr'><strong>quantum</strong></span> <span class='ocrx_word' id='word_1_782' title='bbox 1369 5731 1508 5784; x_wconf 86' lang='lat' dir='ltr'><strong>Deus</strong></span> <span class='ocrx_word' id='word_1_783' title='bbox 1537 5737 1679 5783; x_wconf 87' lang='lat' dir='ltr'><strong>esset</strong></span> <span class='ocrx_word' id='word_1_784' title='bbox 1705 5745 1799 5783; x_wconf 89' lang='lat' dir='ltr'><strong>eo-</strong></span> 
     </span>
    </p>
   </div>
   <div class='ocr_carea' id='block_1_103' title="bbox 209 5820 1798 5893">
    <p class='ocr_par' dir='ltr' id='par_1_103' title="bbox 209 5820 1798 5893">
     <span class='ocr_line' id='line_1_103' title="bbox 209 5820 1798 5893; baseline -0.007 -10"><span class='ocrx_word' id='word_1_785' title='bbox 209 5828 413 5883; x_wconf 81' lang='lat' dir='ltr'><strong>lentlus</strong></span> <span class='ocrx_word' id='word_1_786' title='bbox 475 5824 840 5893; x_wconf 87' lang='lat' dir='ltr'><strong>amandusque</strong></span> <span class='ocrx_word' id='word_1_787' title='bbox 905 5824 1261 5884; x_wconf 84' lang='lat' dir='ltr'><strong>monstravit,</strong></span> <span class='ocrx_word' id='word_1_788' title='bbox 1309 5822 1434 5873; x_wconf 89' lang='lat' dir='ltr'><strong>dum</strong></span> <span class='ocrx_word' id='word_1_789' title='bbox 1494 5821 1606 5888; x_wconf 85' lang='lat' dir='ltr'><strong>ipse</strong></span> <span class='ocrx_word' id='word_1_790' title='bbox 1671 5820 1798 5873; x_wconf 81' lang='lat' dir='ltr'><strong>data</strong></span> 
     </span>
    </p>
   </div>
   <div class='ocr_carea' id='block_1_104' title="bbox 211 5917 1801 6002">
    <p class='ocr_par' dir='ltr' id='par_1_104' title="bbox 211 5917 1801 6002">
     <span class='ocr_line' id='line_1_104' title="bbox 211 5917 1801 6002; baseline -0.004 -25"><span class='ocrx_word' id='word_1_791' title='bbox 211 5921 443 6002; x_wconf 73' lang='lat' dir='ltr'><strong>optione</strong></span> <span class='ocrx_word' id='word_1_792' title='bbox 465 5919 647 5976; x_wconf 80' lang='lat' dir='ltr'><strong>mallet</strong></span> <span class='ocrx_word' id='word_1_793' title='bbox 675 5918 854 5975; x_wconf 85' lang='lat' dir='ltr'><strong>crucis</strong></span> <span class='ocrx_word' id='word_1_794' title='bbox 880 5917 1063 5973; x_wconf 87' lang='lat' dir='ltr'><strong>subire</strong></span> <span class='ocrx_word' id='word_1_795' title='bbox 1092 5921 1415 5973; x_wconf 86' lang='lat' dir='ltr'><strong>tormentum</strong></span> <span class='ocrx_word' id='word_1_796' title='bbox 1445 5929 1606 5972; x_wconf 82' lang='lat' dir='ltr'><strong>uuam</strong></span> <span class='ocrx_word' id='word_1_797' title='bbox 1629 5925 1659 5968; x_wconf 72' lang='grc' dir='ltr'><strong>ιι</strong></span> <span class='ocrx_word' id='word_1_798' title='bbox 1693 5925 1801 5970; x_wconf 77' lang='lat' dir='ltr'><strong>coe—</strong></span> 
     </span>
    </p>
   </div>
   <div class='ocr_carea' id='block_1_105' title="bbox 1892 4698 3473 4768">
    <p class='ocr_par' dir='ltr' id='par_1_105' title="bbox 1892 4698 3473 4768">
     <span class='ocr_line' id='line_1_105' title="bbox 1892 4698 3473 4768; baseline -0.013 0"><span class='ocrx_word' id='word_1_799' title='bbox 1892 4722 1972 4767; x_wconf 84' lang='lat' dir='ltr'><strong>e‘st</strong></span> <span class='ocrx_word' id='word_1_800' title='bbox 1999 4714 2094 4766; x_wconf 80' lang='lat' dir='ltr'><strong>eis.</strong></span> <span class='ocrx_word' id='word_1_801' title='bbox 2131 4704 2234 4764; x_wconf 59' lang='lat' dir='ltr'><strong>Nec</strong></span> <span class='ocrx_word' id='word_1_802' title='bbox 2260 4709 2454 4762; x_wconf 75' lang='lat' dir='ltr'><strong>mirum</strong></span> <span class='ocrx_word' id='word_1_803' title='bbox 2489 4709 2637 4767; x_wconf 83' lang='lat' dir='ltr'><strong>sane,</strong></span> <span class='ocrx_word' id='word_1_804' title='bbox 2655 4705 2698 4757; x_wconf 93' lang='lat' dir='ltr'><strong>si</strong></span> <span class='ocrx_word' id='word_1_805' title='bbox 2725 4703 2910 4757; x_wconf 79' lang='lat' dir='ltr'><strong>sancto</strong></span> <span class='ocrx_word' id='word_1_806' title='bbox 2934 4701 3093 4754; x_wconf 80' lang='lat' dir='ltr'><strong>Petro</strong></span> <span class='ocrx_word' id='word_1_807' title='bbox 3119 4708 3269 4768; x_wconf 87' lang='lat' dir='ltr'><strong>porta</strong></span> <span class='ocrx_word' id='word_1_808' title='bbox 3300 4698 3473 4750; x_wconf 84' lang='lat' dir='ltr'><strong>ferrea</strong></span> 
     </span>
    </p>
   </div>
   <div class='ocr_carea' id='block_1_106' title="bbox 1894 4791 3475 4876">
    <p class='ocr_par' dir='ltr' id='par_1_106' title="bbox 1894 4791 3475 4876">
     <span class='ocr_line' id='line_1_106' title="bbox 1894 4791 3475 4876; baseline -0.013 -15"><span class='ocrx_word' id='word_1_809' title='bbox 1894 4815 2080 4876; x_wconf 78' lang='lat' dir='ltr'><strong>sponte</strong></span> <span class='ocrx_word' id='word_1_810' title='bbox 2112 4809 2292 4872; x_wconf 77' lang='lat' dir='ltr'><strong>aperta</strong></span> <span class='ocrx_word' id='word_1_811' title='bbox 2319 4807 2399 4852; x_wconf 80' lang='lat' dir='ltr'><strong>est.</strong></span> <span class='ocrx_word' id='word_1_812' title='bbox 2423 4815 2435 4851; x_wconf 91' lang='lat'>:</span> <span class='ocrx_word' id='word_1_813' title='bbox 2461 4799 2547 4866; x_wconf 90' lang='lat' dir='ltr'><strong>qui</strong></span> <span class='ocrx_word' id='word_1_814' title='bbox 2579 4803 2760 4865; x_wconf 87' lang='lat' dir='ltr'><strong>portas</strong></span> <span class='ocrx_word' id='word_1_815' title='bbox 2787 4793 2898 4862; x_wconf 78' lang='lat' dir='ltr'><strong>jam</strong></span> <span class='ocrx_word' id='word_1_816' title='bbox 2943 4791 3272 4845; x_wconf 84' lang='lat' dir='ltr'><strong>infernorum</strong></span> <span class='ocrx_word' id='word_1_817' title='bbox 3303 4791 3354 4842; x_wconf 89' lang='lat' dir='ltr'><strong>in</strong></span> <span class='ocrx_word' id='word_1_818' title='bbox 3382 4805 3475 4858; x_wconf 88' lang='lat' dir='ltr'><strong>po-</strong></span> 
     </span>
    </p>
   </div>
   <div class='ocr_carea' id='block_1_107' title="bbox 1895 4884 3474 4965">
    <p class='ocr_par' dir='ltr' id='par_1_107' title="bbox 1895 4884 3474 4965">
     <span class='ocr_line' id='line_1_107' title="bbox 1895 4884 3474 4965; baseline -0.013 -8"><span class='ocrx_word' id='word_1_819' title='bbox 1895 4903 2085 4956; x_wconf 75' lang='lat' dir='ltr'><strong>testate</strong></span> <span class='ocrx_word' id='word_1_820' title='bbox 2131 4902 2439 4965; x_wconf 80' lang='lat' dir='ltr'><strong>acceperat,</strong></span> <span class='ocrx_word' id='word_1_821' title='bbox 2485 4894 2694 4947; x_wconf 89' lang='lat' dir='ltr'><strong>dicente</strong></span> <span class='ocrx_word' id='word_1_822' title='bbox 2744 4891 2968 4944; x_wconf 89' lang='lat' dir='ltr'><strong>Domino</strong></span> <span class='ocrx_word' id='word_1_823' title='bbox 3017 4888 3082 4940; x_wconf 82' lang='lat' dir='ltr'><strong>ad</strong></span> <span class='ocrx_word' id='word_1_824' title='bbox 3124 4897 3244 4940; x_wconf 86' lang='lat' dir='ltr'><strong>eum</strong></span> <span class='ocrx_word' id='word_1_825' title='bbox 3273 4901 3286 4938; x_wconf 84' lang='lat'><strong>:</strong></span> <span class='ocrx_word' id='word_1_826' title='bbox 3317 4884 3391 4938; x_wconf 80' lang='lat' dir='ltr'><strong>Tu</strong></span> <span class='ocrx_word' id='word_1_827' title='bbox 3423 4901 3474 4937; x_wconf 87' lang='lat' dir='ltr'><strong>es</strong></span> 
     </span>
    </p>
   </div>
   <div class='ocr_carea' id='block_1_108' title="bbox 1898 4978 3472 5055">
    <p class='ocr_par' dir='ltr' id='par_1_108' title="bbox 1898 4978 3472 5055">
     <span class='ocr_line' id='line_1_108' title="bbox 1898 4978 3472 5055; baseline -0.008 -14"><span class='ocrx_word' id='word_1_828' title='bbox 1898 4990 2082 5043; x_wconf 82' lang='lat' dir='ltr'><strong>Petrus</strong></span> <span class='ocrx_word' id='word_1_829' title='bbox 2105 4999 2148 5039; x_wconf 86' lang='lat' dir='ltr'><strong>et</strong></span> <span class='ocrx_word' id='word_1_830' title='bbox 2164 4987 2459 5055; x_wconf 80' lang='lat' dir='ltr'><strong>superhanc</strong></span> <span class='ocrx_word' id='word_1_831' title='bbox 2472 4995 2668 5053; x_wconf 83' lang='lat' dir='ltr'><strong>petram</strong></span> <span class='ocrx_word' id='word_1_832' title='bbox 2685 4981 2953 5049; x_wconf 76' lang='lat' dir='ltr'><strong>aediﬁcabo</strong></span> <span class='ocrx_word' id='word_1_833' title='bbox 2977 4978 3260 5032; x_wconf 77' lang='lat' dir='ltr'><strong>Ecclesiam</strong></span> <span class='ocrx_word' id='word_1_834' title='bbox 3284 4993 3472 5039; x_wconf 83' lang='lat' dir='ltr'><strong>meum,</strong></span> 
     </span>
    </p>
   </div>
   <div class='ocr_carea' id='block_1_109' title="bbox 1898 5069 3476 5151">
    <p class='ocr_par' dir='ltr' id='par_1_109' title="bbox 1898 5069 3476 5151">
     <span class='ocr_line' id='line_1_109' title="bbox 1898 5069 3476 5151; baseline -0.011 -14"><span class='ocrx_word' id='word_1_835' title='bbox 1898 5091 1941 5137; x_wconf 87' lang='lat' dir='ltr'><strong>et</strong></span> <span class='ocrx_word' id='word_1_836' title='bbox 1964 5075 2125 5151; x_wconf 76' lang='lat' dir='ltr'><strong>parur</strong></span> <span class='ocrx_word' id='word_1_837' title='bbox 2147 5079 2429 5144; x_wconf 76' lang='lat' dir='ltr'><strong>inferorum</strong></span> <span class='ocrx_word' id='word_1_838' title='bbox 2461 5091 2560 5130; x_wconf 86' lang='lat' dir='ltr'><strong>non</strong></span> <span class='ocrx_word' id='word_1_839' title='bbox 2587 5072 2932 5145; x_wconf 79' lang='lat' dir='ltr'><strong>prteralebtmt</strong></span> <span class='ocrx_word' id='word_1_840' title='bbox 2958 5072 3024 5124; x_wconf 86' lang='lat' dir='ltr'><strong>ei.</strong></span> <span class='ocrx_word' id='word_1_841' title='bbox 3059 5069 3125 5122; x_wconf 82' lang='lat' dir='ltr'><strong>Et</strong></span> <span class='ocrx_word' id='word_1_842' title='bbox 3159 5081 3476 5138; x_wconf 65' lang='lat' dir='ltr'><strong>qna’runqae</strong></span> 
     </span>
    </p>
   </div>
   <div class='ocr_carea' id='block_1_110' title="bbox 1899 5161 3476 5243">
    <p class='ocr_par' dir='ltr' id='par_1_110' title="bbox 1899 5161 3476 5243">
     <span class='ocr_line' id='line_1_110' title="bbox 1899 5161 3476 5243; baseline -0.013 -17"><span class='ocrx_word' id='word_1_843' title='bbox 1899 5172 2136 5243; x_wconf 75' lang='lat' dir='ltr'><strong>ligaveris</strong></span> <span class='ocrx_word' id='word_1_844' title='bbox 2157 5183 2312 5240; x_wconf 78' lang='lat' dir='ltr'><strong>super</strong></span> <span class='ocrx_word' id='word_1_845' title='bbox 2331 5174 2545 5232; x_wconf 76' lang='lat' dir='ltr'><strong>terram,</strong></span> <span class='ocrx_word' id='word_1_846' title='bbox 2569 5175 2716 5220; x_wconf 76' lang='lat' dir='ltr'><strong>erant</strong></span> <span class='ocrx_word' id='word_1_847' title='bbox 2747 5164 2904 5232; x_wconf 83' lang='lat' dir='ltr'><strong>ligata</strong></span> <span class='ocrx_word' id='word_1_848' title='bbox 2932 5172 2978 5215; x_wconf 88' lang='lat' dir='ltr'><strong>et</strong></span> <span class='ocrx_word' id='word_1_849' title='bbox 3009 5163 3062 5214; x_wconf 90' lang='lat' dir='ltr'><strong>in</strong></span> <span class='ocrx_word' id='word_1_850' title='bbox 3095 5161 3239 5222; x_wconf 72' lang='lat' dir='ltr'><strong>creto,</strong></span> <span class='ocrx_word' id='word_1_851' title='bbox 3263 5171 3308 5211; x_wconf 83' lang='lat' dir='ltr'><strong>et</strong></span> <span class='ocrx_word' id='word_1_852' title='bbox 3336 5176 3476 5231; x_wconf 72' lang='lat' dir='ltr'><strong>qua:-</strong></span> 
     </span>
    </p>
   </div>
   <div class='ocr_carea' id='block_1_111' title="bbox 1899 5249 3472 5334">
    <p class='ocr_par' dir='ltr' id='par_1_111' title="bbox 1899 5249 3472 5334">
     <span class='ocr_line' id='line_1_111' title="bbox 1899 5249 3472 5334; baseline -0.012 -15"><span class='ocrx_word' id='word_1_853' title='bbox 1899 5281 2098 5334; x_wconf 82' lang='lat' dir='ltr'><strong>‘cnnqne</strong></span> <span class='ocrx_word' id='word_1_854' title='bbox 2125 5263 2336 5317; x_wconf 71' lang='lat' dir='ltr'><strong>solveris</strong></span> <span class='ocrx_word' id='word_1_855' title='bbox 2366 5275 2519 5331; x_wconf 81' lang='lat' dir='ltr'><strong>super</strong></span> <span class='ocrx_word' id='word_1_856' title='bbox 2549 5269 2740 5311; x_wconf 88' lang='lat' dir='ltr'><strong>terram</strong></span> <span class='ocrx_word' id='word_1_857' title='bbox 2782 5263 2930 5308; x_wconf 85' lang='lat' dir='ltr'><strong>erunt</strong></span> <span class='ocrx_word' id='word_1_858' title='bbox 2969 5252 3140 5306; x_wconf 79' lang='lat' dir='ltr'><strong>soluta</strong></span> <span class='ocrx_word' id='word_1_859' title='bbox 3168 5263 3213 5304; x_wconf 83' lang='lat' dir='ltr'><strong>et</strong></span> <span class='ocrx_word' id='word_1_860' title='bbox 3244 5251 3296 5303; x_wconf 83' lang='lat' dir='ltr'><strong>in</strong></span> <span class='ocrx_word' id='word_1_861' title='bbox 3329 5249 3472 5302; x_wconf 79' lang='lat' dir='ltr'><strong>cmla.</strong></span> 
     </span>
    </p>
   </div>
   <div class='ocr_carea' id='block_1_112' title="bbox 1902 5342 3475 5424">
    <p class='ocr_par' dir='ltr' id='par_1_112' title="bbox 1902 5342 3475 5424">
     <span class='ocr_line' id='line_1_112' title="bbox 1902 5342 3475 5424; baseline -0.011 -14"><span class='ocrx_word' id='word_1_862' title='bbox 1902 5356 1991 5410; x_wconf 84' lang='lat' dir='ltr'><strong>ille</strong></span> <span class='ocrx_word' id='word_1_863' title='bbox 2036 5371 2164 5424; x_wconf 83' lang='lat' dir='ltr'><strong>ergo</strong></span> <span class='ocrx_word' id='word_1_864' title='bbox 2194 5360 2380 5408; x_wconf 80' lang='lat' dir='ltr'><strong>sancto</strong></span> <span class='ocrx_word' id='word_1_865' title='bbox 2412 5345 2575 5406; x_wconf 79' lang='lat' dir='ltr'><strong>Petro</strong></span> <span class='ocrx_word' id='word_1_866' title='bbox 2622 5355 2829 5417; x_wconf 87' lang='lat' dir='ltr'><strong>portam</strong></span> <span class='ocrx_word' id='word_1_867' title='bbox 2875 5345 3106 5397; x_wconf 81' lang='lat' dir='ltr'><strong>ferreum</strong></span> <span class='ocrx_word' id='word_1_868' title='bbox 3150 5343 3356 5410; x_wconf 87' lang='lat' dir='ltr'><strong>aperuit</strong></span> <span class='ocrx_word' id='word_1_869' title='bbox 3387 5342 3475 5408; x_wconf 91' lang='lat' dir='ltr'><strong>qui</strong></span> 
     </span>
    </p>
   </div>
   <div class='ocr_carea' id='block_1_113' title="bbox 1900 5433 3479 5516">
    <p class='ocr_par' dir='ltr' id='par_1_113' title="bbox 1900 5433 3479 5516">
     <span class='ocr_line' id='line_1_113' title="bbox 1900 5433 3479 5516; baseline -0.011 -16"><span class='ocrx_word' id='word_1_870' title='bbox 1900 5455 2087 5516; x_wconf 87' lang='lat' dir='ltr'><strong>portas</strong></span> <span class='ocrx_word' id='word_1_871' title='bbox 2134 5444 2328 5498; x_wconf 82' lang='lat' dir='ltr'><strong>inferni</strong></span> <span class='ocrx_word' id='word_1_872' title='bbox 2361 5441 2630 5512; x_wconf 67' lang='lat' dir='ltr'><strong>patefecit.</strong></span> <span class='ocrx_word' id='word_1_873' title='bbox 2686 5437 2775 5489; x_wconf 88' lang='lat' dir='ltr'><strong>Ille</strong></span> <span class='ocrx_word' id='word_1_874' title='bbox 2819 5437 2884 5489; x_wconf 89' lang='lat' dir='ltr'><strong>de</strong></span> <span class='ocrx_word' id='word_1_875' title='bbox 2914 5444 3086 5488; x_wconf 87' lang='lat' dir='ltr'><strong>morte</strong></span> <span class='ocrx_word' id='word_1_876' title='bbox 3129 5433 3346 5486; x_wconf 83' lang='lat' dir='ltr'><strong>Petrum</strong></span> <span class='ocrx_word' id='word_1_877' title='bbox 3375 5433 3479 5485; x_wconf 82' lang='lat' dir='ltr'><strong>eri—</strong></span> 
     </span>
    </p>
   </div>
   <div class='ocr_carea' id='block_1_114' title="bbox 1904 5523 3476 5606">
    <p class='ocr_par' dir='ltr' id='par_1_114' title="bbox 1904 5523 3476 5606">
     <span class='ocr_line' id='line_1_114' title="bbox 1904 5523 3476 5606; baseline -0.011 -15"><span class='ocrx_word' id='word_1_878' title='bbox 1904 5538 2038 5606; x_wconf 87' lang='lat' dir='ltr'><strong>puit,</strong></span> <span class='ocrx_word' id='word_1_879' title='bbox 2064 5537 2154 5605; x_wconf 92' lang='lat' dir='ltr'><strong>qui</strong></span> <span class='ocrx_word' id='word_1_880' title='bbox 2185 5542 2410 5588; x_wconf 71' lang='lat' dir='ltr'><strong>martem</strong></span> <span class='ocrx_word' id='word_1_881' title='bbox 2437 5535 2604 5601; x_wconf 87' lang='lat' dir='ltr'><strong>ipsam</strong></span> <span class='ocrx_word' id='word_1_882' title='bbox 2633 5525 2849 5581; x_wconf 85' lang='lat' dir='ltr'><strong>devicit.</strong></span> <span class='ocrx_word' id='word_1_883' title='bbox 2884 5525 2987 5579; x_wconf 89' lang='lat' dir='ltr'><strong>Sed</strong></span> <span class='ocrx_word' id='word_1_884' title='bbox 3019 5523 3158 5592; x_wconf 85' lang='lat' dir='ltr'><strong>quod</strong></span> <span class='ocrx_word' id='word_1_885' title='bbox 3186 5533 3312 5577; x_wconf 90' lang='lat' dir='ltr'><strong>tunc</strong></span> <span class='ocrx_word' id='word_1_886' title='bbox 3338 5523 3476 5575; x_wconf 76' lang='lat' dir='ltr'><strong>circa</strong></span> 
     </span>
    </p>
   </div>
   <div class='ocr_carea' id='block_1_115' title="bbox 1907 5620 3480 5688">
    <p class='ocr_par' dir='ltr' id='par_1_115' title="bbox 1907 5620 3480 5688">
     <span class='ocr_line' id='line_1_115' title="bbox 1907 5620 3480 5688; baseline -0.013 -3"><span class='ocrx_word' id='word_1_887' title='bbox 1907 5637 2151 5685; x_wconf 80' lang='lat' dir='ltr'><strong>sanctum</strong></span> <span class='ocrx_word' id='word_1_888' title='bbox 2206 5627 2422 5681; x_wconf 84' lang='lat' dir='ltr'><strong>Petrum</strong></span> <span class='ocrx_word' id='word_1_889' title='bbox 2475 5621 2764 5677; x_wconf 86' lang='lat' dir='ltr'><strong>secundum</strong></span> <span class='ocrx_word' id='word_1_890' title='bbox 2820 5620 3050 5673; x_wconf 83' lang='lat' dir='ltr'><strong>litteram</strong></span> <span class='ocrx_word' id='word_1_891' title='bbox 3105 5626 3311 5688; x_wconf 79' lang='lat' dir='ltr'><strong>gestum</strong></span> <span class='ocrx_word' id='word_1_892' title='bbox 3360 5623 3480 5676; x_wconf 90' lang='lat' dir='ltr'><strong>est,</strong></span> 
     </span>
    </p>
   </div>
   <div class='ocr_carea' id='block_1_116' title="bbox 1905 5705 3480 5789">
    <p class='ocr_par' dir='ltr' id='par_1_116' title="bbox 1905 5705 3480 5789">
     <span class='ocr_line' id='line_1_116' title="bbox 1905 5705 3480 5789; baseline -0.016 -10"><span class='ocrx_word' id='word_1_893' title='bbox 1905 5727 2050 5779; x_wconf 86' lang='lat' dir='ltr'><strong>circa</strong></span> <span class='ocrx_word' id='word_1_894' title='bbox 2082 5736 2180 5776; x_wconf 86' lang='lat' dir='ltr'><strong>nos</strong></span> <span class='ocrx_word' id='word_1_895' title='bbox 2215 5729 2427 5789; x_wconf 78' lang='lat' dir='ltr'><strong>qunque</strong></span> <span class='ocrx_word' id='word_1_896' title='bbox 2457 5715 2680 5785; x_wconf 84' lang='lat' dir='ltr'><strong>mystice</strong></span> <span class='ocrx_word' id='word_1_897' title='bbox 2713 5713 2824 5784; x_wconf 80' lang='lat' dir='ltr'><strong>geri</strong></span> <span class='ocrx_word' id='word_1_898' title='bbox 2853 5710 3225 5780; x_wconf 83' lang='lat' dir='ltr'><strong>cognoscimus</strong></span> <span class='ocrx_word' id='word_1_899' title='bbox 3251 5707 3294 5759; x_wconf 86' lang='lat' dir='ltr'><strong>si</strong></span> <span class='ocrx_word' id='word_1_900' title='bbox 3319 5705 3480 5758; x_wconf 83' lang='lat' dir='ltr'><strong>ﬁdem</strong></span> 
     </span>
    </p>
   </div>
   <div class='ocr_carea' id='block_1_117' title="bbox 1903 5792 3484 5881">
    <p class='ocr_par' dir='ltr' id='par_1_117' title="bbox 1903 5792 3484 5881">
     <span class='ocr_line' id='line_1_117' title="bbox 1903 5792 3484 5881; baseline -0.015 -12"><span class='ocrx_word' id='word_1_901' title='bbox 1903 5816 2049 5869; x_wconf 78' lang='lat' dir='ltr'><strong>Petri</strong></span> <span class='ocrx_word' id='word_1_902' title='bbox 2088 5825 2395 5881; x_wconf 69' lang='lat' dir='ltr'><strong>sequamur.</strong></span> <span class='ocrx_word' id='word_1_903' title='bbox 2445 5806 2644 5860; x_wconf 87' lang='lat' dir='ltr'><strong>Sumus</strong></span> <span class='ocrx_word' id='word_1_904' title='bbox 2686 5806 2828 5858; x_wconf 89' lang='lat' dir='ltr'><strong>enim</strong></span> <span class='ocrx_word' id='word_1_905' title='bbox 2858 5811 2912 5856; x_wconf 89' lang='lat' dir='ltr'><strong>et</strong></span> <span class='ocrx_word' id='word_1_906' title='bbox 2951 5815 3048 5854; x_wconf 83' lang='lat' dir='ltr'><strong>nos</strong></span> <span class='ocrx_word' id='word_1_907' title='bbox 3076 5799 3128 5852; x_wconf 91' lang='lat' dir='ltr'><strong>in</strong></span> <span class='ocrx_word' id='word_1_908' title='bbox 3158 5798 3258 5852; x_wconf 87' lang='lat' dir='ltr'><strong>hoc</strong></span> <span class='ocrx_word' id='word_1_909' title='bbox 3284 5792 3484 5848; x_wconf 83' lang='lat' dir='ltr'><strong>mundo</strong></span> 
     </span>
    </p>
   </div>
   <div class='ocr_carea' id='block_1_118' title="bbox 1905 5887 3487 5971">
    <p class='ocr_par' dir='ltr' id='par_1_118' title="bbox 1905 5887 3487 5971">
     <span class='ocr_line' id='line_1_118' title="bbox 1905 5887 3487 5971; baseline -0.015 -2"><span class='ocrx_word' id='word_1_910' title='bbox 1905 5911 2051 5969; x_wconf 77' lang='lat' dir='ltr'><strong>velut</strong></span> <span class='ocrx_word' id='word_1_911' title='bbox 2095 5910 2150 5964; x_wconf 81' lang='lat' dir='ltr'><strong>in</strong></span> <span class='ocrx_word' id='word_1_912' title='bbox 2195 5917 2410 5963; x_wconf 76' lang='lat' dir='ltr'><strong>carcere</strong></span> <span class='ocrx_word' id='word_1_913' title='bbox 2454 5903 2748 5960; x_wconf 78' lang='lat' dir='ltr'><strong>constituti.</strong></span> <span class='ocrx_word' id='word_1_914' title='bbox 2799 5901 2856 5956; x_wconf 80' lang='lat' dir='ltr'><strong>Si</strong></span> <span class='ocrx_word' id='word_1_915' title='bbox 2903 5911 3033 5971; x_wconf 74' lang='lat' dir='ltr'><strong>ergo</strong></span> <span class='ocrx_word' id='word_1_916' title='bbox 3063 5907 3096 5950; x_wconf 79' lang='lat' dir='ltr'><strong>a</strong></span> <span class='ocrx_word' id='word_1_917' title='bbox 3126 5895 3234 5949; x_wconf 77' lang='lat' dir='ltr'><strong>Deo</strong></span> <span class='ocrx_word' id='word_1_918' title='bbox 3274 5887 3487 5951; x_wconf 75' lang='lat' dir='ltr'><strong>visitari</strong></span> 
     </span>
    </p>
   </div>
  </div>
