3960 6360
528 356 631 414 35!

1168 355 1230 408 Β.
1269 352 1523 407 RABANI
1557 350 1779 409 MAURI
1814 348 2134 408 kRCHIEP.
2180 346 2490 406 MOGUNT.
2525 346 2814 404 OPERUM
2848 345 3032 402 PARS
3064 347 3129 403 Il.

531 486 820 537 meremur,
848 471 1081 525 mittitur
1108 470 1175 524 ad
1221 485 1321 525 nos
1367 468 1586 539 angelus
1628 466 1746 534 Dei,
1782 475 1836 523 et
1865 466 1996 522 dicit
2040 466 2109 521 ad
2136 469 2191 530 Α
2213 464 2306 534 qui
2334 478 2461 518 vero
2485 461 2825 517 divinitatem
2856 462 2973 531 ejus
3014 461 3349 534 intelligunt,
3384 478 3494 518 non
3533 464 3807 529 homines,

526 581 964 637 unumquemque
988 572 1232 620 nostrum
1255 562 1560 632 :Praacinge
1586 569 1637 615 te
1651 569 1705 617 et
1720 559 1900 615 calcea
1923 569 1977 614 te
2001 559 2111 613 cal-

527 660 824 716 ceamentis
853 658 960 713 tuis
989 666 1044 712 et
1068 656 1219 728 operi
1249 665 1303 711 te
1330 656 1654 711 vestimento
1683 662 1775 708 tuo
1803 661 1858 708 et
1883 666 2109 721 sequere

525 771 633 811 me.
656 754 1042 826 Praecingimus
1062 753 1206 809 enim
1230 767 1347 817 nos,
1367 752 1413 806 si
1434 750 1646 805 lumbos
1670 748 1913 819 corporis
1935 747 2108 805 nostri

523 847 797 917 pudicitia:
841 845 1054 918 cingulo
1096 845 1521 909 circumdamus,
1563 843 1776 899 dicente
1804 841 2100 911 Apostolo:

525 938 645 993 Sint
686 937 852 992 lumbi
898 937 1066 992 vestri
1118 937 1173 992 in
1219 937 1489 992 castitate.
1517 933 1833 991 Calceamus
1862 940 1916 988 et
1938 933 2105 1005 pedes

523 1038 758 1096 nostros,
773 1029 819 1084 si
839 1043 1059 1101 gressus
1084 1028 1211 1083 vitae
1240 1034 1439 1082 nostrae
1465 1024 1750 1101 praeceptis
1781 1024 2104 1097 evangelicis

519 1140 585 1179 ac
623 1123 746 1179 ﬁdei
784 1123 1113 1188 muniamus,
1138 1130 1199 1176 ut
1231 1120 1409 1177 securi
1447 1120 1631 1190 spinas
1672 1127 2020 1190 peccatorum
2048 1125 2104 1174 et

519 1213 820 1284 iniquitatis
872 1212 1102 1267 tribulos
1146 1211 1538 1267 conculcemus.
1593 1208 1879 1281 Operimus
1917 1215 1973 1263 et
2002 1222 2101 1263 nos

516 1306 837 1360 vestimento
861 1312 1066 1371 nostro,
1095 1304 1142 1360 si
1165 1311 1372 1359 vestem
1399 1303 1547 1358 illam
1589 1303 1904 1373 nuptialem,
1936 1302 1990 1357 id
2016 1310 2101 1358 est

515 1398 744 1466 gratiam
792 1398 1040 1467 baptismi
1090 1399 1351 1469 integram
1403 1413 1788 1454 conservamus
1826 1398 1880 1451 in
1920 1398 2095 1454 nobis.

516 1486 573 1542 Si
619 1489 733 1544 haec
776 1489 959 1559 itaque
1008 1488 1237 1545 ﬁdeliter
1281 1490 1630 1560 impleamus,
1669 1490 1855 1545 statim
1906 1489 2099 1544 cadent

512 1588 716 1635 catena:
761 1580 826 1635 de
868 1581 1115 1636 manibus
1146 1582 1373 1643 nostris,
1407 1582 1461 1636 id
1490 1588 1573 1636 est
1604 1588 1809 1635 catenae
1851 1587 2097 1649 peccato-

510 1689 653 1740 rum,
678 1674 872 1743 quibus
896 1674 1175 1730 constricti
1197 1683 1251 1729 et
1271 1675 1507 1746 colligati
1534 1674 1825 1730 secundum
1857 1673 2096 1727 animam

507 1765 844 1821 tenebamur.
896 1766 1003 1821 Sed
1049 1782 1151 1821 nec
1204 1766 1366 1821 aliter
1421 1767 1485 1821 de
1529 1780 1767 1831 carcere,
1796 1766 1849 1820 id
1898 1772 1982 1819 est
2023 1763 2092 1818 de

2212 554 2309 609 sed
2338 554 2413 608 dii
2436 553 2791 624 appellantur.

2280 649 2346 703 At
2362 647 2439 703 illi
2460 648 2703 703 dixerunt
2720 662 2737 700 :
2753 646 2859 702 Alii
2877 647 3139 703 Joannem
3160 646 3478 719 Baptistam,
3496 646 3593 701 alii
3612 648 3807 716 Elian,

2208 740 2301 796 alii
2343 758 2461 818 vero
2502 741 2810 809 Jeremiam,
2852 752 2946 796 aut
2989 758 3151 797 unum
3191 759 3257 797 ea:
3293 742 3586 814 prophetis.
3644 741 3811 800 Miror

2206 834 2466 904 quosdam
2506 835 2830 904 interpretes
2866 849 3058 890 causas
3096 851 3344 891 errorum
3387 835 3671 905 inquirere
3702 835 3808 890 siu-

2204 926 2452 998 gulorum
2474 935 2530 982 et
2547 927 2967 998 disputationem
2994 928 3365 1001 longissimam
3396 937 3618 993 texere,
3642 943 3806 997 quare

2204 1018 2488 1073 Dominum
2539 1030 2785 1075 nostrum
2838 1019 3025 1075 Jesum
3070 1020 3371 1087 Christum,
3402 1020 3497 1074 alii
3538 1019 3803 1074 Joannem

2201 1118 2551 1181 putaverunt,
2579 1112 2668 1167 alii
2713 1112 2910 1177 Eliam,
2934 1113 3024 1167 alii
3066 1110 3383 1177 Jeremiam,
3416 1120 3513 1165 aut
3541 1127 3721 1165 unum
3747 1125 3804 1166 ex

2199 1202 2497 1272 prophetis,
2523 1218 2645 1257 cum
2676 1204 2754 1258 sic
2780 1219 2965 1258 errare
3011 1204 3288 1275 potuerint
3319 1204 3375 1257 in
3416 1202 3535 1257 Elia
3568 1212 3631 1257 et
3662 1200 3807 1257 lere-

2200 1292 2625 1364 mia,°quomodo
2667 1294 2909 1350 Herodes
2955 1297 3156 1351 erravit
3205 1295 3259 1349 in
3307 1294 3521 1351 Joanne
3575 1294 3799 1348 dicens:

2199 1397 2359 1451 quem
2386 1399 2488 1454 ego
2515 1384 2774 1440 decollavi
2802 1385 3069 1442 Joannem
3094 1386 3210 1457 ipse
3231 1387 3474 1443 surrexit
3493 1401 3525 1440 a
3545 1388 3799 1458 mortuis,

2196 1482 2252 1528 et
2277 1474 2503 1531 virtutes
2532 1488 2829 1547 cperantur
2858 1479 2915 1533 in
2941 1479 3053 1534 illo.

2279 1588 2379 1645 Vos
2407 1601 2582 1646 autem
2608 1610 2759 1665 quem
2783 1610 2863 1648 me
2889 1611 2999 1649 esse
3036 1594 3252 1649 dicitis?
3280 1594 3573 1666 Respondit
3619 1594 3801 1652 Simos

2196 1678 2388 1735 Petrus
2411 1695 2428 1733 .'
2448 1680 2526 1735 Tu
2545 1699 2598 1736 es
2620 1681 2861 1738 Christus
2888 1682 3060 1739 Filius
3073 1684 3174 1738 Dei
3193 1686 3315 1739 vivi.
3336 1685 3591 1741 Prudens
3614 1686 3800 1752 lector,

2196 1775 2411 1829 attende
2434 1775 2577 1845 quod
2622 1790 2687 1831 ex
2736 1778 3191 1847 consequentibus
3220 1786 3480 1849 textuque
3526 1781 3801 1837 sermonis

506 1858 693 1912 mundi
721 1855 876 1925 hujus
902 1872 1086 1912 errore
1105 1859 1335 1912 evadere
1360 1857 1790 1926 possumus,nisi
1810 1872 1840 1910 a
1866 1855 2094 1910 Domino
2122 1845 2170 1904 B
2197 1868 2423 1937 θροειοιί
2473 1885 2815 1941 nequaquam
2868 1872 3138 1939 homines,
3180 1874 3275 1928 sed
3324 1874 3399 1928 dii
3428 1875 3797 1945 appellentur,

505 1960 603 2015 per
635 1946 883 2017 angelum
904 1948 1205 2003 visitemur.
1224 1947 1515 2019 Aperietur
1540 1948 1692 2004 nobis
1714 1956 1870 2018 porta
1890 1948 2086 2016 ferrea,

507 2036 562 2092 id
588 2044 670 2091 est
697 2046 851 2107 porta
873 2039 1084 2105 mortis,
1111 2047 1165 2093 et
1189 2054 1350 2110 poma
1373 2054 1534 2109 quam
1562 2038 1734 2095 Filius
1757 2040 1852 2095 Dei
1881 2041 2090 2111 passio-

504 2130 589 2186 nis
620 2147 730 2186 suae
757 2132 958 2187 virtute
986 2134 1321 2188 comminuit.
1361 2135 1428 2189 Et
1457 2144 1583 2189 tunc
1613 2135 1861 2191 venimus
1896 2135 1963 2190 ad
1998 2136 2091 2191 do-

502 2238 651 2276 mum
695 2223 876 2278 Marize
908 2225 977 2280 ad
1006 2224 1304 2280 Ecclesiam
1340 2224 1561 2291 Christi,
1601 2226 1692 2280 ubi
1722 2225 1890 2280 Maria
1914 2233 2091 2281 mater

500 2316 713 2372 Domini
742 2318 981 2383 habitat,
1012 2326 1067 2373 et
1093 2319 1203 2374 illic
1223 2319 1463 2373 occurrit
1489 2319 1645 2374 nobis
1666 2318 1843 2388 puella
1871 2321 2090 2376 nomine

497 2407 698 2463 Hrode.
725 2407 1121 2465 Convenienter
1145 2419 1325 2464 autem
1350 2408 1656 2478 hujusmodi
1684 2425 1882 2465 nomen
1908 2408 2089 2467 Hrode

498 2500 688 2556 salutis
709 2508 910 2555 nostra
936 2501 1254 2571 mysterium
1287 2507 1391 2556 est.
1417 2500 1595 2556 Hrode
1620 2500 1765 2555 enim
1795 2503 2086 2557 secundum

497 2592 733 2649 litteram
764 2591 1008 2649 Graecam
1038 2609 1161 2648 rosa
1185 2602 1546 2663 nuncupatur.
1581 2594 1933 2651 Venientibus
1957 2610 2087 2668 ergo

495 2683 652 2739 nobis
682 2683 750 2737 ad
778 2684 996 2740 domum
1029 2685 1210 2740 Mariae
1237 2682 1416 2741 Hrode
1444 2686 1702 2752 occurrit,
1737 2687 1791 2743 id
1833 2696 1917 2743 est
1943 2703 2089 2743 .con-

496 2776 735 2847 gregatio
761 2785 1071 2833 sanctorum
1093 2794 1212 2849 quae
1239 2779 1498 2851 sanguine
1523 2788 1825 2853 martyrum
1854 2780 2087 2851 glorioso

494 2869 642 2924 velut
661 2885 786 2926 rosa
809 2872 1047 2942 pretiosa
1067 2871 1298 2943 refulget
1320 2872 1373 2927 in
1401 2874 1619 2929 nomine
1639 2875 1835 2942 Patris,
1855 2885 1909 2931 et
1936 2875 2081 2943 Filii,

493 2967 547 3017 et
577 2959 810 3031 Spiritus
836 2963 1007 3018 sancti
1031 2964 1203 3035 gratia
1232 2963 1482 3034 baptismi
1516 2966 1765 3032 traditur,
1798 2983 1896 3038 per
1922 2984 2085 3039 quam

490 3054 849 3109 emundamur
870 3055 939 3109 ab
969 3055 1116 3111 omni
1139 3056 1297 3110 sorde
1326 3057 1554 3125 peccati,
1586 3064 1643 3112 ut
1671 3058 1858 3113 mundi
1885 3058 2087 3115 cilicia-

490 3162 629 3202 mur.
658 3146 794 3215 Quia
828 3164 959 3222 ergo
988 3158 1194 3206 tantam
1224 3154 1371 3209 circa
1404 3170 1502 3209 nos
1529 3155 1625 3210 Dei
1652 3156 2081 3211 misericordiam

489 3239 947 3309 recognoscimus,
974 3250 1033 3295 ut
1081 3242 1285 3315 indigni
1332 3246 1397 3300 ad
1432 3255 1637 3302 tantam
1681 3248 1797 3317 ejus
1843 3251 2075 3320 gratiam

487 3343 809 3385 vocaremur
845 3331 936 3402 pie
978 3347 1044 3388 ac
1062 3331 1209 3402 juste
1235 3336 1290 3389 in
1324 3348 1614 3409 conspectu
1647 3340 1764 3410 cjus
1795 3342 1981 3397 vivere
2022 3352 2078 3400 et

2192 1961 2325 2017 Cum
2353 1964 2498 2018 enim
2528 1964 2776 2031 dixisset,
2808 1964 2972 2031 Quem
3003 1966 3183 2021 dicunt
3214 1968 3446 2022 homines
3485 1987 3607 2025 esse
3635 1971 3798 2038 ﬁlim

2190 2054 2457 2108 hominis?
2476 2054 2722 2124 subjecit,
2741 2055 2838 2110 Vos
2859 2067 3033 2111 autem
3055 2075 3207 2129 quem
3227 2075 3307 2112 me
3327 2076 3435 2113 esse
3451 2060 3647 2115 dicitis
3665 2062 3693 2114 1'
3706 2062 3799 2117 illis

2190 2145 2316 2213 quia
2344 2146 2588 2202 homines
2628 2156 2755 2202 sunt
2794 2150 3029 2203 humana
3060 2150 3425 2219 opinantibus,
3454 2166 3555 2206 vos
3608 2153 3709 2222 qui
3732 2154 3797 2210 dii

2189 2236 2345 2302 estis,
2376 2251 2536 2305 quem
2583 2253 2670 2293 me
2708 2237 3067 2294 existimatis?
3091 2239 3283 2295 Petrus
3311 2256 3377 2294 ex
3402 2256 3656 2310 persona
3685 2259 3795 2298 om-

2189 2327 2338 2381 nium
2382 2327 2749 2397 apostolorum
2792 2328 3105 2398 proﬁtetur,
3143 2339 3199 2383 tu
3232 2347 3285 2384 es
3321 2328 3565 2385 Christus
3626 2331 3795 2388 Filias

2187 2414 2285 2470 Dei
2329 2418 2445 2471 vivi.
2492 2417 2661 2473 Deum
2702 2419 2883 2473 vivum
2927 2419 3180 2490 appellat,
3208 2421 3277 2475 ad
3320 2425 3795 2493 comparationem

2189 2508 2408 2586 deorum
2454 2524 2643 2565 eorum
2691 2509 2785 2579 qui
2827 2518 3087 2581 putantur
3132 2511 3229 2576 dii,
3261 2513 3355 2567 sed
3399 2515 3612 2569 mortui
3651 2525 3794 2581 sunt,

2190 2599 2503 2668 Saturnum,
2531 2601 2741 2668 Jovem,
2771 2601 3048 2670 Cererem,
3074 2603 3329 2660 Liberum
3362 2614 3414 2660 et
3435 2615 3654 2663 caetera
3686 2608 3794 2664 ido-

2141 2728 2149 2737 -
2187 2694 2364 2751 lorum
2390 2703 2639 2765 portenta
2672 2694 3004 2767 signiﬁcans.

2258 2809 2596 2880 Respondens
2615 2810 2651 2863 ⁴1
2656 2826 2794 2875 esus,
2821 2809 2955 2864 dixit
2974 2811 3023 2863 ei
3047 2826 3066 2864 :
3104 2809 3299 2866 Beatus
3328 2829 3403 2877 es,
3427 2811 3630 2870 Simon
3656 2815 3790 2871 Bar-

2177 2903 2330 2973 jona,
2356 2904 2481 2974 quia
2502 2920 2626 2957 caro
2653 2912 2703 2957 et
2728 2904 2943 2973 sanguis
2969 2919 3073 2957 non
3095 2903 3338 2959 reuelauit
3359 2905 3476 2971 tibi,
3504 2908 3604 2961 sed
3631 2906 3793 2964 Pater

2186 3009 2329 3047 meus
2354 2993 2442 3063 qui
2462 3002 2539 3047 est
2570 2993 2627 3046 in
2662 2991 2823 3047 caelis.
2865 2992 3019 3059 Quod
3049 2982 3179 3048 caro
3218 3001 3272 3048 et
3297 2997 3521 3067 sanguis
3539 2998 3792 3055 revelare

2184 3100 2292 3139 non
2327 3085 2518 3155 potuit,
2560 3085 2613 3140 id
2633 3093 2736 3152 est,
2763 3085 3009 3140 doctrina
3039 3087 3296 3152 humana,
3347 3087 3588 3159 Spiritus
3615 3094 3791 3149 sancti

2186 3180 2357 3250 gratia
2406 3179 2702 3236 revelatum
2727 3188 2829 3234 est.
2877 3180 3020 3253 Ergo
3067 3196 3135 3235 ex
3168 3183 3510 3240 confessione
3552 3188 3792 3241 sortitur

2184 3269 2527 3337 vocabulum,
2585 3270 2727 3340 quod
2771 3271 3156 3327 revelationem
3198 3288 3263 3327 ex
3323 3272 3531 3343 Spiritu
3591 3288 3790 3334 sancto

2183 3360 2400 3426 habeat,
2452 3361 2605 3432 cujus
2657 3370 2712 3415 et
2757 3361 2899 3417 ﬁlius
2948 3360 3295 3433 appellandus
3331 3365 3421 3431 sit,
3501 3368 3784 3439 siquidem

487 3420 794 3522 θοηνεξτεθνί
823 3421 1101 3523 άῇῧθηιυξν
1128 3425 1277 3523 mni“
1303 3426 1534 3483 adveni“
1580 3429 1698 3499 eius
1738 3431 1921 3500 ειονίω
1966 3449 2076 3489 Ποιι
2180 3420 2409 3522 Barjona
2456 3420 2719 3523 in'lingua
2746 3461 2932 3509 nostra
2977 3420 3135 3511 sonat
3165 3456 3308 3512 ﬁlius
3335 3420 3787 3521 columbéj—Avlii

486 3511 929 3620 cymimnfiundis
970 3522 1025 3618 cf
1064 3515 1245 3585 impiis
1271 3532 1485 3620 coenas.
1516 3522 1609 3620 sed
1641 3537 1763 3577 cum
1790 3524 1995 3580 sanctis
2020 3535 2077 3581 et
2180 3511 2496 3614 simpliciter
2551 3511 2825 3615 accipiunt
2876 3547 3019 3616 quod
3067 3511 3783 3620 srmonnieafiig

484 3601 685 3707 electis.
704 3602 820 3672 eius
848 3606 1115 3676 promissa
1152 3610 1303 3680 regni
1328 3611 1563 3667 caelestis
1596 3616 2072 3715 elfemuneratio-
2178 3601 2320 3690 ﬁlius
2345 3635 2415 3690 sit
2433 3601 2828 3703 Joannis'juxta
2854 3601 3078 3693 alienus
3113 3639 3215 3695 loci
3242 3601 3779 3715 interrogationem:

484 3707 605 3749 nem
634 3695 759 3749 vitae
777 3705 1049 3767 perpetua:
1091 3715 1507 3775 consequamur,
1534 3720 1632 3774 per
1658 3705 1944 3762 Dominum
1972 3725 2073 3765 no-

482 3791 656 3840 strum
675 3783 860 3842 Jesum
884 3787 1176 3857 Christum,
1202 3793 1293 3862 qui
1321 3809 1444 3848 cum
1465 3793 1577 3849 Deo
1603 3795 1763 3851 Patre
1788 3806 1844 3852 et
1866 3798 2068 3869 Spiritu

482 3885 670 3933 sancto
697 3878 829 3934 vivit
857 3890 913 3934 et
943 3891 1132 3952 regnat
1160 3884 1211 3938 in
1244 3899 1370 3939 vera
1394 3886 1601 3941 unitate
1631 3886 1794 3955 Deus,
1820 3904 1918 3959 per
1947 3906 2068 3945 om-

482 3968 571 4025 nia
606 3970 801 4027 saacula
832 3973 1175 4031 saeculorum.
1208 3975 1404 4031 Amen.

1050 4066 1333 4123 HOMlLIA
1379 4068 1490 4125 CX.

1009 4173 1061 4211 IN
1113 4173 1290 4214 EODEM
1345 4176 1528 4218 FESTO.

556 4244 770 4312 ,Lectio
794 4246 966 4300 sancti
991 4246 1268 4317 Evangelii
1298 4254 1594 4307 secundum
1618 4253 1953 4311 Matthreum.

549 4334 616 4390 In
640 4336 734 4390 illo
775 4345 1003 4406 tempore
1023 4339 1158 4392 venit
1186 4340 1343 4394 Jesus
1369 4341 1429 4395 in
1452 4352 1626 4412 partes
1655 4342 1910 4400 Cursarem
1931 4345 2063 4404 Phi-

475 4430 623 4501 lippi.

546 4524 822 4595 Philippus
857 4525 960 4580 iste
1006 4534 1091 4582 est
1141 4526 1313 4584 frater
1362 4528 1609 4595 Herodis,
1634 4531 1701 4588 de
1743 4546 1851 4602 quo
1895 4549 2061 4605 supra

474 4616 730 4683 diximus,
756 4618 1029 4674 tetrarcha
1052 4619 1242 4676 ltureae
1268 4630 1324 4677 et
1336 4620 1734 4679 Trachonitidis
1754 4625 2055 4697 regionum,

473 4711 564 4780 qui
592 4710 645 4764 in
668 4711 929 4767 honorem
955 4711 1153 4768 Tiberii
1181 4713 1409 4770 Caesaris
1429 4714 1750 4782 Caesaream,
1771 4733 1891 4788 quae
1912 4735 2057 4776 nunc

472 4801 680 4858 Paucas
711 4802 928 4871 dicitur,
961 4805 1269 4874 appellavit,
1297 4815 1353 4864 et
1382 4817 1467 4865 est
1492 4808 1547 4863 in
1575 4810 1854 4880 provincia
1897 4810 2056 4868 Phoe-

470 4897 625 4952 uicis.

542 4987 611 5041 Et
642 4988 997 5059 interrogabat
1045 4988 1330 5061 discipulos
1355 5007 1476 5046 suos
1519 4991 1696 5047 dicens
1720 5010 1735 5049 :
1759 4994 1927 5059 Quem
1968 4994 2052 5047 di-

469 5088 590 5132 cunt
634 5080 865 5137 homines
893 5100 1003 5138 esse
1035 5084 1205 5153 ﬁlium
1253 5086 1521 5142 hominis?
1551 5086 1668 5143 Non
1704 5089 1862 5155 dixit,
1891 5106 2052 5160 quem

469 5186 556 5224 me
584 5170 770 5227 dicunt
810 5190 931 5231 esse
969 5177 1234 5243 homines,
1262 5179 1357 5234 sed
1394 5180 1566 5249 ﬁlium
1599 5181 1842 5248 hominis,
1874 5199 1944 5239 ne
1968 5186 2053 5254 ja-

468 5271 679 5317 ctanter
708 5264 773 5319 de
799 5279 859 5319 se
886 5281 1128 5335 quaerere
1175 5270 1467 5325 videretur.
1502 5271 1569 5325 Et
1605 5281 1734 5327 nota
1763 5275 1907 5345 quod
1933 5279 2052 5333 ubi-

469 5369 679 5424 cunque
709 5357 969 5426 scriptum
997 5368 1080 5414 est
1108 5361 1165 5415 in
1204 5359 1385 5417 Veteri
1415 5362 1759 5422 Testamento
1788 5368 1930 5425 ﬁlius
1955 5372 2052 5427 ho-

466 5445 646 5510 minis,
677 5445 732 5500 in
774 5446 1000 5504 Hebraeo
1031 5452 1265 5519 positum
1301 5454 1374 5509 sit
1397 5453 1538 5510 ﬁlius
1575 5456 1783 5514 Adam?
1811 5461 2048 5532 illudque

465 5536 608 5605 quod
622 5537 677 5591 in
697 5538 906 5607 psalmo
919 5539 1163 5610 legimus:
1182 5544 1311 5599 Filii
1324 5546 1612 5615 hominum,
1629 5568 1891 5623 usquequo
1902 5556 2048 5624 gravi

467 5626 660 5681 corde?
678 5628 735 5683 ln
760 5628 985 5687 Hebraeo
1007 5633 1226 5700 dicitur,
1268 5636 1366 5705 ﬁlii
1390 5638 1578 5696 Adam.
1607 5642 1838 5699 Pulchre
1864 5655 2042 5702 autem

465 5718 783 5793 interrogat,
809 5740 961 5795 quem
991 5727 1168 5783 dicunt
1192 5745 1301 5785 esse
1333 5732 1563 5789 homines
1592 5734 1765 5804 ﬁlium
1791 5737 2039 5808 hominis,

464 5812 591 5881 quia
617 5814 710 5883 qui
739 5815 806 5871 de
845 5815 955 5872 ﬁlio
1002 5818 1234 5876 hominis
1277 5823 1588 5893 loquuntur,
1612 5826 1859 5884 homines
1889 5841 2036 5899 sunt,

2179 3722 2362 3779 Simon
2392 3723 2636 3789 Joannis,
2675 3725 2853 3797 diligis
2882 3745 2963 3782 me
2984 3728 3127 3796 ?Qui
3172 3734 3437 3802 respondit
3458 3751 3479 3788 :
3517 3734 3775 3805 Domine,

2174 3824 2231 3869 tu
2269 3818 2410 3880 scis;
2439 3824 2493 3870 et
2530 3817 2717 3872 volunt
2756 3819 3079 3889 scriptorum
3128 3822 3263 3878 vitio
3306 3824 3672 3894 depravatum
3722 3839 3780 3886 ut

2172 3923 2270 3976 pro
2314 3906 2641 3977 Barjoanna,
2711 3909 2814 3965 hoc
2846 3918 2952 3977 est,
3028 3912 3170 3969 ﬁlius
3212 3911 3471 3982 Joannis,
3533 3920 3778 3993 Bai-jam

2172 3998 2429 4069 scriptum
2470 4000 2539 4054 sit
2589 4013 2696 4055 una
2743 4002 2982 4059 detracta
3028 4004 3249 4076 syllaba.
3326 4008 3534 4067 Joanna
3581 4024 3774 4073 autem

2172 4093 2561 4162 interpretatur
2593 4092 2807 4147 Domini
2838 4094 3028 4164 gratia.
3088 4096 3392 4168 Utrumque
3433 4110 3621 4161 autem
3673 4122 3773 4163 no-

2168 4199 2293 4240 men
2316 4184 2541 4255 mystice
2570 4183 2795 4255 intelligi
2824 4194 3019 4256 potest,
3052 4188 3200 4258 quod
3222 4198 3278 4246 et
3304 4192 3558 4251 columba
3581 4197 3768 4269 Spiri-

2168 4284 2280 4331 tum
2303 4284 2567 4339 sanctum,
2594 4286 2647 4330 et
2675 4276 2847 4348 gratia
2870 4279 2964 4335 Dei
2984 4280 3183 4337 donum
3210 4283 3475 4355 signiﬁcet
3494 4291 3767 4360 spiritale.

2165 4366 2298 4423 Illud
2352 4382 2565 4438 quoque
2622 4369 2762 4437 quod
2815 4370 2912 4435 ait,
2962 4372 3086 4441 quia
3138 4389 3263 4428 caro
3308 4385 3357 4429 et
3397 4383 3622 4451 sanguis
3664 4402 3770 4440 non

2167 4456 2410 4512 reuelauit
2445 4457 2564 4524 tibi,
2607 4458 2911 4527 apostolicae
2958 4462 3259 4519 narrationi
3301 4479 3661 4537 comparatur
3710 4475 3767 4531 in

2084 4586 2139 4649 Β
2166 4564 2274 4622 qua
2329 4552 2430 4616 ait,
2488 4554 2732 4607 continuo
2781 4571 2886 4609 non
2924 4558 3157 4627 acquievi
3207 4563 3356 4615 carni
3398 4574 3448 4618 et
3489 4572 3763 4638 sanguini,

2163 4658 2382 4698 carnem
2437 4642 2509 4697 ibi
2555 4653 2611 4699 et
2634 4646 2948 4716 sanguinem
2999 4647 3213 4706 Judaaos
3242 4659 3297 4707 et
3328 4651 3640 4713 Pharisaos
3666 4676 3765 4716 vo-

2162 4735 2279 4791 lens
2308 4737 2553 4808 intelligi,
2590 4747 2651 4793 ut
2685 4739 2785 4795 hoc
2812 4755 3026 4812 quoque
3063 4744 3164 4799 sub
3190 4744 3295 4801 alio
3324 4762 3489 4805 sensu
3534 4753 3761 4809 demon-

2162 4836 2366 4882 stretur
2417 4831 2558 4899 quod
2615 4830 2664 4884 ei
2714 4845 2822 4884 non
2852 4846 2949 4901 per
2976 4834 3277 4891 doctrinam
3326 4837 3755 4913 Pharisaeorum,

2159 4920 2253 4975 sed
2304 4936 2403 4991 per
2430 4921 2526 4975 Dei
2572 4921 2802 4992 gratiam
2830 4922 3078 4982 Christus
3122 4927 3216 4984 Dei
3259 4928 3431 4986 Filius
3480 4936 3755 4993 revelatus

2156 5011 2245 5066 sit.

2225 5106 2298 5161 Et
2335 5124 2428 5179 ego
2473 5108 2588 5163 dico
2608 5110 2720 5164 tibi.
2766 5110 2906 5179 Quid
2939 5121 3023 5169 est
3068 5115 3213 5185 quod
3247 5117 3340 5183 ait,
3373 5118 3449 5174 Et
3492 5138 3587 5193 ego
3630 5126 3751 5180 dico

2155 5201 2272 5267 tibi,
2293 5201 2416 5271 quia
2452 5209 2512 5256 tu
2558 5202 2764 5269 dixisti,
2795 5213 2852 5258 tu
2882 5222 2935 5260 es
2977 5205 3215 5263 Christus
3256 5208 3436 5265 Filius
3479 5213 3580 5269 Dei
3619 5221 3745 5281 nisi,

2154 5302 2210 5348 et
2236 5309 2335 5366 ego
2364 5294 2461 5348 tibi
2516 5310 2624 5350 non
2654 5312 2906 5353 sermone
2948 5312 3105 5354 casso
3154 5306 3210 5354 et
3255 5301 3462 5358 nullum
3511 5306 3745 5364 habente

2154 5397 2311 5452 opus,
2379 5387 2472 5439 sed
2521 5386 2641 5441 dico
2688 5387 2809 5454 tibi,
2847 5390 2975 5459 quia
3034 5406 3214 5447 meum
3246 5391 3487 5461 dixisse,
3546 5396 3743 5456 facim

2154 5480 2258 5528 est.

2226 5562 2367 5628 Quia
2407 5573 2462 5619 tu
2484 5582 2538 5621 es
2562 5564 2774 5635 Petrus,
2814 5579 2862 5624 et
2893 5587 3049 5641 super
3078 5574 3211 5627 hanc
3234 5585 3437 5646 petram
3461 5583 3737 5652 cediﬁeabo

2149 5653 2442 5710 Ecclesiam
2499 5676 2687 5714 meam.
2752 5661 2902 5718 Sicut
2952 5663 3066 5734 ipse
3095 5664 3273 5721 lumen
3320 5670 3583 5739 apostolis
3632 5675 3733 5730 do-

2148 5745 2314 5810 navit,
2365 5756 2427 5803 ut
2453 5748 2632 5804 lumen
2675 5753 2861 5808 mundi
2889 5756 3245 5826 appellentur,
3266 5768 3322 5816 et
3364 5773 3566 5820 caetera
3612 5783 3735 5838 qua

2146 5850 2213 5892 ex
2242 5836 2468 5895 Domino
2495 5842 2671 5896 sortiti
2698 5853 2824 5899 sunt
2859 5847 3119 5904 vocabula
3162 5860 3304 5915 sunt;
3355 5854 3430 5910 ita
3459 5866 3517 5913 et
3544 5836 3727 5916 Simon
