3960 6360
238 397 356 455 357

1347 387 1652 444 ΗΟΜΙΙᾸᾸο]
1691 385 1758 440 ὶΝ
1798 383 2050 439 ΕΝΑΜὶ.
2089 382 2180 434 ΕΤ
2221 380 2438 434 EI’IST.

3395 372 3500 443 558

243 529 426 570 annos
478 518 602 584 post
648 507 1100 565 resurrectionem
1158 506 1420 570 dicentes,
1494 503 1654 562 nobis
1692 510 1825 554 tunc
1854 508 1904 567 Α
1930 497 2051 551 novi
2103 506 2161 550 et
2202 494 2468 548 immutati
2525 493 2579 546 in
2617 492 3036 548 conversatione
3060 500 3247 550 sancta
3286 509 3502 564 perma—

239 605 562 676 centuplum
585 605 829 658 omnium
860 617 1040 656 rerum
1065 614 1200 669 quas
1228 598 1529 652 dimisimus
1554 603 1608 649 et
1659 595 1823 647 vitam

238 707 507 753 aternam
535 711 654 751 esse
683 695 1029 757 reddendam,
1101 707 1206 748 non
1230 689 1586 758 intelligentes
1611 685 1756 754 quod
1778 683 1824 737 si

241 791 303 846 in
342 792 554 847 caeteris
582 789 740 858 digna
769 788 838 842 sit
867 784 1234 855 repromissio,
1282 783 1336 836 in
1359 781 1619 834 uxoribus
1661 791 1823 846 appa-

241 891 375 936 reat
406 881 694 951 turpitudo,
757 887 817 932 ut
840 877 932 947 qui
961 892 1120 930 unam
1160 889 1258 944 pro
1307 872 1535 928 Domino
1562 867 1826 930 dimiserit

240 986 473 1032 centum
514 973 740 1043 recipiat
782 971 836 1025 in
867 970 1066 1024 futuro.
1115 967 1320 1026 Sensus
1346 965 1516 1036 igitur
1567 962 1669 1015 iste
1703 967 1819 1013 est:

238 1072 342 1139 qui
369 1066 601 1123 carnalia
640 1079 740 1135 pro
760 1062 1039 1117 Salvatore
1062 1057 1354 1122 dimiserit,
1377 1052 1646 1124 spiritalia
1680 1049 1820 1106 reci-

239 1165 383 1234 piet,
421 1176 541 1232 qum
589 1156 999 1228 comparatione
1037 1162 1091 1208 et
1135 1151 1338 1206 merito
1389 1149 1475 1203 sui
1528 1147 1604 1200 ita
1637 1150 1816 1205 erunt,

238 1256 405 1326 quasi
433 1267 599 1326 parvo
619 1264 844 1306 numero
869 1245 1212 1304 centenarias
1237 1256 1497 1297 numerus
1548 1251 1824 1305 compare-

236 1359 356 1403 tur.
402 1347 555 1402 Unde
585 1345 718 1400 dicit
744 1351 800 1398 et
827 1341 1133 1412 Apostolus,
1184 1339 1273 1407 qui
1299 1351 1460 1391 unam
1489 1342 1695 1392 tantum
1723 1333 1819 1385 do-

237 1455 398 1494 mum
456 1445 512 1491 et
545 1436 703 1489 unius
745 1433 1042 1504 provincia
1089 1443 1289 1499 parvos
1325 1441 1482 1497 agros
1523 1422 1818 1483 dimiserat,

235 1537 404 1604 quasi
424 1531 559 1590 nihil
576 1531 840 1588 habentes
858 1534 914 1581 et
935 1524 1120 1580 omnia
1146 1520 1504 1592 possidentes.
1545 1514 1645 1581 Qui
1677 1512 1820 1566 enim

237 1633 421 1687 Deum
467 1626 755 1700 propitium
791 1621 974 1683 habet,
1003 1625 1059 1671 et
1084 1615 1164 1670 illi
1197 1614 1298 1667 rite
1326 1610 1594 1673 servierit,
1625 1605 1821 1660 nullius

237 1725 323 1777 rei
380 1697 496 1791 qua:
545 1697 610 1773 ad
651 1716 874 1771 salutem
914 1708 1148 1780 pertinet
1194 1699 1472 1775 penuriam
1515 1697 1818 1761 sustinebit,

232 1818 340 1872 sed
390 1832 486 1885 per
523 1815 697 1884 ipsum
752 1811 807 1864 in
849 1809 950 1861 hoc
980 1801 1174 1862 saeculo
1229 1798 1477 1859 solatium
1523 1806 1816 1867 congruum

1929 600 2136 650 nentes,
2199 590 2324 642 novi
2365 596 2420 643 et
2452 587 2722 641 immutati
2774 587 2976 641 erinuts
3025 603 3146 642 wn:
3179 588 3395 644 Christo
3445 589 3500 644 in

1925 690 2129 737 interna
2175 680 2362 752 gloria.

1996 773 2111 828 Hoc
2144 774 2377 837 scientes,
2429 774 2553 843 quia
2594 781 2734 827 vetus
2777 773 2931 826 homo
2986 782 3157 826 noster
3195 773 3349 826 simul
3387 790 3504 826 eru-

1927 869 2113 937 ciﬁxus
2152 878 2246 922 est.
2289 865 2490 922 Omnes
2525 867 2710 922 ﬁdeles
2737 865 2960 931 Christi,
3013 866 3143 920 dicit
3194 865 3499 936 Apostolus,

1927 977 2049 1015 cum
2071 960 2286 1015 Christo
2310 975 2429 1015 esse
2477 961 2635 1015 simul
2671 959 2978 1025 eruciﬁxos,
3032 959 3124 1028 qui
3171 967 3295 1014 ante
3349 958 3504 1014 abre-

1926 1053 2315 1107 nuntiatiouem
2350 1052 2573 1122 peccati,
2626 1053 2709 1106 vel
2755 1052 2951 1107 diaboli
3009 1051 3354 1116 servitutem,
3419 1067 3534 1106 ινα-ο

1927 1151 2095 1197 tet-em
2145 1144 2420 1198 hominem
2471 1144 2640 1198 Adam
2693 1143 2972 1208 imitando,
3049 1142 3364 1212 peccabant,
3412 1157 3507 1211 per

1926 1234 2442 1290 abrenuntiationem
2482 1235 2730 1290 vitiorum
2769 1244 2932 1304 atque
2975 1250 3074 1303 per
3112 1234 3503 1304 baptismum...

1927 1325 2049 1394 quia
2095 1325 2397 1388 membrum
2448 1325 2692 1394 corporis
2755 1325 2954 1379 Christi
3005 1323 3176 1380 (iliceti
3241 1333 3366 1378 sunt
3413 1340 3508 1393 per

1926 1417 2098 1471 sancti
2158 1416 2360 1470 lavacri
2413 1417 2748 1486 mysterium.
2816 1416 3063 1471 Christus
3096 1415 3311 1483 quidem
3355 1415 3508 1470 inno-

1924 1507 2071 1561 xium
2121 1521 2281 1562 suum
2316 1521 2513 1576 corpus
2560 1506 2813 1576 appendit
2861 1514 2919 1562 ut
2965 1523 3064 1565 nos
3109 1507 3328 1564 noxium
3385 1524 3504 1563 sus-

1923 1601 2220 1671 pendamus
2273 1617 2304 1655 a
2348 1601 2536 1667 vitiis,
2592 1611 2648 1655 ut
2718 1603 3018 1656 destruatur
3063 1619 3249 1672 corpus
3309 1605 3506 1671 peccati

1925 1699 1980 1743 ut
2017 1689 2153 1743 ultra
2192 1705 2295 1745 non
2325 1690 2612 1744 serviamus
2635 1700 2866 1760 peccato.
2915 1689 3030 1745 Hoc
3067 1698 3175 1756 est,
3223 1700 3282 1744 ut
3327 1693 3507 1746 onmia

1927 1781 1977 1834 in
2020 1781 2174 1835 nobis
2230 1781 2380 1847 vitia,
2423 1797 2542 1850 qua:
2595 1791 2720 1851 post
2751 1783 3074 1852 baptismum
3115 1784 3506 1852 commisimus,

233 1873 430 1970 habel,
456 1916 509 1960 et
531 1873 588 1958 in
619 1903 797 1961 futura
825 1905 931 1958 vita
955 1899 1204 1972 gaudium
1232 1893 1528 1966 possidebit
1559 1901 1819 1944 aeternum
1846 1873 1896 1934 ἲ
1923 1889 2020 1948 per
2086 1889 2276 1947 puram
2319 1873 2715 1934 confessionem
2785 1884 2841 1935 et.
2885 1876 3257 1949 pmnitenltam
3307 1892 3507 1943 veram,

233 2016 341 2076 per
367 1999 552 2059 lesum
580 2001 858 2056 Christum
910 1992 1194 2047 Dominum
1225 1996 1488 2049 nostrum,
1549 1981 1641 2052 qui
1692 1979 1824 2033 vivit

231 2106 294 2152 et
325 2103 520 2165 regnat
543 2093 597 2146 in
629 2089 821 2146 smcula
867 2083 1202 2140 saeculorum.
1270 2077 1460 2131 Amen.

794 2195 1070 2254 IIOMILM
1115 2192 1290 2248 CXIII.

534 2288 847 2331 BEBDOMADA
875 2286 953 2323 VII
983 2283 1108 2321 POST
1137 2274 1529 2317 l’liNTECOSTEN.

508 2366 690 2420 Lectio
719 2360 967 2432 Epistulae
1001 2356 1148 2411 Pauli
1181 2354 1246 2407 ad
1275 2353 1564 2406 Romanos.

320 2459 558 2523 Fratres,
625 2458 914 2528 quicunque
967 2447 1215 2519 baptizoti
1259 2460 1438 2498 sumus
1505 2442 1559 2493 in
1613 2436 1824 2492 Christo

232 2557 399 2618 Jesu,
447 2554 502 2604 in
546 2527 707 2603 morte
745 2546 907 2616 ipsius
955 2539 1203 2611 baptizati
1254 2551 1458 2590 sumus.
1521 2527 1821 2598 Cousepulti

235 2648 390 2700 enim
440 2658 617 2697 sumus
669 2655 785 2693 cum
829 2635 921 2690 illo
961 2650 1052 2704 per
1103 2631 1413 2701 baptismum
1470 2629 1524 2682 in
1583 2635 1820 2687 mortem,

235 2745 360 2791 etc.

324 2825 581 2888 Audistis,
627 2822 822 2876 fratres
847 2816 1174 2882 cbarissimi,
1223 2815 1277 2868 in
1313 2813 1542 2866 lectione
1573 2804 1823 2876 praesenti

243 2921 521 2973 dicentem
559 2913 890 2983 Apostolum,
943 2927 1011 2962 an
1063 2906 1314 2977 ignoratis
1351 2903 1476 2973 quia
1533 2898 1824 2968 quicunque

239 3010 500 3081 baptismi
547 3022 726 3061 sumus
791 3004 847 3056 in
889 2999 1093 3054 Christo
1135 2997 1284 3060 Jesu,
1355 2995 1408 3047 in
1455 3002 1615 3046 morte
1661 2991 1822 3058 ipsius

237 3100 501 3170 baptismi
555 3113 734 3151 sumus
779 3095 806 3148 ll
857 3089 1157 3161 Consepulti
1239 3087 1372 3141 enim
1449 3099 1627 3137 sumus
1707 3096 1823 3134 eum

236 3192 342 3246 illo
382 3207 473 3260 per
519 3190 831 3258 baptismum
890 3187 947 3238 in
983 3192 1221 3246 mortem,
1269 3188 1328 3232 ut
1379 3178 1517 3231 sicut
1577 3174 1823 3229 Christus

239 3283 414 3338 tertia
455 3282 538 3336 die
573 3279 864 3334 resurrexit
900 3293 930 3330 a
963 3274 1208 3338 mortuis,
1257 3272 1327 3330 ita
1355 3281 1411 3326 et
1453 3284 1557 3325 suis
1603 3267 1659 3320 in
1686 3280 1823 3335 aqua

237 3377 505 3441 demersi,
551 3383 606 3428 et
639 3373 858 3435 mundo,
901 3378 1061 3438 atque
1089 3363 1300 3420 diabolo
1327 3359 1546 3424 mortui,
1589 3364 1642 3412 et
1664 3355 1824 3411 Chri-

237 3481 336 3526 sto
393 3465 708 3536 consepulti,
763 3478 884 3518 cum
941 3467 1062 3530 post
1097 3457 1308 3512 tertiam
1347 3451 1673 3508 mensionem
1713 3447 1824 3506 ele-

243 3578 448 3616 vantur
497 3561 564 3614 de
607 3557 773 3622 fonte,
800 3553 960 3623 quasi
1008 3550 1254 3606 Christus
1304 3543 1654 3614 resurgimus,
1703 3538 1826 3592 novi

241 3661 308 3708 et
368 3647 723 3712 immaculati,
765 3645 1002 3700 omnium
1053 3647 1398 3711 peccatorum
1445 3633 1605 3690 sorde
1658 3633 1826 3700 depo-

244 3745 386 3799 sita.

328 3833 400 3890 Ut
439 3830 872 3905 quemadmodum
929 3824 1164 3880 Christus
1216 3822 1498 3877 resurrexit
1544 3837 1576 3872 a
1612 3818 1828 3871 mortuis

239 3944 348 3998 per
394 3924 610 3995 gloriam
643 3921 840 3983 Patris,
890 3919 962 3970 ita
1011 3925 1057 3969 et
1094 3931 1184 3968 nos
1217 3914 1272 3966 in
1299 3913 1522 3966 novitate
1563 3911 1680 3963 vitae
1712 3924 1826 3960 ant-

242 4019 516 4073 bulemus.
551 4013 745 4068 Tribus
776 4011 919 4065 enim
973 4006 1146 4062 modis
1183 4005 1507 4074 baptismum
1567 3999 1829 4068 accipitur

244 4111 306 4163 in
347 4104 661 4174 Seripturis,
700 4117 871 4170 aquae,
896 4098 1129 4169 Spiritus
1153 4095 1341 4156 sancti,
1375 4094 1465 4161 qui
1489 4092 1643 4162 quasi
1691 4091 1830 4158 ignis

239 4200 442 4257 omnia
470 4198 643 4251 esttrit
669 4203 904 4266 peccata,
931 4200 986 4245 et
1011 4190 1283 4260 sanguinis
1305 4189 1360 4242 in
1389 4185 1667 4254 martyrio,
1709 4200 1831 4253 pro-

239 4304 384 4366 pter
437 4306 626 4345 nomen
669 4287 868 4342 Christi
912 4283 1104 4339 effusi:
1145 4283 1210 4337 de
1248 4296 1354 4350 quo
1405 4277 1654 4334 Salvator
1694 4276 1770 4331 ait
1814 4293 1826 4330 :

242 4386 529 4456 Baptismo
575 4382 734 4435 habeo
772 4378 1024 4450 baptizari
1072 4377 1123 4428 in
1169 4373 1428 4442 sanguine
1470 4385 1608 4434 meo,
1647 4377 1830 4423 osten-

243 4483 394 4535 dens
417 4493 511 4530 nos
560 4482 842 4544 propterea
881 4472 954 4524 ita
987 4467 1242 4536 baptizari
1297 4474 1353 4518 ut
1391 4478 1486 4534 per
1519 4461 1830 4532 mysterium

245 4567 686 4637 consepeliamur
737 4563 952 4617 Christo
1022 4558 1335 4613 criminibus
1377 4556 1691 4616 morientes,
1778 4561 1834 4605 et

246 4661 630 4719 renuntiantes
652 4656 890 4726 pristinae
920 4653 1059 4715 vita),
1101 4658 1159 4703 ut
1180 4648 1446 4719 quomodo
1484 4647 1642 4700 Pater
1671 4644 1833 4714 glori-

247 4755 452 4808 tit-atus
486 4758 566 4804 est
603 4750 654 4803 in
684 4747 802 4800 Filii
851 4741 1261 4806 resurrectione,
1309 4739 1384 4792 ita
1410 4747 1460 4791 et
1492 4752 1587 4806 per
1633 4747 1830 4790 nostra;

249 4841 689 4901 conversationis
725 4837 1015 4892 novitatem
1064 4842 1184 4902 post
1211 4830 1530 4900 baptismum
1586 4827 1835 4881 Christus

247 4939 325 4991 ab
359 4935 609 4988 outnibus
656 4928 1000 5000 gloriﬁcetur,
1061 4932 1119 4977 ut
1155 4938 1251 4977 nec
1299 4923 1450 4988 signa
1493 4919 1704 4986 quidem
1737 4932 1833 4970 ve-

249 5028 398 5082 teris
440 5023 656 5077 malitia:
704 5025 1065 5090 agnoscantur
1103 5015 1156 5068 in
1186 5013 1361 5068 nobis.
1408 5010 1516 5065 Nec
1542 5010 1687 5064 enim
1735 5010 1832 5064 ali-

245 5119 394 5191 quid
423 5116 553 5171 velle
579 5122 671 5168 aut
698 5126 893 5183 cupere
923 5110 1178 5164 debemus
1206 5105 1346 5174 quod
1379 5103 1561 5158 volunt.
1607 5109 1700 5155 aut
1743 5117 1837 5156 cu-

161 5251 194 5264 ,
245 5212 420 5280 piunt
450 5207 525 5261 illi
573 5205 877 5275 quicunque
917 5199 1091 5254 adhuc
1135 5196 1334 5258 veteris
1385 5194 1510 5248 vitae
1559 5191 1837 5252 erroribus

245 5299 620 5367 implicantur.

332 5392 399 5446 Si
444 5393 581 5445 enim
661 5384 998 5458 contplantnti
1059 5382 1186 5450 facti
1244 5395 1422 5434 sumus
1499 5373 1836 5436 similitudini

189 5518 192 5519 ν
249 5486 505 5549 mortis,_
534 5483 689 5537 simul
735 5489 783 5534 et
818 5476 1206 5532 resurrectionis
1255 5474 1468 5526 erimus.
1563 5469 1621 5523 Si
1688 5467 1832 5521 enim

251 5577 466 5635 inundo
489 5573 746 5629 morimur
789 5581 846 5627 et
871 5565 1323 5638 concupiscentiis
1367 5563 1504 5630 ejus,
1555 5568 1611 5615 et
1640 5572 1832 5615 conse-

249 5669 403 5744 pulti
434 5681 574 5722 nunc
604 5666 722 5720 ﬁeri
768 5665 1012 5734 cupimus
1039 5659 1262 5715 Christo
1302 5657 1355 5710 in
1383 5663 1556 5708 morte
1603 5651 1835 5723 peccati,

254 5764 315 5817 in
375 5767 546 5812 morte
590 5755 834 5824 corporis
871 5752 1041 5807 nostri
1085 5745 1525 5806 ressurrectionis
1560 5745 1674 5814 ejus
1727 5756 1838 5796 mc-

260 5851 514 5908 rebimur
546 5863 664 5905 esse
683 5847 992 5917 participes.
1039 5845 1107 5900 Et
1138 5846 1185 5899 si
1232 5844 1288 5898 in
1311 5843 1412 5897 hac
1435 5841 1542 5894 vita
1579 5837 1838 5894 fuerimus

1863 4594 1910 4654 ι)

1927 1971 2195 2040 simulque
2245 1989 2340 2042 per
2373 1973 2838 2042 eleemosynarum
2876 1973 3184 2042 largitatem
3229 1974 3512 2027 destruan-

1927 2069 2012 2115 tur
2035 2063 2268 2131 penitus,
2320 2063 2443 2132 quia
2496 2079 2660 2116 unum
2685 2063 2873 2116 vitium
2922 2064 3223 2117 membrum
3265 2071 3348 2116 est
3394 2078 3514 2131 pec-

1924 2154 2048 2207 cati.
2097 2153 2248 2207 Sicut
2280 2153 2525 2208 Christus
2571 2169 2678 2208 non
2708 2169 2774 2208 ex
2804 2162 2989 2219 parte,
3027 2155 3120 2209 sed
3169 2155 3379 2224 integer
3429 2162 3514 2209 est

1925 2244 2245 2308 cruciﬁxus,-
2283 2246 2358 2298 ita
2384 2255 2441 2300 ut
2471 2245 2817 2316 praediximus
2844 2261 2942 2315 per
2963 2244 3383 2310 confessionem,
3411 2261 3508 2299 ne-

1923 2348 2074 2388 cesse
2127 2345 2212 2388 est
2259 2342 2319 2392 ut;
2374 2335 2686 2390 destruatur
2759 2335 2811 2388 in
2865 2335 3019 2391 nobis
3064 2344 3235 2390 totum
3302 2336 3510 2403 insecuti

1923 2441 2134 2494 corpus,
2167 2437 2224 2480 ut
2245 2427 2337 2480 ﬁat
2362 2442 2490 2481 caro
2511 2438 2697 2484 nostra
2727 2426 2949 2494 justi-tiae
2976 2429 3329 2496 mancipium,
3354 2429 3499 2496 quod

1924 2517 2129 2571 solebat
2167 2531 2288 2571 esse
2330 2517 2528 2573 delicti.
2582 2516 2764 2573 Omnis
2797 2518 2936 2571 enim
2969 2519 3059 2588 qui
3089 2518 3214 2585 facit
3240 2527 3507 2587 peccatum

1923 2625 2099 2666 servus
2145 2617 2218 2662 est
2275 2609 2495 2676 peccati.

1995 2702 2100 2767 Qui
2135 2703 2272 2756 enim
2301 2712 2537 2762 mortuus
2561 2711 2635 2756 est
2664 2709 2886 2772 peccato
2917 2717 3014 2774 per
3043 2701 3433 2757 confessionem
3459 2708 3515 2754 et

1925 2794 2334 2858 detestationem
2403 2793 2626 2864 peccati,
2675 2794 3005 2863 justi/iratus
3073 2805 3144 2848 est
3203 2812 3236 2848 a
3280 2802 3510 2863 peccato.

1926 2885 2166 2941 Mortuus
2194 2896 2277 2942 est
2295 2886 2439 2941 enim
2466 2887 2685 2941 omnino
2705 2887 2798 2955 qui
2824 2901 2928 2940 non
2956 2895 3166 2956 peccat,
3194 2895 3246 2939 et
3269 2888 3361 2956 qui
3389 2903 3512 2939 cru-

1925 2976 2115 3034 ciﬁxus
2141 2986 2228 3031 est
2255 2993 2352 3046 per
2374 2978 2750 3047 paenitentiam
2782 2979 3040 3047 peccatis,
3060 2977 3249 3033 dotare
3273 2995 3338 3032 ac
3362 2994 3510 3032 com-

1924 3071 2213 3138 punctione
2235 3072 2461 3138 peccati,
2495 3071 2583 3124 vix
2611 3071 2810 3138 poterit
2837 3072 2997 3125 etiam
3028 3086 3270 3137 peccare.

1999 3160 2061 3216 Si
2115 3171 2286 3215 autem
2327 3162 2520 3215 mortui
2572 3179 2751 3215 smnus
2805 3178 2922 3214 eum
2972 3159 3200 3224 Christo,
3255 3159 3513 3213 credimus

1879 3249 1898 3294 ἓ
1932 3250 2054 3320 quia
2085 3249 2240 3304 simul
2271 3251 2483 3304 vivimus
2508 3252 2662 3304 etiam
2688 3267 2801 3304 cum
2826 3250 2937 3306 illo.
2970 3250 3028 3304 Si
3055 3250 3373 3304 commortui
3407 3266 3512 3303 non

1934 3363 2119 3414 sumus
2145 3347 2378 3414 Christo,
2432 3364 2532 3403 nec
2559 3348 2909 3403 convivemus
2948 3362 3069 3402 cum
3113 3345 3354 3411 Christo,
3386 3346 3510 3415 quia

1933 3437 2048 3507 eius
2079 3439 2317 3492 membra
2347 3454 2453 3492 non
2477 3454 2685 3492 sumus.

2007 3531 2240 3585 Scientes
2279 3531 2415 3602 quod
2462 3530 2700 3584 Christus
2745 3546 3014 3600 resurgens
3049 3547 3080 3582 α
3129 3529 3366 3592 mortuis,
3396 3529 3513 3598 jam

1935 3637 2039 3674 non
2064 3623 2304 3686 moritur,
2334 3638 2474 3674 mors
2500 3620 2578 3674 illi
2615 3619 2755 3674 ultra
2785 3638 2887 3674 non
2919 3619 3291 3674 dominabitur.
3351 3618 3431 3674 Ita
3461 3627 3517 3672 et

1934 3729 2033 3773 nos
2061 3713 2105 3767 si
2149 3712 2237 3768 hic
2283 3712 2551 3768 voluntate
2597 3713 2792 3766 mortui
2846 3711 3105 3766 fuerimus
3132 3709 3389 3785 peccatis,
3431 3726 3516 3762 se-

1935 3804 2163 3858 cundam
2221 3819 2326 3858 non
2377 3805 2626 3859 timemus
2684 3812 2933 3869 mortem,
2987 3819 3085 3858 nec
3135 3803 3439 3860 tenebimur
3483 3817 3513 3856 a

1934 3902 2199 3971 gehenna.

2006 3991 2158 4056 Quod
2188 3993 2320 4045 enim
2358 4001 2593 4046 mortuus
2617 4000 2693 4046 est
2717 3999 2946 4060 peccato,
2972 3999 3212 4043 mortuus
3236 3998 3307 4042 est
3334 3988 3511 4050 semel,

1936 4084 1989 4138 id
2014 4091 2117 4146 est,
2151 4099 2254 4138 non
2293 4097 2583 4151 possumus
2631 4083 2822 4136 iterum
2867 4098 3005 4149 aqua
3053 4079 3338 4149 baptizari,
3379 4080 3512 4145 ,quia

1935 4179 2180 4233 Christus
2211 4192 2314 4231 noti
2343 4185 2517 4245 potest
2542 4177 2736 4228 iterum
2761 4173 3002 4242 crueiligi
3029 4186 3130 4240 pro
3155 4170 3329 4225 nobis.
3365 4169 3516 4222 Sicut

1936 4268 2060 4324 alibi
2097 4267 2293 4328 dicitur
2313 4285 2324 4319 :
2347 4264 2677 4336 Impossihile
2701 4274 2774 4317 est
2806 4262 2939 4316 enim
2964 4280 3048 4315 eos
3073 4263 3164 4332 qui
3202 4260 3358 4314 semel
3393 4259 3513 4312 illn-

1935 4360 2119 4413 minati
2143 4369 2285 4424 sunt,
2308 4366 2640 4427 gustoverunt
2663 4357 2816 4418 etiam
2854 4354 3048 4407 donum
3076 4351 3295 4417 caeleste,
3325 4362 3370 4403 et
3394 4368 3515 4420 pur-

1935 4453 2112 4523 ticipes
2159 4462 2277 4506 sunt
2326 4452 2451 4521 facti
2504 4449 2733 4520 Spiritus
2764 4450 2951 4512 sancti,
2999 4448 3185 4501 iterum
3235 4447 3512 4514 baptizari,

1935 4543 2062 4611 quia
2101 4544 2175 4597 ibi
2216 4558 2320 4596 non
2348 4542 2717 4612 paenitentiam
2759 4540 3008 4608 denegat,
3052 4539 3145 4596 sed
3169 4537 3515 4602 iterationem

1935 4634 2206 4704 baptismi.

2011 4723 2163 4787 Quod
2190 4732 2361 4774 alitem
2391 4721 2528 4785 vivit,
2560 4721 2680 4772 vivit
2703 4718 2834 4782 Deo,
2863 4719 2915 4772 in
2938 4717 3102 4789 gloria
3135 4717 3370 4774 ciuitatis.

2010 4813 2095 4868 Ita
2116 4824 2162 4866 rt
2188 4829 2276 4865 vos
2312 4813 2600 4874 existimate
2636 4827 2720 4864 ros
2761 4820 2990 4862 mortuos
3032 4808 3239 4877 quidem
3261 4825 3374 4870 esse
3397 4825 3516 4876 pec-

1940 4914 2076 4966 cato,
2109 4903 2153 4960 si
2177 4903 2386 4955 fueritis
2423 4901 2629 4971 puriter
2655 4899 2907 4960 confessi,
2939 4900 3098 4952 rirere
3121 4909 3290 4956 autem
3321 4897 3430 4954 Deo
3459 4899 3511 4950 in

1942 4995 2148 5058 Christo
2189 4993 2317 5056 Iesu
2373 4991 2595 5050 Domino
2652 5001 2848 5055 nostro,
2893 4990 2947 5044 in
2977 4989 3228 5058 Opet‘ibus
3274 4988 3432 5044 bonis
3461 4995 3515 5040 et

1940 5086 2344 5144 cmwersatioue
2372 5093 2577 5148 saneta,
2621 5083 2718 5138 Dei
2763 5097 2862 5136 vos
2918 5079 3288 5146 misericordia
3334 5088 3515 5148 prote-

1937 5185 2118 5250 gente,
2151 5176 2238 5232 cui
2367 5174 2542 5232 honor
2581 5182 2635 5227 et
2659 5171 2826 5241 gloria
2871 5172 2924 5225 in
2953 5170 3146 5226 smcula
3169 5168 3508 5225 saeculorum.

1935 5269 2125 5330 Amen.

2483 5377 2764 5436 HOMlUA
2797 5376 2977 5432 CXIV.

2505 5511 2557 5549 IN
2578 5509 2753 5550 EODEM
2780 5507 2965 5548 FESTO.

2010 5607 2195 5664 Lectio
2240 5607 2412 5666 sancti
2456 5603 2730 5682 Evangelii
2773 5602 3065 5660 secundum
3111 5600 3441 5666 Matthaeum.

2012 5740 2078 5794 In
2106 5739 2198 5796 illo
2219 5749 2466 5809 tempore,
2499 5737 2631 5790 dixit
2657 5735 2810 5792 Jews
2839 5734 3106 5804 discipulis
3135 5735 3242 5788 suis
3266 5746 3282 5784 :
3330 5732 3513 5794 Amen,

1942 5833 2056 5892 dico
2105 5833 2244 5890 nobis
2289 5831 2410 5902 quia
2454 5829 2554 5883 nisi
2600 5828 2934 5887 abundaverit
2967 5826 3174 5894 justitia
3205 5834 3367 5884 uestra
3396 5820 3514 5889 plus
