3960 6360
445 369 557 433 ass

1087 366 1150 420 Β.
1193 363 1449 450 ΒΑΒᾼΝΙ
1484 362 1706 444 MAURI
1743 359 2068 417 ARCHIEP.
2108 355 2419 415 MOGUNT.
2458 356 2747 415 OPERUM
2788 357 2972 413 PARS
3009 357 3076 412 ll.

3628 359 3749 415 360

446 472 620 559 quant
649 454 942 537 scribarum
987 488 1035 533 et
1075 475 1491 546 Pharisaeorum,
1524 493 1625 532 non
1670 474 1933 530 intrabitis
1969 474 2028 528 in
2052 473 2109 536 Α
2131 474 2291 530 aliam
2312 474 2549 545 linguam
2573 473 2731 531 facile
2752 474 3152 530 transferuntur
3176 490 3188 527 :
3214 487 3337 543 qua:
3357 487 3529 529 causa
3551 475 3752 545 utique

448 590 664 648 regnum
688 570 957 638 caelorum,
983 578 1091 626 etc.

516 665 571 720 ld
598 671 704 730 est,
730 662 836 718 nisi
864 677 973 717 non
1001 661 1175 718 solum
1201 662 1293 717 illa
1322 662 1549 718 minima
1590 662 1726 734 legis
1766 669 2036 733 praecepta

448 757 823 829 impleveritis,
858 771 977 826 qua:
1013 756 1275 811 inchoant
1308 756 1601 822 hominem,
1653 756 1749 812 sed
1777 755 1883 810 ista
1917 769 2037 824 qua;

448 871 479 908 a
498 869 584 909 me
609 853 897 916 adduntur,
924 851 1017 921 qui
1046 868 1150 906 non
1171 851 1288 905 veni
1312 851 1507 907 solvere
1536 850 1718 921 legem,
1744 850 1835 904 sed
1867 847 2037 903 adim-

447 946 609 1018 plere,
660 961 764 999 non
814 942 1076 998 intrabitis
1117 944 1173 997 in
1219 960 1436 1014 regnum
1487 940 1754 997 caelorum.
1814 938 2035 995 Iustitia

448 1038 844 1094 Pharisaeorum
878 1044 981 1104 est,
1030 1044 1225 1093 utnon
1270 1035 1550 1103 occidant;
1601 1035 1817 1106 justitia
1850 1049 2039 1088 eorum

448 1130 539 1201 qui
562 1128 812 1184 intraturi
833 1136 957 1184 sunt
977 1128 1031 1182 in
1043 1143 1268 1199 regnum
1292 1127 1386 1183 Dei
1407 1134 1508 1193 est,
1527 1134 1586 1181 ut
1606 1141 1714 1181 non
1736 1125 2041 1179 irascantur

449 1223 567 1279 sine
588 1235 793 1278 causa:
825 1220 1110 1275 minimum
1150 1230 1232 1275 est
1273 1234 1402 1290 ergo
1437 1227 1493 1274 et
1537 1234 1646 1274 non
1681 1216 1949 1281 occidere,
1985 1222 2042 1270 et

450 1313 543 1383 qui
573 1313 703 1367 illud
745 1311 966 1367 solverit
1013 1312 1271 1366 minimus
1299 1310 1584 1365 vocabitur
1627 1310 1681 1363 in
1727 1324 1894 1379 regno
1925 1320 2041 1362 cce-

450 1404 648 1458 lorum.
693 1403 796 1471 Qui
842 1412 1023 1458 autem
1061 1402 1191 1457 illud
1239 1402 1544 1474 impleverit
1566 1410 1763 1456 utnon
1809 1400 2039 1463 occidat,

451 1512 558 1551 non
580 1496 838 1553 continuo
857 1512 1086 1567 magnus
1107 1495 1211 1550 erit
1230 1504 1284 1550 et
1304 1494 1531 1550 idoneus
1556 1509 1722 1565 regno
1744 1492 2039 1557 ctelorum;

451 1588 547 1643 sed
588 1596 769 1643 tamen
798 1586 1043 1642 ascendit
1070 1585 1303 1655 aliquem
1343 1585 1610 1655 gradum;
1644 1583 1926 1654 perﬁcitur
1948 1587 2043 1636 au-

450 1686 559 1731 tem
586 1677 632 1732 si
663 1690 762 1731 nec
790 1676 1046 1732 irascitur
1079 1676 1196 1730 sine
1237 1690 1440 1729 causa:
1494 1673 1641 1744 quod
1680 1674 1725 1728 si
1754 1672 2045 1743 perfecerit

449 1767 618 1822 multo
643 1767 904 1822 remotior
948 1765 1054 1820 erit
1094 1766 1162 1821 ab
1199 1765 1527 1830 homicidio;
1579 1775 1906 1835 quapropter
1952 1764 2042 1832 qui

2138 568 2310 637 coegit
2336 576 2447 622 tam
2477 565 2725 623 Graecum
2769 566 3121 635 interpretem
3156 580 3323 635 quam
3359 564 3621 621 Latinum
3654 582 3748 622 vo-

2137 674 2257 714 cem
2272 660 2445 730 ipsam
2464 674 2689 731 ponere,
2705 673 2831 714 cum
2844 656 3115 728 quomodo
3135 670 3257 711 eam
3278 656 3753 727 interpretaretur

2137 766 2244 806 non
2270 751 2559 807 inveniret.
2607 750 2821 807 Gradus
2864 749 3049 819 itaque
3076 758 3203 803 sunt
3229 749 3281 802 in
3319 748 3444 804 istis
3470 751 3749 820 peccatis,

2138 850 2198 897 ut
2226 844 2402 915 primo
2431 844 2662 916 quisque
2688 842 2957 898 irascatur
3003 848 3060 899 et
3101 856 3227 896 eum
3257 850 3473 896 motum
3500 841 3753 897 retineat

2093 1012 2097 1021 γ
2139 939 2317 1003 corde,
2349 946 2532 994 mente
2554 947 2916 1007 conceptum:
2957 933 3072 1003 jam
3115 934 3161 989 si
3211 934 3509 990 extorserit
3552 948 3749 988 vocem

2140 1031 2466 1104 indignantis
2494 1031 2609 1102 ipsa
2630 1030 2922 1087 commotio
2947 1044 3055 1085 non
3075 1028 3481 1101 signiﬁcantem
3510 1028 3746 1099 aliquid,

2141 1122 2236 1177 sed
2276 1122 2428 1177 illum
2468 1122 2634 1177 animi
2684 1129 2914 1188 motum,
2962 1123 3076 1191 ipsa
3127 1121 3415 1190 eruptione
3444 1128 3753 1175 testantem

2142 1229 2246 1284 qua
2301 1212 2529 1268 feriatur
2551 1212 2639 1267 ille
2662 1213 2750 1269 cui
2782 1212 3065 1267 irascitur:
3096 1210 3220 1281 plus
3244 1220 3330 1265 est
3351 1212 3550 1280 utique
3582 1226 3752 1279 quam

2143 1305 2188 1359 si
2220 1318 2446 1375 surgens
2473 1304 2557 1358 ira
2580 1304 2797 1361 silentio
2822 1313 3183 1375 premeretur.
3228 1302 3287 1358 Si
3338 1318 3473 1359 vero
3500 1317 3622 1358 non
3661 1317 3754 1357 so-

2143 1397 2255 1452 lum
2285 1413 2390 1452 vox
2434 1397 2765 1468 indignantis
2816 1396 3089 1463 audiatur,
3147 1397 3243 1452 sed
3291 1396 3461 1452 etiam
3517 1394 3756 1450 verbum

2144 1489 2288 1558 quod
2318 1486 2433 1556 jam
2461 1496 2669 1543 certam
2699 1486 2817 1557 ejus
2851 1487 3307 1559 vituperationem
3332 1487 3387 1542 in
3422 1502 3601 1556 quem
3630 1502 3757 1556 pm-

2144 1579 2317 1635 fcrtur
2343 1580 2588 1651 designet
2628 1590 2684 1636 et
2733 1588 2903 1648 notet,
2951 1580 3074 1650 quis
3099 1579 3309 1636 dubitet
3352 1579 3600 1649 amplius
3656 1579 3758 1633 hoc

2145 1685 2265 1727 esse
2296 1687 2458 1742 quam
2482 1672 2527 1726 si
2556 1670 2704 1726 solus
2732 1671 3119 1743 indignationis
3143 1686 3309 1725 sonus
3327 1670 3759 1726 ederetur-2h:-

2147 1779 2253 1833 que
2279 1763 2333 1817 in
2360 1764 2536 1832 primo
2565 1780 2729 1819 [intum
2771 1772 2875 1829 est,
2906 1764 2959 1817 id
2980 1771 3084 1830 est,
3112 1762 3193 1816 ira
3223 1762 3360 1828 sola,
3407 1764 3464 1817 in
3507 1762 3760 1817 secundo

450 1860 608 1915 docet
636 1868 698 1914 ut
735 1874 845 1914 non
879 1860 1198 1923 irascamur,
1230 1876 1337 1913 non
1386 1859 1544 1914 solvit
1590 1857 1761 1929 legem
1797 1872 1866 1912 ne
1893 1859 2040 1912 occi-
2074 1852 2123 1912 B
2151 1854 2279 1919 duo,
2313 1855 2390 1909 ira
2431 1863 2486 1910 et
2514 1872 2617 1910 vox
2646 1872 2766 1926 quae
2810 1857 2946 1911 iram
2997 1856 3284 1925 signiﬁcat,
3334 1857 3388 1910 in
3426 1857 3602 1911 tertio
3631 1857 3758 1921 tria,

450 1953 660 2019 damus,
697 1954 791 2009 sed
824 1952 1011 2023 implet
1034 1952 1215 2023 potius
1241 1960 1303 2006 ut
1350 1951 1482 2008 foris
1518 1952 1645 2006 dum
1690 1968 1796 2007 non
1839 1951 2043 2007 occidi-

450 2062 592 2113 mus,
618 2047 756 2109 etin
801 2045 966 2101 corde
1016 2046 1143 2101 dum
1196 2062 1302 2101 non
1356 2047 1644 2101 irascimur
1676 2046 2046 2102 innocentiam

451 2137 839 2193 custodiamus.

523 2230 759 2285 Audistis
787 2232 911 2303 quia
955 2233 1153 2287 dictum
1196 2243 1271 2287 est
1317 2233 1585 2303 antiquis:
1639 2232 1764 2289 Non
1807 2231 2045 2287 occides:

450 2323 539 2394 qui
568 2334 742 2378 autem
764 2324 1010 2378 occiderit
1037 2342 1155 2378 reus
1177 2327 1276 2379 erit
1297 2325 1526 2394 judicio.
1551 2324 1609 2378 In
1638 2323 1757 2395 lege
1792 2324 1937 2378 enim
1968 2323 2049 2377 in-

452 2416 752 2481 ritabatur,
784 2425 844 2470 ut
864 2416 953 2487 qui
978 2416 1261 2471 occidebat
1298 2425 1353 2470 ct
1380 2417 1496 2486 ipse
1523 2416 1901 2471 occideretur:

520 2504 634 2575 Ego
662 2514 837 2559 autem
859 2505 975 2559 dico
1011 2505 1171 2559 vobis.
1224 2505 1279 2559 ld
1328 2514 1431 2568 est,
1478 2520 1652 2559 novus
1700 2505 1862 2559 homo
1893 2504 2049 2558 vobis

453 2594 606 2648 novis
635 2610 775 2649 nova
823 2594 1054 2664 loquor:
1092 2594 1231 2661 Quia
1279 2596 1446 2649 omnis
1486 2596 1574 2666 qui
1596 2596 1845 2649 irascitur
1893 2596 2049 2664 fratri

452 2702 549 2740 suo
573 2703 691 2741 reus
719 2688 818 2741 erit
838 2687 1067 2757 judicio.
1102 2687 1405 2743 Videndum
1432 2696 1515 2743 est
1541 2698 1805 2759 quantum
1835 2689 2051 2743 intersit

454 2777 597 2832 inter
616 2778 883 2848 justitiam
924 2778 1329 2834 Pharisaeorum
1379 2786 1433 2833 et
1466 2778 1899 2835 Christianorum
1930 2794 2050 2848 qua:

454 2867 748 2923 introducit
794 2868 849 2922 in
902 2884 1127 2940 regnum
1186 2869 1491 2925 caelorum:
1541 2870 1611 2926 ibi
1653 2871 1797 2925 enim
1849 2871 2050 2925 occisio

455 2975 606 3014 reum
635 2958 765 3015 facit
799 2958 1025 3029 judicio,
1058 2962 1146 3016 hic
1173 2971 1353 3016 autem
1392 2963 1474 3017 ira
1505 2962 1858 3018 nihilominus
1895 2976 2048 3018 reum

454 3052 584 3106 facit
615 3050 843 3120 judicio.

526 3144 631 3210 Qui
672 3153 846 3198 autem
887 3145 1075 3200 dixerit
1104 3146 1260 3215 fratri
1287 3164 1404 3212 suo,
1438 3146 1608 3213 Raca,
1649 3163 1768 3201 reus
1797 3148 1895 3201 erit
1921 3163 2049 3202 con-

453 3233 592 3289 silio.
643 3234 758 3289 Hoc
798 3236 1025 3291 verbum
1075 3237 1293 3307 proprie
1341 3237 1694 3295 Hebrteorum
1745 3246 1865 3293 est:
1921 3253 2047 3294 raca
2075 3226 2119 3291 C

452 3326 599 3380 enim
646 3325 845 3381 dicitur
870 3332 1031 3391 κήναι,
1063 3327 1117 3381 id
1163 3337 1269 3393 est,
1309 3328 1487 3384 inanis
1533 3336 1589 3384 et
1636 3344 1840 3385 vacuus
1888 3344 2048 3401 quem

455 3430 553 3471 nos
574 3431 862 3485 possumus
893 3417 1109 3488 vulgata
1160 3419 1356 3490 injuria
1405 3420 1610 3491 absque
1656 3422 1884 3478 cerebro
1912 3438 2051 3476 nun—

455 3517 671 3584 cupare.
729 3512 787 3568 Si
817 3514 881 3568 de
908 3515 1083 3569 otioso
1125 3530 1375 3571 sermone
1432 3517 1694 3572 reddituri
1745 3533 1932 3573 sumus
1964 3534 2050 3573 ra-

459 3607 681 3671 tionem,
711 3615 912 3676 quanto
949 3608 1119 3677 magis
1148 3607 1213 3662 de
1234 3608 1601 3663 contumelia?
1630 3608 1737 3663 Sed
1760 3617 1815 3664 et
1834 3610 2053 3680 signan-

458 3702 541 3752 ter
560 3696 808 3767 additur,
836 3701 927 3770 qui
949 3700 1138 3755 dixerit
1164 3700 1322 3770 fratri
1348 3718 1467 3767 suo,
1497 3700 1669 3768 Raca,
1713 3702 1880 3757 frater
1905 3703 2051 3756 enim

456 3790 634 3845 nullus
672 3799 776 3857 est,
807 3791 911 3845 nisi
933 3792 1025 3861 qui
1048 3792 1295 3848 eumdem
1322 3793 1604 3849 nobiscum
1627 3793 1790 3848 habet
1820 3802 2047 3864 patrem.

457 3880 588 3947 Cum
618 3896 745 3952 ergo
774 3882 1023 3938 similiter
1048 3884 1236 3940 credat
1274 3884 1329 3939 in
1360 3887 1528 3941 Deum
1559 3894 1613 3940 et
1654 3885 1929 3941 Christum
1955 3886 2052 3942 Dei

456 3974 667 4029 noverit
697 3967 1038 4045 sapientiam,
1056 3991 1163 4045 qua
1186 3976 1397 4032 ratione
1418 3975 1660 4031 stultitiae
1685 3977 1862 4048 elogio
1887 3978 2053 4033 deno-

458 4067 561 4121 tari
584 4068 802 4136 potest?
825 4066 965 4137 Quid
990 4069 1218 4125 interest
1247 4070 1392 4127 inter
1420 4085 1574 4126 reum
1589 4071 1796 4141 judicio
1820 4078 1876 4125 et
1898 4086 2052 4125 reum

457 4159 706 4226 consilio,
737 4168 795 4215 et
833 4175 986 4215 reum
1012 4161 1272 4232 gehennae
1298 4162 1478 4235 ignis?
1524 4161 1661 4216 Nam
1697 4161 1801 4217 hoc
1840 4169 2051 4231 postre-

458 4256 603 4306 muni
626 4252 1005 4323 gravissimum
1030 4264 1187 4308 sonat
1212 4262 1266 4309 et
1287 4256 1539 4310 admonet
1561 4255 1762 4326 gradus
1786 4255 2050 4327 quosdam

457 4342 631 4419 factos
670 4361 699 4397 a
724 4343 1021 4400 levioribus
1054 4348 1122 4400 ad
1163 4346 1409 4416 graviora
1437 4346 1611 4402 donec
1638 4348 1705 4402 ad
1748 4348 2050 4416 gehennam

460 4437 603 4507 ignis
633 4438 931 4493 veniretur.
966 4439 1034 4493 Et
1079 4439 1200 4495 ideo
1226 4440 1272 4494 si
1298 4439 1471 4496 levius
1510 4449 1595 4497 est
1640 4456 1790 4495 reum
1823 4455 1943 4495 esse
1962 4438 2052 4507 ju-

459 4528 601 4584 dicio
630 4543 792 4596 quam
820 4543 940 4584 esse
982 4529 1230 4596 consilio,
1277 4530 1410 4585 item
1436 4530 1608 4587 levius
1641 4539 1725 4585 est
1750 4546 1871 4585 esse
1898 4545 2048 4585 reum

459 4619 706 4686 consilio,
748 4636 909 4691 quam
942 4636 1094 4675 reum
1145 4623 1571 4693 esse'gehennae
1617 4622 1773 4693 ignis.
1826 4619 2053 4691 Oportet

457 4713 629 4779 levius
664 4729 785 4770 esse
815 4714 1147 4787 intelligatur
1171 4716 1333 4771 irasci
1365 4716 1482 4771 sine
1505 4732 1669 4771 causa
1695 4715 1851 4769 fratri
1886 4729 2050 4784 quam

460 4807 667 4874 dicere,
697 4806 869 4875 Raca,
925 4817 983 4863 et
1019 4823 1207 4864 rursus
1256 4807 1431 4863 levius
1471 4823 1596 4864 esse
1650 4808 1832 4862 dicere
1881 4806 2047 4871 Raca,

458 4916 622 4972 quam
652 4901 859 4967 dicere,
896 4900 1085 4955 Fatue.
1112 4899 1227 4955 Non
1262 4900 1407 4953 enim
1452 4907 1637 4954 reatus
1662 4899 1777 4969 ipse
1822 4899 2054 4954 haberet

459 4992 680 5063 gradus,
708 4991 815 5045 nisi
854 4988 1123 5060 gradatim
1148 4988 1312 5043 etiam
1355 4996 1578 5059 peccata
1620 5003 2053 5045 commemoren-

462 5091 569 5139 tur.
601 5083 745 5137 Baea
792 5080 939 5135 enim
981 5079 1272 5135 obscurum
1319 5088 1427 5145 est,
1477 5079 1603 5149 quia
1653 5094 1755 5134 nec
1799 5078 2049 5134 Graecum

462 5185 545 5231 est
568 5190 669 5229 nec
718 5174 966 5241 latinum,
1021 5171 1261 5227 nonnulli
1290 5180 1468 5226 autem
1501 5172 1567 5226 de
1612 5171 1801 5228 (ἔκ-προ
1829 5171 2050 5225 trahere

462 5262 754 5317 voluerunt
778 5262 895 5330 ejus
932 5261 1428 5334 interpretationem
1460 5269 1714 5331 putantes
1746 5275 2049 5331 pannosum

464 5355 568 5411 dici
598 5373 610 5408 :
635 5352 823 5410 Graece
845 5355 991 5410 enim
1013 5370 1226 5425 pannus
1246 5356 1445 5410 rachus
1466 5354 1681 5410 dicitur.
1709 5350 2049 5408 Probabilius

462 5453 646 5500 autem
674 5445 872 5501 dicitur
897 5460 1086 5502 vocem
1114 5461 1235 5503 esse
1274 5444 1670 5516 signiﬁcantem
1704 5460 1810 5500 non
1837 5444 1904 5498 ad
1952 5442 2050 5497 ali-

463 5537 590 5611 quid
625 5537 768 5592 aliud
816 5538 915 5593 nisi
957 5539 1264 5611 indignanis
1290 5541 1456 5596 animi
1500 5547 1707 5595 motum
1743 5540 2051 5611 exprimen-

464 5629 615 5696 dum,
645 5638 707 5684 ut
736 5639 861 5685 sunt
893 5631 1033 5703 apud
1060 5635 1442 5703 grammaticos
1479 5633 1905 5703 interjectiones,
1925 5650 2047 5689 cum

466 5720 662 5777 dicitur
684 5739 714 5777 a
740 5723 976 5791 dolente,
1026 5725 1158 5780 heu!
1212 5727 1298 5783 vel
1341 5728 1409 5785 ab
1438 5728 1709 5785 irascente
1737 5729 1890 5784 hem!
1930 5744 2051 5800 quae

463 5816 624 5872 Voces
667 5830 1004 5890 quarumque
1050 5816 1353 5890 linguarum
1410 5827 1533 5875 sunt
1568 5819 1801 5891 propria:
1847 5836 1951 5879 nec
1993 5822 2051 5880 in

2150 1947 2201 2002 id
2232 1955 2337 2013 est,
2362 1947 2445 2001 ira
2468 1955 2524 2003 et
2544 1963 2648 2002 vox
2678 1965 2798 2018 qua:
2828 1950 2965 2003 iram
2996 1948 3286 2021 signiﬁcet,
3314 1956 3370 2004 et
3391 1949 3446 2003 in
3470 1964 3620 2004 voce
3642 1949 3758 2019 ipsa

2149 2049 2312 2096 certae
2339 2042 2752 2111 vituperationis
2781 2042 3081 2112 expressio.
3110 2042 3243 2097 Vide
3266 2058 3409 2097 nunc
3432 2043 3616 2097 etiam
3653 2051 3763 2096 tres

2148 2144 2351 2201 reatus,
2377 2133 2591 2204 iudicii,
2636 2134 2871 2202 consilii,
2898 2144 2954 2189 et
2996 2135 3257 2205 gehennae
3303 2133 3465 2205 ignis.
3520 2132 3678 2188 Nam
3709 2134 3759 2186 in

2141 2226 2346 2297 judicio
2376 2229 2549 2283 adhuc
2580 2227 2878 2284 defensioni
2923 2228 3085 2282 datur
3113 2225 3284 2293 locus,
3312 2226 3368 2282 in
3396 2226 3649 2281 consilio
3672 2242 3764 2280 au-

2149 2327 2256 2374 tem
2291 2334 2601 2389 quanquam
2631 2329 2686 2375 et
2708 2318 2974 2388 judicium
3003 2334 3126 2374 esse
3167 2318 3361 2383 soleat,
3407 2330 3604 2373 tamen
3637 2318 3764 2387 quia

2149 2411 2409 2465 interesse
2431 2411 2634 2480 aliquid
2659 2413 2761 2466 hoc
2790 2412 2909 2467 loco
2938 2411 3097 2467 fateri
3126 2412 3273 2483 cogit
3293 2412 3409 2481 ipsa
3441 2412 3762 2475 distinctio,

2149 2504 2363 2559 videtur
2386 2506 2453 2561 ad
2497 2506 2781 2561 consilium
2830 2507 3101 2575 pertinere
3153 2508 3439 2562 sententia:
3490 2508 3764 2578 probatio

2148 2600 2363 2669 quando
2388 2615 2496 2655 non
2542 2597 2656 2667 jam
2707 2615 2830 2654 cum
2860 2599 2977 2670 ipso
3012 2614 3107 2655 reo
3133 2600 3332 2670 agitur,
3381 2609 3573 2654 utrum
3610 2601 3769 2656 dam-

2148 2690 2358 2744 nandus
2384 2690 2474 2756 sit,
2509 2690 2603 2745 sed
2634 2691 2778 2745 inter
2802 2705 2859 2744 se
2886 2690 2977 2760 qui
3016 2688 3259 2757 iudicant
3294 2690 3617 2755 conferunt,
3654 2708 3765 2761 quo

2149 2783 2410 2854 supplicio
2433 2784 2679 2838 damnari
2710 2791 2959 2854 oporteat
2988 2798 3149 2853 quem
3196 2792 3410 2839 constat
3439 2799 3571 2840 esse
3604 2787 3767 2841 dam-

2148 2877 2425 2932 nandum:
2456 2877 2699 2948 gehenna
2740 2893 2872 2934 vero
2910 2877 3051 2948 ignis
3081 2892 3181 2934 nec
3221 2878 3641 2934 damnationem
3677 2881 3767 2934 ha-

2147 2973 2240 3027 bet
2259 2971 2481 3026 dubiam
2507 2972 2651 3027 sicut
2667 2970 2955 3041 judicium,
2983 2987 3085 3027 nec
3105 2972 3345 3027 damnati
3367 2987 3589 3043 poenam
3619 2973 3766 3027 sicut

2151 3062 2457 3118 consilium.
2483 3063 2543 3118 ln
2576 3064 2822 3133 gehenna
2853 3067 3051 3135 quippe
3078 3074 3232 3119 certa
3274 3074 3357 3120 est
3387 3073 3439 3119 et
3469 3065 3767 3120 damnatio

2151 3164 2205 3210 ct
2233 3170 2390 3225 paena
2434 3155 2697 3221 damnati,
2740 3157 2985 3226 gehenna
3026 3171 3222 3211 nomen
3260 3156 3637 3227 compositum
3682 3164 3765 3211 est

2151 3265 2215 3304 ex
2246 3266 2312 3321 ge
2340 3259 2396 3305 et
2416 3250 2630 3317 henna;
2659 3264 2725 3319 ge
2750 3250 2894 3305 enim
2919 3248 3073 3304 vallis
3118 3250 3527 3320 interpretatur,
3554 3250 3767 3320 gehen-

2152 3358 2219 3395 na
2249 3351 2428 3396 autem
2459 3340 2617 3395 vallis
2669 3328 2890 3411 gravida
2923 3358 2937 3406 ;
2972 3340 3071 3394 fuit
3105 3342 3251 3395 enim
3309 3340 3463 3395 vallis
3515 3341 3765 3396 ﬁliorum

2152 3438 2342 3494 Ennon
2376 3436 2531 3507 juxta
2566 3434 2890 3500 Jerusalem,
2939 3437 2992 3489 in
3022 3450 3127 3505 qua
3183 3436 3351 3490 multa
3402 3434 3641 3504 jacuere
3671 3452 3767 3492 ca-

2152 3530 2348 3584 davera
2404 3537 2779 3585 mortuorum:
2831 3528 2973 3583 unde
3006 3534 3061 3581 et
3105 3526 3303 3582 inferni
3352 3528 3603 3599 gehenna
3632 3542 3765 3583 oon-

2153 3621 2297 3691 gruit
2330 3621 2556 3675 nomini:

2229 3712 2292 3769 Si
2329 3730 2451 3785 ergo
2490 3715 2677 3784 offeres
2705 3731 2894 3768 munus
2918 3726 3065 3769 tuum
3089 3715 3158 3769 ad
3181 3713 3371 3781 altare,
3403 3724 3451 3770 et
3476 3715 3555 3769 ibi
3578 3732 3767 3771 recor-

2152 3806 2308 3861 datus
2340 3806 2503 3876 fueris
2527 3806 2667 3876 quod
2702 3804 2868 3875 frater
2893 3816 3015 3859 tuus
3060 3806 3210 3859 habet
3237 3804 3437 3876 aliquid
3470 3807 3762 3860 adversum

2153 3910 2221 3963 te,
2252 3898 2488 3969 relinque
2509 3898 2582 3952 ibi
2618 3915 2813 3952 munus
2836 3909 2985 3952 tuum
3024 3908 3144 3953 ante
3185 3900 3353 3953 altare
3378 3909 3426 3953 et
3448 3899 3581 3954 vade
3603 3902 3763 3971 prius

2154 3988 2481 4049 reconciliari
2511 3988 2667 4058 fratri
2698 3999 2808 4054 tuo,
2849 4000 2897 4042 et
2926 4000 3049 4043 tunc
3095 3991 3298 4044 veniens
3329 3991 3516 4060 offeres
3559 4008 3761 4046 manus

2154 4089 2321 4133 tuum.
2340 4079 2456 4134 Non
2478 4079 2635 4145 dixit,
2660 4078 2719 4134 Si
2741 4087 2798 4134 tu
2823 4080 2988 4135 habes
3012 4081 3271 4137 adversus
3302 4081 3525 4137 fratrem
3560 4093 3723 4139 tuum
3747 4104 3759 4137 :

2154 4171 2271 4236 sed,
2305 4169 2362 4225 Si
2388 4170 2554 4239 frater
2581 4181 2702 4225 tuus
2730 4172 2883 4226 habet
2926 4172 3127 4243 aliquid
3158 4172 3433 4227 adversum
3464 4185 3535 4241 te,
3565 4186 3627 4230 ut
3659 4178 3754 4230 du-

2152 4264 2266 4318 rior
2285 4263 2743 4318 reconciliationis
2758 4263 3192 4334 tibiJmponatur
3212 4266 3536 4321 necessitas.
3576 4267 3761 4333 Quan-

2154 4351 2243 4405 diu
2273 4367 2405 4422 ergo
2432 4351 2583 4406 illum
2606 4352 2825 4422 placare
2850 4369 2955 4408 non
2978 4369 3286 4423 possumus,
3312 4355 3498 4410 nescio
3525 4372 3596 4409 an
3620 4374 3759 4411 con-

2153 4451 2444 4513 scquenter
2500 4459 2725 4499 munera
2776 4453 2961 4499 nostra
3015 4443 3307 4499 offeramus
3383 4446 3514 4501 Deo.
3587 4447 3761 4503 Docet

2154 4535 2338 4602 utique
2368 4549 2492 4589 eum
2530 4535 2623 4605 qui
2653 4535 2708 4588 in
2733 4533 2959 4588 fratrem
3008 4534 3340 4604 impaciﬁcus
3365 4543 3449 4590 est
3476 4538 3629 4606 pacis
3661 4538 3759 4591 ho-

2155 4623 2311 4678 stiam
2328 4622 2474 4692 juste
2497 4621 2727 4679 Domino
2748 4622 2943 4678 oﬁ‘erre
2968 4639 3074 4677 non
3104 4639 3283 4694 posse.
3337 4625 3393 4679 Si
3424 4626 3479 4680 in
3505 4638 3755 4681 mentem

2151 4715 2362 4770 venerit
2413 4715 2556 4784 quod
2601 4714 2803 4785 aliquid
2834 4715 3034 4773 habeat
3077 4718 3365 4773 adversum
3397 4733 3497 4773 nos
3553 4718 3751 4785 frater,

2154 4806 2208 4860 id
2235 4815 2337 4869 est,
2368 4806 2412 4861 si
2441 4821 2541 4861 nos
2572 4821 2696 4861 eum
2726 4806 2781 4860 in
2804 4807 2985 4877 aliquo
3012 4809 3275 4875 laesimus,
3302 4817 3436 4865 tunc
3457 4811 3605 4866 enim
3635 4814 3753 4883 ipse

2154 4898 2315 4953 habet
2343 4899 2628 4953 adversum
2673 4915 2772 4953 nos
2800 4899 2990 4954 frater.
3024 4900 3161 4955 Nam
3205 4918 3305 4957 nos
3346 4902 3613 4959 habemus
3648 4908 3749 4959 ad-

2153 5006 2343 5046 versus
2369 4990 2520 5045 illum
2552 4991 2596 5045 si
2629 4991 2718 5046 ille
2747 5007 2869 5058 nos,
2900 4992 2987 5047 ubi
3018 5007 3121 5047 non
3151 5009 3287 5064 opus
3317 5003 3401 5048 est
3425 5010 3654 5067 pergere
3678 4998 3747 5050 ad

2153 5084 2669 5140 reconciliationem.
2699 5083 2817 5139 Non
2849 5085 2995 5139 enim
3028 5085 3237 5139 veniam
3262 5086 3566 5156 postulabis
3588 5088 3655 5141 ab
3681 5103 3747 5141 eo

2152 5179 2245 5248 qui
2273 5176 2404 5232 fecit
2435 5176 2531 5231 tibi
2564 5176 2835 5246 iniuriam,
2866 5179 2960 5233 sed
2988 5184 3198 5233 tantum
3226 5178 3455 5233 dimittis
3483 5181 3627 5234 sicut
3649 5182 3743 5234 tiii

2150 5269 2349 5324 dimitti
2375 5285 2405 5323 a
2432 5268 2661 5324 Domino
2687 5268 2840 5340 cupis
2867 5269 3011 5338 quod
3054 5270 3169 5340 ipse
3205 5269 3561 5325 commiseris.
3611 5270 3739 5324 Pcr-

2152 5358 2382 5431 gendum
2405 5366 2491 5413 est
2520 5374 2650 5429 ergo
2677 5358 2745 5413 ad
2780 5359 3299 5423 reconciliationem,
3335 5375 3459 5414 cum
3505 5360 3557 5413 in
3589 5342 3767 5413 men:

2152 5456 2261 5503 tem
2281 5448 2491 5502 venerit
2514 5448 2656 5517 quod
2677 5463 2775 5503 nos
2800 5447 2942 5505 forte
2965 5448 3257 5503 fratremin
3278 5448 3458 5518 aliquo
3473 5449 3734 5515 ltesimus;

2150 5539 2480 5610 pergendum
2505 5547 2686 5594 autem
2710 5555 2815 5594 non
2840 5540 3069 5610 pedibus
3090 5540 3355 5610 corporis.
3385 5540 3482 5595 sed
3508 5542 3738 5595 motibus

2132 5680 2133 5683 η
2154 5630 2341 5696 animi,
2365 5638 2427 5684 ut
2447 5638 2500 5684 te
2522 5630 2708 5684 humili
2729 5628 2923 5684 affectu
2947 5637 3260 5699 prosternas
3284 5628 3464 5695 fratri,
3491 5631 3557 5685 ad
3577 5644 3736 5699 quem

2153 5727 2317 5781 chara
2344 5724 2670 5795 cogitatione
2710 5724 3018 5777 cucurreris
3070 5723 3125 5775 in
3155 5730 3447 5792 conspectu
3501 5720 3620 5791 ejus
3651 5719 3733 5775 cui

2153 5835 2351 5877 munus
2378 5817 2659 5875 oblaturus
2712 5830 2789 5872 es.
2831 5814 3157 5887 Spiritaliter
3182 5815 3441 5886 templum
3490 5822 3734 5870 nostrum
