3960 6360
133 291 233 352 561

1199 285 1506 346 HOMILUE
1540 285 1610 340 lN
1650 284 1903 342 EVANG.
1944 283 2035 340 ET
2073 279 2288 341 EPIST.

3293 287 3402 348 562

130 404 364 465 interior
388 404 550 460 homo
570 411 674 470 est,
701 403 868 460 altare
898 403 1052 470 ﬁdes,
1077 417 1273 458 munus
1299 399 1600 472 prophetia,
1624 399 1719 453 do-
1743 401 1795 460 Λ
1821 396 1968 452 litico
1995 405 2254 467 peccante
2275 407 2437 450 orans
2460 394 2732 452 Abraham
2760 403 2814 464 et
2836 395 2985 453 lsaac
3007 403 3062 453 et
3097 395 3262 458 Jacob
3283 403 3404 473 qui-

128 496 330 561 ctrina,
355 494 556 560 oratio,
580 493 836 565 hymnus,
865 493 1123 565 psalmus,
1157 500 1212 547 et
1247 491 1291 547 si
1316 490 1442 562 quid
1476 491 1580 545 tale
1601 489 1716 560 spi-

129 585 373 643 ritalium
415 584 680 640 donorum
727 584 929 653 aliquid
984 582 1298 638 occurrerit.
1338 581 1415 636 Ita
1463 581 1629 634 etiam
1672 579 1718 636 si

126 685 375 750 presseris
403 675 493 740 sit,
521 675 729 746 poteris
753 689 877 731 eum
903 690 1012 730 non
1035 673 1289 730 simulato
1317 673 1497 728 animo
1527 673 1715 738 lenire,

128 766 372 836 atquein
400 764 629 837 gratiam
655 779 916 822 revocare
940 765 1154 820 veniam
1179 762 1522 835 postulando,
1549 763 1594 817 si
1615 763 1720 818 hoc

128 858 287 928 prius
314 870 496 911 coram
529 855 761 914 Domino
806 854 1020 921 feceris,
1075 869 1306 926 pergens
1334 853 1403 908 ad
1451 867 1575 909 eum
1609 868 1718 909 non

127 948 290 1018 pigro
318 954 464 1002 motu
493 946 756 1018 corporis,
781 946 875 1002 sed
909 955 965 1002 et
989 944 1276 1001 celerrimo
1300 943 1604 1000 dilectionis
1633 941 1717 997 af—

127 1037 299 1093 fectu.
329 1036 506 1108 Atque
555 1037 680 1093 inde
727 1037 967 1102 veniens,
999 1036 1053 1092 id
1095 1044 1201 1103 est,
1255 1035 1604 1090 intentionem
1631 1048 1718 1090 re-

127 1142 337 1184 vocans
386 1128 456 1182 ad
506 1127 561 1183 id
607 1128 752 1199 quod
807 1142 965 1200 agere
1014 1142 1259 1198 coeperas
1281 1125 1477 1182 oﬁ‘eres
1523 1140 1720 1182 munus

131 1227 288 1274 tuum
313 1234 328 1284 ;
356 1233 518 1275 omne
539 1219 684 1274 enim
712 1233 908 1274 munus
930 1220 1074 1290 quod
1105 1226 1251 1273 recta
1279 1217 1383 1274 ﬁde
1406 1225 1463 1272 et
1480 1215 1720 1289 perfecta

127 1312 423 1369 dilectione
448 1329 482 1368 a
527 1328 798 1385 quoquam
824 1314 1043 1369 homine
1084 1313 1194 1369 Deo
1231 1311 1457 1368 offertur
1487 1312 1556 1366 ab
1603 1312 1722 1381 ipso

128 1412 414 1476 gratanter
441 1405 726 1476 accipitur,
757 1413 814 1460 et
851 1406 901 1460 ei
947 1404 1255 1461 mercedem
1299 1403 1622 1474 condignam
1665 1401 1722 1458 in

126 1497 338 1553 caelesti
367 1511 533 1570 regno
558 1499 674 1570 ipse
697 1498 898 1554 tribuet
922 1516 934 1552 :
961 1499 1053 1569 qui
1084 1498 1220 1554 vivit
1239 1505 1295 1553 et
1314 1505 1504 1569 regnat
1528 1498 1582 1551 in
1604 1495 1725 1551 uni-

128 1601 244 1649 tate
269 1602 327 1649 et
354 1595 601 1651 trinitate
619 1594 862 1666 perfecta
891 1595 1054 1663 Deus,
1081 1611 1179 1668 per
1199 1596 1381 1652 omnia
1409 1596 1603 1652 saecula
1629 1609 1724 1651 ste-

127 1683 398 1742 culorum.
429 1685 622 1742 Amen.

709 1775 989 1832 HOMILIA
1023 1777 1186 1834 CXV.

565 1883 620 1924 IN
649 1881 858 1924 OCTAVA
885 1885 1290 1928 ΑΡοετοιοῐωιι.

557 1957 742 2016 Lectio
765 1960 889 2016 libri
917 1960 1306 2018 Ecclesiastici.

201 2047 280 2102 Hi
311 2056 432 2104 sunt
457 2049 556 2104 viri
577 2051 971 2119 misericordia},
1011 2067 1235 2124 quorum
1255 2053 1487 2124 justitiw
1511 2055 1726 2111 oblivio-

130 2158 246 2196 nem
280 2158 384 2196 non
423 2153 728 2213 acceperunt
752 2160 772 2198 :
812 2160 932 2200 cum
974 2146 1169 2201 semine
1204 2163 1385 2201 eorum
1425 2157 1732 2219 permanent

131 2231 292 2298 bona,
317 2232 598 2288 hwreditas
618 2243 802 2289 sancta
825 2243 1030 2301 nepotes
1047 2251 1248 2304 eorum,
1263 2246 1314 2294 et
1333 2238 1389 2293 in
1408 2241 1729 2295 testamentis

128 2324 271 2378 stetit
296 2339 474 2379 semen
497 2340 679 2379 eorum
699 2341 718 2380 :
768 2337 816 2381 et
843 2325 944 2396 ﬁlii
981 2344 1162 2383 eorum
1203 2339 1415 2400 propter
1452 2347 1541 2386 eos
1567 2348 1731 2403 usque

130 2415 184 2469 in
216 2423 474 2469 aeternum
507 2424 760 2484 manent;
787 2419 1055 2487 generatio
1080 2435 1261 2475 eorum
1283 2430 1331 2476 et
1357 2420 1529 2493 gloria
1550 2439 1731 2478 eorum

131 2525 236 2562 non
290 2507 700 2580 derclinquetur,
751 2526 971 2581 corpora
1014 2527 1195 2567 eorum
1244 2515 1300 2568 in
1351 2531 1478 2585 pace
1528 2515 1732 2586 sepulta

129 2608 280 2665 sunt,
306 2610 355 2653 et
387 2601 604 2655 nomina
632 2616 813 2656 eorum
839 2603 1004 2657 vivent
1049 2603 1104 2657 in
1147 2603 1362 2659 saecula.
1407 2603 1732 2677 Sapientiam

129 2705 320 2744 eorum
347 2689 634 2745 narrabant
662 2706 839 2747 omnes
857 2692 1057 2764 populi,
1093 2702 1141 2749 et
1166 2694 1378 2750 laudem
1409 2712 1592 2752 eorum
1608 2712 1734 2767 pro-

129 2781 348 2835 nuntiat
372 2781 538 2835 omnis
563 2779 805 2838 Ecclesia
835 2792 1157 2839 sanctorum.

207 2871 345 2928 Haec
367 2872 533 2928 verba
556 2873 660 2928 viri
708 2873 971 2946 sapientis
1010 2891 1119 2932 non
1145 2876 1317 2933 solum
1361 2877 1565 2936 sanctis
1602 2894 1732 2950 apo-

127 2959 293 3018 stolis
321 2969 485 3032 atque
527 2963 810 3034 prophetis
843 2966 1198 3035 conveniunt,
1229 2967 1327 3023 sed
1365 2968 1532 3024 etiam
1561 2969 1738 3025 omni-

123 3053 236 3109 bus
264 3054 473 3110 sanctis
501 3062 664 3125 atque
685 3055 950 3122 ﬁdelibus,
992 3059 1086 3128 qui
1115 3057 1278 3114 ﬁdem
1300 3060 1624 3116 catholicam
1657 3071 1735 3116 te-

1819 489 1920 544 bus
1946 488 2332 560 promissiones
2358 489 2498 544 datae
2535 497 2660 544 sunt
2691 490 2836 546 ducit
2875 489 2930 547 in
2977 495 3317 563 memoriam,
3343 507 3405 552 ut

1817 595 2008 636 eorum
2055 580 2264 636 meritis
2314 579 2576 636 Dominus
2609 581 2855 652 placatus
2903 585 3252 654 peccantibus
3279 589 3404 645 ﬁliis

1816 672 2043 727 donaret
2085 671 2489 742 indulgentiam.
2539 672 2632 729 Sic
2675 682 2730 729 et
2774 675 2943 730 David
2971 678 3226 734 meritum
3264 680 3405 738 ﬁlios

1817 763 1933 833 ejus
1968 765 2019 820 in
2048 765 2232 820 multis
2281 765 2523 836 adjuvat,
2565 767 2634 822 ob
2681 766 2836 837 cujus
2883 770 3201 826 memoriam
3240 772 3405 828 etiam

1819 855 2078 911 Dominus
2105 855 2228 911 ﬁliis
2253 856 2370 927 ejus
2397 856 2567 912 multo
2598 865 2836 927 tempore
2881 874 3106 931 regnum
3146 864 3406 928 servavit,

1818 947 1913 1002 sed
1941 947 2234 1002 sacratiore
2262 961 2423 1002 sensu
2448 947 2552 1002 viri
2593 948 2981 1005 misericordiae
3008 959 3136 1006 sunt
3163 951 3408 1022 Apostoli

1819 1037 2034 1094 Domini
2062 1039 2233 1094 nostri
2261 1037 2389 1095 Jesu
2416 1039 2638 1105 Christi,
2669 1048 2725 1095 et
2742 1042 3128 1112 praedicatores
3146 1040 3280 1100 Novi
3304 1045 3410 1102 Te-

1819 1130 2112 1185 stamenti:
2165 1129 2258 1200 qui
2288 1130 2453 1186 verbo
2478 1130 2751 1202 Evangelii
2795 1140 2849 1187 et
2877 1147 3033 1188 sacro
3084 1135 3412 1205 baptismate

1822 1222 1962 1279 ﬁlios
1999 1223 2111 1279 Deo
2156 1223 2348 1295 dignos
2393 1225 2634 1296 quotidie
2680 1226 2918 1296 pariunt,
2969 1227 3062 1296 qui
3108 1227 3413 1284 imitatores

1821 1325 2106 1387 parentum
2134 1330 2354 1371 suorum
2387 1316 2514 1371 facti
2545 1316 2600 1371 in
2642 1315 2746 1372 ﬁde
2789 1326 2845 1373 et
2884 1319 3296 1375 conversatione
3321 1334 3414 1376 eo-

1825 1421 1945 1461 rum
1965 1406 2208 1476 exempla
2237 1415 2553 1478 sequuntur.
2589 1407 2794 1464 Horum
2815 1409 3022 1465 scilicet
3041 1425 3270 1482 corpora
3290 1421 3418 1482 post

1824 1495 1988 1553 ﬁnem
2007 1497 2132 1553 vitae
2159 1499 2441 1569 praesentis
2471 1500 2744 1556 dormiunt
2771 1503 2826 1557 in
2853 1519 2951 1575 spe
2974 1505 3412 1570 resurrectionis,

1826 1595 2201 1658 exspectantes
2230 1587 2467 1644 futuram
2499 1589 2746 1660 gloriam,
2779 1593 2997 1662 quando
3029 1608 3216 1650 semen
3246 1594 3416 1651 bono-

1825 1694 1948 1733 rum
1969 1693 2196 1748 operum
2234 1679 2448 1736 illorum
2472 1682 2676 1738 caelesti
2726 1685 2978 1740 mercede
3006 1700 3039 1739 a
3078 1700 3314 1757 superno
3328 1685 3418 1754 ju-

1749 1771 1800 1831 B
1828 1773 1948 1830 dice
1995 1781 2395 1840 removeretur,
2441 1784 2733 1845 praestante
2777 1775 3006 1833 Domino
3059 1787 3247 1834 nostro
3288 1776 3417 1833 Iesu

1827 1867 2070 1936 Christo,
2106 1869 2199 1939 qui
2242 1885 2366 1926 cum
2399 1869 2562 1926 Patre
2592 1879 2647 1925 et
2693 1869 2899 1942 Spiritu
2949 1882 3162 1940 sancto,
3203 1874 3336 1930 vivit
3364 1883 3421 1931 et

1830 1967 2021 2031 regnat
2045 1959 2189 2016 Deus
2209 1961 2263 2016 in
2293 1961 2489 2018 saecula
2513 1963 2854 2020 saeculorum.
2879 1964 3074 2021 Amen.

2329 2072 2923 2133 HOMILIACXVI.

2404 2161 2458 2199 IN
2485 2161 2662 2201 EODEK
2700 2163 2884 2203 πετο.

1899 2231 2089 2288 Lectio
2129 2235 2303 2289 sancti
2340 2233 2618 2306 Evangelii
2665 2238 2964 2294 secundum
3011 2237 3344 2295 Matthaaum.

1902 2322 1970 2378 In
1993 2321 2085 2378 illo
2121 2332 2371 2396 tempore,
2404 2325 2558 2392 iussit
2580 2325 2738 2383 Iesus
2763 2328 3045 2400 discipulos
3069 2332 3346 2387 ascendere
3369 2333 3424 2387 in

1831 2413 2151 2482 naviculam,
2189 2425 2237 2470 et
2285 2417 2576 2487 prwcedere
2627 2435 2747 2474 cum
2798 2430 2945 2476 trans
2997 2423 3214 2492 fretum,
3259 2425 3424 2480 donec

1831 2507 2111 2564 dimitteret
2144 2509 2343 2575 turbas,
2367 2518 2473 2566 etc.

1902 2601 2196 2673 Discipulis
2251 2604 2500 2674 praecipit
2545 2605 2906 2664 transfretare
2951 2617 3009 2665 et
3053 2610 3330 2682 compellit
3369 2620 3429 2667 ut

1834 2694 2136 2749 ascendant
2181 2695 2239 2750 in
2288 2695 2613 2753 naviculam.
2665 2697 2784 2767 Quo
2825 2715 3078 2758 sermone
3123 2703 3428 2760 ostenditur

1835 2781 2036 2839 invitos
2057 2797 2152 2840 eos
2178 2800 2208 2838 a
2237 2783 2470 2844 Domino
2500 2790 2791 2846 recessisse
2839 2791 2965 2846 dum
3010 2807 3197 2848 amore
3228 2809 3432 2864 praece—

1837 2873 2012 2941 ptoris
2044 2872 2114 2928 ab
2157 2889 2224 2929 eo
2248 2875 2439 2931 nolunt
2477 2880 2736 2948 separari.
2782 2880 2963 2948 Quare
3001 2883 3242 2954 coegerit
3270 2884 3433 2940 disci-

1837 2963 1998 3032 pulos
2035 2966 2329 3021 ascendere
2357 2981 2573 3036 navem,
2603 2977 2659 3025 et
2683 2971 2800 3041 ipse
2838 2987 2965 3028 mox
2985 2973 3211 3032 dimisso
3234 2977 3432 3047 popqu

1841 3056 1896 3110 in
1926 3067 2171 3113 montem
2199 3067 2452 3116 oraturus
2500 3062 2695 3119 abierit
2741 3062 2976 3122 Joannes
3015 3068 3301 3125 manifeste
3335 3068 3434 3126 de-

130 3155 339 3201 neutes
361 3161 469 3202 non
496 3156 713 3204 cessant
751 3149 993 3219 quotidie
1026 3150 1117 3220 pio
1160 3148 1348 3206 labore
1393 3152 1534 3206 bona
1562 3165 1730 3222 opera
1762 3132 1808 3196 (ἶ
1838 3147 2029 3215 clarat,
2060 3150 2150 3219 qui
2186 3151 2450 3222 completa
2479 3152 2771 3210 refectione
2804 3155 2895 3210 illa
2926 3157 3134 3214 ccelesti
3176 3159 3434 3215 continuo

130 3251 419 3294 exercere.
447 3237 515 3292 Et
540 3253 647 3294 non
672 3245 785 3294 tam
815 3239 1167 3311 sibimetipsis
1195 3242 1336 3297 bene
1363 3243 1735 3298 conversando

129 3329 450 3395 consulunt,
483 3330 551 3385 ad
577 3332 992 3409 promerendam
1035 3341 1297 3388 zeternam
1326 3334 1610 3404 requiem;
1642 3349 1737 3390 ve-

129 3441 258 3480 rum
286 3425 455 3480 etiam
477 3423 732 3481 omnibus
757 3426 1090 3482 auditoribus
1128 3426 1241 3483 suis
1281 3427 1505 3482 student
1543 3426 1735 3484 volun-

127 3526 307 3572 tatem
346 3516 447 3572 Dei
477 3516 754 3583 intimare,
786 3525 1054 3586 quatenus
1085 3531 1184 3588 per
1222 3525 1429 3575 rectam
1471 3518 1633 3573 ﬁdem
1681 3528 1738 3575 et

127 3608 344 3664 bonam
366 3607 737 3677 operationem
781 3607 1036 3662 studeant
1066 3609 1134 3663 ad
1167 3608 1393 3664 salutem
1421 3618 1736 3679 perpetuam

129 3700 454 3773 pervenire.
506 3698 606 3767 Illi,
655 3699 850 3768 inquit,
902 3700 1001 3754 viri
1052 3709 1173 3755 sunt
1217 3700 1616 3766 misericordiae,
1644 3701 1738 3770 qui

130 3803 295 3851 recta
341 3792 447 3848 ﬁde
471 3801 530 3848 et
573 3792 734 3849 bonis
763 3791 1016 3864 operibus
1063 3791 1492 3848 misericordiam
1527 3790 1742 3846 Domini

127 3893 583 3959 promeruerunt.
621 3883 759 3939 Nam
800 3883 1162 3938 misericordia
1189 3884 1304 3952 ejus
1332 3901 1365 3938 a
1398 3884 1644 3954 progenie
1684 3884 1743 3938 in

127 3979 419 4052 progenies
441 3988 515 4034 est
545 3977 839 4033 timentibus
874 3993 1014 4032 eum.
1061 3975 1269 4033 Horum
1307 3977 1549 4032 actiones
1587 3977 1743 4032 bona

125 4077 246 4127 non
273 4068 503 4126 defuere
531 4069 586 4123 in
609 4067 989 4134 retributione,
1020 4067 1114 4123 sed
1136 4081 1261 4122 cum
1296 4067 1503 4122 semine
1528 4080 1742 4133 eorum,

126 4164 242 4219 hoc
273 4169 390 4225 est,
418 4159 580 4214 unius
606 4158 704 4213 Dei
725 4158 1023 4214 cultoribus
1047 4157 1139 4228 qui
1165 4166 1388 4228 nepotes
1419 4167 1474 4213 et
1498 4158 1745 4214 hazredes

125 4253 359 4310 ﬁebant
379 4249 502 4305 ﬁdei
532 4257 586 4304 et
626 4249 886 4322 religiosae
933 4251 1364 4306 conversationis
1409 4265 1620 4318 eorum,
1661 4258 1744 4306 te-

130 4347 484 4400 stamentum
514 4339 646 4411 legis
681 4339 778 4396 Dei
807 4340 1026 4395 ﬁrmum
1072 4340 1246 4407 stetit,
1293 4349 1348 4395 et
1387 4355 1628 4412 propago
1658 4355 1748 4396 so-

1834 3239 2102 3311 subjecit:
2135 3241 2289 3296 Jesus
2319 3258 2438 3314 ergo
2467 3260 2586 3298 cum
2611 3246 2931 3316 cognovisset
2962 3249 3086 3320 quia
3111 3251 3315 3305 venturi
3349 3267 3432 3305 es-

1835 3341 1952 3388 sent
1993 3341 2051 3387 ut
2078 3344 2316 3404 raperent
2362 3352 2480 3390 eum
2525 3345 2573 3390 et
2623 3336 2851 3406 facerent
2888 3356 3006 3394 eum
3060 3357 3250 3412 regem,
3299 3343 3434 3414 fugit

1835 3421 2026 3475 iterum
2057 3424 2113 3477 in
2154 3434 2381 3479 montem
2406 3428 2514 3496 ipse
2543 3428 2708 3497 solus,
2737 3429 2827 3483 ubi
2882 3432 3248 3488 necessarium
3279 3435 3437 3489 nobis

1837 3513 2058 3568 vivendi
2087 3526 2357 3571 monstrat
2380 3517 2711 3588 exemplum,
2739 3529 2802 3575 ut
2822 3520 2876 3574 in
2905 3522 3202 3592 bonisque:
3225 3523 3438 3594 agimus

1841 3605 2065 3660 humani
2116 3606 2322 3663 favoris
2363 3609 2776 3666 retributionem
2819 3611 3070 3678 vitemus,
3118 3628 3296 3684 neque
3338 3630 3440 3670 nos

1839 3695 2084 3763 operatio
2133 3698 2394 3752 virtutum
2444 3699 2790 3768 spiritalium,
2840 3702 2908 3757 ad
2944 3703 3434 3774 concupiscentiam

1842 3785 2086 3842 reflectat
2109 3789 2484 3858 temporalium
2513 3791 2871 3862 voluptatum.
2913 3792 3198 3850 Nonnullis
3232 3782 3435 3851 etenim

1840 3875 2086 3948 contigit,
2114 3885 2172 3932 ut
2196 3878 2322 3934 dum
2366 3892 2466 3950 per
2509 3881 2766 3936 meritum
2805 3883 2928 3936 vitae
2975 3883 3308 3940 sublitnioris
3337 3886 3438 3940 mi-

1843 3967 1997 4022 randi
2030 3967 2332 4024 minoribus
2353 3983 2418 4024 ac
2446 3969 2743 4028 laudabiles
2782 3973 3080 4030 existerent
3103 3983 3160 4031 et
3189 3976 3312 4047 jure
3341 3979 3439 4034 ho-

1843 4057 2072 4112 norandi
2114 4067 2454 4128 putarentur,
2497 4062 2735 4130 acceptis
2766 4065 3015 4131 pecuniis
3061 4065 3177 4121 sive
3222 4068 3438 4137 praediis

1845 4148 2102 4205 inchoata
2121 4149 2347 4219 justitite
2375 4151 2679 4208 rudimenta
2710 4156 3019 4224 perderent.
3068 4157 3135 4211 Et
3160 4173 3282 4212 cum
3314 4174 3438 4214 car-

1847 4239 2062 4295 nalibus
2105 4253 2226 4297 sese
2275 4242 2545 4299 illecebris
2596 4253 2760 4314 atque
2785 4247 3013 4302 avaritia
3060 4248 3264 4304 incauti
3319 4265 3440 4306 cor-

1849 4340 2182 4402 rumperent,
2219 4333 2351 4404 ipsis
2390 4335 2554 4389 etiam
2582 4350 2615 4389 a
2662 4338 2858 4408 quibus
2903 4339 3314 4396 honorabantur
3343 4357 3441 4412 pro

129 4435 288 4491 bolis
329 4446 520 4488 eorum
557 4439 778 4502 propter
819 4431 1032 4486 illorum
1069 4431 1264 4487 merita
1298 4430 1460 4503 longo
1504 4440 1748 4502 tempore
1773 4500 1810 4503 _
1848 4422 2028 4490 bonis,
2056 4423 2232 4479 denuo
2253 4439 2352 4494 pro
2379 4425 2537 4482 malis
2569 4428 2806 4494 actibus,
2835 4444 2943 4484 non
2988 4430 3160 4486 solum
3201 4431 3257 4487 in
3295 4431 3445 4492 fasti-

128 4526 398 4583 mansit:
429 4539 530 4580 nec
558 4500 726 4596 gloria
760 4532 1070 4579 sanctorum
1107 4531 1322 4593 patrum
1343 4500 1452 4578 ulla
1473 4500 1745 4578 oblivione
1772 4500 1826 4562 Ῑ)
1852 4513 1998 4570 dium
2018 4554 2036 4581 ν
2065 4530 2253 4572 venim
2293 4518 2460 4574 etiam
2488 4520 2807 4578 devenirent
2835 4523 2890 4577 in
2924 4523 3127 4578 odium.
3162 4524 3444 4596 Minusque

129 4620 448 4688 delebitur,
477 4619 572 4676 sed
595 4633 825 4689 corpora
872 4618 1112 4689 ipsorum
1141 4618 1196 4672 in
1237 4631 1372 4687 pace
1414 4615 1747 4686 quiescentia

129 4716 477 4781 exspectant
505 4707 920 4765 resurrectionis
949 4707 1116 4774 diem,
1147 4713 1208 4760 ut
1233 4705 1502 4776 accipiant
1522 4704 1748 4775 gloriam

135 4791 604 4864 incorruptionis.
650 4791 860 4847 Nomen
901 4798 1082 4846 autem
1127 4804 1317 4846 eorum
1361 4787 1574 4845 celebre
1608 4787 1751 4858 apud

131 4893 412 4955 posteros
453 4895 583 4938 suos
629 4887 970 4952 perseverat,
1024 4879 1118 4950 qui
1148 4878 1468 4949 sapientiam
1507 4878 1750 4947 ipsorum

137 4976 366 5046 ubique
387 4972 708 5043 praedicant,
743 4979 801 5027 et
843 4969 1168 5026 laudabilem
1199 4969 1366 5024 vitam
1391 4983 1579 5024 eorum
1613 4982 1750 5038 quo-

135 5068 285 5123 tidie
314 5066 377 5120 in
418 5063 663 5120 Ecclesia
714 5070 1028 5119 sanctorum
1074 5060 1284 5133 magnis
1335 5059 1584 5115 laudibus
1613 5058 1757 5114 exal-

133 5166 294 5213 tant.
327 5152 461 5210 ﬂaec
487 5153 707 5225 quidem
742 5152 900 5223 juxta
928 5153 1212 5208 historiam
1233 5150 1301 5207 ad
1336 5151 1678 5222 patriarchas
1700 5158 1758 5205 et

135 5249 462 5321 prophetas
490 5247 768 5319 pertinere
787 5245 1042 5303 videntur
1067 5260 1298 5317 quorum
1318 5257 1527 5322 semen,
1551 5245 1654 5300 hoc
1675 5252 1760 5300 est

138 5341 426 5398 Israelita:
477 5348 700 5411 propter
760 5353 953 5395 eorum
1007 5338 1202 5394 merita
1253 5346 1310 5393 et
1356 5336 1760 5408 promissiones,

138 5448 277 5508 quae
308 5431 386 5486 ad
428 5430 575 5501 ipsos
601 5429 757 5485 facta:
784 5437 930 5494 sunt,
985 5443 1126 5500 saepe
1154 5429 1222 5484 de
1260 5429 1523 5499 angustiis
1569 5428 1765 5483 libera-

139 5537 276 5582 tum
317 5529 431 5588 est,
447 5531 500 5576 et
523 5522 739 5576 veniam
767 5527 1115 5592 peccatorum
1151 5533 1258 5574 non
1286 5533 1384 5573 sua
1403 5519 1634 5589 justitia,
1666 5518 1761 5573 sed

141 5623 463 5690 paternum
493 5627 714 5668 suorum
749 5612 856 5666 ﬁde
902 5620 957 5666 et
1001 5611 1214 5667 actione
1257 5612 1398 5665 bona
1439 5611 1760 5680 promeruit.

147 5707 328 5767 Unde
357 5714 444 5761 est
467 5704 616 5770 illud,
639 5705 780 5773 quod
808 5701 1018 5773 Moyses
1040 5717 1139 5774 pro
1165 5701 1357 5758 eodem
1377 5702 1574 5772 populo
1593 5702 1765 5759 Israe-

499 5797 778 5868 PATBOL.
818 5795 952 5855 CX.

1852 4606 2023 4662 multo
2046 4608 2406 4677 periculosum
2447 4619 2532 4665 est
2577 4611 2630 4665 in
2675 4612 2760 4668 his
2788 4627 2909 4682 quae
2935 4622 3081 4669 recte
3113 4615 3324 4686 agimus
3351 4616 3441 4671 ad-

1854 4697 2189 4753 versantium
2218 4699 2566 4769 improbitate
2595 4699 2829 4772 fatigari,
2869 4715 3032 4770 quam
3059 4703 3444 4758 honorantium

1857 4787 2043 4844 favore
2067 4789 2385 4845 demulceri.
2419 4791 2519 4846 Hic
2546 4791 2746 4846 etenim
2783 4792 3116 4848 securiorem
3139 4806 3282 4864 saepe
3319 4808 3446 4849 cor-

1853 4879 2056 4951 rumpit
2080 4880 2358 4935 animum:
2400 4879 2493 4935 illa
2531 4882 2987 4953 circumspectum
3028 4899 3245 4954 semper
3267 4883 3446 4939 reddit

1855 4979 1911 5027 et
1947 4979 2186 5026 cautum.
2227 4970 2380 5028 Unde
2425 4973 2687 5030 Dominus
2730 4975 2875 5030 viam
2917 4975 3075 5031 nobis
3116 4974 3242 5030 vitae
3284 4991 3446 5046 quam

1855 5076 2149 5132 sequamur
2177 5063 2450 5128 nuntians,
2493 5078 2618 5119 cum
2667 5065 2725 5120 hi
2777 5065 2872 5136 qui
2917 5066 3147 5122 virtutes
3193 5066 3312 5138 ejus
3348 5068 3448 5123 ad-

1860 5153 2200 5209 mirabantur
2225 5168 2409 5224 regem
2437 5168 2562 5208 eum
2585 5153 2768 5210 facere
2795 5155 3014 5223 vellent,
3048 5157 3182 5227 fugit
3218 5158 3276 5211 in
3294 5173 3446 5212 mon-

1862 5237 1963 5298 tem
1993 5259 2164 5298 orare.
2192 5242 2328 5299 Cum
2373 5258 2506 5299 vero
2535 5244 2612 5299 illi
2640 5245 2733 5315 qui
2773 5245 3068 5301 virtutibus
3094 5247 3212 5317 ejus
3238 5246 3448 5302 invide-

1863 5335 1995 5390 bant
2021 5349 2143 5390 eum
2171 5335 2333 5390 morti
2355 5337 2571 5391 tradere
2594 5337 2962 5406 disponerent,
2992 5338 3230 5392 occurrit
3270 5353 3453 5408 prom-

1864 5435 2008 5496 ptus,
2035 5435 2090 5482 et
2110 5425 2455 5481 vinciendum
2494 5440 2552 5481 se
2583 5424 3116 5496 cruciﬁgendumque
3149 5427 3454 5482 furentibus

1864 5518 2080 5574 obtulit.
2108 5517 2358 5574 Evidenti
2385 5531 2484 5572 nos
2533 5515 2832 5571 informans
2887 5516 3132 5588 exemplo
3168 5525 3229 5570 ut
3279 5517 3452 5587 parati

1865 5611 2034 5666 simus
2063 5611 2132 5666 ad
2163 5611 2392 5666 adversa
2418 5608 2598 5664 saeculi
2628 5607 2923 5676 toleranda,
2949 5609 3094 5664 cauti
3137 5609 3206 5664 ad
3242 5608 3455 5664 blandi-

1867 5711 2068 5769 menta,
2098 5719 2221 5759 cum
2264 5701 2404 5759 forte
2441 5702 2728 5757 arriserint
2775 5700 3116 5767 declinanda,
3161 5708 3216 5756 et
3259 5715 3327 5755 ne
3357 5715 3457 5755 nos

2984 5791 3058 5850 12
