3960 6360
557 375 660 434 565

1222 375 1284 430 Β.
1326 373 1579 430 RABANI
1617 371 1835 430 MAURI
1873 370 2186 445 ARCHIEP.
2229 373 2535 432 MOGUNT.
2575 375 2859 434 OPERUM
2897 376 3076 433 PARS
3105 376 3173 433 II.

3739 376 3832 434 ,Ἦ

557 505 812 564 prospera
857 489 1066 557 mundi,
1095 491 1143 548 si
1193 487 1433 556 afﬂuant,
1471 487 1793 544 emolliendo
1837 487 2134 559 decipiant,
2165 493 2215 552 Α
2241 490 2369 546 velit
2396 491 2585 561 possit,
2615 501 2672 547 et
2695 493 2988 549 advocatus
3014 501 3070 548 et
3101 493 3266 564 judex
3291 503 3399 552 est.
3441 492 3502 549 In
3528 493 3832 566 attempte-

556 580 762 636 crebris
787 597 816 636 a
849 579 1078 636 Domino
1101 581 1354 652 precibus
1383 579 1752 650 imploremus.
1795 578 1911 646 Quo
1956 587 2158 634 autem-

557 671 806 742 discipuli
833 670 1118 728 Dominum
1140 671 1508 743 prmeederent
1527 670 1739 726 Marcus
1759 670 2014 736 ostendit,
2043 669 2138 740 qui

521 759 743 817 narrat
788 761 932 834 quod
963 763 1220 818 Dominus
1270 763 1508 833 coegerit
1559 761 1849 832 discipulos
1895 776 2021 817 suos
2051 776 2140 817 as-

556 854 786 912 cendere
836 855 1038 922 navim,
1088 864 1142 911 et
1190 855 1496 926 praecedere
1544 869 1603 910 se
1652 864 1800 910 trans
1845 853 2040 909 fretum
2069 854 2140 910 ad

556 944 897 1002 Bethsaidam
925 945 1048 1002 dum
1071 947 1184 1017 ipse
1211 947 1509 1002 dimitteret
1536 945 1813 1016 populum.
1845 945 2140 1000 Betbsaida

555 1048 639 1094 est
668 1053 797 1110 ergo
840 1035 894 1092 in
923 1035 1141 1094 Galilzna
1175 1037 1366 1094 civitas
1393 1037 1622 1093 Andreae
1665 1047 1721 1092 et
1743 1037 1890 1093 Petri
1915 1046 1971 1092 et
2012 1036 2140 1092 Phi-

556 1125 683 1200 lippi
706 1127 1083 1199 Apostolorum
1113 1141 1280 1200 prope
1319 1137 1567 1200 stagnum
1612 1126 1950 1186 Genezareth
1995 1136 2056 1182 ut
2085 1127 2141 1182 in

557 1218 825 1276 Locorum
862 1219 1014 1275 libris
1048 1220 1388 1276 invenimus:
1429 1220 1521 1274 ubi
1565 1220 1757 1276 merito
1796 1228 1981 1275 monet
2005 1234 2141 1290 quo-

560 1309 720 1365 modo
759 1308 902 1365 dicat
944 1305 1156 1364 Marcus
1181 1317 1404 1381 peracto
1428 1307 1718 1380 discipulos
1747 1309 2013 1365 miraculo
2047 1323 2142 1380 pa—

563 1419 689 1459 num
718 1403 928 1460 venisse
965 1409 1114 1458 trans
1143 1403 1337 1458 fretum
1368 1405 1435 1458 ad
1485 1403 1828 1458 Bethsaidam
1856 1418 1869 1456 :
1917 1419 2041 1458 cum
2065 1400 2142 1456 vi-

562 1493 754 1549 deatur
780 1495 958 1549 dicere
995 1491 1166 1550 Lucas
1197 1492 1341 1564 quod
1370 1495 1423 1548 in
1449 1493 1582 1549 locis
1610 1492 1911 1549 Bcthsaida:
1939 1493 2143 1548 factum

562 1585 725 1642 fuerit
770 1585 1088 1641 miraculum
1131 1583 1260 1641 illud
1295 1587 1645 1642 memorabile
1682 1595 1737 1642 et
1774 1585 1994 1642 refectio
2033 1602 2144 1642 ete-

531 1665 534 1678 ²
561 1677 732 1733 lestis.
757 1676 848 1732 Ait
872 1676 1014 1732 enim
1035 1695 1046 1730 :
1068 1675 1358 1748 Assumptis
1381 1675 1484 1730 illis
1511 1677 1715 1731 secessit
1740 1693 1974 1731 seorsum
1998 1675 2052 1730 in
2072 1676 2144 1732 lo-

545 1787 677 1854 cum
707 1772 988 1838 detertum,
1021 1769 1111 1843 qui
1138 1783 1211 1826 est
1261 1761 1583 1835 Bethsaida;
1613 1771 1750 1841 quod
1797 1787 1914 1825 cum
1961 1788 2146 1843 cogno-

2241 584 2368 638 tatis
2391 583 2646 649 cilicium,
2673 585 2728 640 in
2759 585 2931 641 altero
2969 586 3177 656 insigne
3198 595 3284 642 est
3306 587 3624 658 potestatis.

2321 673 2540 744 Vespere
2566 684 2740 730 autem
2767 675 2911 745 facta
2936 713 2958 743 ν
3007 677 3152 732 salua
3173 688 3284 732 erat
3313 679 3407 733 ibi.
3451 676 3736 733 Nam
3753 691 3833 733 Ia-

2240 774 2344 820 tem
2381 767 2437 820 in
2489 765 2661 822 medio
2691 769 2830 822 mari
2861 768 3172 837 iactabatur
3213 769 3484 839 ρυαϋυ.
3525 770 3672 825 Em
3711 773 3830 826 euit-

2240 866 2418 916 tmttua
2447 860 2768 914 contrarius.
2799 860 2968 917 Recte
2986 861 3142 931 quasi
3187 862 3348 918 inviti
3371 873 3429 918 et
3474 871 3834 922 lenaeum

2239 947 2482 1018 Apostoli
2511 963 2545 1002 a
2564 947 2794 1004 Domino
2819 959 3182 1018 recesserant,
3208 965 3282 1007 ne
3313 952 3408 1009 illo
3445 953 3682 1009 absente
3709 966 3832 1009 IIII-

2238 1041 2471 1111 fragium
2496 1041 2845 1097 sustinerent.
2877 1041 3122 1113 Denique
3148 1043 3380 1100 Domino
3431 1045 3492 1099 to
3525 1046 3742 1100 montis
3761 1061 3832 1101 ea-

2241 1135 2460 1190 cumine
2484 1143 2854 1191 eommorante
2875 1172 2892 1200 ,
2945 1135 3126 1190 statim
3175 1144 3369 1191 vastus
3394 1138 3725 1191 contrarius
3749 1139 3836 1191 ori-

2242 1235 2355 1292 tur,
2379 1233 2437 1281 et
2460 1227 2708 1282 turbatur
2732 1241 2918 1292 mare,
2961 1236 3015 1282 et
3058 1227 3432 1297 periclitantur
3457 1228 3718 1300 Apostoli
3743 1269 3757 1292 ,
3794 1242 3836 1284 et

2241 1315 2429 1372 tandiu
2480 1316 2768 1372 imminens
2820 1315 3159 1390 naufragim
3203 1329 3548 1388 pet-neverat,
3613 1320 3833 1390 quando

2241 1405 2402 1462 Jesns
2428 1421 2534 1463 non
2569 1407 2736 1463 venit.
2763 1407 2945 1464 Labor
2969 1409 3189 1478 quidem
3238 1409 3648 1480 discipulorum
3689 1411 3742 1462 is
3769 1425 3835 1464 re

2217 1498 2496 1568 .migando
2524 1505 2580 1554 et
2617 1499 2926 1556 contrarius
2968 1500 3048 1555 eis
3097 1508 3290 1556 ventus
3324 1500 3549 1556 labores
3599 1500 3836 1556 Ecclesia:

2245 1596 2448 1644 sancta:
2475 1588 2651 1645 varios
2677 1589 2948 1660 designat,
2973 1604 3093 1659 quae
3130 1590 3276 1646 inter
3305 1591 3488 1647 undas
3511 1591 3714 1646 seculi
3754 1592 3833 1645 ad.

2247 1687 2526 1734 versantes
2553 1687 2608 1734 et
2635 1679 3039 1734 immundorum
3067 1679 3224 1735 ﬂatus
3269 1681 3569 1751 spirituum
3601 1682 3680 1736 ad
3701 1683 3835 1752 quie-

2250 1779 2359 1824 tem
2389 1769 2578 1841 patria:
2609 1768 2870 1836 coelestia,
2897 1771 3054 1840 quasi
3104 1771 3174 1826 ad
3217 1770 3379 1826 ﬁdam
3410 1771 3629 1827 littoris
3664 1773 3834 1826 statio-

561 1863 748 1917 vissent
781 1863 966 1928 turbw,
1009 1872 1197 1917 secuta:
1233 1873 1354 1917 sunt
1397 1862 1565 1929 illum,
1598 1873 1644 1918 et
1689 1865 1885 1933 excepit
1910 1862 2048 1928 illos,
2087 1871 2144 1918 et
2171 1861 2222 1923 B
2249 1878 2393 1928 nem,
2411 1861 2697 1932 pervenire
2727 1869 2977 1917 conatur.
3004 1860 3107 1918 Ubi
3127 1861 3268 1917 bene
3291 1862 3494 1919 dicitur
3524 1864 3669 1933 quia
3708 1864 3836 1917 nav's

561 1967 754 2011 emtera
806 1974 925 2028 qua:
975 1965 1273 2028 sequuntur
1320 1973 1488 2030 usque
1529 1959 1596 2014 ad
1649 1957 1971 2029 completam
1999 1959 2143 2014 illam

564 2046 871 2103 refectionis
916 2063 1082 2103 sacrm
1113 2045 1428 2103 historiam:
1461 2048 1564 2103 nisi
1612 2047 1753 2104 forte
1785 2049 2144 2120 intelligamus

563 2139 615 2192 in
651 2154 716 2193 eo
770 2140 912 2210 quod
961 2139 1135 2194 Lucas
1177 2139 1270 2204 ait,
1315 2135 1368 2192 in
1413 2138 1583 2194 locum
1631 2139 1893 2194 desertum
1936 2141 2027 2210 qui
2069 2149 2145 2195 est

559 2227 864 2296 Bellisaida,
893 2246 998 2286 non
1041 2227 1208 2300 ipsius
1254 2228 1449 2284 vicinia
1482 2229 1738 2296 civitatis,
1771 2231 1865 2285 sed
1903 2231 2027 2286 loca
2055 2231 2148 2288 (le-

560 2319 689 2375 serti
712 2319 779 2375 ad
806 2336 924 2376 eam
943 2317 1264 2392 pertinentis
1286 2335 1406 2376 esse
1431 2320 1740 2392 designata;
1767 2321 1979 2377 Marcus
2001 2323 2146 2378 enim

561 2411 691 2465 dicit
718 2413 923 2482 aperte,
952 2409 1092 2481 quod
1117 2408 1482 2483 praecederent
1527 2426 1652 2466 eum
1681 2411 1749 2466 ad
1781 2412 2142 2481 Betbsaidam,

560 2502 651 2555 ubi
679 2501 845 2572 ipsius
865 2502 1101 2559 civitatis
1135 2499 1270 2558 ﬁnes
1291 2513 1504 2558 constat
1535 2519 1654 2559 esse
1693 2513 1930 2561 notatos.
1967 2505 2145 2563 Lucas

559 2610 711 2659 vero,
741 2597 830 2664 qui
857 2596 1023 2650 dicit:
1049 2597 1100 2650 in
1125 2596 1298 2650 locum
1318 2596 1579 2651 desertum
1605 2599 1693 2668 qui
1724 2608 1798 2652 est
1838 2598 2142 2654 Bethsaida.

563 2683 766 2751 Potest,
789 2683 894 2740 nisi
916 2683 1092 2753 fallor,
1117 2689 1262 2741 recte
1288 2685 1511 2759 intelligi
1540 2704 1646 2744 non
1669 2685 2033 2757 Bethsaidam,
2049 2692 2147 2748 sed

560 2778 738 2835 locum
767 2779 1040 2836 desertum
1072 2781 1240 2853 ipsius
1264 2797 1278 2836 :
1327 2779 1381 2837 id
1403 2791 1505 2849 est,
1532 2783 1600 2838 ad
1626 2784 1742 2854 ejus
1773 2784 2002 2840 conﬁnia
2023 2800 2147 2855 per-

563 2870 847 2926 tinentem.
895 2869 1092 2927 Narrat
1137 2882 1316 2928 autem
1342 2871 1687 2944 Evangelista
1717 2873 1952 2931 Joannes
1994 2892 2147 2932 man-

562 2962 787 3018 ducasse
833 2977 1028 3034 panem
1078 2961 1266 3020 turbas
1309 2963 1464 3034 juxta
1496 2965 1851 3037 Tyberiadem
1877 2975 1932 3022 et
1959 2983 2146 3023 ascen-

561 3055 746 3111 dentes
779 3055 958 3110 navim
993 3055 1284 3127 discipulos
1317 3057 1527 3113 venisse
1558 3068 1708 3114 trans
1753 3073 1903 3114 mare
1945 3061 1999 3113 in
2043 3058 2146 3114 Ca-

558 3147 880 3216 pharnaum,
907 3165 1026 3219 quae
1056 3149 1226 3204 ambae
1256 3158 1379 3205 sunt
1402 3149 1652 3204 civitates
1671 3150 1724 3204 in
1751 3149 1969 3205 Galilaea
1984 3147 2144 3219 juxta

559 3215 804 3309 stagnum
825 3215 1161 3295 Genezareth
1193 3235 1334 3309 quod
1359 3240 1523 3295 etiam
1540 3237 1858 3310 Tyberiadis
1876 3254 1908 3294 a
1923 3215 2144 3295 civitate
2171 3215 2217 3280 Ο

559 3327 860 3399 Tyberiade
888 3340 1130 3386 vocatur.

633 3417 700 3472 Et
740 3419 956 3474 dimissa
997 3421 1166 3486 turba,
1194 3419 1424 3475 ascendit
1453 3423 1507 3476 in
1546 3431 1773 3478 montem
1801 3438 1954 3476 orare
1978 3423 2143 3479 solut.

561 3508 618 3564 Si
652 3509 878 3565 fuissent
923 3527 1046 3567 cum
1093 3527 1158 3567 eo
1195 3509 1443 3583 discipuli
1491 3513 1684 3570 Petrus
1727 3523 1783 3570 et
1828 3513 2062 3571 Jacobus
2090 3525 2148 3572 et

561 3597 798 3655 Joannes
835 3599 925 3670 qui
956 3602 1206 3655 viderant
1235 3598 1458 3673 gloriam
1491 3600 1885 3670 transformati,
1918 3603 2147 3660 forsitan

562 3691 935 3746 ascendissent
965 3692 1018 3746 in
1062 3701 1299 3748 montem
1327 3708 1451 3748 cum
1481 3707 1565 3748 eo.
1600 3693 1706 3748 Sed
1742 3694 1900 3749 turba
1925 3695 1993 3750 ad
2015 3694 2148 3750 sub—

557 3781 706 3834 limia
754 3782 907 3851 sequi
938 3797 1044 3836 non
1096 3791 1328 3852 poterat,
1360 3782 1465 3837 nisi
1506 3783 1780 3839 docuisset
1829 3797 1952 3839 eam
1988 3783 2147 3853 juxta

558 3885 711 3929 mare
734 3875 788 3930 in
811 3873 993 3930 littore
1015 3884 1069 3930 et
1091 3871 1259 3931 aleret
1284 3875 1338 3931 in
1370 3877 1605 3932 deserto.
1654 3875 1809 3944 Quod
1848 3884 2028 3934 autem
2053 3893 2145 3934 as-

553 3966 736 4024 cendit
762 3965 908 4025 solus
931 3982 1112 4033 orare,
1143 3983 1251 4023 non
1279 3968 1349 4023 ad
1383 3982 1507 4024 eum
1535 3966 1740 4024 referas
1781 3968 1874 4040 qui
1899 3968 1966 4024 de
1992 3968 2148 4040 quin-

553 4069 658 4127 que
676 4055 907 4127 panihus
928 4057 1164 4128 quinque
1186 4055 1353 4113 millia
1375 4059 1655 4115 hominum
1670 4057 1886 4114 satiavit
1906 4059 2149 4136 exceptis

552 4149 875 4206 mulieribus
892 4159 948 4206 et
967 4149 1209 4220 parvulis
1233 4168 1247 4205 :
1281 4147 1374 4208 sed
1405 4149 1475 4205 ad
1497 4165 1622 4206 eum
1643 4150 1737 4220 qui
1763 4149 1948 4208 audita
1971 4159 2149 4209 morte

555 4240 782 4298 Joannis
802 4239 1029 4298 recessit
1054 4243 1110 4298 in
1137 4240 1501 4298 solitudinem.
1534 4240 1655 4297 Non
1685 4242 1830 4311 quod
1853 4258 2148 4314 personam

552 4333 769 4388 Domini
807 4347 1140 4402 separemus,
1186 4328 1280 4388 sed
1320 4332 1463 4402 quod
1484 4346 1649 4402 opera
1672 4329 1790 4401 ejus
1813 4332 1956 4387 inter
1973 4331 2148 4388 Deum

554 4425 938 4493 hominemque
967 4422 1139 4479 divisa
1159 4422 1288 4478 sint.
1314 4421 1415 4479 Ubi
1442 4431 1525 4478 est
1551 4423 1847 4479 notandum
1869 4419 2014 4495 quod
2031 4438 2149 4482 non

552 4517 731 4572 omnis
753 4513 845 4587 qui
877 4523 997 4571 orat
1026 4515 1268 4572 ascendit
1296 4516 1348 4570 in
1385 4525 1657 4572 montem:
1691 4526 1776 4574 est
1794 4519 1938 4574 enim
1969 4519 2147 4576 oratio

554 4617 676 4679 quae
701 4615 985 4677 peceatum
1011 4604 1172 4673 facit;
1200 4603 1296 4662 sed
1318 4605 1456 4662 bene
1479 4615 1602 4662 orat
1624 4607 1716 4678 qui
1746 4609 1918 4665 Deum
1943 4611 2146 4666 orando

554 4700 767 4772 quaerit.
793 4699 895 4755 Hie
914 4716 946 4754 a
969 4700 1200 4756 terrenis
1226 4699 1294 4754 ad
1323 4699 1606 4770 superiora
1625 4701 1997 4772 progrediens,
2027 4718 2149 4758 ver-

553 4792 717 4852 ticem
767 4811 912 4853 curae
940 4795 1273 4851 sublimioris
1301 4793 1563 4850 ascendit.
1611 4793 1713 4861 Qui
1760 4809 1891 4850 vero
1918 4795 1986 4850 de
2012 4793 2147 4849 divi-

554 4887 644 4946 tiis
669 4897 763 4944 aut
790 4883 855 4944 de
889 4887 1096 4942 honore
1121 4886 1322 4953 saeculi,
1347 4894 1442 4942 aut
1468 4894 1623 4942 certe
1645 4886 1712 4942 de
1735 4885 1948 4942 inimici
1963 4894 2147 4941 morte

553 4975 814 5034 sollicitus
839 4977 1119 5041 obsecrat,
1152 4975 1266 5046 ipse
1309 4975 1366 5031 in
1409 4974 1640 5032 inﬁrmis
1661 4973 1870 5044 iacens,
1911 4973 2047 5030 viles
2076 4974 2146 5030 ad

553 5067 725 5122 Deum
763 5081 956 5138 preces
998 5059 1180 5122 mittit.
1219 5063 1353 5122 Orat
1399 5073 1582 5126 autem
1633 5065 1920 5133 Dominus,
1945 5079 2054 5121 non
2091 5073 2150 5121 ut

555 5173 654 5233 pro
687 5176 746 5215 se
768 5159 1038 5224 obsecret,
1069 5160 1164 5215 sed
1205 5168 1264 5215 ut
1293 5175 1400 5232 pro
1427 5176 1518 5220 me
1553 5160 1830 5231 impetret.
1880 5159 2020 5216 Nam
2037 5161 2149 5216 etsi

478 5278 489 5288 -
554 5247 739 5310 omnia
768 5252 1010 5320 posuerit
1041 5251 1201 5308 Pater
1219 5252 1277 5307 in
1302 5258 1628 5324 potestatem
1653 5247 1773 5317 ﬁlii,
1795 5250 2146 5310 ﬁlius-tamen

553 5349 617 5398 ut
640 5339 874 5398 formam
919 5341 1154 5400 hominis
1201 5339 1470 5414 impleret,
1514 5342 1909 5402 obsecrantium
1928 5350 2144 5413 patrem

549 5440 712 5507 putat
729 5447 854 5490 esse
879 5449 979 5506 pro
1003 5434 1183 5502 nobis,
1226 5429 1353 5506 quia
1397 5435 1696 5491 advocatus
1729 5442 1942 5492 noster.
1975 5434 2147 5500 Aduo-

553 5534 733 5582 eatum
776 5525 944 5591 enim,
979 5525 1153 5596 inquit
1178 5519 1437 5594 Joannes,
1460 5525 1712 5593 habemus
1735 5526 1878 5596 apud
1905 5523 2141 5593 Patrem,

555 5607 742 5672 Iesum
776 5611 1062 5672 Christum.
1108 5614 1168 5672 Si
1213 5617 1506 5674 advocatus
1545 5624 1632 5672 est
1676 5616 1838 5673 debet
1875 5632 1979 5688 pro
2008 5619 2145 5674 meis

559 5707 887 5764 intervenire
929 5707 1193 5780 peccatis,
1223 5722 1328 5762 non
1375 5723 1506 5778 ergo
1540 5708 1697 5778 quasi
1749 5707 2015 5776 inﬁrmus,
2047 5708 2143 5765 sed

561 5801 710 5876 quasi
753 5801 872 5872 pius
914 5803 1183 5858 obsecrat.
1215 5798 1308 5854 Vis
1353 5801 1491 5855 scire
1520 5800 1776 5870 quoniam
1805 5803 1982 5857 omnia
2023 5818 2140 5872 quae

2247 1953 2431 2008 eratin
2445 1951 2623 2008 medio
2645 1952 2805 2018 mari,
2820 1961 2875 2008 et
2896 1952 3168 2024 ipsesolus
3187 1953 3241 2008 in
3258 1960 3424 2016 terra,
3442 1955 3581 2023 quia
3604 1970 3837 2009 nonnun-

2247 2059 2409 2116 quam
2431 2043 2676 2100 Ecclesia
2701 2043 2864 2099 tantis
2883 2043 3166 2114 gentilium
3204 2045 3496 2115 pransuris,
3536 2060 3663 2100 non
3685 2045 3836 2100 solum

2247 2134 2466 2201 afﬂicta,
2496 2135 2592 2190 sed
2618 2143 2672 2189 et
2701 2133 2908 2190 foedata
2931 2143 3043 2201 est,
3075 2144 3136 2190 ut
3164 2136 3208 2192 si
3237 2135 3356 2192 ﬁeri
3397 2144 3618 2206 posset,
3639 2137 3838 2192 aede-

2246 2238 2369 2300 ptor
2394 2227 2562 2299 ipsius
2587 2241 2708 2282 eam
2751 2241 2976 2298 prorsus
3017 2227 3328 2283 deseruisse
3352 2227 3420 2283 ad
3445 2235 3681 2298 tempus
3706 2228 3836 2284 vide-

2249 2329 2416 2376 retur.
2450 2319 2602 2375 Unde
2632 2326 2717 2374 est
2760 2317 2849 2373 illa
2881 2333 2985 2373 vox
3018 2317 3136 2387 ejus
3161 2319 3304 2376 inter
3326 2319 3503 2375 undas
3552 2319 3840 2392 moechas

2249 2427 2352 2483 que
2376 2411 2731 2468 tentationum
2761 2409 3117 2477 verrentium,
3139 2411 3479 2481 ἀερώδει
3504 2448 3524 2477 ,
3547 2419 3730 2482 atque
3756 2427 3840 2468 au-

2248 2504 2437 2559 xilium
2461 2501 2811 2574 protectionis
2851 2500 3004 2557 illius
3042 2502 3380 2572 gemebunda
3397 2501 3664 2559 clamore
3707 2519 3840 2574 qn-

2251 2597 2442 2661 rentis,
2474 2593 2541 2649 Ut
2565 2593 2714 2664 quid,
2746 2592 2994 2659 Domine,
3021 2581 3274 2648 recessisti
3297 2593 3455 2664 longe
3478 2594 3505 2646 2
3525 2594 3772 2664 despicis
3797 2595 3842 2647 ἃ

2248 2685 2743 2759 opportunitatibus,
2772 2687 2829 2739 in
2854 2685 3232 2752 tribulatione;
3261 2700 3386 2755 qua:
3410 2687 3632 2756 pariter
3669 2701 3840 2743 vom

2248 2780 2452 2835 inimici
2494 2779 2869 2851 persequentis
2907 2779 3128 2848 exponit
3181 2780 3241 2834 in
3278 2779 3646 2848 semis-tatibus
3688 2779 3841 2849 ipsius

2245 2870 2462 2942 psalmi,
2482 2869 2808 2941 subiiciens:
2827 2869 2975 2923 Dixit
2992 2870 3203 2924 animi»
3224 2868 3379 2924 corde
3398 2884 3522 2935 suo,
3537 2867 3763 2924 Oblitus
3780 2883 3841 2923 est

2249 2963 2408 3028 Deus,
2442 2964 2626 3018 avertit
2668 2961 2858 3032 [aciem
2887 2978 3062 3027 suam,
3091 2978 3155 3016 ne
3183 2962 3353 3016 uideat
3383 2978 3552 3032 usque
3575 2965 3642 3016 in
3673 2963 3838 3032 ﬂuam.

2250 3053 2450 3108 Verum
2498 3053 2589 3110 ille
2628 3067 2736 3108 non
2771 3052 3114 3108 obliviscitur
3151 3053 3453 3108 orationem
3505 3069 3838 3124 pauperum,

2245 3159 2423 3216 neque
2463 3145 2660 3200 avertit
2680 3144 2879 3201 faciem
2907 3159 3062 3200 suam
3087 3159 3119 3198 a
3147 3144 3496 3215 sperantibus
3521 3148 3582 3199 in
3605 3161 3698 3212 se,
3727 3149 3840 3216 quia

2247 3233 2429 3308 potius
2460 3243 2517 3290 et
2538 3242 2812 3290 certantes
2835 3250 2962 3290 cum
2993 3235 3239 3290 hostibus
3263 3245 3325 3289 ut
3350 3234 3579 3290 vineam
3603 3235 3838 3308 adjuvat,

2248 3337 2305 3386 et
2321 3329 2553 3386 victores
2576 3329 2632 3383 in
2657 3334 2918 3384 mternum
2940 3336 3184 3384 coronat.
3205 3327 3360 3384 Unde
3373 3328 3478 3384 hoc
3510 3331 3568 3384 in
3587 3329 3840 3401 locoapte

2248 3435 2484 3492 quoque,
2511 3434 2608 3491 per
2633 3419 2872 3475 Marcum
2901 3418 3120 3485 dicitur,
3146 3420 3236 3490 qui
3266 3420 3395 3475 vidit
3421 3438 3514 3475 eos
3541 3420 3839 3478 laborata

2249 3513 2303 3568 in
2331 3511 2654 3585 remigando.
2689 3511 2847 3568 Videt
2874 3510 3072 3582 quippe
3100 3510 3362 3567 Dominus
3379 3511 3711 3569 laborantes
3731 3527 3840 3569 ams

2250 3606 2305 3661 in
2331 3605 2491 3670 mari,
2515 3602 2764 3674 quamvis
2787 3603 2903 3674 ipse
2937 3603 3144 3674 positus
3191 3602 3248 3657 in
3277 3611 3446 3667 terra,
3475 3604 3615 3672 quia
3643 3606 3754 3659 etsi
3784 3604 3841 3658 ad

2248 3697 2439 3752 horam
2461 3693 2725 3762 diﬂ‘erret,
2745 3694 3022 3750 videretur
3039 3691 3296 3748 auxilium
3329 3693 3612 3750 tribulatis
3641 3697 3838 3766 impra-

2249 3789 2397 3854 dere,
2433 3786 2782 3843 nihilominus
2811 3793 2995 3840 tamen
3021 3799 3091 3840 ne
3116 3785 3173 3839 in
3215 3784 3667 3842 tribulntioniMs
3714 3787 3837 3841 dei-

2249 3878 2395 3933 ciant
2416 3891 2528 3932 suae
2547 3882 2797 3944 respectu
2837 3873 3057 3944 pietatis
3091 3874 3435 3940 corroborat,
3459 3882 3522 3929 et
3549 3874 3838 3945 aliqua-da

2248 3967 2413 4023 etiam
2444 3965 2730 4021 manifesto
2749 3964 3018 4034 adjiuorio
3041 3963 3199 4020 victis
3219 3965 3676 4032 adversitatibus,
3691 3968 3837 4037 quasi

2251 4057 2470 4114 calcatis
2490 4056 3066 4129 sedatisquetluctuum
3083 4055 3446 4112 voluminibus
3457 4056 3690 4124 liberat,
3711 4060 3837 4114 sicut

2247 4152 2338 4208 hic
2361 4164 2574 4220 quoque
2595 4149 2989 4220 subseun
3015 4147 3326 4203 insinuatur
3353 4163 3479 4204 cu
3501 4143 3727 4205 'dicitur
3758 4165 3774 4201 :

2323 4243 2528 4310 Quarta
2556 4252 2731 4297 autem
2760 4241 2937 4313 uigilia
2961 4242 3127 4296 noctis
3153 4243 3289 4296 omit
3329 4243 3400 4297 ad
3425 4259 3517 4299 eoa
3563 4245 3838 4299 mbulatis

2249 4351 2410 4406 supra
2437 4349 2602 4388 mare.
2628 4331 2903 4390 Stationes
2924 4341 2978 4388 et
3003 4332 3198 4405 vigilite
3218 4333 3487 4390 militares
3509 4335 3663 4392 inter
3689 4339 3838 4393 δαι-
3901 4330 3908 4336 ⁷

2239 4443 2369 4482 ,rnm
2387 4427 2564 4497 spatia
2591 4425 2923 4481 dividuntur.
2949 4424 3176 4492 Quando
3199 4439 3330 4496 ergo
3357 4426 3513 4492 dicit,
3537 4438 3740 4497 quam
3765 4431 3835 4482 ei-

2171 4567 2225 4634 Β
2243 4517 2376 4589 quia
2406 4517 2573 4571 noctis
2603 4517 2816 4571 venisse
2863 4515 2933 4571 ad
2964 4530 3058 4572 eos
3091 4516 3376 4572 Dominum
3399 4551 3417 4583 ,
3467 4520 3722 4576 ostendit
3755 4534 3838 4576 eas

2251 4615 2361 4634 una-
2402 4617 2558 4634 ..υ-.-ιη
2587 4607 2914 4634 ηη-Ξηιειιιιιν-
3000 4615 3050 4634 ιιι
3101 4615 3346 4634 η-ο-ΛΜΛ
3397 4610 3573 4634 ..Ληοιη
3606 4620 3835 4634 ιμρ-...ι

2251 4615 2366 4663 tota
2401 4617 2560 4664 nocte
2587 4607 2954 4678 periclitatos,
2996 4615 3054 4664 et
3100 4615 3348 4662 extremo
3396 4610 3576 4666 noctis
3605 4620 3838 4678 ωροτε

2245 4697 2326 4755 eis
2351 4698 2610 4753 auxilium
2655 4698 2960 4770 praebitum.
3002 4698 3277 4754 Lahorant
3313 4714 3454 4771 ergo
3500 4709 3621 4758 toto
3666 4703 3834 4759 noctis

2241 4805 2429 4861 opacae
2459 4799 2722 4859 tempore,
2750 4790 2846 4846 sed
2892 4791 3650 4862 dilucido-mm,
3684 4806 3740 4851 et
3763 4796 3834 4850 lu-

2243 4885 2418 4942 cifero
2441 4886 2572 4942 solis
2601 4885 2818 4955 dieique
2844 4896 3092 4942 exortum
3113 4887 3466 4958 promittente
3483 4890 3649 4943 venit
3669 4888 3835 4944 Duci-

2245 4991 2370 5044 nus,
2384 4986 2440 5032 et
2456 4977 2904 5047 superambulans
2931 4979 3138 5032 tumida
3165 4977 3288 5033 freti
3317 4985 3471 5050 terga
3499 4981 3829 5051 comprimit,

2249 5070 2376 5139 quia
2410 5082 2532 5124 cum
2556 5070 2826 5139 pressaris
2842 5069 3020 5125 obsita
3051 5070 3322 5142 fragilitas
3336 5071 3586 5127 humana
3629 5070 3829 5144 podii-

2249 5169 2414 5217 tatem
2443 5161 2637 5216 virium
2665 5174 2886 5217 suanm
2933 5163 3265 5230 «uisitaret,
3292 5162 3373 5218 ,ω
3417 5173 3551 5236 erga
3591 5175 3658 5220 eo
3696 5165 3829 5220 dull

2247 5266 2411 5321 quam
2449 5252 2700 5308 tenebras
2721 5254 3117 5324 angustiarum,
3138 5263 3198 5310 et
3215 5261 3382 5311 astas
3403 5254 3586 5311 uetuit

2241 5340 2672 5412 conﬂigentium.
2698 5342 2841 5399 Cum
2863 5357 2994 5400 vero
3024 5353 3262 5402 mentem
3291 5346 3358 5400 ad
3403 5347 3635 5416 ειμι-ιιὶ
3659 5346 3828 5402 lanea

2237 5433 2506 5506 pmidii,
2533 5444 2592 5492 et
2648 5445 2922 5507 perpetua
2974 5438 3116 5494 dona
3157 5437 3534 5494 retribuqu
3582 5439 3823 5504 erexerit,

2241 5527 2404 5598 quasi
2437 5527 2822 5592 interutnbraa
2867 5531 3046 5588 noctis
3081 5540 3301 5602 repente
3343 5539 3602 5599 exortum
3630 5530 3823 5589 incitati

2247 5619 2532 5688 conspicit,
2553 5621 2650 5689 qui
2673 5621 2814 5676 diem
2839 5621 3147 5690 prasinum
3174 5623 3402 5677 nuntiet.
3440 5622 3669 5678 Lucifer
3687 5636 3822 5681 nan-

2247 5726 2351 5781 que
2377 5724 2499 5765 cum
2519 5711 2808 5781 plurimum
2836 5721 2946 5768 tres
2989 5713 3154 5768 horas
3199 5713 3394 5777 noctis,
3424 5713 3476 5767 id
3503 5722 3624 5777 est,
3671 5723 3824 5770 totam

2245 5801 2485 5872 vigiliam
2511 5803 2828 5857 matutiuain
2859 5803 3158 5858 illuminare
3186 5802 3523 5872 perhibetur,
3555 5805 3822 5874 aderitqun
