3960 6360
116 481 226 539 565

1190 460 1498 524 HOMILUE
1534 458 1602 516 1N
1637 405 1891 530 arma.
1933 452 2020 511 ΕΤ
2058 449 2274 508 EPIST.

3303 445 3408 500 566

118 596 404 660 Dominus,
431 589 525 664 qui
572 589 766 661 sopitis
809 582 1170 643 mutationum
1213 577 1471 653 periculis
1499 576 1711 647 plenam
1739 576 1792 638 Α
1817 575 1942 622 rant
1978 580 2142 636 quem
2175 562 2414 664 locutum
2440 558 2508 615 ad
2539 557 2758 632 Moysen
2787 565 3088 624 noverant,
3137 556 3246 615 hazc
3271 555 3411 613 dices

121 685 400 745 libertatis
449 681 706 740 ﬁduciam
753 693 868 737 sua
906 674 1232 751 protectioni
1278 671 1560 728 attribuat.
1618 666 1718 725 Se-

116 781 313 854 quitur
339 795 355 834 :

198 934 267 989 Et
289 932 516 988 videntes
528 946 646 987 eum
661 944 823 999 supra
836 942 981 982 mare
992 923 1345 980 ambulantem
1364 919 1558 976 turbati
1571 925 1716 984 sunt,

114 1024 354 1079 dicentes
375 1037 394 1076 :
421 1023 547 1094 quia
577 1021 889 1092 phantasma
917 1025 1016 1072 est.
1045 1015 1101 1072 Si
1126 1016 1282 1087 juxta
1310 1011 1636 1068 Marcionem
1662 1016 1721 1064 et

115 1116 481 1172 Manichaeum
495 1111 756 1168 Dominus
776 1117 959 1166 noster
978 1122 1088 1164 non
1113 1115 1196 1163 est
1215 1115 1374 1162 natus
1399 1120 1466 1160 ex
1487 1101 1713 1174 virgine,

116 1210 218 1266 sed
247 1208 400 1263 visus
444 1205 499 1260 in
529 1205 934 1276 phantasmate,
984 1199 1253 1270 quomodo
1297 1212 1441 1252 nunc
1485 1189 1720 1267 apostoli

117 1299 319 1354 timent
346 1311 415 1351 ne
453 1295 775 1366 phantasma
808 1291 1068 1348 videant?
1115 1290 1306 1346 Adhuc
1333 1289 1573 1345 haeretici
1621 1306 1721 1360 pu-

118 1400 242 1446 tant
263 1391 589 1462 phantasma
615 1384 783 1441 fuisse
813 1384 1125 1451 Dominum,
1166 1397 1268 1438 nec
1292 1395 1481 1437 veram
1509 1395 1721 1436 assum-

117 1484 298 1555 psisse
323 1494 544 1537 carnem
585 1477 652 1533 de
676 1475 908 1548 virgine.
940 1473 1184 1544 Denique
1218 1471 1538 1528 Theodorus
1581 1469 1721 1525 Pha-

117 1576 396 1630 rinitanus
418 1569 691 1640 quondam
730 1567 1013 1638 episcopus
1056 1566 1132 1620 ita
1159 1563 1400 1634 scripsit,
1439 1559 1722 1632 corporale

116 1666 335 1738 pondus
381 1677 490 1718 non
524 1659 781 1717 habuisse
829 1659 1128 1716 secundum
1161 1671 1383 1712 carnem
1410 1653 1716 1719 Dominum,

117 1760 220 1816 sed
241 1760 445 1829 absque
469 1754 708 1828 pondere
746 1761 801 1809 et
838 1767 1067 1824 corpore
1094 1764 1258 1820 super
1285 1763 1436 1805 mare
1457 1747 1718 1803 deambu-

1818 657 1945 728 ﬁliis
1978 655 2174 721 Israel,
2202 651 2307 720 Qui
2334 661 2409 708 est
2436 653 2575 708 misit
2606 668 2688 707 me
2709 651 2778 706 ad
2806 664 2914 703 vos.

1889 747 2227 819 Respondeas
2255 755 2432 800 autem
2457 741 2671 811 Petrus,
2695 736 2829 798 dixit
2856 743 2944 798 ei:
2973 741 3196 797 Domine
3217 780 3236 808 ,
3282 742 3330 796 si
3355 751 3412 796 tu

1817 857 1897 907 ss,
1914 839 2046 910 jubs
2091 855 2175 892 me
2218 838 2390 892 venire
2435 835 2504 891 ad
2540 844 2590 891 te
2622 851 2779 907 super
2822 849 3009 904 aquas.
3053 830 3122 886 At
3155 832 3264 904 ipse
3287 831 3411 886 ait:

1828 930 1982 988 Veni.
2007 932 2067 986 In
2095 930 2345 986 omnibus
2375 928 2508 985 locis
2547 927 2941 983 ardentissima:
2985 925 3110 981 ﬁdei
3141 911 3416 980 invenitur

1819 1022 2034 1081 Petrus.
2062 1021 2411 1094 lnterrogatis
2457 1019 2754 1091 discipulis,
2778 1033 2939 1089 quem
2965 1016 3213 1073 homines
3261 1001 3414 1073 dice-

1819 1130 1948 1181 rent
1966 1120 2173 1185 Jesurn,
2189 1117 2286 1173 Dei
2308 1115 2478 1171 ﬁlium
2500 1112 2810 1170 conﬁtetur.
2841 1109 3074 1167 Valente
3108 1101 3180 1165 ad
3199 1109 3414 1181 passio-

1823 1231 1948 1273 nem
1973 1225 2225 1285 pergere,
2250 1208 2378 1264 licet
2411 1214 2558 1263 erret
2610 1206 2666 1260 in
2714 1217 2802 1268 re,
2839 1212 3015 1258 tamen
3043 1217 3152 1259 non
3181 1210 3330 1258 errat
3358 1203 3417 1258 in

1820 1308 2050 1374 aﬁ‘ectu;
2075 1304 2268 1360 nolens
2307 1313 2434 1357 eum
2475 1299 2614 1355 mori
2667 1308 2829 1369 quem
2869 1297 3038 1353 ﬁlium
3091 1295 3185 1351 Dei
3237 1293 3416 1352 fuerat

1821 1400 1983 1474 paulo
2008 1408 2134 1454 ante
2161 1395 2464 1453 confessus.
2493 1393 2551 1448 In
2578 1398 2818 1447 montem
2849 1405 2975 1446 cum
3021 1387 3303 1444 Salvatore
3329 1388 3414 1444 in-

1825 1500 1908 1549 ter
1933 1491 2137 1552 primos
2165 1487 2432 1553 ascendit,
2461 1494 2519 1542 et
2562 1485 2618 1540 in
2650 1483 2904 1555 passione
2951 1481 3098 1537 solus
3144 1481 3414 1552 sequitur.

1821 1579 2116 1640 Peccatum
2151 1572 2454 1651 negationis
2481 1578 2626 1648 quod
2671 1580 2744 1632 est
2768 1574 3055 1646 repentino
3096 1573 3292 1630 timore
3319 1572 3414 1628 de-

1819 1673 2132 1740 scenderat,
2166 1671 2521 1728 amarissimis
2556 1671 2741 1726 statim
2769 1666 2940 1722 abluit
2973 1665 3248 1737 lacrymis.
3288 1664 3419 1719 Post

1823 1768 2132 1840 passionem
2155 1782 2277 1823 cum
2306 1773 2451 1821 esset
2471 1765 2527 1819 in
2561 1764 2682 1818 lacu
2701 1760 3040 1818 Genesareth
3064 1767 3119 1816 et
3142 1758 3419 1829 piscaren-

120 1852 286 1906 lasse.
313 1848 385 1904 At
410 1853 602 1904 contra
629 1845 766 1900 ﬁdes
791 1843 1079 1909 catholica,
1111 1849 1167 1897 et
1190 1840 1401 1912 pondus
1423 1838 1721 1895 secundum

1841 1869 1937 1926 tur,
1963 1867 2019 1916 et
2055 1859 2319 1915 Dominus
2341 1863 2516 1912 staret
2538 1856 2595 1910 in
2623 1854 2806 1909 littore
2832 1851 2954 1914 aliis
2978 1851 3238 1921 paulatim
3270 1852 3418 1906 navi-

118 1955 347 1996 camem
369 1938 572 1994 nam“:
597 1949 722 1992 eum
742 1933 1026 2004 Ρηῶοδίν
1059 1940 1116 1986 et
1132 1945 1280 2026 099$,
1297 1943 1640 2026 ⁰⁰¹ἹῨ⁰Γ⁸¹¹¹⁰²
1664 1936 1722 1984 et
1747 1950 1796 2011 B
1823 1949 2098 2026 gentibus,
2125 1950 2214 2006 ille
2239 1961 2346 2004 non
2377 1948 2584 2019 patitur
2617 1947 2823 2010 moras;
2854 1945 2952 2000 sed
2978 1944 3278 2010 accinctus,
3311 1952 3419 2000 sta-

123 2047 250 2091 cum
285 2030 527 2101 pondere
556 2034 722 2098 atque
745 2039 912 2081 onere
953 2022 1222 2094 corporali
1266 2022 1517 2113 incedere
1555 2035 1719 2113 super
1825 2022 1923 2099 ξίω
1948 2042 2317 2113 praemium,
2343 2040 2400 2093 in
2426 2037 2641 2093 meum
2671 2032 2876 2092 mm
2906 2034 3070 2105 iam"
3097 2032 3222 2089 ﬁdei
3250 2033 3411 2089 amo.

119 2139 295 2195 aquas
317 2137 425 2177 non
453 2120 646 2175 infusis
679 2117 928 2188 pedibus.
975 2113 1110 2169 Nam
1157 2112 1446 2184 Dionysius
1473 2111 1720 2182 egregius

123 2218 271 2272 inter
306 2212 705 2270 ecclesiasticos
735 2211 1052 2281 scriptores,
1097 2209 1154 2263 in
1181 2207 1455 2278 opusculis
1481 2207 1550 2261 de
1578 2202 1718 2260 divi-

123 2309 212 2364 nis
261 2305 575 2362 nominibus
597 2344 614 2370 ,
666 2305 772 2359 hoc
817 2301 977 2358 modo
1020 2301 1300 2372 loquitur:
1357 2319 1377 2352 t
1407 2298 1723 2372 Ignoramus

120 2403 270 2460 enim
323 2400 557 2471 qualiter
587 2397 657 2454 de
705 2396 965 2469 virgineis
1019 2394 1372 2466 sanguinibus
1397 2433 1416 2460 ,
1467 2392 1571 2448 alia
1602 2392 1724 2466 lege

123 2504 325 2567 prater
351 2491 659 2548 naturalem
686 2489 1044 2556 formabatur,
1076 2495 1132 2544 et
1163 2487 1396 2559 qualiter
1442 2502 1552 2543 non
1581 2485 1723 2542 infu-

127 2592 208 2649 sis
245 2589 497 2662 pedibus,
524 2585 809 2657 corporale
831 2585 1043 2656 pondus
1090 2582 1415 2638 habentibus
1444 2589 1501 2637 et
1549 2589 1720 2638 mate—

127 2683 265 2740 riale
317 2697 499 2746 ortus,
565 2677 945 2735 deambulabat
996 2677 1053 2732 in
1100 2674 1322 2734 humida
1381 2681 1437 2729 et
1485 2672 1724 2729 instabili

127 2772 455 2831 substantia.
498 2789 518 2824 ι
558 2769 881 2825 Intuendum
917 2777 1002 2824 est
1025 2767 1190 2840 igitur
1213 2766 1484 2838 quomodo
1509 2764 1725 2822 Marcus

126 2867 300 2933 dicat,
323 2864 471 2936 quod
492 2863 640 2920 circa
668 2871 921 2933 quarta-tn
951 2861 1192 2932 vigiliam
1227 2859 1402 2916 noctis
1422 2859 1632 2916 veniret
1657 2859 1726 2915 ad

123 2957 522 3015 eos'DominIs
544 2954 830 3011 ambulans
859 2964 1023 3025 super
1060 2967 1215 3009 mare
1239 2961 1298 3008 et
1318 2952 1480 3008 vellet
1503 2959 1726 3021 praeten-

129 3051 215 3106 ire
249 3061 366 3105 eos.
411 3045 692 3116 Quomodo
729 3054 911 3101 autem
941 3044 1157 3102 volebat
1186 3045 1448 3100 Dominus
1474 3055 1570 3100 eos
1595 3058 1729 3114 prat-

129 3141 298 3198 terire
333 3145 590 3209 tanquam
610 3137 842 3202 alienos,
866 3137 935 3191 ad
973 3151 1113 3206 quos
1135 3138 1202 3192 de
1225 3134 1468 3207 periculo
1501 3133 1726 3190 naufra-

130 3233 208 3302 gii
251 3229 566 3287 liberandos
593 3228 919 3284 advenerat?
956 3227 1063 3282 nisi
1085 3236 1146 3282 ut
1186 3227 1257 3282 ad
1307 3227 1498 3282 horam
1525 3227 1727 3283 turbati

129 3336 188 3407 et
215 3332 498 3395 paventes,
527 3320 624 3376 sed
655 3321 915 3376 continuo
957 3319 1197 3387 liberati,
1226 3319 1458 3390 amplius
1485 3321 1721 3390 ereptio-
1751 3318 1798 3386 C

130 3418 223 3473 nis
244 3429 354 3472 sua:
379 3416 702 3473 miraculum
738 3425 1048 3489 stuperent,
1100 3431 1166 3473 ac
1214 3417 1451 3488 majores
1488 3417 1724 3487 θηριοτί

130 3527 249 3571 suae
287 3513 494 3586 gratias
514 3511 808 3580 renarrant,
835 3513 964 3582 quia
992 3521 1049 3568 et
1069 3513 1124 3567 in
1151 3509 1566 3582 tempestatibus
1596 3525 1724 3582 pas-

131 3605 349 3661 sionum
371 3617 496 3674 quas
523 3615 627 3676 pro
655 3603 964 3660 constantia
994 3602 1120 3658 fidei
1161 3616 1191 3656 a
1217 3601 1441 3673 perﬁdis
1468 3603 1724 3673 ingerun-

132 3708 228 3754 tur
253 3698 379 3754 talis
405 3709 795 3767 nonnunquam
823 3693 1066 3765 provisio
1095 3693 1356 3748 divinitus
1399 3692 1726 3750 ostenditur.

133 3790 294 3861 Seps
313 3790 462 3845 enim
482 3789 558 3845 ita
580 3787 770 3844 ﬁdeles
800 3785 857 3840 in
885 3784 1236 3840 tribulatione
1263 3784 1472 3854 positos
1497 3786 1730 3852 superna

137 3883 312 3954 pietas
355 3880 662 3936 deseruisse
685 3879 805 3934 visa
831 3876 959 3943 est,
1012 3884 1074 3932 ut
1107 3876 1262 3947 quasi
1318 3875 1626 3932 laborantes
1675 3875 1731 3929 in

137 3974 280 4029 mari
306 3971 596 4044 discipulos
622 3969 908 4042 praeterire
954 3965 1115 4024 Iesus
1158 3966 1393 4022 voluisse
1425 3968 1728 4037 putaretur.

142 4063 301 4120 Unde
336 4072 420 4119 est
465 4062 594 4118 illud
642 4060 897 4117 Ecclesia
943 4058 1196 4132 τιγήὶ
1238 4057 1538 4114 certamine
1574 4056 1736 4112 desu-

141 4157 350 4212 dantis.
377 4153 553 4220 Quare
577 4154 680 4208 mei
724 4152 915 4208 oblitus
941 4169 994 4207 es
1011 4189 1030 4219 ,
1080 4163 1243 4222 quare
1271 4161 1353 4204 me
1387 4148 1660 4219 repulisti?
1685 4155 1736 4202 et

139 4263 311 4320 quare
334 4245 495 4301 tristis
518 4245 732 4311 incedo,
780 4243 908 4299 dum
955 4243 1138 4314 aﬂiigit
1167 4255 1249 4297 ms
1281 4242 1560 4307 inimicus,
1605 4239 1736 4293 dum

141 4338 552 4410 confringantur
574 4337 752 4394 omnia
778 4351 898 4391 ossa
927 4334 1083 4390 mea?
1121 4342 1229 4390 etc.
1260 4332 1370 4388 Sed
1413 4332 1598 4388 dicant
1628 4329 1736 4389 ini-

141 4434 273 4491 laici
297 4439 606 4489 terrentes:
648 4429 750 4485 Ubi
788 4438 862 4486 est
889 4428 1036 4484 Deus
1080 4426 1475 4496 eorum?quasi
1521 4422 1741 4478 naufra-

144 4529 297 4601 gium
313 4524 476 4581 fessis
499 4523 816 4579 nuntiantes
841 4520 1136 4591 Apostolis,
1159 4519 1291 4574 dicit
1318 4519 1432 4590 ipse
1457 4517 1602 4572 Deus
1649 4531 1740 4573 eo-

145 4632 270 4678 rum
294 4632 313 4673 :
339 4619 472 4674 ωη
498 4616 772 4672 ω’αηίεώ
797 4627 889 4686 per
909 4627 1100 4685 aquas,
1133 4619 1299 4666 locum
1323 4625 1437 4676 era,
1449 4617 1497 4664 et
1519 4609 1742 4680 fiumina

147 4723 258 4768 non
281 4711 514 4782 operient
536 4717 605 4764 te.
635 4704 769 4762 Cum
789 4703 1144 4760 ansbalaoeris
1164 4704 1220 4758 in
1240 4704 1385 4774 me,
1404 4718 1507 4766 non
1528 4701 1742 4757 combu-

147 4807 356 4860 M'ts‘a
381 4799 598 4873 fma
627 4814 733 4854 non
775 4797 982 4852 ardebit
1022 4797 1079 4850 in
1123 4807 1193 4850 te.
1225 4793 1382 4862 Quod
1423 4801 1605 4849 autem
1655 4805 1743 4849 se-

145 4898 356 4970 quitur,
379 4901 427 4950 et
456 4906 570 4966 prta
615 4893 805 4947 timore
845 4891 1228 4955 clamauerunt,
1252 4885 1513 4943 confusus
1539 4886 1744 4943 clamor

146 4998 204 5046 et
227 4989 444 5046 incerta
466 4996 575 5042 vos.
597 4984 783 5056 magni
817 4983 1029 5040 timoris
1067 4981 1329 5038 indicium
1379 4989 1481 5035 est.
1514 4978 1622 5035 Sed
1649 4993 1742 5036 ve-

149 5095 272 5139 rum
303 5087 392 5138 est
417 5071 722 5136 Psalmistae
741 5077 1114 5135 testimonium
1136 5117 1150 5141 ,
1195 5076 1322 5147 quia
1349 5088 1508 5147 prope
1534 5084 1609 5128 est
1637 5072 1744 5130 Do-

147 5178 330 5234 minus
360 5173 666 5230 timentibus
696 5187 750 5228 se
774 5205 792 5238 ,
835 5179 888 5226 et
923 5185 1030 5225 non
1081 5168 1391 5240 derelinquit
1437 5179 1614 5224 omnes
1651 5167 1743 5238 qui

150 5279 364 5343 sperant
389 5269 446 5322 in
472 5282 612 5322 eum.
642 5263 799 5322 Unde
831 5272 882 5319 et
916 5262 1166 5320 subditur
1191 5275 1208 5316 :

229 5408 522 5479 Statimque
545 5405 923 5462 Jesuslocutus
957 5415 1032 5460 est
1061 5406 1134 5461 eis
1170 5405 1347 5460 dicens
1378 5417 1397 5457 :
1431 5404 1632 5460 Habete
1683 5405 1748 5474 ﬁ-

152 5501 394 5566 duciam,
421 5515 514 5571 ego
544 5515 680 5563 sum,
711 5495 868 5552 nolite
900 5497 1099 5552 timere.
1151 5494 1304 5563 Quod
1353 5496 1588 5566 primum
1627 5511 1747 5551 ver-

151 5594 383 5648 sabatur
425 5589 482 5645 in
522 5604 704 5653 causa,
731 5589 835 5643 hoc
863 5589 1040 5652 curat,
1063 5595 1118 5640 et
1145 5586 1462 5642 timentibus
1508 5586 1753 5657 praecipit

153 5686 370 5750 dicens,
402 5684 582 5738 habete
621 5681 895 5751 ﬁduciam.
932 5678 1110 5734 Nolite
1157 5679 1334 5733 timere
1359 5718 1373 5743 ,
1405 5678 1627 5749 etquod
1671 5693 1754 5733 se-

156 5781 372 5853 quitur,
392 5793 485 5848 ego
511 5792 650 5841 sum,
673 5789 775 5831 nec
804 5773 1078 5844 subjungit
1107 5772 1232 5843 quis
1258 5771 1328 5826 sit
1362 5789 1373 5825 :
1417 5771 1500 5826 vcl
1526 5786 1592 5846 es
1625 5785 1756 5827 voce

158 5881 292 5929 nota
318 5879 574 5941 poterant
598 5883 722 5923 eum
751 5865 1074 5936 intelligere,
1096 5863 1222 5934 quia
1248 5877 1342 5933 per
1377 5863 1634 5918 obscuras
1661 5877 1758 5916 no-

156 5964 269 6027 ctis
293 5965 547 6020 tenebras
573 5959 915 6032 loquebatur,
941 5957 1027 6014 vel
1063 5955 1241 6028 ipsum
1269 5968 1391 6012 esse
1431 5954 1573 6011 scire
1603 5961 1759 6025 pote-

1764 4684 1820 4746 D

1821 2147 1887 2191 re
1911 2145 2018 2204 quo
2043 2142 2257 2203 semper
2283 2138 2478 2187 caetera
2504 2143 2650 2184 nunc
2687 2137 2903 2198 quoque
2947 2125 3165 2182 ueteris
3188 2124 3417 2180 tacenti-

1824 2228 1927 2284 bus
1966 2221 2212 2290 credidit,
2240 2236 2299 2280 se
2337 2223 2499 2294 posse
2541 2221 2725 2278 facere
2767 2221 3100 2276 voluntatem
3147 2218 3418 2288 magistri,

1825 2321 1971 2392 quod
1999 2320 2088 2376 ille
2109 2333 2218 2374 non
2259 2326 2473 2390 poterat
2498 2329 2596 2389 per
2621 2321 2895 2382 naturam;
2916 2316 3047 2386 jube
3075 2324 3184 2382 me;
3206 2315 3420 2384 inquit,

1795 2413 1998 2468 sortire
2023 2412 2092 2466 ad
2117 2421 2165 2466 te
2193 2425 2354 2482 supra
2375 2423 2560 2481 aquas.
2593 2409 2673 2464 Tu
2694 2408 2928 2479 praecipe
2964 2417 3022 2463 et
3047 2407 3194 2462 illico
3217 2405 3421 2462 solida-

1825 2503 1982 2572 btmt,
2011 2503 2156 2559 unde
2180 2515 2246 2558 ac
2295 2500 2413 2558 leve
2453 2500 2544 2557 ﬁet
2591 2511 2790 2570 corpus
2839 2499 2984 2571 quod
3033 2511 3132 2570 per
3157 2511 3216 2554 se
3257 2510 3424 2569 grave

1825 2605 1928 2653 est.
3015 2615 3028 2626 ν

1896 2689 1969 2746 Et
1993 2688 2312 2744 descendens
2342 2685 2533 2743 Petrus
2559 2687 2625 2742 de
2647 2683 2912 2751 nauicula,
2945 2683 3251 2739 ambulabat
3270 2693 3426 2754 super

1827 2796 2021 2855 aquam
2048 2789 2106 2834 ut
2130 2781 2322 2835 veniret
2349 2780 2418 2834 ad
2447 2779 2650 2833 Iesum.
2685 2778 2787 2846 ραι
2825 2782 3018 2847 putant
3041 2771 3255 2832 Domini
3303 2783 3426 2831 cor—

1825 2885 1930 2948 pus
1957 2875 2079 2930 ideo
2110 2885 2218 2929 non
2249 2883 2371 2928 esse
2409 2880 2620 2939 verum,
2663 2871 2791 2940 quia
2816 2880 2982 2940 super
3020 2867 3214 2924 molles
3255 2872 3426 2938 aquas

1827 2965 1990 3022 molle
2018 2971 2075 3020 et
2119 2964 2328 3020 aerium
2375 2961 2696 3018 incesserit?
2746 2959 3109 3031 respondeant
3155 2957 3428 3029 quomodo

1827 3066 2188 3124 ambulaverit
2236 3066 2453 3132 Petrus,
2487 3073 2649 3134 quem
2698 3063 2885 3134 utique
2921 3071 3109 3118 verunt
3152 3060 3426 3118 hominem

1828 3168 1936 3216 non
1961 3158 2258 3231 negabunt.

1911 3244 2104 3308 Vidan
2131 3253 2254 3307 vero
2283 3247 2516 3305 validum
2537 3255 2769 3313 ventum,
2799 3243 2994 3312 timuit,
3029 3253 3076 3299 et
3101 3255 3216 3299 cum
3247 3243 3428 3313 Carpit—

1828 3351 1904 3400 set
1928 3339 2110 3415 mergi,
2138 3336 2386 3398 clamavit
2433 3340 2647 3395 dicens:
2684 3337 2922 3403 Domine,
2952 3335 3155 3391 salsum
3203 3351 3282 3390 me
3314 3335 3423 3405 fac.

1828 3433 2073 3494 Ardebat
2095 3435 2266 3492 animi
2287 3426 2440 3501 ﬁdes,
2466 3429 2561 3489 sed
2589 3435 2822 3488 humana
2843 3425 3111 3503 fragilitas
3133 3431 3185 3485 in
3207 3430 3430 3501 profun-

1832 3530 1959 3588 dum
2008 3527 2291 3595 trahebat;
2324 3525 2602 3599 paululum
2643 3535 2771 3598 ergo
2795 3525 3120 3594 relinquitur
3143 3522 3432 3580 tentationi

1831 3633 1893 3680 ut
1917 3629 2178 3694 augeatur
2199 3613 2353 3688 ﬁdes,
2377 3629 2431 3676 et
2453 3605 2716 3689 intelligat
2738 3623 2796 3674 se
2821 3623 2928 3674 non
2960 3616 3218 3672 facilitate
3242 3617 3430 3687 posta-

1832 3713 2070 3782 lationis,
2097 3707 2190 3770 sed
2211 3713 2452 3784 potentia
2479 3705 2691 3766 Domini
2714 3713 3112 3766 conservatum.

1905 3805 1977 3865 Et
1996 3811 2241 3864 continuo
2255 3805 2535 3861 extendens
2558 3801 3136 3874 manum'apprehendit
3156 3805 3295 3855 eum.
3315 3793 3433 3856 Nisi

1835 3915 1964 3976 ergo
1986 3901 2246 3959 Dominus
2273 3897 2607 3954 extendisset
2646 3897 2885 3962 manum,
2911 3897 3002 3966 qui
3047 3894 3178 3950 alibi
3223 3897 3426 3965 negan-

1837 4011 1949 4057 tem
1987 3999 2224 4069 respexit
2247 3987 2488 4062 Petrum,
2524 3988 2638 4064 ipse
2664 3991 2855 4048 Petrus
2880 3991 3124 4061 protinus.
3155 3991 3430 4062 mergere-

1836 4101 1927 4147 tur
1969 4092 2025 4147 in
2064 4088 2394 4161 profundum
2420 4127 2435 4154 ,
2491 4102 2594 4142 nec
2628 4084 2794 4141 etiam
2836 4082 3091 4138 evaderet
3136 4079 3428 4137 infernum.

1838 4183 2097 4252 Respexit
2121 4180 2385 4235 Dominus
2403 4181 2460 4234 et
2497 4179 2566 4234 ad
2594 4175 2971 4247 paenitentiam
3000 4175 3288 4240 convertit,
3312 4190 3432 4229 ma-

1841 4289 1971 4329 num
2007 4271 2253 4328 extendit
2283 4278 2340 4325 et
2362 4267 2751 4338 indulgentiam
2779 4266 2992 4332 tribuit,
3014 4274 3069 4322 et
3097 4265 3176 4321 sic
3203 4265 3433 4321 salutem

1840 4364 2140 4438 perfectam
2179 4361 2473 4433 discipulus
2494 4361 2719 4416 invenit.
2744 4359 2879 4428 Quia
2894 4359 3052 4430 juxta
3073 4358 3225 4414 Pauli
3244 4374 3434 4415 vocem

1843 4474 1948 4514 non
1972 4467 2047 4513 est
2069 4455 2284 4512 volentis
2312 4470 2474 4527 neque
2501 4443 2757 4508 currentis
2779 4494 2795 4520 ,
2850 4439 2945 4507 sed.
2970 4451 3264 4506 miserantis
3312 4443 3433 4507 Dei.

1843 4549 1957 4607 Nec
1986 4549 2131 4607 enim
2161 4555 2348 4605 nostro
2373 4547 2706 4603 salvabimur
2730 4544 2945 4610 merito,
2976 4543 3068 4599 sed
3100 4542 3241 4598 illius
3269 4541 3431 4598 deuo.

1915 4637 1989 4700 Et
2009 4637 2085 4700 ait
2108 4641 2226 4699 illi:
2257 4633 2484 4697 Modice
2511 4639 2657 4711 fidei,
2690 4643 2858 4712 quare
2880 4627 3178 4692 dubitasti?
3215 4635 3272 4692 Si
3301 4641 3435 4707 apo-

1845 4735 1985 4794 Stolo
2027 4735 2190 4791 Petro
2217 4735 2286 4789 de
2306 4733 2460 4803 cujus
2498 4731 2604 4786 ﬁde
2628 4735 2687 4786 et
2711 4725 2907 4784 ardore
2937 4728 3133 4783 mentis
3167 4729 3330 4796 Supra
3359 4723 3438 4784 di-

1846 4829 2026 4883 ximus
2048 4867 2064 4893 ,
2111 4823 2258 4896 quod
2282 4821 2617 4879 cOnﬁdenter
2666 4811 2942 4892 rogaverit
2989 4809 3328 4873 Salvatorem
3355 4817 3437 4872 di-

1845 4937 1996 4987 cens,
2025 4913 2280 4985 Domine,
2313 4918 2358 4972 si
2387 4924 2444 4970 tu
2481 4933 2558 4983 es,
2603 4905 2734 4985 jub‘e‘
2759 4919 2844 4968 me
2877 4912 3048 4968 uenire
3088 4907 3159 4964 ad
3183 4911 3232 4964 te
3275 4919 3438 4982 supra

1846 5031 2036 5086 aquas,
2060 5013 2185 5083 quia
2207 5009 2484 5082 paululum
2505 5007 2706 5074 timuit,
2731 5001 2929 5062 dicitur
2950 5003 3267 5077 ei,.modic'a3
3284 5001 3433 5074 ﬁdei,

1847 5125 2009 5180 quare
2038 5099 2330 5160 dubitasti?
2351 5103 2481 5173 quid
2508 5103 2664 5157 nobis
2691 5099 2974 5158 dicendum
3026 5102 3127 5164 est,
3160 5095 3250 5168 q‘ui
3278 5097 3437 5170 hujus

1852 5201 2077 5257 modicae
2108 5199 2230 5254 ﬁdei
2273 5213 2374 5253 nec
2404 5195 2683 5251 minimam
2734 5189 2952 5266 quidem
2995 5185 3258 5248 habemus
3305 5208 3438 5264 por-

1850 5285 2166 5346 tiunculam.
2200 5281 2422 5360 Mystice
2471 5294 2653 5343 autem
2686 5285 2830 5356 quod
2883 5281 3078 5339 Petrus
3133 5287 3164 5338 a‘
3210 5283 3439 5340 Domino

1846 5385 2031 5458 jussus
2057 5377 2264 5452 venire,
2292 5381 2486 5439 ﬂuctus
2516 5380 2680 5436 maris
2703 5371 2877 5435 calcat
2911 5393 3018 5448 quo
3046 5377 3228 5432 veniat
3254 5379 3320 5433 ad
3345 5367 3438 5432 Je—

1855 5477 1996 5543 Sum,
2023 5471 2291 5548 signiﬁcat
2318 5473 2613 5530 Ecclesiam
2643 5468 2797 5539 cujus
2820 5470 2936 5542 ipse
2973 5474 3156 5541 pastOr
3193 5477 3293 5536 est,
3323 5477 3440 5524 ten-

1857 5570 2071 5627 dentem
2101 5569 2171 5626 ad
2199 5567 2474 5623 cmlestem
2528 5563 2779 5635 patriam,
2813 5553 3007 5618 ﬂuctus
3056 5561 3215 5633 hujus
3258 5559 3439 5616 smculi

1857 5673 2084 5745 vestigio
2117 5681 2277 5727 rectae
2320 5659 2443 5723 ﬁdei
2501 5657 2553 5721 et
2585 5664 2859 5733 gressibus
2890 5651 3160 5718 bonorum“
3192 5644 3466 5728 operum,‘

1859 5767 2163 5837 superando
2191 5763 2425 5827 calcare,
2448 5767 2504 5815 et
2532 5759 2675 5829 quod
2701 5757 2893 5813 Petrus
2922 5759 3239 5825 tempestate
3286 5748 3442 5803 terri-

1862 5869 1948 5915 tus
1974 5858 2027 5912 in
2052 5845 2298 5912 ﬂuctibus
2340 5851 2510 5923 mergi
2538 5849 2721 5921 coepit,
2753 5848 3079 5904 inﬁrmiores
3108 5854 3350 5913 quosque
3386 5839 3442 5894 in

1863 5948 2102 6009 Ecclesia
2128 5960 2262 6017 quos
2287 5942 2520 6016 procella
2545 5941 2981 6014 persecutionum
3015 5949 3110 5991 seu
3142 5932 3298 5988 turbo
3321 5939 3442 5988 ten-
