3960 6360
534 372 640 430 367

1158 368 1220 423 Β.
1261 365 1515 423 RABANI
1553 364 1771 444 MAURI
1806 361 2128 446 ARCHIEP,
2165 359 2472 420 MOGUNT.
2512 357 2795 430 OPERUM
2831 358 3010 417 PARS
3044 359 3112 417 Il.

537 488 798 546 sationum
829 491 1013 552 terret,
1040 492 1151 542 eta
1182 491 1367 540 tenore
1396 482 1523 539 lidei
1562 482 1673 538 sive
1706 497 1736 536 a
1765 488 1906 536 statu
1937 481 2108 534 bono-
2126 482 2186 560 uA
2214 484 2366 534 ratus
2393 476 2556 532 fuerit
2581 491 2929 532 murmurans
2965 475 3234 534 recidetur
3255 515 3271 541 ,
3320 484 3378 534 et
3425 474 3580 548 perit
3603 488 3812 535 merces

534 596 656 637 rum
684 587 903 634 actuum
933 577 1204 647 paululum
1232 575 1496 639 reﬂectit,
1545 574 1816 644 exprimit.
1845 572 1992 640 Quos
2031 577 2114 624 ta-

2215 567 2352 642 ejus.
2387 565 2540 622 Sicut
2579 567 2745 622 etiam
2773 566 3033 622 Israelita}.
3070 565 3227 636 quale
3260 565 3531 634 judicium
3564 579 3812 638 percepe-

531 683 660 726 meu
686 681 754 723 ne
778 667 1016 722 funditus
1036 667 1090 720 in
1117 666 1398 737 perﬁdiam
1421 672 1478 719 et
1503 664 1554 719 in
1585 662 1893 732 voraginem
1920 674 2116 732 pecca-
2212 667 2345 714 runt
2373 668 2590 730 propter
2621 660 3128 738 murmurationem,
3154 669 3446 730 propterea
3488 660 3699 730 inquit,
3721 678 3815 714 nos

533 770 715 819 torum
741 767 1076 830 mergantur,
1098 765 1346 827 porrecta
1377 755 1570 811 divinae
1591 752 1966 824 propitationis
1991 751 2119 806 dex-

530 861 621 908 tra
645 849 902 906 extrahit.
932 849 998 902 Et
1032 848 1172 902 sicut
1191 845 1416 902 Petrum
1467 852 1680 900 erutum
1705 843 1774 898 de
1803 842 1984 912 abyssi
2023 856 2118 912 pe-

533 944 677 1016 lago,
707 942 782 998 ita
805 940 924 996 illos
951 947 1166 1008 ereptos
1191 938 1259 993 de
1301 943 1710 1007 persecutorum
1764 933 2016 989 seandalo
2061 933 2117 988 in

517 1034 694 1088 firmo
724 1030 920 1103 quietis
965 1028 1213 1099 supernae
1246 1026 1362 1083 solo
1385 1025 1539 1096 juxta
1567 1039 1626 1080 se
1652 1021 1956 1079 collocabit.
1981 1021 2118 1090 Quia

536 1121 869 1193 impossibile
905 1128 990 1175 est
1013 1126 1074 1174 ut
1088 1132 1275 1173 eorum
1299 1115 1502 1186 aliquis
1513 1120 1720 1186 pereat,
1738 1127 1872 1182 quos
1891 1125 2120 1168 censura

530 1212 667 1284 justi
699 1209 897 1280 iudicis
922 1207 1331 1279 praedestinatos
1359 1207 1523 1261 habet
1550 1206 1619 1260 ad
1642 1205 1810 1258 vitam
1837 1211 2117 1278 aeternam,

541 1300 694 1357 Unde
720 1301 835 1371 ipsa
854 1298 1066 1354 Veritas
1095 1297 1191 1364 ait,
1219 1297 1383 1352 Omne
1403 1296 1544 1368 quod
1588 1295 1678 1349 dat
1708 1294 1834 1348 mihi
1866 1291 2028 1347 Pater
2052 1293 2121 1347 ad

537 1407 620 1444 me
645 1391 830 1456 veniet,
859 1399 906 1444 et
934 1405 1051 1444 eum
1074 1388 1164 1459 qui
1186 1387 1320 1441 venit
1348 1386 1426 1440 ad.
1446 1403 1546 1450 me,
1569 1401 1673 1439 non
1695 1383 1902 1460 ejiciam
1951 1381 2117 1450 foras.

538 1478 698 1535 Novit
712 1480 853 1534 enim
876 1479 1133 1533 Dominus
1147 1476 1264 1548 pios
1276 1476 1343 1531 de
1357 1476 1652 1531 tentatione
1676 1475 1910 1547 eripere,
1935 1483 1990 1529 et
2015 1489 2124 1530 non

536 1577 624 1626 est
645 1568 1065 1640 impotensinter
1093 1568 1333 1625 turbines
1359 1576 1739 1639 tempestatum
1765 1567 1924 1638 huius
1943 1565 2124 1622 saeculi

537 1675 665 1717 suos
692 1660 761 1715 ab
785 1661 931 1714 omni
981 1659 1219 1730 nequitia
1251 1675 1546 1731 pravorum
1590 1659 1786 1715 illaesos
1829 1658 2121 1725 custodire.

539 1749 645 1804 Sed
673 1749 950 1805 videamus
984 1750 1130 1820 quod
1160 1751 1408 1820 sequitur
1435 1768 1448 1804 :
1726 1739 1729 1742 ’

2215 741 2571 805 murmuretis.
2601 749 2718 806 Non
2742 750 2887 805 enim
2919 749 3095 821 placet
3122 750 3233 806 Deo
3263 751 3483 819 quando
3514 765 3646 804 cum
3680 766 3818 806 mur-

2217 841 2521 896 muratione
2547 841 2802 907 servitur,
2825 849 2880 896 et
2904 856 3010 895 non
3035 841 3086 896 ei
3109 855 3209 911 pro
3230 840 3487 896 omnibus
3515 838 3719 912 gratia:
3742 841 3820 896 de-

2218 925 2484 998 feruntur,
2512 939 2567 986 et
2608 945 2710 1005 pro
2738 931 3168 996 tentationibus,
3215 938 3274 986 et
3317 944 3419 1000 pro
3460 929 3817 1000 spiritalibus.

2223 1022 2374 1077 Nihil
2402 1039 2523 1094 ergo
2549 1022 2795 1092 supinum
2841 1020 3141 1093 loquamur,
3178 1019 3310 1074 nihil
3356 1021 3648 1090 impudens
3674 1061 3692 1082 ,
3739 1021 3822 1075 sed

2220 1110 2587 1166 submittamus
2613 1128 2706 1166 nos
2726 1119 2782 1165 ut
2795 1109 3158 1166 venerabiliter
3177 1127 3242 1164 ac
3261 1121 3565 1165 reverenter
3584 1127 3822 1182 essepet-

2221 1205 2408 1270 simus,
2433 1203 2537 1259 hoc
2557 1211 2664 1269 est,
2695 1218 2818 1258 cum
2850 1202 3154 1258 reverentia
3181 1210 3236 1258 et
3259 1211 3408 1258 metu
3438 1203 3690 1258 Domini.

2292 1292 2535 1348 Charitas
2574 1293 2920 1363 fraternitatis
2951 1300 3184 1357 maneat,
3209 1301 3258 1346 et
3288 1291 3722 1362 hospitalitatem
3744 1309 3822 1346 no-

2225 1386 2313 1442 lite
2347 1387 2579 1441 obliscivi
2608 1399 2626 1437 :
2655 1403 2747 1456 per
2783 1386 2920 1440 hanc
2962 1386 3100 1440 enim
3125 1384 3438 1456 placuerunt
3471 1384 3704 1455 quidam
3735 1401 3823 1439 an-

2223 1475 2351 1548 gelii
2379 1477 2604 1548 hospitio
2640 1476 2872 1546 receptis.
2901 1474 3117 1531 Intuere
3142 1476 3414 1546 quomodo
3444 1489 3544 1530 eos
3591 1477 3825 1546 praecipit

2225 1577 2490 1639 praecepta
2518 1567 2805 1639 prtesentia
2834 1566 3108 1622 custodire
3133 1583 3146 1620 :
3174 1581 3281 1620 non
3310 1566 3461 1622 enim
3488 1565 3579 1620 eis
3609 1565 3719 1620 alia
3745 1580 3826 1620 su-

2225 1647 2573 1733 perimponit,
2605 1677 2714 1715 non
2743 1657 3243 1716 dixittEﬂiciamini
3270 1667 3555 1714 amatores
3580 1656 3827 1721 fratrum,

2229 1754 2322 1809 sed
2351 1762 2650 1825 permaneat
2701 1752 2932 1806 charitas
2989 1750 3357 1820 fraternitatis.
3389 1746 3460 1803 Et
3498 1749 3713 1804 iterum
3737 1764 3826 1804 non

517 1914 520 1918 η
612 1842 678 1896 Et
718 1859 835 1896 cum
863 1843 1178 1898 ascendisset
1207 1845 1266 1898 in
1313 1841 1630 1909 naviculam,
1660 1841 1878 1897 cessavit
1920 1849 2122 1898 ventus.
2152 1838 2202 1906 B
2230 1850 2368 1907 dixit
2390 1847 2686 1920 hospitales
2714 1845 3042 1912 efﬁciamini,
3071 1853 3328 1920 tanquam
3378 1843 3421 1898 si
3471 1858 3593 1898 non
3621 1853 3824 1907 essent,

537 1934 720 1991 Prima
757 1949 889 2007 ergo
921 1935 1308 2006 trepidantium
1345 1942 1401 1990 et
1434 1933 1852 2006 periclitantium
1895 1933 2126 1989 subven-

540 2025 616 2080 tio
643 2032 748 2089 est,
779 2023 1058 2079 incussum
1103 2022 1357 2080 cordibus
1394 2023 1662 2095 expellere
1696 2023 1946 2078 timorem
1973 2063 1989 2088 ,
2042 2037 2127 2078 se-

536 2115 714 2172 cunda
766 2121 1151 2184 tempestatum
1200 2113 1364 2170 ferias
1417 2129 1527 2170 sua:
1576 2114 1876 2186 praesentia:
1925 2113 2129 2170 virtute

538 2221 904 2277 compescere.
931 2205 1043 2263 Nec
1062 2207 1366 2264 mirandum
1403 2208 1448 2263 si
1475 2208 1798 2264 ascendente
1825 2206 1879 2261 in
1903 2206 2125 2262 navicu-

537 2303 645 2358 lam
674 2303 899 2359 Domino
948 2309 1140 2358 ventus
1186 2303 1440 2358 cessavit.
1495 2302 1553 2356 In
1597 2315 1937 2371 quocumque
1981 2301 2127 2356 enim

537 2397 700 2452 corde
727 2397 866 2452 Deus
889 2411 988 2466 per
1008 2396 1239 2467 gratiam
1289 2397 1370 2451 sui
1398 2396 1552 2450 adest
1592 2395 1815 2460 amoris,
1847 2409 1970 2448 mox
2007 2393 2129 2448 uni-

537 2502 695 2542 versa
723 2488 978 2543 vitiorum
1000 2496 1056 2543 et
1083 2487 1420 2543 adversantis
1463 2487 1673 2552 mundi,
1699 2487 1813 2542 sive
1840 2486 2128 2556 spirituum

538 2577 896 2646 malignorum
923 2575 1061 2632 bella
1086 2591 1392 2646 compressa
1419 2577 1719 2646 quiescunt.

611 2666 716 2734 Qui
747 2677 924 2721 autem
973 2667 1030 2721 in
1059 2667 1302 2722 navicula
1331 2678 1501 2734 erant,
1531 2677 1777 2724 venerunt
1806 2677 1852 2722 et
1877 2667 2129 2722 adorave-

539 2767 662 2812 runt
689 2772 806 2810 eum
861 2756 1125 2812 dicentes:
1155 2756 1296 2832 ‘Vere
1339 2747 1517 2813 Filius
1551 2760 1651 2814 Dei
1693 2775 1767 2814 es.
1824 2758 1907 2812 Ad
1957 2773 2126 2814 unum

539 2847 752 2918 signum
783 2846 1168 2916 tranquillitate
1194 2850 1364 2903 maris
1389 2848 1616 2913 reddita,
1641 2864 1762 2919 qua:
1786 2858 1912 2918 post
1931 2848 2127 2903 nimias

539 2939 805 3011 procellas
831 2940 1106 2996 interdum
1147 2949 1202 2995 et
1229 2955 1358 2996 casu
1404 2941 1520 2996 ﬁeri
1566 2942 1723 3007 solet,
1754 2950 1931 2996 nauta
1965 2948 2130 3010 atque

539 3041 790 3087 vectores
818 3045 945 3086 vere
984 3031 1081 3086 Dei
1131 3031 1298 3086 lilium
1327 3031 1655 3088 conﬁtentur
1680 3072 1696 3096 ,
1751 3041 1807 3087 et
1853 3031 2017 3086 Arius
2073 3029 2128 3083 in

539 3124 782 3181 Ecclesia
807 3124 1067 3196 praedicat
1095 3132 1421 3180 creaturam.
1470 3125 1584 3179 Non
1637 3139 1767 3195 ergo
1813 3122 1989 3194 ipsum
2018 3135 2129 3176 non

2227 1942 2322 1997 sed
2347 1917 2755 2012 hospitalitatem
2793 1937 2952 1992 nolite
2975 1917 3208 2012 oblivisci
3229 1951 3249 1991 .-
3278 1949 3347 1991 ex
3382 1933 3827 1990 tribulationibus

2225 2033 2370 2090 enim
2424 2040 2637 2103 poterat
2679 2031 2908 2086 fortasse
2956 2027 3293 2098 contingere.
3340 2023 3449 2081 Per
3501 2026 3656 2080 hanc
3689 2027 3827 2089 enin,

2225 2123 2419 2193 inquit.
2451 2121 2665 2193 quidam
2692 2119 3003 2186 placuerunt
3023 2158 3038 2184 ,
3084 2118 3296 2188 angelos
3317 2116 3553 2186 hospitio
3595 2116 3832 2185 recipien-

2228 2223 2322 2270 tes.
2351 2213 2602 2269 Attendis
2624 2220 2857 2282 quantus
2883 2210 3080 2277 honor,
3118 2216 3376 2278 quantum
3421 2206 3692 2273 lucrum,
3736 2207 3832 2262 sive

2229 2306 2523 2362 secundum
2552 2303 2711 2358 aliam
2761 2301 3059 2357 editionem
3107 2299 3328 2370 quidam
3361 2297 3695 2364 latuerunt,
3745 2297 3831 2352 hoc

2228 2404 2334 2462 est,
2357 2395 2688 2460 nescientes,
2720 2393 2777 2449 in
2829 2393 3064 2463 hospitio
3093 2397 3434 2460 receperunt,
3463 2397 3769 2460 propterea
3789 2397 3833 2445 et

2228 2488 2402 2543 multa
2452 2500 2664 2542 merces
2687 2484 2826 2554 ejus,
2877 2485 2968 2554 qui
3002 2483 3251 2539 nesciens
3303 2496 3398 2537 eos
3442 2481 3684 2552 angelos
3729 2495 3833 2536 esse

2227 2581 2284 2636 in
2309 2580 2546 2652 hospitio
2590 2578 2816 2648 recepit.
2843 2575 2982 2632 Nam
3003 2577 3050 2632 si
3079 2575 3270 2640 sciret,
3319 2573 3455 2628 nihil
3511 2573 3731 2628 mirum
3763 2587 3834 2628 es-

2228 2680 2331 2728 set.
2357 2671 2590 2738 Quidam
2619 2670 2806 2726 dicunt
2834 2668 2980 2740 quod
3009 2669 3066 2723 in
3095 2667 3199 2722 hoc
3229 2665 3349 2733 loco
3387 2665 3555 2722 etiam
3585 2664 3740 2721 Loth
3773 2667 3834 2721 si—

2227 2763 2536 2833 gnillcatur.

2301 2855 2612 2909 Mementote
2635 2853 2945 2917 vinctorum,
2972 2859 3226 2923 tanquam
3249 2848 3410 2905 simul
3435 2849 3644 2912 vincti;
3690 2856 3741 2902 et
3768 2848 3834 2900 la-

2230 2947 2550 3012 borantium,
2574 2954 2827 3016 tanquam
2855 2955 2903 3000 et
2940 2943 3040 3014 ipsi
3064 2943 3126 2996 in
3167 2958 3384 3013 corpore
3407 2950 3712 2996 morantes.
3739 2939 3834 2994 Ho-

2225 3038 2464 3095 norabile
2486 3038 2804 3093 connubium
2823 3037 2881 3091 in
2901 3035 3141 3090 omnibus
3162 3045 3209 3089 et
3235 3035 3416 3088 thorus
3439 3033 3835 3086 immaculata.

2235 3130 2608 3186 Fornicatores
2664 3139 2710 3183 ct
2761 3128 3030 3183 adulteros
3084 3127 3346 3198 jtulicabit
3387 3125 3554 3180 Deus.
3585 3123 3837 3180 Contem-

533 3216 688 3288 juxta
727 3191 1105 3272 haereticorum
1128 3217 1453 3272 dementiam
1483 3191 1810 3281 creaturam,
1831 3191 1974 3270 inter
2008 3229 2128 3269 om-
2155 3191 2203 3258 (ἶ
2235 3220 2388 3292 plare
2431 3228 2667 3290 quantus
2702 3218 2780 3273 illi
2826 3220 2891 3273 de
2936 3191 3196 3288 pudicitia
3244 3231 3424 3272 sermo
3466 3213 3836 3286 profunditur.

538 3310 629 3364 nia
657 3318 914 3373 creatam,
946 3307 1041 3364 sed
1088 3316 1391 3363 creatorem
1419 3316 1545 3363 ante
1589 3307 1772 3362 omnia
1805 3307 1967 3362 simul
2008 3320 2132 3360 cum

521 3397 702 3468 .Patre
731 3405 785 3452 et
813 3397 1020 3467 Spiritu
1053 3405 1242 3452 sancto
1279 3395 1600 3450 existentem
1634 3401 1797 3464 atque
1823 3401 2133 3448 manentem

527 3485 832 3542 'credamus
852 3496 909 3543 et
934 3487 1310 3552 conﬁteamur,
1332 3494 1386 3541 et
1422 3485 1476 3539 in
1524 3485 1639 3555 ipsa
1663 3483 2003 3538 confessione
2049 3484 2133 3538 di-

541 3579 663 3652 gnis
698 3578 964 3634 bonorum
1005 3591 1231 3647 operum
1265 3575 1514 3631 laudibus
1547 3589 1872 3630 veneremur
1906 3588 2030 3628 eum
2079 3581 2136 3630 et

539 3670 897 3742 praedicemus
926 3669 981 3724 in
1020 3676 1313 3739 conspectu
1361 3667 1594 3724 filiorum
1646 3665 1928 3722 hominum
1957 3665 2132 3736 ipsum

540 3776 662 3818 esse
701 3761 870 3816 lilium
898 3760 994 3816 Dei
1044 3759 1401 3831 unigenitum,
1433 3764 1719 3813 narrantes
1762 3756 1992 3810 virtutes
2019 3754 2136 3824 ejus

541 3859 598 3908 et
635 3851 902 3908 mirabilia
936 3852 1075 3922 ejus,
1105 3865 1225 3922 quae
1258 3850 1383 3906 fecit
1422 3849 1512 3919 qui
1560 3863 1681 3903 cum
1727 3847 1888 3902 Patre
1927 3855 1980 3901 et
2015 3847 2136 3918 Spi-

541 3943 652 3998 ritu
683 3951 873 4000 sancto
903 3943 1038 3998 vivit
1087 3951 1144 3999 et
1185 3951 1375 4013 regnat
1403 3941 1566 4006 Deus,
1600 3954 1697 4009 per
1726 3939 1908 3994 omnia
1937 3938 2133 3995 szecula

541 4030 881 4090 saeculorum.
924 4033 1116 4090 Amen.

1069 4165 1354 4224 HOMILIA
1387 4163 1595 4222 CXVI].

1201 4295 1359 4334 FEBIA
1397 4292 1474 4337 IV.

527 4390 730 4446 Lectio
777 4389 1030 4462 Epistolze
1084 4390 1227 4445 beati
1260 4389 1412 4445 Pauli
1460 4388 1690 4460 apostoli
1739 4390 1809 4444 ad
1856 4386 2130 4443 Hebraeos.

527 4497 532 4506 ’
619 4498 860 4567 Fratres,
884 4500 1133 4555 habemus
1154 4502 1400 4570 gratiam,
1424 4517 1515 4571 per
1528 4517 1682 4572 quam
1699 4501 1988 4554 serviamus
2014 4499 2134 4570 pla-

2239 3309 2458 3378 Pacem,
2489 3311 2686 3379 inquit,
2729 3325 2848 3363 cum
2879 3309 3118 3364 omnibus
3145 3307 3416 3363 sectamini
3453 3318 3503 3361 et
3531 3307 3838 3375 sanctiﬁca-

2236 3404 2466 3468 tionem,
2501 3418 2564 3456 ne
2591 3401 2710 3472 quis
2749 3399 3040 3470 fornicator
3084 3399 3161 3454 vel
3204 3399 3456 3470 pollutus.
3500 3398 3570 3452 Et
3615 3398 3836 3461 iterum,

2238 3491 2554 3562 fornicarios
2585 3501 2762 3545 autem
2800 3500 2848 3545 et
2883 3488 3150 3545 adulteros
3171 3489 3381 3560 judicat
3415 3488 3584 3544 Deus.
3625 3487 3746 3546 Sed
3769 3492 3839 3546 vi-

2236 3581 2460 3640 deamus
2509 3597 2654 3638 nunc
2681 3581 2915 3652 qualiter
2960 3580 3307 3637 honorabiles
3351 3595 3472 3636 esse
3525 3583 3755 3652 nuptis
3791 3583 3838 3638 in

2237 3674 2488 3731 omnibus
2536 3675 2684 3730 dicat
2708 3681 2763 3729 et
2790 3675 3044 3730 thronum
3090 3674 3494 3730 immaculatum
3521 3715 3538 3741 ,
3582 3677 3837 3747 quoniam

2236 3767 2490 3823 videlicet
2519 3767 2572 3821 in
2594 3767 2885 3822 sanctitate
2917 3766 3191 3836 pudicitia:
3214 3765 3691 3823 facitconversan'
3722 3769 3838 3824 ﬁde-

2237 3858 2362 3914 lem.
2393 3858 2492 3914 ﬂic
2520 3859 2686 3914 etiam
2714 3855 2928 3913 Judaeos
2950 3856 3130 3928 pulsat
3156 3897 3171 3924 ,
3223 3858 3316 3928 qui
3366 3857 3638 3927 pollutum
3688 3866 3837 3928 puta-

2237 3951 2368 4007 bant
2405 3949 2744 4021 conjugalem
2776 3949 3145 4015 concubitum,
3176 3957 3231 4004 et
3277 3949 3532 4006 dicebant
3578 3963 3653 4004 ex
3711 3953 3838 4010 lem

2235 4041 2483 4114 conjugis
2535 4051 2846 4114 surgentem
2883 4042 3146 4098 mundum
3191 4056 3299 4097 non
3349 4056 3508 4112 posse
3564 4055 3834 4103 constare.

2239 4133 2354 4189 Non
2378 4135 2542 4205 igitur
2560 4134 2820 4205 pollutum
2849 4143 2951 4199 est,
2986 4135 3130 4205 quod
3157 4150 3226 4190 ex
3266 4144 3462 4190 natura
3495 4139 3836 4203 conceditur,

2235 4244 2272 4284 o
2312 4229 2669 4300 ingratissimi
2698 4236 2753 4284 et
2786 4227 3204 4284 insensatissimi
3229 4226 3424 4293 Judaei,
3449 4227 3550 4283 sed
3595 4230 3752 4299 quod
3777 4245 3836 4286 ex

2235 4333 2404 4389 prava
2435 4317 2711 4374 voluntate
2739 4318 3036 4374 descendit.
3067 4317 3202 4372 Nam
3245 4317 3291 4373 si
3319 4317 3678 4375 honorabiles
3703 4336 3837 4391 qna-

2241 4409 2364 4464 dam
2399 4418 2528 4465 sunt
2550 4411 2772 4481 nuptiae,
2813 4410 3029 4465 mundae
3048 4409 3213 4464 etiam
3249 4418 3391 4464 sunt.
3415 4408 3531 4464 Cur
3562 4410 3753 4482 itaque
3778 4425 3837 4467 ex

2242 4499 2327 4554 his
2365 4500 2712 4570 pollutionem
2759 4499 2877 4556 fieri
2911 4499 3236 4556 existimatis
3261 4541 3276 4564 ,
3307 4510 3363 4555 et
3399 4501 3586 4571 primo
3633 4517 3838 4574 ponens

546 4600 714 4646 centes
737 4589 847 4646 Deo
871 4607 990 4646 cum
1022 4569 1167 4645 metu
1207 4599 1257 4644 et
1300 4569 1616 4656 reverentia;
1654 4589 1842 4645 etenim
1872 4588 2014 4643 Deus
2038 4605 2135 4643 no-
2162 4569 2216 4630 D
2242 4569 2556 4649 honorabile
2583 4593 2912 4648 connubium
2945 4592 3000 4648 in
3024 4593 3277 4648 omnibus
3302 4599 3358 4648 et
3396 4569 3839 4652 thorum'imma-

546 4694 652 4739 ster
671 4682 806 4755 ignis
835 4698 1144 4737 consumens
1173 4689 1270 4737 est.

617 4775 897 4844 Quomodo
946 4774 1072 4830 alibi
1127 4775 1282 4843 dixit,
1340 4789 1459 4846 quze
1515 4773 1767 4829 videntur
1820 4774 2136 4844 temporalia

529 4878 694 4936 sunt,
726 4883 847 4940 qua:
890 4883 1019 4924 vero
1050 4885 1156 4924 non
1197 4869 1451 4924 videntur
1491 4877 1712 4934 aeterna,
1748 4877 1804 4922 et
1832 4869 1955 4924 inde
1984 4885 2136 4924 sum-

533 4964 654 5032 ‘psit
679 4960 1072 5017 exhortationis
1108 4969 1162 5014 et
1187 4960 1574 5016 consolationis
1603 4971 2003 5032 argumentum,
2034 4976 2132 5032 pro

548 5051 703 5106 malis
724 5066 845 5122 quae
874 5050 926 5104 in
955 5050 1210 5122 praesenti
1253 5060 1494 5120 tempore
1525 5051 1834 5114 toleramus,
1868 5053 1947 5108 sic
1969 5054 2135 5107 etiam

549 5141 638 5195 hic
662 5141 807 5205 facit,
823 5156 889 5195 ac
903 5141 1056 5206 dicit,
1084 5139 1227 5192 firmi
1241 5140 1497 5195 debemus
1515 5141 1747 5196 existere
1763 5151 1819 5194 ut
1840 5143 2136 5197 habeamus

548 5237 802 5308 gratiam,
826 5238 928 5292 hoc
952 5245 1036 5292 est
1064 5235 1267 5308 gratias
1300 5249 1524 5306 agamus
1548 5237 1679 5301 Deo,
1711 5251 1817 5290 non
1842 5236 2015 5291 solum
2046 5236 2138 5291 de-

549 5328 741 5382 bemus
759 5329 1134 5397 aequanimiter
1163 5327 1307 5384 ferre
1334 5329 1617 5399 praesentia
1651 5328 1810 5393 mala,
1844 5330 1939 5384 sed
1969 5330 2132 5385 etiam

550 5417 752 5490 gratias
781 5417 856 5472 illi
884 5435 980 5488 pro
1010 5420 1204 5474 futuris
1247 5418 1404 5474 bonis
1440 5417 1651 5475 offerre.
1691 5416 1791 5472 Per
1815 5435 2004 5490 quam,
2054 5420 2137 5475 in-

551 5508 706 5577 quit,
754 5509 1038 5564 serviamus
1080 5511 1205 5565 bene
1237 5510 1495 5577 placentes
1533 5509 1662 5564 Deo.
1716 5509 1827 5565 Hoc
1887 5520 2007 5578 est,
2059 5510 2138 5568 sic

552 5594 751 5666 quippe
785 5595 1086 5666 placentes,
1107 5599 1218 5655 Deo
1265 5601 1534 5657 servimus
1586 5615 1709 5656 cum
1741 5601 1791 5656 ei
1825 5615 1921 5670 per
1955 5603 2137 5660 omnia

537 5686 739 5754 gratia:
761 5687 1090 5742 deteruntur.
1133 5687 1342 5756 Omnia,
1379 5692 1571 5762 inquit,
1605 5691 1760 5759 facite
1787 5733 1801 5756 ,
1855 5692 1966 5746 sine
1997 5710 2139 5747 mur-

556 5776 848 5832 muratione
874 5788 921 5832 et
946 5778 1057 5832 sine
1080 5779 1432 5850 'hwsitatione,
1459 5783 1601 5853 quod
1640 5783 1835 5854 quippe
1865 5785 1986 5854 quis
2008 5785 2136 5857 ope-

2243 4684 2505 4751 colatum,
2526 4683 2764 4740 ostendit
2802 4684 2929 4754 quia
2969 4681 3118 4752 juste
3144 4682 3467 4754 intulitque
3514 4694 3834 4754 sequuntur.

2246 4777 2304 4832 Si
2323 4778 2470 4832 enim
2497 4776 2826 4832 connubium
2851 4785 2938 4831 est
2961 4789 3280 4832 concessum
3299 4815 3314 4839 ,
3362 4773 3514 4844 juste
3540 4775 3835 4832 fornicator

2244 4867 2520 4937 suppliciis
2549 4865 2778 4922 afﬁcitur
2805 4906 2820 4930 ,
2856 4864 3001 4934 juste
3025 4865 3318 4936 punientur
3341 4864 3598 4920 adulteri.
3632 4863 3732 4920 Hic
3751 4864 3835 4920 ad-

2243 4953 2433 5015 versus
2460 4959 2742 5014 haereticos
2771 4959 3013 5023 dimicat,
3037 4967 3093 5014 et
3113 4959 3236 5015 vide
3258 4972 3422 5028 quam
3449 4959 3594 5014 bene
3628 4973 3737 5012 non
3758 4957 3832 5012 di-

2243 5052 2343 5116 xit,
2382 5051 2579 5105 iterum
2619 5049 2795 5104 nullus
2821 5050 3124 5113 sitavarus,
3153 5051 3248 5106 sed
3269 5049 3429 5104 simul
3448 5049 3659 5106 dicens.
3689 5049 3832 5104 Tunc

2245 5145 2423 5200 intulit
2450 5143 2612 5198 veluti
2645 5159 2931 5200 commune
2950 5143 3255 5210 consilium,
3279 5159 3386 5199 non
3408 5143 3556 5200 velut
3595 5144 3664 5199 ad
3691 5145 3829 5214 ipsos

2245 5237 2387 5292 solos
2413 5250 2691 5291 sermones
2718 5237 2975 5305 dirigens.

2231 5320 2233 5322 ’
2315 5328 2430 5386 Sint
2458 5345 2627 5383 mores
2651 5330 2763 5383 sine
2788 5331 3031 5395 avaritia,
3050 5332 3274 5387 contenti
3293 5319 3663 5401 pra’sentibus.
3687 5327 3826 5393 Sint,

2245 5419 2442 5490 inquit,
2464 5433 2633 5473 mores
2656 5421 2769 5474 sine
2791 5422 3039 5486 avaritia,
3057 5437 3165 5476 non
3189 5423 3323 5476 dixit
3344 5421 3511 5477 nolite
3533 5421 3823 5490 possidere,

2247 5509 2339 5565 sed
2365 5509 2469 5562 sint
2500 5524 2668 5562 mores
2704 5509 2816 5563 sine
2845 5510 3070 5564 avaritia
3093 5551 3107 5577 ,
3146 5511 3381 5566 ostendit
3432 5510 3823 5580 philosophiam

2246 5598 2507 5669 cujusque
2542 5599 2853 5656 voluntatis.
2906 5601 3120 5656 Etenim
3162 5616 3324 5670 supra
3355 5601 3588 5665 dixerat,
3620 5610 3669 5654 et
3695 5597 3824 5666 rapi-

2247 5709 2367 5746 nam
2390 5690 2804 5746 substantiarum
2827 5702 3114 5748 vestrarum
3145 5694 3482 5763 cum'gaudio
3509 5691 3821 5763 suscepistis,

2246 5787 2391 5843 unde
2437 5786 2674 5844 ostendit
2706 5801 2799 5841 eos
2829 5799 2936 5842 non
2965 5801 3087 5843 esse
3131 5785 3372 5842 avaritia:
3400 5772 3824 5842 diaditosfluste
