3960 6360
138 403 248 459 369

131 610 492 680 prementium,
525 609 669 680 quod
703 609 921 683 plurimi
961 620 1086 682 post
1125 612 1548 668 exinanitionem
1593 611 1717 666 sub-

132 703 460 759 stantiamm
489 717 732 769 suarum,
761 714 946 774 postea
971 703 1192 773 cupiunt
1214 703 1313 758 sub
1338 701 1558 756 obtentu
1583 701 1721 756 elee-
1820 693 1824 696 ’

135 809 382 866 mosynae
417 793 613 849 iterum
661 809 987 866 congregare
1028 793 1264 859 divitias,
1311 801 1592 864 propterea
1640 794 1722 848 in-

133 887 278 958 quit,
307 887 412 942 sint
441 903 610 943 mores
637 888 748 944 sine
773 889 1016 955 avaritia,
1043 889 1145 945 hoc
1170 897 1270 953 est,
1296 895 1356 943 ut
1373 887 1499 942 illud
1531 903 1722 959 exspe-

105 991 355 1058 QCtemus
394 980 536 1052 quod
587 980 709 1037 usui
747 995 884 1053 opus
921 979 1124 1050 fuerit,
1169 991 1223 1038 et
1265 998 1364 1054 pro
1399 980 1720 1038 necessariis

106 1059 352 1128 tantum
392 1088 579 1130 curam
615 1087 884 1144 geramus.
938 1073 1093 1142 Quod
1141 1089 1269 1146 ergo
1313 1073 1444 1130 dicit
1483 1072 1678 1145 aliquis
1700 1113 1718 1140 ,

132 1167 254 1222 sive
298 1168 534 1238 ipsorum
564 1168 996 1224 necessariorum
1025 1169 1180 1225 nobis
1211 1169 1488 1240 contingat
1523 1169 1722 1226 habere

131 1256 417 1329 suffragia,
441 1273 548 1313 non
576 1258 804 1322 esthoc,
835 1257 996 1314 crede
1023 1257 1177 1325 mihi,
1207 1267 1437 1316 nonest.

207 1348 334 1418 Ipse
363 1348 561 1419 quippe
589 1347 761 1402 dixit:
785 1347 908 1402 Non
947 1359 996 1403 te
1027 1349 1286 1415 deseram,
1314 1367 1475 1422 neque
1504 1348 1724 1404 derelin-

131 1454 332 1510 quam;
361 1438 433 1491 ita
468 1447 522 1491 ut
546 1437 864 1507 conﬁdenter
887 1438 1124 1494 dicamus
1149 1456 1169 1494 :
1188 1439 1445 1494 Dominus
1478 1440 1607 1494 mihi
1631 1439 1724 1494 ad-

125 1529 286 1598 jutor
308 1537 414 1595 est,
442 1546 545 1585 non
565 1530 751 1586 timebo
771 1531 896 1602 quid
926 1531 1089 1601 faciat
1121 1533 1248 1586 mihi
1277 1534 1449 1588 homo.
1500 1533 1718 1600 lterum,

133 1620 192 1673 in
231 1620 615 1677 tentationibus
641 1621 973 1679 consolatio:
1000 1623 1116 1695 ipse
1136 1624 1332 1696 quippe
1357 1625 1490 1680 dixit
1517 1635 1571 1681 et
1599 1642 1723 1697 pro-

133 1711 287 1767 tinus
316 1711 458 1767 nulla
498 1713 710 1768 ratione
750 1713 1027 1781 mentitus,
1060 1715 1312 1785 quoniam
1354 1725 1402 1770 te
1441 1733 1545 1770 non
1581 1718 1726 1772 dere-

131 1803 391 1875 linquam,
423 1803 647 1874 proinde
685 1821 806 1860 cum
837 1805 1158 1862 conﬁdentia
1196 1823 1295 1863 nos
1324 1808 1502 1864 dicere
1527 1823 1722 1879 possu-

1225 402 1530 462 HOMILUE
1569 401 1634 458 IN
1673 370 1926 460 EvANG.
1969 401 2056 459 ET
2094 401 2314 460 EPIST.

133 535 272 590 ergo
302 534 398 574 eos
429 518 680 575 admonet
703 559 718 586 ,
770 520 1162 590 sufﬁcientiam,
1208 519 1412 589 inquit,
1477 519 1722 573 habentes
1749 521 1802 580 Α

3295 405 3405 471 370

2333 513 2614 572 uomuit
2658 509 2882 576 cxvm.
2919 495 2984 600 ς’

2386 622 2517 662 ιτει
2564 623 2723 664 l-‘EBIA
2760 625 2834 665 IV.

1939 715 2124 772 Lectio
2160 715 2330 772 sancti
2369 715 2645 789 Evangelii
2683 719 2979 776 secundum
3015 719 3275 779 Marcum.

1892 831 1958 886 In
2005 830 2098 885 illo
2127 841 2371 902 tempore,
2397 847 2516 886 cum
2548 847 2784 902 egressus
2808 843 2938 888 esset
2968 831 3124 890 Iesus
3155 835 3211 890 in
3241 834 3404 902 viam,

1816 901 2382 976 procurrensquidam
2417 918 2550 972 genu
2578 901 2722 976 ﬂexo
2748 914 2878 976 ante
2918 905 3292 976 eumgrogabat
3328 901 3406 960 di;

1818 970 2261 1043 censibfagis’ter
2297 970 2455 1038 bone,
2499 970 2624 1043 quid
2654 974 2847 1043 faciam
2878 983 2934 1028 ut
2964 971 3121 1030 vitam
3137 970 3406 1031 'a’ternam

1816 1042 2097 1113 percipiant
2110 1041 2141 1096 ⁷2

1887 1152 2166 1218 Audierat,
2198 1153 2383 1218 credo,
2414 1153 2518 1210 iste
2544 1154 2802 1223 quaesitor
2839 1155 2966 1210 vita:
2999 1163 3215 1210 interna:
3242 1168 3273 1209 a
3300 1153 3408 1210 Do-

1817 1241 1987 1310 mino,
2021 1250 2228 1298 tantum
2257 1258 2352 1299 eos
2378 1243 2470 1314 qui
2501 1243 2849 1313 parvulorum
2881 1242 3049 1299 velint
3092 1259 3215 1299 esse
3252 1242 3404 1299 simi-

1819 1332 1916 1400 les,
1953 1334 2144 1404 dignos
2180 1349 2303 1391 esse
2330 1333 2551 1390 introitu
2592 1334 2744 1406 regni
2781 1335 3038 1401 caelestis,
3088 1343 3250 1404 atque
3285 1333 3411 1389 ideo

1820 1442 2004 1484 curam
2060 1443 2256 1500 gerens
2313 1435 2572 1483 tractatus
2621 1429 2870 1484 certioris
2917 1428 3091 1498 possit
3143 1428 3246 1484 sibi
3299 1444 3410 1482 non

1819 1530 1918 1585 per
1953 1516 2270 1586 parabolas,
2325 1517 2419 1572 sed
2461 1525 2647 1586 aperte
2691 1517 2887 1588 quibus
2932 1532 3157 1589 operum
3203 1516 3412 1572 meritis

1822 1608 1993 1663 vitam
2034 1617 2294 1664 aeternam
2331 1609 2587 1680 consequi
2624 1611 2796 1680 possit
2840 1611 3054 1682 exponi.
3334 1679 3343 1688 ⁸

1891 1700 2046 1756 Iesus
2101 1711 2273 1756 autem
2335 1701 2469 1756 dixit
2523 1703 2622 1756 ei:
2657 1701 2798 1768 Quid
2855 1719 2934 1758 me
2988 1703 3120 1758 dicis
3175 1704 3413 1759 bonum?

1826 1791 1995 1846 Nemo
2019 1792 2182 1846 bonus
2210 1791 2310 1846 nisi
2330 1808 2465 1845 unus
2490 1791 2646 1846 Deus.
2683 1792 2817 1858 Quia
2840 1793 3156 1864 magistrum
3179 1809 3410 1850 vocave-

133 1910 284 1960 ωιιε,
314 1893 568 1950 Domina.
594 1896 723 1950 mihi
748 1895 966 1966 adjugor
993 1906 1092 1963 εει,
1132 1913 1237 1952 non
1274 1899 1460 1954 timebo
1487 1899 1611 1970 quid
1641 1900 1724 1970 fa.
1751 1879 1799 1939 B
1827 1891 1910 1939 rat
1949 1884 2149 1939 bonum
2186 1893 2242 1938 et
2277 1899 2385 1940 non
2436 1884 2603 1939 Deum
2651 1885 2736 1937 vel
2779 1885 2874 1940 Dei
2918 1884 3086 1941 lilium
3133 1885 3414 1942 confessus

135 1988 242 2041 ciat
265 1986 392 2041 mihi
416 1987 590 2042 homo.
637 1986 970 2043 Promissum
998 1989 1186 2055 habes,
1212 2005 1318 2045 non
1354 1990 1518 2046 debes
1558 1992 1721 2048 haesi-

137 2085 278 2133 tare.
328 2077 446 2148 Ipse
471 2078 720 2148 promisit
746 2093 857 2134 non
888 2079 1152 2150 ambigas,
1179 2081 1324 2151 quod
1343 2091 1525 2136 autem
1550 2082 1682 2138 dicit
1707 2123 1723 2151 ,

136 2186 245 2224 non
286 2178 335 2223 te
367 2169 723 2240 derelinquam
753 2187 772 2225 :
800 2185 907 2227 non
937 2171 1001 2226 de
1037 2172 1280 2242 pecuniis
1324 2181 1533 2229 tantum
1573 2174 1725 2242 dicit,

136 2260 236 2316 sed
267 2261 430 2316 etiam
455 2261 522 2316 de
543 2261 662 2316 aliis
694 2263 926 2318 cunctis.
956 2261 1234 2329 Dominus,
1262 2264 1457 2335 inquit,
1478 2266 1606 2320 mihi
1627 2267 1726 2320 ad-

129 2354 288 2426 jutor
312 2364 410 2420 est,
439 2371 542 2408 non
572 2355 758 2410 timebo
782 2355 907 2427 quid
937 2356 1095 2426 faciat
1124 2357 1252 2410 mihi
1278 2357 1454 2424 homo,
1483 2365 1538 2412 et
1559 2369 1724 2426 recte,

139 2447 246 2501 hoc
284 2445 448 2516 igitur
479 2447 643 2502 etiam
681 2464 781 2505 nos
809 2448 864 2503 in
898 2448 1166 2504 universis
1211 2451 1593 2507 tentationibus
1630 2468 1727 2507 ex-

138 2537 476 2604 clamemus,
521 2547 576 2594 et
619 2538 790 2596 Deum
834 2539 1096 2596 habentes
1146 2542 1440 2611 propitium
1493 2543 1728 2600 humana

137 2627 324 2682 omnia
350 2627 691 2686 irrideamus.
737 2628 889 2687 Sicut
920 2631 1065 2686 enim
1104 2631 1218 2687 Deo
1257 2632 1570 2702 indignante
1598 2632 1730 2688 nihil

137 2720 304 2776 nobis
349 2720 611 2790 proderit,
665 2737 731 2778 ac
777 2722 824 2778 si
878 2723 1056 2778 cuncti
1094 2724 1255 2779 amici
1297 2725 1613 2791 consistant,
1653 2725 1732 2780 sic

136 2812 313 2867 etiam
353 2811 464 2868 Deo
501 2828 600 2868 nos
640 2813 895 2886 diligente
934 2813 1079 2869 nulla
1104 2814 1258 2871 nobis
1285 2816 1389 2872 erit
1416 2816 1729 2883 necessitas,

139 2899 297 2956 nulla
343 2901 509 2968 laesio,
552 2917 616 2958 ac
646 2904 693 2960 si
732 2919 831 2959 nos
861 2903 1042 2960 cuncti
1067 2905 1336 2960 hostiliter
1358 2906 1730 2976 insequantur.

142 2989 275 3046 Non
302 2993 506 3061 timebo,
532 2993 728 3065 inquit,
756 2996 882 3068 quid
907 2997 1074 3066 faciat
1100 2997 1230 3051 mihi
1253 2998 1426 3053 homo.

121 3099 128 3106 '
216 3081 528 3140 Mementote
548 3089 948 3157 prwpositorum
981 3097 1266 3143 vestrorum
1291 3091 1382 3160 qui
1408 3091 1547 3146 vobis
1571 3091 1730 3146 locuti

139 3184 265 3230 sunt
305 3175 513 3230 verbum
547 3177 674 3243 Dei;
703 3195 926 3248 quorum
958 3181 1215 3235 intuentes
1240 3183 1434 3237 exitum
1460 3199 1730 3239 conversa-

1826 1985 1966 2041 erat,
2015 1976 2175 2032 discit
2218 1976 2461 2045 quamvis
2503 1985 2751 2031 sanetum
2790 1977 3084 2044 hominem,
3132 1994 3416 2050 compara-

1825 2068 1974 2123 tione
1997 2067 2093 2121 Dei
2120 2083 2225 2122 non
2253 2081 2372 2123 esse
2404 2067 2624 2120 bonum.
2663 2065 2738 2120 De
2769 2082 2876 2136 quo
2916 2067 3113 2122 dicitur
3143 2086 3156 2121 :
3182 2064 3414 2137 Con/ite—

1825 2157 1958 2211 mini
2011 2156 2236 2211 Domino
2290 2157 2536 2226 quoniam
2581 2155 2762 2210 bonus.
2830 2157 2980 2213 Unus
3035 2166 3214 2214 autem
3272 2159 3416 2214 Deus

1825 2246 2000 2303 bonus
2029 2263 2133 2301 non
2162 2255 2314 2316 pater
2343 2245 2486 2302 solus
2512 2247 2888 2317 intelligendus
2913 2257 3017 2315 est,
3045 2249 3142 2305 sed
3179 2257 3233 2304 et
3276 2249 3418 2306 ﬁlius

1827 2337 1919 2408 qui
1968 2337 2134 2393 dicit:
2165 2337 2278 2407 Ego
2322 2354 2438 2391 sum
2482 2334 2675 2391 Pastor
2720 2338 2903 2404 bonus,
2947 2339 3043 2395 sed
3086 2348 3142 2395 et
3184 2339 3418 2409 Spiritus

1828 2436 2068 2492 sanctus,
2091 2427 2216 2497 quia
2241 2424 2403 2480 Pater
2423 2427 2486 2481 de
2508 2426 2633 2482 coelo
2659 2427 2804 2481 dabit
2831 2428 3074 2498 spiritum
3107 2429 3297 2482 bonum
3329 2446 3418 2499 pe-

1829 2519 2050 2572 tentibus
2096 2535 2169 2572 se.
2219 2517 2276 2572 ld
2321 2527 2424 2583 est,
2467 2519 2580 2588 ipsa
2617 2535 2723 2572 una
2761 2529 2815 2574 et
2854 2519 3128 2574 individua
3157 2519 3416 2584 Trinitas,

1828 2608 2010 2675 Pater,
2039 2617 2094 2664 et
2143 2607 2332 2676 Filius,
2381 2617 2438 2665 et
2476 2609 2708 2679 Spiritus
2740 2618 2980 2677 sanctus,
3024 2610 3168 2666 solus
3195 2619 3252 2666 et
3277 2625 3417 2666 unus

1827 2701 1976 2758 Deus
2015 2704 2189 2758 bonus
2223 2711 2328 2758 est.
2388 2701 2502 2756 Non
2542 2703 2705 2772 igitur
2732 2703 2992 2759 Dominus
3015 2719 3072 2759 se
3098 2703 3298 2759 bonum
3325 2718 3420 2758 ne-

1829 2804 1952 2866 gat,
1972 2812 2044 2852 se
2071 2810 2192 2851 esse
2220 2795 2390 2852 Deum
2417 2796 2702 2867 signiﬁcat.
2750 2797 2868 2854 Non
2895 2814 2954 2854 se
2980 2798 3294 2870 magistrum
3321 2796 3419 2851 bo-

1828 2902 1955 2941 num
1997 2903 2102 2942 non
2133 2902 2282 2953 esse,
2328 2888 2421 2942 sed
2459 2889 2780 2959 magistrum
2817 2890 3021 2962 absque
3057 2890 3169 2947 Deo
3208 2888 3418 2946 nullum

1828 2978 2032 3035 bonum
2076 2994 2196 3034 esse
2238 2988 2489 3034 testatur.

1902 3068 2175 3142 Prtecepta
2199 3073 2336 3126 nosti
2358 3086 2376 3124 :
2400 3072 2484 3127 Ne
2503 3073 2787 3142 adulteres,
2811 3074 2896 3129 Ne
2917 3075 3143 3142 occidas,
3167 3074 3249 3130 Ne
3271 3075 3419 3144 fure-

1828 3162 1922 3228 ris,
1947 3159 2032 3217 Ne
2043 3160 2237 3233 falsum
2256 3165 2606 3218 testimonium
2627 3165 2842 3229 dixeris,
2862 3163 2945 3219 Ne
2957 3164 3196 3233 fraudem
3209 3164 3416 3235 feceris,

140 3265 322 3332 tionis,
347 3265 627 3322 imitamini
649 3231 828 3337 ﬁdem.
875 3269 934 3325 In
963 3271 1067 3327 hoc
1088 3270 1208 3328 loco
1236 3273 1399 3329 etiam
1426 3275 1492 3330 de
1516 3275 1729 3346 adjuto-
1757 3231 1803 3298 ο
1834 3255 2054 3311 Honora
2085 3265 2286 3327 Patrem
2311 3265 2458 3310 tuum
2486 3267 2532 3311 et
2565 3266 2804 3312 matrem-
2843 3257 2971 3314 Haec
2990 3266 3073 3313 est
3093 3257 3315 3329 puerilis
3339 3257 3420 3312 in-

141 3357 228 3414 rio
261 3357 317 3412 in
353 3358 549 3415 fratres
592 3375 716 3415 eum
755 3360 1006 3418 existimo
1047 3363 1228 3420 dicere
1265 3383 1278 3420 :
1312 3366 1416 3421 hoc
1459 3375 1544 3421 est
1589 3366 1732 3422 enim

141 3450 290 3520 quod
320 3452 470 3518 dicit,
509 3453 598 3524 qui
626 3453 766 3509 vobis
788 3453 947 3509 locuti
977 3465 1098 3510 sunt
1125 3458 1336 3512 verbum
1361 3457 1482 3525 Dei,
1509 3475 1732 3530 quorum

141 3541 549 3612 contemplantes
577 3543 773 3597 exitum
812 3547 1217 3600 conversationis
1246 3546 1522 3602 imitamini
1550 3548 1730 3617 ﬁdem.

141 3631 286 3700 Quid
305 3642 390 3688 est
415 3634 882 3704 contemplantes?
908 3636 1102 3708 saepius
1141 3638 1320 3694 animo
1350 3648 1649 3707 versantes,
1677 3649 1734 3696 et

143 3723 289 3793 apud
315 3726 670 3796 nosmetipsos
690 3727 1084 3795 examinantes,
1115 3729 1541 3796 considerantes,
1563 3731 1735 3786 subti-

141 3814 275 3870 liter
310 3814 683 3882 discutientes,
725 3817 920 3887 inquit,
957 3819 1154 3873 exitum
1182 3819 1605 3885 conversationis,
1630 3819 1736 3877 hoc

141 3914 252 3975 est,
279 3909 738 3977 perseverantiam
764 3924 935 3980 usque
976 3910 1031 3966 in
1061 3910 1243 3978 ﬁnem,
1280 3913 1534 3983 quoniam
1571 3913 1734 3969 linem

121 3999 339 4054 habuit
361 4000 558 4056 bonum
579 4015 769 4056 eorum
788 4001 1144 4068 conversatio,
1169 4000 1436 4073 Optimam
1454 4003 1733 4073 intuentes,

141 4087 347 4158 inquit,
370 4103 549 4143 eorum
569 4091 726 4144 vitam
747 4089 1026 4145 imitamini
1045 4090 1224 4160 fidem.
1269 4091 1348 4147 Ex
1374 4093 1484 4147 vita
1509 4093 1730 4160 munda,

113 4180 318 4237 ﬁdem
346 4180 612 4235 ﬁrmatam
653 4182 816 4249 dicit;
851 4181 1164 4252 quomodo?
1213 4183 1468 4253 quoniam
1507 4184 1735 4239 credunt

142 4273 218 4328 de
247 4269 470 4327 futuris.
517 4269 633 4328 Non
660 4272 804 4328 enim
834 4273 1180 4330 ostenderent
1207 4272 1376 4330 vitam
1403 4274 1660 4331 mundam
1688 4275 1735 4332 si

143 4363 474 4420 hzesitarent
493 4364 558 4419 de
583 4363 801 4421 futuris.

127 4477 130 4482 ·
218 4453 378 4510 Iesus
416 4451 654 4510 Christus
689 4456 803 4510 heri
839 4465 888 4510 et
924 4455 1100 4523 hodie,
1138 4457 1245 4527 ipse
1271 4459 1328 4512 in
1352 4457 1546 4514 stecula
1569 4474 1736 4516 siccu-

116 4547 344 4600 -lorum.
376 4543 508 4601 Heri
530 4559 690 4602 omne
715 4546 1048 4617 praeteritum
1075 4547 1344 4618 signiﬁcat
1375 4557 1606 4620 tempus,
1640 4551 1736 4606 ho-

147 4638 240 4694 die
262 4651 504 4706 praesens
529 4651 597 4693 ex
625 4639 825 4693 saecula
848 4637 1186 4708 siliculorum,
1217 4638 1456 4696 futurum
1479 4642 1596 4697 sine
1620 4650 1732 4697 ter-

122 4727 324 4782 mino.
361 4725 643 4796 Tanquam
681 4727 728 4782 si
758 4727 984 4795 diceret,
1020 4729 1260 4787 Audistis
1287 4731 1614 4801 pontiﬁcem,
1645 4735 1737 4791 sed

149 4835 261 4875 non
302 4818 611 4890 pontiﬁcem
649 4819 744 4889 qui
783 4820 996 4876 desinat
1022 4834 1164 4888 esse,
1207 4837 1418 4893 semper
1457 4824 1597 4881 idem
1624 4825 1740 4896 ipse

148 4920 256 4966 est.
316 4910 495 4968 Veluti
522 4910 568 4966 si
593 4920 779 4967 essent
800 4910 1018 4981 quidam
1041 4912 1133 4982 qui
1159 4912 1419 4978 dicei‘cnt,
1451 4916 1593 4984 quod
1631 4931 1739 4971 non

151 5014 255 5070 est,
303 5006 398 5061 sed
434 5005 571 5062 alter
598 5012 859 5060 venturus
886 5013 988 5060 est.
1019 5003 1103 5060 Ad
1128 5005 1233 5060 hoc
1269 5004 1566 5075 respondit,
1596 5005 1741 5076 quod

152 5097 248 5168 qui
290 5096 391 5151 fuit
437 5097 556 5152 heri
595 5096 710 5168 ipse
739 5095 900 5152 hodie
929 5104 984 5151 et
1014 5097 1068 5151 in
1096 5097 1371 5164 saeculum,
1402 5113 1528 5152 nam
1554 5097 1740 5154 hodie-

131 5197 259 5256 ’que
313 5185 481 5241 Judaei
529 5186 714 5242 dicunt
761 5184 926 5240 alium
971 5199 1093 5240 esse
1144 5194 1434 5242 venturum
1493 5194 1742 5257 expertes

153 5280 512 5350 semetipsos,
549 5279 618 5334 ab
655 5292 722 5335 eo
757 5277 1027 5334 redientes
1061 5277 1152 5347 qui
1186 5293 1349 5334 verus
1384 5285 1471 5335 est
1501 5277 1741 5349 pontifex

131 5369 562 5426 declinaverunt
600 5370 655 5425 in
699 5385 964 5437 errorem,
1009 5377 1069 5424 ut
1117 5368 1510 5426 Antichristum
1552 5379 1742 5441 putent

133 5460 274 5519 'esse
329 5471 655 5531 venturum;
706 5478 868 5534 quem
922 5477 1164 5519 errorem
1221 5462 1526 5533 quicunque
1577 5478 1736 5518 secu-

137 5551 243 5611 tus
286 5555 474 5622 fuerit,
517 5557 564 5612 si
612 5573 719 5613 non
758 5572 818 5612 se
863 5556 1182 5622 correxerit,
1221 5572 1320 5611 nec
1364 5555 1737 5625 paenitentiam

151 5645 477 5722 condignam
503 5651 626 5707 inde
655 5651 846 5726 egerit,
876 5651 1074 5708 inferni
1095 5651 1395 5707 cruciatum
1414 5649 1562 5706 nullo
1579 5650 1739 5707 modo

136 5742 388 5802 evadere
409 5745 624 5815 poterit.

1833 3349 2098 3405 nocentiae
2126 3350 2368 3415 castitas,
2399 3365 2520 3420 quae
2546 3350 2703 3406 nobis
2731 3350 2989 3406 imitanda
3022 3349 3342 3420 proponitur
3376 3350 3423 3406 si

1835 3457 2062 3514 regnum
2089 3441 2185 3498 Dei
2220 3442 2467 3498 volumus
2494 3443 2718 3498 intrare.
2771 3441 3075 3498 Notandum
3110 3455 3241 3502 sane
3278 3440 3425 3510 quod

1825 3529 2033 3601 justitia
2062 3531 2195 3605 legis
2221 3547 2317 3588 suo
2341 3539 2584 3604 tempore
2612 3531 2904 3599 custodita,
2946 3546 3052 3588 non
3085 3529 3258 3588 solum
3282 3531 3424 3586 bona

1832 3633 2012 3692 terrae,
2052 3639 2242 3680 verum
2273 3625 2440 3682 etiam
2485 3623 2599 3682 suis
2640 3623 2936 3681 cultoribus
2971 3624 3141 3681 vitam
3179 3621 3426 3680 confere-

1833 3717 1928 3772 bat
1969 3724 2251 3772 aeternam.

1903 3809 1975 3864 Et
2033 3809 2124 3865 ille
2176 3811 2492 3881 respondens
2553 3812 2628 3866 ait
2673 3827 2693 3868 .°
2736 3810 2989 3884 Magister
3022 3852 3038 3880 ,
3092 3813 3203 3872 huic
3249 3810 3428 3867 omnia

1833 3901 2092 3955 observavi
2153 3917 2186 3955 a
2239 3901 2509 3970 juventute
2563 3917 2698 3957 mea.
2765 3901 2921 3958 Iesus
2977 3914 3150 3959 autem
3207 3903 3428 3958 intuitus

1831 4009 1969 4059 eum,
2019 3993 2199 4048 dilexit
2247 4011 2390 4061 eum,
2438 4003 2487 4050 et
2535 3994 2670 4050 dixit
2721 3995 2802 4049 illi
2843 4012 2861 4051 :
2901 3992 3077 4050 Unum
3122 3995 3215 4049 tibi
3264 3996 3425 4050 deest.

1833 4082 1952 4140 Non
1999 4093 2083 4140 est
2132 4085 2404 4155 putandus
2460 4085 2621 4142 homo
2682 4085 2785 4140 iste
2830 4085 2913 4141 vel
2971 4094 3095 4140 voto
3146 4087 3426 4151 tentantis,

1833 4183 1893 4230 ut
1943 4175 2161 4245 quidam
2223 4186 2482 4248 putavere
2507 4215 2523 4242 ,
2572 4175 2860 4232 Dominum
2911 4177 3314 4247 interrogasse,
3367 4185 3425 4232 et

1835 4267 1903 4323 de
1943 4282 2040 4321 sua
2091 4281 2213 4323 esse
2259 4267 2368 4322 vita
2406 4266 2664 4323 mentitus
2691 4307 2708 4334 ,
2743 4281 2869 4322 cum
2907 4281 2967 4323 se
3000 4265 3136 4338 legis
3179 4267 3431 4322 mandata

1835 4360 2136 4418 custodisse
2177 4360 2416 4427 dicebat,
2468 4359 2565 4417 sed
2607 4360 2926 4431 simpliciter
2969 4369 3032 4416 ut
3067 4359 3264 4416 vixerit
3309 4372 3432 4417 esse

1840 4454 2141 4522 confessus,
2169 4455 2296 4524 quia
2343 4454 2390 4510 si
2431 4454 2712 4509 mendacio
2750 4463 2840 4509 aut
2870 4452 3243 4531 .simulationis
3286 4468 3431 4509 noxa

1841 4560 1964 4600 reus
2010 4553 2305 4612 teneretur,
2357 4559 2699 4615 nequaquam
2746 4544 2973 4601 intuitus
3012 4559 3209 4601 arcana
3251 4545 3431 4600 cordis

1838 4639 1954 4709 ejus
1985 4638 2209 4710 diligere
2248 4639 2519 4694 diceretur
2545 4635 2722 4694 Jesus.
2768 4637 2952 4710 Diligit
2990 4639 3136 4695 enim
3172 4637 3431 4694 Dominus

1838 4744 1932 4785 eos
1962 4729 2052 4798 qui
2091 4727 2348 4784 mandata
2372 4728 2527 4799 legis,
2561 4727 2808 4798 quamvis
2832 4729 3066 4796 minora,
3096 4729 3427 4794 custodiunt,

1841 4823 1935 4880 sed
1965 4822 2316 4879 nihilominus
2344 4821 2488 4891 quod
2522 4821 2577 4875 in
2615 4821 2733 4892 lege
2768 4821 2948 4878 minus
2985 4820 3185 4888 fuerat,
3223 4821 3308 4877 bis
3337 4820 3432 4891 qui

1839 4914 2067 4988 perfecti
2109 4929 2232 4970 esse
2279 4913 2590 4969 desiderant
2633 4913 2916 4970 ostendit:
2951 4915 3078 4985 quia
3124 4929 3232 4969 non
3283 4912 3432 4968 venit

1842 5008 2051 5064 solvere
2071 5005 2244 5078 legem
2268 5013 2360 5060 aut
2381 5006 2693 5076 prophetas,
2718 5007 2812 5062 sed
2833 5006 3146 5075 adimplere.
3165 5005 3246 5060 Ad
3266 5019 3431 5075 quam

1839 5100 2083 5174 profecto
2137 5099 2574 5169 adimpletionem
2614 5098 2880 5170 pertinet,
2917 5099 3062 5156 ouod
3104 5097 3195 5154 hic
3241 5112 3434 5153 consc-

1840 5199 2069 5264 quenter
2106 5189 2365 5261 adiungit.

1920 5282 2086 5350 Vade,
2109 5299 2431 5354 qutccunque
2461 5281 2618 5336 habes
2644 5282 2804 5336 vende
2835 5287 2885 5335 et
2913 5279 2984 5334 da
3009 5279 3350 5349 pauperibus,
3382 5288 3431 5333 et

1833 5369 2049 5430 habebis
2075 5372 2378 5426 thesaurum
2410 5371 2466 5426 in
2494 5370 2652 5436 caelo;
2678 5380 2726 5425 et
2753 5370 2889 5437 veni,
2916 5385 3128 5440 sequere
3150 5386 3249 5424 me.
3297 5369 3430 5436 Qui-

1843 5479 2054 5534 cunque
2097 5460 2371 5534 perfectus
2409 5477 2530 5518 esse
2577 5461 2811 5517 voluerit
2857 5457 3016 5518 debet
3047 5461 3283 5518 vendere
3312 5474 3434 5529 quas

1840 5555 2022 5623 habet,
2053 5564 2110 5613 et
2139 5573 2246 5612 non
2271 5571 2337 5611 ex
2365 5563 2520 5626 parte
2560 5553 2791 5610 vendere
2809 5593 2826 5621 ,
2860 5553 3001 5610 sicut
3025 5553 3266 5608 Ananias
3306 5544 3431 5607 fecit

1840 5659 1896 5703 et
1933 5647 2186 5720 Saphira,
2231 5649 2327 5705 sed
2352 5657 2523 5704 totum
2563 5647 2814 5711 vendere,
2845 5655 2918 5713 et,
2960 5661 3084 5702 cum
3103 5642 3432 5720 vendiderit,

1842 5725 1970 5797 dare
2000 5755 2162 5796 omne
2189 5739 2516 5811 pauperibus
2535 5779 2550 5806 ,
2573 5746 2629 5794 et
2647 5737 2726 5794 sic
2749 5738 2854 5796 sibi
2880 5751 3187 5810 praeparare
3211 5733 3432 5792 thesau-

1843 5827 1965 5892 rum
2002 5832 2059 5891 in
2096 5848 2261 5904 regno
2291 5830 2571 5890 caelorum.
2624 5830 2735 5890 Nec
2777 5832 2878 5889 hoc
2926 5830 2995 5888 ad
3037 5827 3426 5896 perfectionem
