3960 6360
140 308 255 364 373

1007 287 1048 302 "
1151 274 1156 276 ν
1249 276 2362 390 nouumIlv"iivs1ie;'ur‘erisr.'
2465 281 2518 307 "

3331 279 3437 364 su

139 434 275 482 eum
334 403 591 477 diabolus
633 409 881 493 accipiet
949 428 1269 491 potestatem
1322 424 1392 480 ad
1441 426 1743 496 approban-r
1846 431 1995 494 recte
2017 430 2242 495 possunt
2269 401 2496 493 intelligl
2521 407 2646 480 cum
2672 405 2964 500 ait,'cupio'
2985 405 3200 500 dissolvi
3233 391 3283 504 et
3325 436 3436 484 esse

139 513 278 578 duim
330 519 562 580 tantum,
613 527 723 570 non
772 520 953 570 autem
997 511 1067 568 ad
1107 513 1439 584 perdendum
1487 515 1736 586 accipiet.

216 603 288 664 Et
311 611 556 664 exeuntes
575 604 789 684 spiritus
817 604 1070 663 immundi
1092 595 1406 668 introierunt
1433 606 1486 661 in
1510 623 1694 680 porcos
1709 625 1737 672 ,ε

137 708 188 752 et
212 693 404 769 magno
427 698 619 766 impetu
641 713 768 767 grex
795 698 1149 770 prtecipitatus
1184 707 1256 778 est
1288 700 1342 754 in
1370 687 1514 768 mare
1537 701 1608 756 ad
1628 701 1745 778 duo

136 784 315 839 millia
343 827 358 852 ,
396 795 447 840 et
494 786 740 854 suffocati
775 798 894 844 sunt
932 788 987 843 in
1023 788 1179 844 mari.
1233 775 1516 860 Significat
1558 775 1738 846 autem

134 877 268 944 hoc,
301 880 444 950 quod
472 877 587 948 jam
614 879 909 939 clarificata
934 882 1178 958 Ecclesia
1205 892 1261 939 et
1285 883 1515 939 liberato
1541 885 1739 956 populo

132 973 382 1042 gentium
405 988 436 1028 a
459 973 826 1037 dominatione
845 964 1253 1043 dzemoniorum,
1276 976 1332 1033 in
1354 977 1552 1038 abditis
1569 986 1739 1052 agunt

129 1059 434 1136 sacrilegos
460 1064 596 1127 ritus
622 1081 770 1142 Suos,
810 1068 899 1138 qui
937 1065 1152 1138 Christo
1187 1069 1409 1128 credere
1451 1069 1738 1128 noluerunt

129 1172 283 1212 caeca
308 1165 360 1213 et
389 1157 654 1228 profunda
678 1159 992 1234 curiositate
1009 1161 1296 1234 submersi.
1346 1161 1415 1218 Et
1435 1163 1737 1220 notandum

129 1246 281 1317 quod
320 1247 543 1319 spiritus
574 1248 835 1310 immundi
865 1266 964 1310 nec
996 1250 1048 1309 in
1076 1267 1270 1324 porcos
1311 1252 1472 1322 irent,
1501 1255 1602 1310 nisi
1634 1256 1737 1314 hoc

130 1336 240 1394 illis
270 1338 540 1412 benignus
560 1337 675 1418 ipse
699 1339 953 1400 Salvator
980 1341 1306 1414 petentibus,
1342 1359 1478 1414 quos
1506 1351 1653 1402 certe
1679 1344 1736 1400 in

127 1417 392 1499 abyssum
415 1439 595 1498 posset
625 1430 891 1510 relegare,
923 1433 1266 1490 concederet.
1317 1433 1454 1490 Rem
1484 1449 1736 1492 necessa-

127 1519 272 1576 riam
315 1521 509 1580 docere
545 1536 645 1578 nos
684 1521 893 1590 volens,
933 1532 992 1580 ut
1040 1523 1247 1582 scilicet
1289 1524 1603 1584 noverimus
1640 1540 1734 1598 eos

127 1612 306 1668 multo
346 1613 524 1672 minus
557 1627 716 1692 posse
749 1630 846 1680 sua
887 1624 1151 1685 potestate
1178 1631 1373 1675 nocere
1401 1618 1732 1688 hominibus,

127 1703 222 1772 qui
258 1720 367 1762 nec
393 1705 679 1776 pecoribus
714 1705 1179 1782 qualibuscunque
1218 1717 1530 1780 potuerunt.
1577 1709 1733 1767 Hanc
1783 1734 1823 1776 εγ

1839 531 1960 588 cum
1985 509 2220 594 Christo,
2259 513 2428 572 multo
2459 513 2632 592 magis
2669 505 3204 594 optimum."manere
3250 521 3431 588 autem
3471 546 3487 582 ί

1841 608 1897 670 in
1926 623 2088 666 carne
2105 607 2481 680 necessarium
2504 616 2725 688 propter
2757 622 2872 674 vos,
2898 606 3058 666 utsic
3093 601 3323 678 quisque
3349 608 3434 670 in-

1839 695 2044 773 telligat
2083 710 2208 782 post
2263 701 2634 782 remissionem
2684 699 3014 760 redeundum
3063 700 3166 758 sibi
3213 699 3267 762 in
3310 714 3434 775 eon-

1843 741 2044 773 mag...
2123 741 2208 758 νυ.
2263 741 2634 760 ﬂammae...
2684 741 3014 760 .-...............
3063 741 3166 758 ...ιη
3311 741 3409 775 μμ,
3466 743 3482 757 .

1840 741 2124 866 scientiam
2157 777 2374 858 bonam,
2414 800 2469 848 et
2500 791 2846 856 serviendum
2885 789 3179 862 Evangelio
3213 741 3508 888 μορίω-ἕξ

1841 881 2068 938 aliorum
2098 884 2264 940 etiam
2287 883 2536 951 salutem,
2578 894 2640 941 ut
2675 884 2870 940 deinde
2909 899 3032 944 cum
3077 882 3294 949 Christo
3342 895 3433 938 re-

1839 975 2103 1045 quiescat,
2127 989 2194 1031 ne
2222 990 2344 1042 cum
2371 991 2714 1049 praepropere
2730 976 2842 1052 jam
2865 974 2982 1032 vult
3005 990 3125 1034 esse
3144 989 3267 1032 cum
3280 972 3437 1036 Chri-

1839 1069 1946 1128 sto,
1978 1063 2214 1136 negligat
2243 1065 2602 1126 ministerium
2629 1064 3032 1136 praedicationis
3066 1063 3321 1124 iratorum
3357 1079 3438 1118 re-

1838 1153 2134 1224 demptioni
2196 1156 2681 1215 accommodatum.
2753 1155 2894 1226 Quid
2959 1170 3088 1214 vero
3142 1155 3434 1225 ,Mattlmus

1837 1243 1973 1302 duos
2022 1245 2155 1304 dicit
2203 1261 2234 1300 a
2285 1247 2587 1304 daemonum
2636 1247 2850 1319 legione
2897 1257 3120 1309 curatos
3151 1287 3167 1318 ,
3219 1247 3434 1311 Marcus

1838 1345 2019 1392 autem
2070 1343 2124 1392 et
2179 1335 2354 1395 Lucas
2409 1353 2575 1395 unum
2632 1345 3109 1404 commemorant,
3169 1337 3439 1410 intelligas

1836 1443 2004 1497 unum
2059 1443 2250 1486 eorum
2290 1429 2457 1488 fuisse
2511 1445 2759 1504 persona:
2820 1428 3047 1498 alicujus
3088 1430 3333 1487 clarioris
3381 1438 3438 1494 et

1836 1517 2146 1582 famosioris
2189 1536 2348 1596 quem
2394 1521 2542 1593 regio
2587 1521 2676 1576 illa
2724 1522 2959 1582 maxime
2991 1521 3224 1587 dolebat,
3254 1530 3311 1582 et
3336 1538 3437 1592 pro

1836 1603 1990 1680 cujus
2049 1610 2222 1668 salute
2295 1612 2586 1682 plurimum
2646 1613 2978 1685 satagebat:
3028 1614 3130 1669 hoc
3193 1613 3438 1670 volentes

1837 1702 2142 1776 signiﬁcare
2198 1703 2302 1758 duo
2355 1703 2729 1775 Evangelistze,
2769 1705 2946 1758 solum
3007 1719 3436 1760 commemoran-

126 1805 316 1864 autem
338 1803 666 1872 potestatem
695 1795 839 1864 Deus
870 1797 1044 1858 bonus
1081 1798 1290 1860 occulta
1329 1797 1540 1872 justitia
1573 1801 1731 1858 nobis
1759 1785 1818 1846 B’
1837 1794 1964 1852 dum
1994 1795 2329 1865 judicarunt,
2376 1797 2441 1851 de
2476 1811 2580 1865 quo
2614 1795 2739 1850 facti
2769 1793 2924 1866 hujus
2947 1793 3089 1849 fama
3115 1795 3275 1850 latius
3295 1811 3436 1873 praef

127 1886 261 1944 dare
287 1896 484 1962 potest,
522 1887 720 1964 injusta
751 1905 858 1950 non
884 1897 1082 1964 potest.

173 1965 176 1969 1
203 1965 314 2044 Qui
349 1989 522 2034 autem
553 1979 834 2054 pascebant
863 1997 972 2048 eos,
1001 1979 1249 2052 fugerunt
1278 1991 1327 2038 et
1365 1983 1733 2039 nuntiaverunt

126 2073 186 2148 in.
205 2072 470 2139 civitatem
501 2082 549 2130 et
576 2073 630 2128 in
653 2091 829 2146 agros.
880 2073 1032 2144 Quod
1064 2084 1308 2146 pastores
1335 2065 1626 2150 porcorum
1650 2077 1734 2134 fu-

130 2167 348 2237 gientes
374 2165 478 2222 ista
509 2155 782 2235 nuntiant,
811 2167 1083 2246 signiﬁcat
1106 2157 1366 2241 quosdam
1412 2156 1576 2228 etiam
1623 2172 1733 2244 pri-

128 2259 351 2320 mitates
381 2261 668 2332 impiorum
698 2278 1007 2338 quanquam
1039 2263 1400 2328 Christianam
1427 2264 1602 2338 legem
1644 2266 1730 2319 fu-

128 2352 300 2430 giant,
331 2353 625 2424 potentiam
663 2362 844 2410 tamen
882 2353 999 2426 ejus
1038 2365 1325 2426 pergentes
1371 2358 1634 2429 stupende
1681 2364 1735 2416 et

128 2435 382 2500 mirando
404 2445 726 2522 praedicare.

201 2538 274 2596 Et
327 2541 520 2612 egressi
567 2551 687 2597 sunt
728 2543 898 2599 uidere
933 2543 1060 2617 quid
1095 2553 1227 2599 esset
1265 2544 1468 2615 factum
1508 2562 1526 2600 :
1563 2555 1610 2604 et
1650 2563 1749 2610 υθ-¹

131 2633 282 2685 nium
323 2633 394 2689 ad
428 2632 643 2702 Iesum,
679 2644 729 2692 et
766 2635 939 2702 vident
974 2635 1125 2706 illum
1163 2636 1253 2707 qui
1290 2655 1323 2694 a
1357 2637 1618 2696 daemonio
1656 2655 1737 2698 ve-

130 2725 386 2792 xabatur,
422 2726 715 2797 sedentem,
756 2728 1030 2798 vestitum,
1068 2739 1114 2786 et
1151 2747 1298 2785 same
1329 2732 1550 2796 mentis,
1591 2741 1639 2788 et
1676 2733 1739 2790 ti-

127 2824 380 2869 muerunt
405 2856 420 2882 ,
471 2824 578 2876 etc.
615 2817 674 2881 In
721 2817 1012 2899 Evangelia
1049 2819 1209 2890 Lucae
1246 2820 1507 2892 scriptum
1543 2823 1733 2880 seden-

127 2913 238 2960 tem
283 2906 354 2964 ad
386 2906 535 2977 pedes
580 2909 717 2978 ejus.
774 2909 1056 2981 Signiﬁcat
1107 2920 1288 2968 autent
1338 2911 1737 2970 multitudinem

126 3007 350 3053 vetusta
397 2998 660 3056 suavitate
706 2999 1028 3073 delectatam
1065 3002 1334 3062 honorare
1379 3001 1620 3073 quidem,
1643 3001 1737 3060 sed

130 3087 278 3144 nolle
312 3088 423 3158 pati
453 3087 820 3158 Christianam
847 3091 1048 3166 legem,
1079 3093 1206 3154 dum
1236 3092 1421 3162 dicunt
1444 3093 1588 3172 quod
1613 3099 1800 3172 eam",

132 3175 361 3246 implere
397 3191 506 3234 non
541 3186 791 3254 possunt,
829 3180 1157 3240 admirantes
1185 3189 1365 3240 tamen
1394 3180 1610 3238 ﬁdelem
1643 3195 1740 3252 po-

128 3269 319 3339 pulum
369 3288 402 3344 a_
455 3271 689 3346 pristina
738 3272 947 3348 perdita
1002 3275 1420 3336 conversatione
1465 3261 1752 3332 sanatum.-

132 3363 340 3423 Sedere
366 3381 602 3439 namque
633 3367 700 3426 ad
725 3368 898 3441 pedes
924 3368 1138 3428 Domini
1163 3376 1246 3426 est
1273 3384 1400 3433 eum
1431 3383 1465 3424 a
1499 3384 1606 3442 quo
1632 3369 1758 3450 dare;

131 3457 318 3512 monia
349 3459 622 3527 exierant,
653 3474 749 3518 cas
777 3461 869 3532 qui
909 3476 940 3518 a
972 3461 1213 3531 peccatis
1241 3462 1475 3522 correcti
1513 3460 1753 3527 fuerint,

133 3551 236 3608 ﬁxa
263 3551 463 3623 mentis
485 3551 786 3622 intentione
807 3552 1036 3626 vestigia
1056 3555 1141 3612 sui
1165 3553 1483 3626 Salvatoris,
1513 3569 1632 3626 quae
1651 3569 1738 3612 se-

131 3650 370 3713 quantur
398 3642 623 3710 intueri,
650 3645 907 3709 vestitum
935 3660 1152 3704 sumere
1185 3655 1294 3714 est,
1326 3647 1586 3705 virtutum
1628 3655 1753 3714 stu-_

69 3737 75 3743 '
131 3733 217 3789 dia
238 3748 365 3804 qua:
386 3733 577 3791 vesani
596 3735 943 3808 perdiderant
963 3735 1078 3809 jam
1103 3755 1237 3809 sana
1265 3747 1447 3798 mente
1468 3739 1732 3812 recipere.

131 3822 230 3881 Cui
260 3825 449 3898 figurae
489 3834 614 3898 apte
653 3829 906 3900 congruit
949 3830 1038 3901 illa
1091 3831 1307 3900 Domini
1354 3831 1634 3906 parabola,
1681 3833 1737 3890 in

131 3934 236 3990 qua
268 3919 486 3975 rediens
519 3919 586 3988 ad
621 3928 835 3992 patrem
861 3920 1007 3978 illius
1040 3922 1350 3994 luxuriosus
1380 3932 1438 3982 et
1455 3923 1736 3996 prodigus,

132 4023 259 4064 mox
294 4007 432 4064 stola
469 4009 646 4078 prima
675 4024 800 4080 cum
831 4012 1034 4071 annulo
1057 4012 1319 4079 induitur,
1347 4013 1632 4072 manifeste
1657 4014 1740 4070 in-

131 4103 385 4170 sinuans,
409 4103 535 4173 quia
565 4104 810 4176 quisquis
839 4121 966 4168 vero
992 4108 1157 4170 corde
1179 4109 1244 4166 de
1271 4108 1524 4167 admissis
1556 4108 1757 4180 pmnir

131 4195 350 4254 tuerit?
397 4203 575 4265 potest
607 4197 842 4259 donante
877 4197 1082 4260 Christi
1113 4200 1288 4268 gratia
1319 4200 1496 4270 prima
1515 4199 1740 4268 justitia’.

131 4300 306 4356 opera
336 4285 406 4344 de
433 4286 628 4356 quibus
651 4288 961 4355 ceciderant
989 4304 1117 4356 ctua
1143 4290 1345 4358 animle
1373 4289 1645 4360 inviolatae
1675 4289 1740 4360 ti-

133 4382 219 4442 dei
244 4399 596 4455 recuperare.

206 4475 280 4531 Et
314 4447 499 4547 rogare
526 4493 645 4532 eum
680 4486 940 4584 eruperunt
965 4487 1020 4532 ut
1044 4447 1328 4543 discederet
1355 4497 1390 4538 α
1423 4479 1617 4550 ﬁnibus
1649 4497 1740 4547 ιο-

138 4589 278 4636 rum.
339 4572 552 4630 Conscii
592 4569 902 4645 fragilitatis
949 4589 1061 4634 suae
1101 4573 1400 4642 Geraseni,
1452 4577 1739 4646 praesentia

139 4665 357 4724 Domini
385 4684 442 4726 sc
456 4667 773 4738 judicabant
793 4668 1061 4741 indignos,
1087 4686 1193 4726 non
1217 4671 1497 4741 capientes
1517 4671 1739 4726 verbum

141 4761 234 4816 Dei
265 4775 368 4816 nec
398 4760 612 4817 inﬁrma
642 4762 822 4818 adhuc
850 4756 1032 4817 mente
1066 4762 1280 4832 pondus
1319 4762 1599 4832 sapientiae
1620 4768 1762 4835 sus-j

143 4853 324 4908 tinere
369 4853 635 4910 valentes.
694 4853 849 4921 Quod
901 4863 958 4910 et
1015 4854 1175 4910 Petro
1210 4855 1312 4926 ipsi
1356 4857 1474 4912 viso
1515 4855 1757 4930 piscium,

143 4944 408 5000 miraculo
447 4945 739 5017 contigisse
778 4946 991 5017 legitur,
1029 4954 1085 5002 et
1117 4947 1277 5002 vidua
1308 4946 1650 5018 Sarepthana
1682 4947 1745 5001 Β.

146 5035 317 5093 Heliae
345 5037 513 5107 cujus
530 5040 701 5096 sensit
727 5039 962 5111 hospitio
998 5040 1270 5107 benedici,
1302 5040 1653 5097 nihilominus
1681 5055 1741 5096 se

144 5131 361 5200 putavit
383 5132 683 5202 praesentia
719 5132 958 5202 gravari.
996 5131 1140 5198 Quid
1171 5132 1299 5187 mihi
1326 5142 1372 5187 et
1401 5132 1512 5199 tibi,
1546 5131 1767 5202 inquit,

145 5220 369 5287 virDet',
397 5222 661 5294 ingressus
685 5239 739 5278 es
771 5222 840 5277 ad
867 5238 950 5278 me
975 5232 1032 5278 ut
1059 5232 1530 5279 rememorarentur
1558 5223 1747 5294 iniqui-

120 5290 282 5376 ltates
310 5324 440 5369 metu
456 5290 515 5369 vet
539 5315 800 5371 occideres
827 5314 999 5385 ﬁlium
1026 5315 1239 5370 meum?

217 5403 459 5478 Curaque
492 5405 792 5462 ascenderet
828 5405 1004 5461 navim
1032 5445 1048 5472 ,
1086 5406 1236 5477 carpit
1270 5406 1420 5462 illum
1455 5404 1746 5476 deprecari,

148 5514 239 5572 qus
268 5516 304 5554 α
333 5500 594 5556 dtemonio
621 5509 837 5565 matus
881 5499 1073 5569 fuerat,
1116 5507 1174 5553 ut
1207 5509 1338 5554 esset
1379 5516 1498 5554 cum
1536 5498 1629 5554 illo
1659 5513 1677 5552 :
1703 5506 1751 5554 et

153 5607 259 5648 non
288 5593 502 5648 admisit
529 5609 673 5659 eum,
698 5593 788 5648 sed
816 5593 892 5648 ait
912 5591 1034 5646 illi:
1071 5590 1109 5644 Υ
1113 5592 1212 5647 ade
1251 5593 1307 5646 in
1344 5591 1558 5648 domum
1605 5601 1752 5645 luant

153 5684 228 5739 ad
253 5692 396 5749 tuos,
421 5693 469 5738 et
493 5684 750 5740 annuntio
773 5679 881 5739 illis
907 5692 1106 5756 quanta
1142 5681 1234 5737 tibi
1265 5680 1522 5736 Dominus
1551 5681 1749 5751 fecerit,

151 5785 216 5849 et
245 5776 495 5836 ntisertus
536 5779 604 5836 sit
637 5776 738 5834 tui.
787 5775 913 5835 Haec
953 5791 1022 5834 ex
1060 5773 1152 5834 illa
1197 5773 1444 5850 Aposmli
1488 5772 1755 5834 sententia

1835 1885 2143 1960 clariusque
2175 1888 2513 1960 flagraverat.
2565 1886 2672 1943 Sed
2693 1895 2749 1942 et
2778 1887 3043 1958 allegoriae
3073 1903 3278 1941 summa
3311 1887 3438 1941 con;

1837 1979 2028 2036 cordat
2076 1979 2201 2053 quia
2257 1979 2394 2035 sicut
2454 1995 2591 2038 unus
2634 1995 2665 2033 a
2705 1979 2970 2049 daemonio
3001 1995 3305 2052 possessus,
3358 1967 3437 2033 sic

1837 2080 1894 2126 et
1939 2071 2045 2128 duo
2094 2067 2276 2145 populi
2332 2071 2548 2144 gentilis
2603 2080 2784 2148 typum
2829 2087 2936 2127 non
2989 2063 3438 2132 inconvenienter

1837 2163 2166 2238 exprimunt.
2201 2162 2334 2217 Nam
2380 2179 2502 2218 cum
2555 2173 2667 2218 tres
2720 2162 2861 2218 ﬁlios
2912 2163 3025 2218 Noe
3064 2157 3439 2239 generaverit,

1837 2255 1998 2330 unius
2037 2254 2206 2310 solum
2238 2253 2440 2312 familia
2479 2255 2532 2308 in
2573 2256 2972 2326 possessionem
3011 2255 3179 2314 ascita
3210 2262 3292 2309 est
3320 2253 3440 2322 Dei,

1837 2361 1906 2400 ex
1935 2346 2144 2400 duobus
2196 2344 2418 2416 reliquis
2470 2346 2808 2402 diversarum
2856 2345 3136 2411 nationum
3173 2361 3291 2422 qua:
3329 2344 3442 2398 ido-

1839 2438 1904 2498 lis
1960 2440 2399 2510 manciparentur
2443 2441 2716 2510 procreati
2766 2449 2892 2496 sunt
2941 2438 3159 2514 populi,
3207 2437 3273 2493 de
3334 2429 3444 2491 illis'

1839 2523 2022 2590 tamen
2078 2529 2407 2602 quicumque
2457 2531 2523 2586 ad
2576 2529 2737 2586 fidem
2795 2529 2997 2590 Christi
3049 2527 3435 2601 pervenerint,

1839 2629 1894 2674 et
1949 2621 2277 2690 baptismate
2327 2621 2498 2694 ipsius
2553 2637 2583 2676 a
2645 2623 2886 2692 peccatis
2930 2621 3100 2680 abluti
3165 2628 3290 2678 sunt
3351 2611 3444 2673 re?

1839 2711 1931 2781 gni
1968 2710 2061 2765 Dei
2100 2721 2379 2767 consortes
2425 2728 2545 2769 esse
2588 2721 2925 2780 meruerunt,
2971 2711 3096 2781 quia
3127 2710 3280 2782 juxta
3321 2707 3446 2764 Sal--

1839 2803 2043 2859 vatoris
2085 2803 2429 2872 sententiam,
2482 2802 2586 2869 Qui
2613 2804 2889 2861 crediderit
2925 2812 2970 2857 et
3000 2802 3292 2874 baptizatus
3325 2800 3439 2870 fue-

1840 2899 1907 2952 rit
1935 2897 2108 2953 salvus
2129 2899 2248 2968 erit,
2277 2899 2367 2970 qui
2397 2913 2516 2953 vero
2544 2915 2647 2952 non
2683 2898 2959 2956 crediderit
2986 2893 3434 2951 condemnabitur.

1842 2986 1946 3044 Per
1978 2990 2228 3046 eundem.
3445 3001 3447 3004 ‘

2389 3078 2672 3136 HOMlLIA
2711 3079 2874 3136 CXX.

2113 3185 2434 3227 llEBDOIIADA
2469 3187 2565 3226 Vlll
2605 3187 2733 3227 POST
2773 3187 3167 3236 PENTECOSTEN.

2057 3265 2245 3324 Lectio
2272 3264 2527 3336 Epistulae
2558 3263 2620 3318 B.
2652 3262 2804 3340 Pauli
2837 3264 2903 3319 ad
2925 3264 3217 3333 Romanos.

1917 3377 2156 3444 Fratres,
2183 3379 2470 3433 humanum
2490 3378 2608 3432 dico
2636 3388 2846 3448 propter
2874 3377 3228 3448 inﬁrmitatem
3261 3355 3449 3442 carnis

1841 3478 2043 3526 vestrm.
2081 3468 2231 3526 Sicut
2271 3469 2412 3527 enim
2437 3469 2748 3528 exhibuistis
2777 3468 3007 3526 membra
3043 3477 3212 3528 vestra
3247 3468 3436 3536 seruire

1841 3561 2190 3617 immunditia:
2219 3567 2268 3616 et
2303 3559 2570 3632 iniquitati
2598 3558 2667 3614 ad
2693 3558 3044 3632 iniquitatem,
3075 3558 3149 3614 ita
3186 3573 3323 3612 nunc
3350 3549 3446 3612 εει-⁷

1843 3653 2012 3712 hibete
2040 3652 2273 3725 membra
2294 3661 2465 3712 vestra
2503 3651 2696 3724 servire
2724 3650 2949 3723 justitia:
2973 3649 3027 3708 in
3056 3647 3446 3722 sanctiﬁcatio-__

1843 3762 1981 3816 nem,
2006 3753 2115 3806 etc.
3440 3808 3446 3826 ,-

1916 3837 2108 3912 Magna
2136 3834 2444 3908 sollicitudo
2471 3841 2527 3896 et
2554 3849 2684 3896 cura
2706 3832 2895 3894 salutis
2922 3839 3117 3898 vestra:
3137 3845 3202 3889 ac
3223 3828 3440 3888 devotio

1845 3929 2036 4002 aeterni
2063 3927 2345 4001 profectus
2375 3926 2542 4000 vestri
2570 3939 2756 3990 coram
2805 3924 2915 3984 Deo
2942 3937 3044 3986 nos
3072 3921 3330 3982 admonet
3370 3934 3446 3996 ex.

1843 4019 2154 4093 Apostolica
2203 4019 2438 4091 lectione
2462 4015 2858 4094 aliquantulum
2885 4023 3124 4079 tractam
3151 4008 3450 4104 vobigcqm;

1844 4128 2008 4188 quam
2033 4111 2284 4184 audistis.
2318 4108 2649 4174 Humanum,
2676 4106 2874 4185 inquit,
2900 4104 3022 4162 dico
3049 4111 3260 4174 propter
3283 4101 3437 4169 inﬁr-

1843 4205 2077 4264 mitatem
2099 4202 2278 4274 carnis
2303 4210 2510 4268 vestrm,
2533 4200 2662 4271 quia
2689 4197 2930 4264 nondum
2953 4193 3181 4276 potestis
3211 4191 3447 4268 pleuiter;

1846 4293 2035 4357 audire
2083 4293 2348 4354 divinum.
2396 4291 2522 4352 Sive
2560 4292 2635 4348 ita
2684 4290 2922 4352 humana
2961 4282 3172 4346 ratione
3219 4283 3447 4356 dignum

1749 4386 1752 4387 ⁷
1845 4385 2038 4458 loquor
2063 4385 2209 4458 quod
2249 4399 2440 4443 omnes
2482 4397 2696 4444 meeum
2740 4379 2942 4442 sentire
2985 4383 3232 4450 possunt,
3281 4383 3340 4436 .et
3367 4381 3448 4434 ne‘

1844 4477 1986 4539 ullus
2016 4477 2274 4534 abnuere.
2317 4474 2468 4532 Sicut
2492 4473 2653 4538 enim,
2700 4470 2894 4550 inquit,
2928 4467 3233 4528 exhibuistis
3279 4469 3446 4526 mem?

1847 4572 1940 4628 bra
1961 4579 2131 4628 vestra
2171 4568 2362 4626 servire
2401 4566 2750 4626 immunditite
2783 4573 2830 4623 et
2858 4563 3122 4636 iniquitati
3149 4561 3219 4616 ad
3249 4562 3442 4632 iniqui-

1849 4672 2028 4728 tatem,
2061 4661 2136 4717 ita
2166 4675 2304 4717 nunc
2333 4657 2566 4714 exhibete
2593 4655 2827 4728 membra
2857 4634 3026 4728 vestra
3059 4653 3252 4712 servire
3273 4634 3451 4724 justi-7

1850 4755 1938 4812 tite
1967 4754 2023 4808 in
2047 4750 2538 4820 sanctiﬁcatiouem.
2566 4746 2858 4826 lngiorinm
2883 4745 3102 4820 quidem
3138 4753 3242 4809 est,
3271 4750 3331 4800 ut
3365 4739 3446 4798 ita
3503 4778 3525 4811 .._

1852 4844 1974 4915 quis
2008 4841 2300 4902 virtutibus
2329 4841 2472 4900 sicut
2497 4838 2641 4898 vitiis
2667 4837 2912 4910 serviat;
2943 4835 3116 4898 multo
3151 4833 3297 4894 enim
3325 4847 3442 4890 am-

1851 4935 1993 5009 plius
2023 4942 2081 4990 et
2122 4933 2294 4994 multo
2334 4933 2598 4992 intentius
2639 4940 2724 4990 est
2760 4929 3080 4992 bormanda
3107 4924 3342 5000 iustitia,
3387 4925 3454 5006 et

1848 5028 1971 5090 ideo
2011 5027 2145 5086 dicit
2175 5026 2413 5095 humane
2435 5040 2495 5084 se
2518 5025 2685 5096 loqui.
2718 5023 2774 5088 Si
2801 5038 2933 5095 ergo
2965 5022 3224 5088 humane.
3245 5013 3448 5092 inquit."

1850 5130 1907 5180 et
1931 5120 2298 5182 communiter
2329 5133 2454 5191 ago,
2477 5117 2670 5178 eadem
2691 5115 2928 5190 postulo,
2961 5110 3158 5172 similia
3198 5107 3452 5188 requiro.“

1851 5214 2063 5280 Dudum
2105 5227 2236 5285 ergo
2265 5219 2482 5282 patrum
2510 5219 2820 5268 nostrorum
2847 5204 3016 5277 pedes
3043 5200 3334 5260 currebant
3365 5197 3453 5286 ad.

1760 5323 1762 5326 ·
1856 5306 2162 5363 daemonum
2206 5300 2439 5373 templa;
2483 5299 2654 5356 nostri
2699 5311 2844 5356 nunc
2894 5301 3115 5354 currant
3159 5293 3227 5350 ad
3253 5289 3436 5348 Eccle-

1851 5397 1990 5456 siam
2017 5396 2134 5456 Dei.
2186 5394 2360 5454 Pedes
2389 5393 2482 5465 qui
2506 5393 2659 5465 prius
2689 5390 2920 5460 libenter
2948 5386 3238 5446 currebant
3265 5383 3334 5440 ad
3359 5379 3440 5442 ef-

1852 5488 2185 5546 fundendum
2220 5485 2454 5558 proximi
2481 5482 2824 5556 sanguinem,
2865 5495 3009 5540 nunc
3051 5477 3219 5533 multo
3263 5473 3459 5564 libenv.

1853 5584 1962 5639 tius
1999 5583 2068 5640 ad
2097 5581 2435 5638 liberandum
2466 5577 2774 5651 proximum
2810 5582 3052 5634 currant.
3093 5570 3283 5627 Manus
3321 5569 3459 5654 τιμως

1852 5676 2003 5749 prius
2040 5657 2254 5730 veloces
2282 5679 2439 5730 erant
2463 5670 2637 5726 aliena
2664 5668 2923 5739 diripere,
2969 5678 3114 5720 nunc
3138 5661 3248 5718 sint
3271 5653 3453 5712 multo

1855 5748 2152 5836 voluciores
2182 5767 2252 5826 ad
2290 5765 2511 5842 propria
2540 5761 2836 5836 largienda.
2867 5757 3021 5818 Oculi
3048 5755 3142 5828 qui
3176 5749 3327 5825 prius
3352 5748 3450 5804 ino-
