  <div class='ocr_page' id='page_1' title='image "/cluster/home/n/w/nwhite01/storage/ocr_20150623/110/hvd.32044015466865/199.png"; bbox 0 0 3960 6360; ppageno 0'>
   <div class='ocr_carea' id='block_1_1' title="bbox 527 425 635 483">
    <p class='ocr_par' dir='ltr' id='par_1_1' title="bbox 527 425 635 483">
     <span class='ocr_line' id='line_1_1' title="bbox 527 425 635 483; baseline -0.009 -1"><span class='ocrx_word' id='word_1_1' title='bbox 527 425 635 483; x_wconf 75' lang='lat'><strong>375</strong></span> 
     </span>
    </p>
   </div>
   <div class='ocr_carea' id='block_1_2' title="bbox 1187 418 3155 514">
    <p class='ocr_par' dir='ltr' id='par_1_2' title="bbox 1187 418 3155 514">
     <span class='ocr_line' id='line_1_2' title="bbox 1187 418 3155 514; baseline 0.003 -32"><span class='ocrx_word' id='word_1_2' title='bbox 1187 418 1262 482; x_wconf 78' lang='lat' dir='ltr'><strong>B.</strong></span> <span class='ocrx_word' id='word_1_3' title='bbox 1291 425 1549 514; x_wconf 70' lang='lat' dir='ltr'><strong>BABANI</strong></span> <span class='ocrx_word' id='word_1_4' title='bbox 1586 426 1805 486; x_wconf 79' lang='lat' dir='ltr'><strong>MAURI</strong></span> <span class='ocrx_word' id='word_1_5' title='bbox 1839 428 2509 502; x_wconf 42' lang='lat' dir='ltr'><strong>ARClllEP.\MOGUNT.</strong></span> <span class='ocrx_word' id='word_1_6' title='bbox 2549 430 2832 491; x_wconf 83' lang='lat' dir='ltr'><strong>OPERUM</strong></span> <span class='ocrx_word' id='word_1_7' title='bbox 2873 432 3054 488; x_wconf 82' lang='lat' dir='ltr'><strong>PARS</strong></span> <span class='ocrx_word' id='word_1_8' title='bbox 3093 432 3155 487; x_wconf 86' lang='lat' dir='ltr'><strong>ll.</strong></span> 
     </span>
    </p>
   </div>
   <div class='ocr_carea' id='block_1_3' title="bbox 3697 431 3805 490">
    <p class='ocr_par' dir='ltr' id='par_1_3' title="bbox 3697 431 3805 490">
     <span class='ocr_line' id='line_1_3' title="bbox 3697 431 3805 490; baseline 0.028 -3"><span class='ocrx_word' id='word_1_9' title='bbox 3697 431 3805 490; x_wconf 71' lang='grc'><strong>570</strong></span> 
     </span>
    </p>
   </div>
   <div class='ocr_carea' id='block_1_4' title="bbox 525 517 3806 615">
    <p class='ocr_par' dir='ltr' id='par_1_4' title="bbox 525 517 3806 615">
     <span class='ocr_line' id='line_1_4' title="bbox 525 517 3806 615; baseline 0.001 -18"><span class='ocrx_word' id='word_1_10' title='bbox 525 539 821 597; x_wconf 81' lang='lat' dir='ltr'><strong>tendebant</strong></span> <span class='ocrx_word' id='word_1_11' title='bbox 841 523 909 598; x_wconf 85' lang='lat' dir='ltr'><strong>ad</strong></span> <span class='ocrx_word' id='word_1_12' title='bbox 930 537 1389 611; x_wconf 77' lang='lat' dir='ltr'><strong>pulchritudinem</strong></span> <span class='ocrx_word' id='word_1_13' title='bbox 1409 541 1716 610; x_wconf 86' lang='lat' dir='ltr'><strong>mulierum,</strong></span> <span class='ocrx_word' id='word_1_14' title='bbox 1747 542 1834 598; x_wconf 91' lang='lat' dir='ltr'><strong>vel</strong></span> <span class='ocrx_word' id='word_1_15' title='bbox 1870 517 2104 599; x_wconf 84' lang='lat' dir='ltr'><strong>alienum</strong></span> <span class='ocrx_word' id='word_1_16' title='bbox 2131 549 2187 610; x_wconf 80' lang='grc' dir='ltr'>Α</span> <span class='ocrx_word' id='word_1_17' title='bbox 2208 545 2337 602; x_wconf 93' lang='lat' dir='ltr'><strong>bent</strong></span> <span class='ocrx_word' id='word_1_18' title='bbox 2362 546 2530 602; x_wconf 91' lang='lat' dir='ltr'><strong>vitam</strong></span> <span class='ocrx_word' id='word_1_19' title='bbox 2554 555 2812 604; x_wconf 66' lang='lat' dir='ltr'><strong>aeternam</strong></span> <span class='ocrx_word' id='word_1_20' title='bbox 2850 549 2906 604; x_wconf 90' lang='lat' dir='ltr'><strong>in</strong></span> <span class='ocrx_word' id='word_1_21' title='bbox 2935 547 3152 604; x_wconf 88' lang='lat' dir='ltr'><strong>Christo</strong></span> <span class='ocrx_word' id='word_1_22' title='bbox 3177 544 3306 602; x_wconf 81' lang='lat' dir='ltr'><strong>Jesu</strong></span> <span class='ocrx_word' id='word_1_23' title='bbox 3329 545 3562 602; x_wconf 89' lang='lat' dir='ltr'><strong>Domino</strong></span> <span class='ocrx_word' id='word_1_24' title='bbox 3587 553 3806 615; x_wconf 63' lang='lat' dir='ltr'><strong>nam</strong></span> 
     </span>
    </p>
   </div>
   <div class='ocr_carea' id='block_1_5' title="bbox 523 629 2114 704">
    <p class='ocr_par' dir='ltr' id='par_1_5' title="bbox 523 629 2114 704">
     <span class='ocr_line' id='line_1_5' title="bbox 523 629 2114 704; baseline 0.002 -15"><span class='ocrx_word' id='word_1_25' title='bbox 523 629 730 704; x_wconf 70' lang='lat' dir='ltr'><strong>aliquid</strong></span> <span class='ocrx_word' id='word_1_26' title='bbox 776 631 845 687; x_wconf 90' lang='lat' dir='ltr'><strong>ad</strong></span> <span class='ocrx_word' id='word_1_27' title='bbox 881 633 1396 702; x_wconf 58' lang='lat' dir='ltr'><strong>concupiscendum,</strong></span> <span class='ocrx_word' id='word_1_28' title='bbox 1445 649 1588 690; x_wconf 89' lang='lat' dir='ltr'><strong>nunc</strong></span> <span class='ocrx_word' id='word_1_29' title='bbox 1638 634 1806 691; x_wconf 91' lang='lat' dir='ltr'><strong>multo</strong></span> <span class='ocrx_word' id='word_1_30' title='bbox 1854 635 2114 692; x_wconf 75' lang='lat' dir='ltr'><strong>intentius</strong></span> 
     </span>
    </p>
   </div>
   <div class='ocr_carea' id='block_1_6' title="bbox 522 722 2111 798">
    <p class='ocr_par' dir='ltr' id='par_1_6' title="bbox 522 722 2111 798">
     <span class='ocr_line' id='line_1_6' title="bbox 522 722 2111 798; baseline 0.003 -20"><span class='ocrx_word' id='word_1_31' title='bbox 522 722 963 793; x_wconf 87' lang='lat' dir='ltr'><strong>circumspiciant</strong></span> <span class='ocrx_word' id='word_1_32' title='bbox 999 738 1291 794; x_wconf 83' lang='lat' dir='ltr'><strong>pauperes,</strong></span> <span class='ocrx_word' id='word_1_33' title='bbox 1337 725 1560 793; x_wconf 83' lang='lat' dir='ltr'><strong>debiles,</strong></span> <span class='ocrx_word' id='word_1_34' title='bbox 1600 742 1800 798; x_wconf 90' lang='lat' dir='ltr'><strong>egenos</strong></span> <span class='ocrx_word' id='word_1_35' title='bbox 1834 728 1902 781; x_wconf 90' lang='lat' dir='ltr'><strong>ad</strong></span> <span class='ocrx_word' id='word_1_36' title='bbox 1945 727 2111 782; x_wconf 90' lang='lat' dir='ltr'><strong>mise-</strong></span> 
     </span>
    </p>
   </div>
   <div class='ocr_carea' id='block_1_7' title="bbox 523 814 2112 887">
    <p class='ocr_par' dir='ltr' id='par_1_7' title="bbox 523 814 2112 887">
     <span class='ocr_line' id='line_1_7' title="bbox 523 814 2112 887; baseline 0.003 -17"><span class='ocrx_word' id='word_1_37' title='bbox 523 814 776 872; x_wconf 85' lang='lat' dir='ltr'><strong>randum.</strong></span> <span class='ocrx_word' id='word_1_38' title='bbox 829 814 1004 872; x_wconf 80' lang='lat' dir='ltr'><strong>Aures</strong></span> <span class='ocrx_word' id='word_1_39' title='bbox 1059 831 1179 886; x_wconf 71' lang='lat' dir='ltr'><strong>quae</strong></span> <span class='ocrx_word' id='word_1_40' title='bbox 1239 818 1650 874; x_wconf 84' lang='lat' dir='ltr'><strong>delectabantur</strong></span> <span class='ocrx_word' id='word_1_41' title='bbox 1700 818 1884 874; x_wconf 91' lang='lat' dir='ltr'><strong>auditu</strong></span> <span class='ocrx_word' id='word_1_42' title='bbox 1938 834 2112 887; x_wconf 87' lang='lat' dir='ltr'><strong>vano,</strong></span> 
     </span>
    </p>
   </div>
   <div class='ocr_carea' id='block_1_8' title="bbox 522 909 2110 976">
    <p class='ocr_par' dir='ltr' id='par_1_8' title="bbox 522 909 2110 976">
     <span class='ocr_line' id='line_1_8' title="bbox 522 909 2110 976; baseline 0.002 -13"><span class='ocrx_word' id='word_1_43' title='bbox 522 923 669 964; x_wconf 91' lang='lat' dir='ltr'><strong>nunc</strong></span> <span class='ocrx_word' id='word_1_44' title='bbox 716 917 1098 964; x_wconf 81' lang='lat' dir='ltr'><strong>convertantur</strong></span> <span class='ocrx_word' id='word_1_45' title='bbox 1139 911 1210 966; x_wconf 84' lang='lat' dir='ltr'><strong>ad</strong></span> <span class='ocrx_word' id='word_1_46' title='bbox 1256 911 1583 969; x_wconf 89' lang='lat' dir='ltr'><strong>audiendum</strong></span> <span class='ocrx_word' id='word_1_47' title='bbox 1615 911 1840 966; x_wconf 84' lang='lat' dir='ltr'><strong>verbum</strong></span> <span class='ocrx_word' id='word_1_48' title='bbox 1891 909 2010 976; x_wconf 88' lang='lat' dir='ltr'><strong>Dei,</strong></span> <span class='ocrx_word' id='word_1_49' title='bbox 2043 911 2110 966; x_wconf 90' lang='lat' dir='ltr'><strong>ad</strong></span> 
     </span>
    </p>
   </div>
   <div class='ocr_carea' id='block_1_9' title="bbox 523 1001 2111 1075">
    <p class='ocr_par' dir='ltr' id='par_1_9' title="bbox 523 1001 2111 1075">
     <span class='ocr_line' id='line_1_9' title="bbox 523 1001 2111 1075; baseline 0.001 -18"><span class='ocrx_word' id='word_1_50' title='bbox 523 1001 860 1072; x_wconf 79' lang='lat' dir='ltr'><strong>explananda</strong></span> <span class='ocrx_word' id='word_1_51' title='bbox 891 1001 1071 1057; x_wconf 90' lang='lat' dir='ltr'><strong>divina</strong></span> <span class='ocrx_word' id='word_1_52' title='bbox 1117 1013 1421 1075; x_wconf 79' lang='lat' dir='ltr'><strong>praecepta.</strong></span> <span class='ocrx_word' id='word_1_53' title='bbox 1461 1012 1518 1060; x_wconf 92' lang='lat' dir='ltr'><strong>et</strong></span> <span class='ocrx_word' id='word_1_54' title='bbox 1563 1003 1631 1059; x_wconf 91' lang='lat' dir='ltr'><strong>ad</strong></span> <span class='ocrx_word' id='word_1_55' title='bbox 1678 1003 1992 1074; x_wconf 82' lang='lat' dir='ltr'><strong>capiendam</strong></span> <span class='ocrx_word' id='word_1_56' title='bbox 2024 1018 2111 1058; x_wconf 87' lang='lat' dir='ltr'><strong>sa-</strong></span> 
     </span>
    </p>
   </div>
   <div class='ocr_carea' id='block_1_10' title="bbox 521 1076 2111 1166">
    <p class='ocr_par' dir='ltr' id='par_1_10' title="bbox 521 1076 2111 1166">
     <span class='ocr_line' id='line_1_10' title="bbox 521 1076 2111 1166; baseline 0.002 -19"><span class='ocrx_word' id='word_1_57' title='bbox 521 1076 742 1162; x_wconf 75' lang='lat' dir='ltr'><strong>pientia:</strong></span> <span class='ocrx_word' id='word_1_58' title='bbox 770 1093 1144 1164; x_wconf 86' lang='lat' dir='ltr'><strong>disciplinam;</strong></span> <span class='ocrx_word' id='word_1_59' title='bbox 1190 1095 1368 1166; x_wconf 78' lang='lat' dir='ltr'><strong>lingua</strong></span> <span class='ocrx_word' id='word_1_60' title='bbox 1416 1110 1536 1165; x_wconf 85' lang='lat' dir='ltr'><strong>quae</strong></span> <span class='ocrx_word' id='word_1_61' title='bbox 1570 1094 1829 1150; x_wconf 84' lang='lat' dir='ltr'><strong>conviciis</strong></span> <span class='ocrx_word' id='word_1_62' title='bbox 1864 1103 1919 1148; x_wconf 91' lang='lat' dir='ltr'><strong>et</strong></span> <span class='ocrx_word' id='word_1_63' title='bbox 1945 1094 2111 1150; x_wconf 85' lang='lat' dir='ltr'><strong>male-</strong></span> 
     </span>
    </p>
   </div>
   <div class='ocr_carea' id='block_1_11' title="bbox 521 1183 2111 1257">
    <p class='ocr_par' dir='ltr' id='par_1_11' title="bbox 521 1183 2111 1257">
     <span class='ocr_line' id='line_1_11' title="bbox 521 1183 2111 1257; baseline 0 -19"><span class='ocrx_word' id='word_1_64' title='bbox 521 1183 849 1242; x_wconf 89' lang='lat' dir='ltr'><strong>dictionibus</strong></span> <span class='ocrx_word' id='word_1_65' title='bbox 873 1192 964 1239; x_wconf 89' lang='lat' dir='ltr'><strong>aut</strong></span> <span class='ocrx_word' id='word_1_66' title='bbox 997 1185 1341 1257; x_wconf 82' lang='lat' dir='ltr'><strong>turpiloquiis</strong></span> <span class='ocrx_word' id='word_1_67' title='bbox 1376 1195 1493 1242; x_wconf 89' lang='lat' dir='ltr'><strong>erat</strong></span> <span class='ocrx_word' id='word_1_68' title='bbox 1536 1193 1775 1250; x_wconf 88' lang='lat' dir='ltr'><strong>assueta,</strong></span> <span class='ocrx_word' id='word_1_69' title='bbox 1809 1200 1951 1239; x_wconf 90' lang='lat' dir='ltr'><strong>nunc</strong></span> <span class='ocrx_word' id='word_1_70' title='bbox 1981 1199 2111 1240; x_wconf 91' lang='lat' dir='ltr'><strong>con-</strong></span> 
     </span>
    </p>
   </div>
   <div class='ocr_carea' id='block_1_12' title="bbox 520 1269 2110 1347">
    <p class='ocr_par' dir='ltr' id='par_1_12' title="bbox 520 1269 2110 1347">
     <span class='ocr_line' id='line_1_12' title="bbox 520 1269 2110 1347; baseline -0.001 -14"><span class='ocrx_word' id='word_1_71' title='bbox 520 1286 768 1335; x_wconf 88' lang='lat' dir='ltr'><strong>vertatur</strong></span> <span class='ocrx_word' id='word_1_72' title='bbox 795 1277 862 1333; x_wconf 89' lang='lat' dir='ltr'><strong>ad</strong></span> <span class='ocrx_word' id='word_1_73' title='bbox 893 1269 1320 1334; x_wconf 81' lang='lat' dir='ltr'><strong>benedicendum</strong></span> <span class='ocrx_word' id='word_1_74' title='bbox 1362 1278 1555 1345; x_wconf 91' lang='lat' dir='ltr'><strong>Deum,</strong></span> <span class='ocrx_word' id='word_1_75' title='bbox 1597 1278 1652 1332; x_wconf 90' lang='lat' dir='ltr'><strong>in</strong></span> <span class='ocrx_word' id='word_1_76' title='bbox 1689 1277 1837 1334; x_wconf 89' lang='lat' dir='ltr'><strong>omni</strong></span> <span class='ocrx_word' id='word_1_77' title='bbox 1867 1287 2110 1347; x_wconf 90' lang='lat' dir='ltr'><strong>tempore</strong></span> 
     </span>
    </p>
   </div>
   <div class='ocr_carea' id='block_1_13' title="bbox 519 1367 2110 1438">
    <p class='ocr_par' dir='ltr' id='par_1_13' title="bbox 519 1367 2110 1438">
     <span class='ocr_line' id='line_1_13' title="bbox 519 1367 2110 1438; baseline -0.003 -12"><span class='ocrx_word' id='word_1_78' title='bbox 519 1382 826 1426; x_wconf 81' lang='lat' dir='ltr'><strong>sermonem</strong></span> <span class='ocrx_word' id='word_1_79' title='bbox 848 1385 1039 1424; x_wconf 82' lang='lat' dir='ltr'><strong>sanum</strong></span> <span class='ocrx_word' id='word_1_80' title='bbox 1064 1369 1326 1438; x_wconf 84' lang='lat' dir='ltr'><strong>proferat,</strong></span> <span class='ocrx_word' id='word_1_81' title='bbox 1359 1379 1415 1426; x_wconf 90' lang='lat' dir='ltr'><strong>et</strong></span> <span class='ocrx_word' id='word_1_82' title='bbox 1453 1370 1760 1434; x_wconf 88' lang='lat' dir='ltr'><strong>honestum,</strong></span> <span class='ocrx_word' id='word_1_83' title='bbox 1783 1377 1839 1424; x_wconf 89' lang='lat' dir='ltr'><strong>et</strong></span> <span class='ocrx_word' id='word_1_84' title='bbox 1861 1369 1951 1438; x_wconf 88' lang='lat' dir='ltr'><strong>qui</strong></span> <span class='ocrx_word' id='word_1_85' title='bbox 1981 1367 2110 1422; x_wconf 57' lang='lat' dir='ltr'><strong>aedi—</strong></span> 
     </span>
    </p>
   </div>
   <div class='ocr_carea' id='block_1_14' title="bbox 521 1456 2110 1526">
    <p class='ocr_par' dir='ltr' id='par_1_14' title="bbox 521 1456 2110 1526">
     <span class='ocr_line' id='line_1_14' title="bbox 521 1456 2110 1526; baseline -0.002 -11"><span class='ocrx_word' id='word_1_86' title='bbox 521 1458 649 1517; x_wconf 87' lang='lat' dir='ltr'><strong>licet</strong></span> <span class='ocrx_word' id='word_1_87' title='bbox 667 1461 968 1526; x_wconf 85' lang='lat' dir='ltr'><strong>audientes,</strong></span> <span class='ocrx_word' id='word_1_88' title='bbox 999 1461 1344 1516; x_wconf 88' lang='lat' dir='ltr'><strong>mendacium</strong></span> <span class='ocrx_word' id='word_1_89' title='bbox 1373 1459 1608 1526; x_wconf 88' lang='lat' dir='ltr'><strong>deserat,</strong></span> <span class='ocrx_word' id='word_1_90' title='bbox 1635 1468 1692 1515; x_wconf 92' lang='lat' dir='ltr'><strong>et</strong></span> <span class='ocrx_word' id='word_1_91' title='bbox 1715 1458 2002 1514; x_wconf 87' lang='lat' dir='ltr'><strong>veritatem</strong></span> <span class='ocrx_word' id='word_1_92' title='bbox 2030 1456 2110 1512; x_wconf 93' lang='lat' dir='ltr'><strong>lo-</strong></span> 
     </span>
    </p>
   </div>
   <div class='ocr_carea' id='block_1_15' title="bbox 521 1551 2111 1624">
    <p class='ocr_par' dir='ltr' id='par_1_15' title="bbox 521 1551 2111 1624">
     <span class='ocr_line' id='line_1_15' title="bbox 521 1551 2111 1624; baseline -0.001 -17"><span class='ocrx_word' id='word_1_93' title='bbox 521 1562 719 1623; x_wconf 89' lang='lat' dir='ltr'><strong>quatur</strong></span> <span class='ocrx_word' id='word_1_94' title='bbox 762 1568 883 1610; x_wconf 91' lang='lat' dir='ltr'><strong>cum</strong></span> <span class='ocrx_word' id='word_1_95' title='bbox 926 1554 1176 1624; x_wconf 78' lang='lat' dir='ltr'><strong>proximo</strong></span> <span class='ocrx_word' id='word_1_96' title='bbox 1221 1569 1339 1609; x_wconf 91' lang='lat' dir='ltr'><strong>suo.</strong></span> <span class='ocrx_word' id='word_1_97' title='bbox 1394 1553 1500 1610; x_wconf 90' lang='lat' dir='ltr'><strong>Sed</strong></span> <span class='ocrx_word' id='word_1_98' title='bbox 1529 1552 1658 1624; x_wconf 92' lang='lat' dir='ltr'><strong>quid</strong></span> <span class='ocrx_word' id='word_1_99' title='bbox 1705 1567 1842 1623; x_wconf 83' lang='lat' dir='ltr'><strong>Opus</strong></span> <span class='ocrx_word' id='word_1_100' title='bbox 1869 1559 1954 1607; x_wconf 93' lang='lat' dir='ltr'><strong>est</strong></span> <span class='ocrx_word' id='word_1_101' title='bbox 1992 1551 2111 1607; x_wconf 67' lang='lat' dir='ltr'><strong>haec</strong></span> 
     </span>
    </p>
   </div>
   <div class='ocr_carea' id='block_1_16' title="bbox 520 1633 2106 1719">
    <p class='ocr_par' dir='ltr' id='par_1_16' title="bbox 520 1633 2106 1719">
     <span class='ocr_line' id='line_1_16' title="bbox 520 1633 2106 1719; baseline 0 -16"><span class='ocrx_word' id='word_1_102' title='bbox 520 1645 731 1717; x_wconf 89' lang='lat' dir='ltr'><strong>singula</strong></span> <span class='ocrx_word' id='word_1_103' title='bbox 760 1647 1051 1717; x_wconf 87' lang='lat' dir='ltr'><strong>prosequi,</strong></span> <span class='ocrx_word' id='word_1_104' title='bbox 1102 1663 1224 1703; x_wconf 89' lang='lat' dir='ltr'><strong>cum</strong></span> <span class='ocrx_word' id='word_1_105' title='bbox 1262 1657 1444 1719; x_wconf 87' lang='lat' dir='ltr'><strong>pateat</strong></span> <span class='ocrx_word' id='word_1_106' title='bbox 1472 1649 1724 1704; x_wconf 90' lang='lat' dir='ltr'><strong>omnibus</strong></span> <span class='ocrx_word' id='word_1_107' title='bbox 1759 1633 2106 1718; x_wconf 81' lang='lat' dir='ltr'><strong>uniuscujus-</strong></span> 
     </span>
    </p>
   </div>
   <div class='ocr_carea' id='block_1_17' title="bbox 517 1739 2109 1812">
    <p class='ocr_par' dir='ltr' id='par_1_17' title="bbox 517 1739 2109 1812">
     <span class='ocr_line' id='line_1_17' title="bbox 517 1739 2109 1812; baseline 0.004 -20"><span class='ocrx_word' id='word_1_108' title='bbox 517 1749 622 1808; x_wconf 87' lang='lat' dir='ltr'><strong>que</strong></span> <span class='ocrx_word' id='word_1_109' title='bbox 669 1739 898 1794; x_wconf 87' lang='lat' dir='ltr'><strong>membri</strong></span> <span class='ocrx_word' id='word_1_110' title='bbox 944 1741 1330 1808; x_wconf 86' lang='lat' dir='ltr'><strong>ministerium,</strong></span> <span class='ocrx_word' id='word_1_111' title='bbox 1387 1751 1443 1798; x_wconf 92' lang='lat' dir='ltr'><strong>et</strong></span> <span class='ocrx_word' id='word_1_112' title='bbox 1484 1743 1559 1798; x_wconf 89' lang='lat' dir='ltr'><strong>ita</strong></span> <span class='ocrx_word' id='word_1_113' title='bbox 1604 1743 1746 1812; x_wconf 90' lang='lat' dir='ltr'><strong>quod</strong></span> <span class='ocrx_word' id='word_1_114' title='bbox 1790 1750 1949 1797; x_wconf 86' lang='lat' dir='ltr'><strong>antea</strong></span> <span class='ocrx_word' id='word_1_115' title='bbox 1985 1741 2109 1812; x_wconf 87' lang='lat' dir='ltr'><strong>quis</strong></span> 
     </span>
    </p>
   </div>
   <div class='ocr_carea' id='block_1_18' title="bbox 514 1822 2106 1904">
    <p class='ocr_par' dir='ltr' id='par_1_18' title="bbox 514 1822 2106 1904">
     <span class='ocr_line' id='line_1_18' title="bbox 514 1822 2106 1904; baseline 0.003 -20"><span class='ocrx_word' id='word_1_116' title='bbox 514 1822 757 1885; x_wconf 86' lang='lat' dir='ltr'><strong>exhibuit</strong></span> <span class='ocrx_word' id='word_1_117' title='bbox 785 1831 950 1898; x_wconf 90' lang='lat' dir='ltr'><strong>vitiis,</strong></span> <span class='ocrx_word' id='word_1_118' title='bbox 987 1849 1130 1888; x_wconf 91' lang='lat' dir='ltr'><strong>nunc</strong></span> <span class='ocrx_word' id='word_1_119' title='bbox 1154 1835 1221 1887; x_wconf 90' lang='lat' dir='ltr'><strong>ad</strong></span> <span class='ocrx_word' id='word_1_120' title='bbox 1242 1835 1472 1890; x_wconf 87' lang='lat' dir='ltr'><strong>virtutes</strong></span> <span class='ocrx_word' id='word_1_121' title='bbox 1507 1842 1564 1889; x_wconf 92' lang='lat' dir='ltr'><strong>ct</strong></span> <span class='ocrx_word' id='word_1_122' title='bbox 1588 1834 1654 1889; x_wconf 86' lang='lat' dir='ltr'><strong>ad</strong></span> <span class='ocrx_word' id='word_1_123' title='bbox 1681 1849 1847 1904; x_wconf 91' lang='lat' dir='ltr'><strong>opera</strong></span> <span class='ocrx_word' id='word_1_124' title='bbox 1873 1833 2106 1903; x_wconf 68' lang='lat' dir='ltr'><strong>justitiaa</strong></span> 
     </span>
    </p>
   </div>
   <div class='ocr_carea' id='block_1_19' title="bbox 2211 636 3807 712">
    <p class='ocr_par' dir='ltr' id='par_1_19' title="bbox 2211 636 3807 712">
     <span class='ocr_line' id='line_1_19' title="bbox 2211 636 3807 712; baseline 0.001 -18"><span class='ocrx_word' id='word_1_125' title='bbox 2211 636 2372 694; x_wconf 84' lang='lat' dir='ltr'><strong>simul</strong></span> <span class='ocrx_word' id='word_1_126' title='bbox 2396 653 2520 693; x_wconf 90' lang='lat' dir='ltr'><strong>cum</strong></span> <span class='ocrx_word' id='word_1_127' title='bbox 2546 638 2638 695; x_wconf 93' lang='lat' dir='ltr'><strong>illo</strong></span> <span class='ocrx_word' id='word_1_128' title='bbox 2678 648 2882 697; x_wconf 70' lang='lat' dir='ltr'><strong>aeterna</strong></span> <span class='ocrx_word' id='word_1_129' title='bbox 2909 639 3104 712; x_wconf 89' lang='lat' dir='ltr'><strong>gaudia</strong></span> <span class='ocrx_word' id='word_1_130' title='bbox 3133 637 3498 710; x_wconf 77' lang='lat' dir='ltr'><strong>possidentes,</strong></span> <span class='ocrx_word' id='word_1_131' title='bbox 3543 649 3652 710; x_wconf 83' lang='lat' dir='ltr'><strong>per</strong></span> <span class='ocrx_word' id='word_1_132' title='bbox 3686 649 3807 696; x_wconf 78' lang='lat' dir='ltr'><strong>aln-</strong></span> 
     </span>
    </p>
   </div>
   <div class='ocr_carea' id='block_1_20' title="bbox 2211 729 3098 788">
    <p class='ocr_par' dir='ltr' id='par_1_20' title="bbox 2211 729 3098 788">
     <span class='ocr_line' id='line_1_20' title="bbox 2211 729 3098 788; baseline 0.001 -4"><span class='ocrx_word' id='word_1_133' title='bbox 2211 729 2300 784; x_wconf 88' lang='lat' dir='ltr'><strong>nia</strong></span> <span class='ocrx_word' id='word_1_134' title='bbox 2325 729 2520 786; x_wconf 67' lang='lat' dir='ltr'><strong>saacula</strong></span> <span class='ocrx_word' id='word_1_135' title='bbox 2543 731 2883 788; x_wconf 65' lang='lat' dir='ltr'><strong>saeculorum.</strong></span> <span class='ocrx_word' id='word_1_136' title='bbox 2907 732 3098 787; x_wconf 85' lang='lat' dir='ltr'><strong>Amen.</strong></span> 
     </span>
    </p>
   </div>
   <div class='ocr_carea' id='block_1_21' title="bbox 2750 819 3257 878">
    <p class='ocr_par' dir='ltr' id='par_1_21' title="bbox 2750 819 3257 878">
     <span class='ocr_line' id='line_1_21' title="bbox 2750 819 3257 878; baseline 0 -1"><span class='ocrx_word' id='word_1_137' title='bbox 2750 819 3032 878; x_wconf 83' lang='lat' dir='ltr'><strong>HOMILIA</strong></span> <span class='ocrx_word' id='word_1_138' title='bbox 3071 820 3257 878; x_wconf 79' lang='lat' dir='ltr'><strong>CXXI.</strong></span> 
     </span>
    </p>
   </div>
   <div class='ocr_carea' id='block_1_22' title="bbox 2769 929 3234 970">
    <p class='ocr_par' dir='ltr' id='par_1_22' title="bbox 2769 929 3234 970">
     <span class='ocr_line' id='line_1_22' title="bbox 2769 929 3234 970; baseline 0 -2"><span class='ocrx_word' id='word_1_139' title='bbox 2769 929 2900 969; x_wconf 74' lang='grc' dir='ltr'><strong>ΙΤΕΙ</strong></span> <span class='ocrx_word' id='word_1_140' title='bbox 2938 929 3009 969; x_wconf 82' lang='lat' dir='ltr'><strong>UT</strong></span> <span class='ocrx_word' id='word_1_141' title='bbox 3045 929 3234 970; x_wconf 77' lang='lat' dir='ltr'><strong>SUPRA.</strong></span> 
     </span>
    </p>
   </div>
   <div class='ocr_carea' id='block_1_23' title="bbox 2349 1001 3659 1077">
    <p class='ocr_par' dir='ltr' id='par_1_23' title="bbox 2349 1001 3659 1077">
     <span class='ocr_line' id='line_1_23' title="bbox 2349 1001 3659 1077; baseline -0.001 -19"><span class='ocrx_word' id='word_1_142' title='bbox 2349 1002 2535 1060; x_wconf 86' lang='lat' dir='ltr'><strong>Lectio</strong></span> <span class='ocrx_word' id='word_1_143' title='bbox 2560 1005 2732 1061; x_wconf 88' lang='lat' dir='ltr'><strong>sancti</strong></span> <span class='ocrx_word' id='word_1_144' title='bbox 2754 1004 3028 1077; x_wconf 76' lang='lat' dir='ltr'><strong>Evangelii</strong></span> <span class='ocrx_word' id='word_1_145' title='bbox 3060 1003 3361 1061; x_wconf 89' lang='lat' dir='ltr'><strong>secundum</strong></span> <span class='ocrx_word' id='word_1_146' title='bbox 3386 1001 3659 1061; x_wconf 76' lang='lat' dir='ltr'><strong>Marcum.</strong></span> 
     </span>
    </p>
   </div>
   <div class='ocr_carea' id='block_1_24' title="bbox 2278 1093 3806 1166">
    <p class='ocr_par' dir='ltr' id='par_1_24' title="bbox 2278 1093 3806 1166">
     <span class='ocr_line' id='line_1_24' title="bbox 2278 1093 3806 1166; baseline 0.002 -19"><span class='ocrx_word' id='word_1_147' title='bbox 2278 1093 2345 1148; x_wconf 86' lang='lat' dir='ltr'><strong>In</strong></span> <span class='ocrx_word' id='word_1_148' title='bbox 2374 1094 2465 1149; x_wconf 87' lang='lat' dir='ltr'><strong>illo</strong></span> <span class='ocrx_word' id='word_1_149' title='bbox 2492 1104 2740 1166; x_wconf 83' lang='lat' dir='ltr'><strong>tempore,</strong></span> <span class='ocrx_word' id='word_1_150' title='bbox 2775 1113 2893 1151; x_wconf 90' lang='lat' dir='ltr'><strong>cum</strong></span> <span class='ocrx_word' id='word_1_151' title='bbox 2929 1095 3096 1150; x_wconf 90' lang='lat' dir='ltr'><strong>multa</strong></span> <span class='ocrx_word' id='word_1_152' title='bbox 3125 1096 3280 1152; x_wconf 88' lang='lat' dir='ltr'><strong>turba</strong></span> <span class='ocrx_word' id='word_1_153' title='bbox 3321 1105 3455 1152; x_wconf 86' lang='lat' dir='ltr'><strong>esset</strong></span> <span class='ocrx_word' id='word_1_154' title='bbox 3485 1113 3610 1150; x_wconf 87' lang='lat' dir='ltr'><strong>cum</strong></span> <span class='ocrx_word' id='word_1_155' title='bbox 3652 1093 3806 1161; x_wconf 72' lang='lat' dir='ltr'><strong>Iesu,</strong></span> 
     </span>
    </p>
   </div>
   <div class='ocr_carea' id='block_1_25' title="bbox 2211 1186 3806 1259">
    <p class='ocr_par' dir='ltr' id='par_1_25' title="bbox 2211 1186 3806 1259">
     <span class='ocr_line' id='line_1_25' title="bbox 2211 1186 3806 1259; baseline 0 -19"><span class='ocrx_word' id='word_1_156' title='bbox 2211 1202 2306 1241; x_wconf 88' lang='lat' dir='ltr'><strong>nec</strong></span> <span class='ocrx_word' id='word_1_157' title='bbox 2334 1186 2578 1242; x_wconf 78' lang='lat' dir='ltr'><strong>haberent</strong></span> <span class='ocrx_word' id='word_1_158' title='bbox 2604 1188 2745 1259; x_wconf 89' lang='lat' dir='ltr'><strong>quod</strong></span> <span class='ocrx_word' id='word_1_159' title='bbox 2773 1188 3171 1255; x_wconf 86' lang='lat' dir='ltr'><strong>manducarent,</strong></span> <span class='ocrx_word' id='word_1_160' title='bbox 3200 1189 3498 1243; x_wconf 81' lang='lat' dir='ltr'><strong>convocatis</strong></span> <span class='ocrx_word' id='word_1_161' title='bbox 3530 1188 3806 1257; x_wconf 69' lang='lat' dir='ltr'><strong>discipulis</strong></span> 
     </span>
    </p>
   </div>
   <div class='ocr_carea' id='block_1_26' title="bbox 2208 1278 3806 1350">
    <p class='ocr_par' dir='ltr' id='par_1_26' title="bbox 2208 1278 3806 1350">
     <span class='ocr_line' id='line_1_26' title="bbox 2208 1278 3806 1350; baseline 0 -18"><span class='ocrx_word' id='word_1_162' title='bbox 2208 1279 2338 1342; x_wconf 89' lang='lat' dir='ltr'><strong>suis,</strong></span> <span class='ocrx_word' id='word_1_163' title='bbox 2376 1279 2448 1332; x_wconf 85' lang='lat' dir='ltr'><strong>ait</strong></span> <span class='ocrx_word' id='word_1_164' title='bbox 2479 1278 2583 1333; x_wconf 90' lang='lat' dir='ltr'><strong>illis</strong></span> <span class='ocrx_word' id='word_1_165' title='bbox 2607 1293 2626 1330; x_wconf 90' lang='lat'><em>:</em></span> <span class='ocrx_word' id='word_1_166' title='bbox 2656 1278 2908 1334; x_wconf 79' lang='lat' dir='ltr'><strong>Misereor</strong></span> <span class='ocrx_word' id='word_1_167' title='bbox 2932 1296 3088 1350; x_wconf 89' lang='lat' dir='ltr'><strong>super</strong></span> <span class='ocrx_word' id='word_1_168' title='bbox 3115 1279 3346 1345; x_wconf 91' lang='lat' dir='ltr'><strong>turbam,</strong></span> <span class='ocrx_word' id='word_1_169' title='bbox 3377 1280 3505 1350; x_wconf 84' lang='lat' dir='ltr'><strong>quia</strong></span> <span class='ocrx_word' id='word_1_170' title='bbox 3547 1294 3666 1333; x_wconf 86' lang='lat' dir='ltr'><strong>ecce</strong></span> <span class='ocrx_word' id='word_1_171' title='bbox 3691 1279 3806 1348; x_wconf 69' lang='lat' dir='ltr'><strong>jam</strong></span> 
     </span>
    </p>
   </div>
   <div class='ocr_carea' id='block_1_27' title="bbox 2212 1368 3806 1441">
    <p class='ocr_par' dir='ltr' id='par_1_27' title="bbox 2212 1368 3806 1441">
     <span class='ocr_line' id='line_1_27' title="bbox 2212 1368 3806 1441; baseline 0 -19"><span class='ocrx_word' id='word_1_172' title='bbox 2212 1368 2390 1422; x_wconf 81' lang='lat' dir='ltr'><strong>triduo</strong></span> <span class='ocrx_word' id='word_1_173' title='bbox 2418 1370 2675 1424; x_wconf 80' lang='lat' dir='ltr'><strong>sustinent</strong></span> <span class='ocrx_word' id='word_1_174' title='bbox 2706 1387 2807 1436; x_wconf 91' lang='lat' dir='ltr'><strong>me,</strong></span> <span class='ocrx_word' id='word_1_175' title='bbox 2832 1387 2924 1424; x_wconf 80' lang='lat' dir='ltr'><strong>nec</strong></span> <span class='ocrx_word' id='word_1_176' title='bbox 2946 1369 3135 1426; x_wconf 82' lang='lat' dir='ltr'><strong>habent</strong></span> <span class='ocrx_word' id='word_1_177' title='bbox 3155 1371 3295 1441; x_wconf 80' lang='lat' dir='ltr'><strong>quod</strong></span> <span class='ocrx_word' id='word_1_178' title='bbox 3317 1370 3666 1436; x_wconf 81' lang='lat' dir='ltr'><strong>manducent,</strong></span> <span class='ocrx_word' id='word_1_179' title='bbox 3695 1379 3744 1423; x_wconf 86' lang='lat' dir='ltr'><strong>et</strong></span> <span class='ocrx_word' id='word_1_180' title='bbox 3764 1369 3806 1422; x_wconf 82' lang='lat' dir='ltr'><strong>si</strong></span> 
     </span>
    </p>
   </div>
   <div class='ocr_carea' id='block_1_28' title="bbox 2209 1461 3433 1533">
    <p class='ocr_par' dir='ltr' id='par_1_28' title="bbox 2209 1461 3433 1533">
     <span class='ocr_line' id='line_1_28' title="bbox 2209 1461 3433 1533; baseline 0 -18"><span class='ocrx_word' id='word_1_181' title='bbox 2209 1461 2457 1517; x_wconf 77' lang='lat' dir='ltr'><strong>dimisero</strong></span> <span class='ocrx_word' id='word_1_182' title='bbox 2489 1479 2574 1516; x_wconf 89' lang='lat' dir='ltr'><strong>eos</strong></span> <span class='ocrx_word' id='word_1_183' title='bbox 2589 1463 2827 1533; x_wconf 89' lang='lat' dir='ltr'><strong>jejunos,</strong></span> <span class='ocrx_word' id='word_1_184' title='bbox 2851 1461 3092 1532; x_wconf 78' lang='lat' dir='ltr'><strong>deﬁcient</strong></span> <span class='ocrx_word' id='word_1_185' title='bbox 3113 1462 3166 1516; x_wconf 91' lang='lat' dir='ltr'><strong>in</strong></span> <span class='ocrx_word' id='word_1_186' title='bbox 3191 1463 3298 1529; x_wconf 81' lang='lat' dir='ltr'><strong>via,</strong></span> <span class='ocrx_word' id='word_1_187' title='bbox 3327 1471 3433 1518; x_wconf 86' lang='lat' dir='ltr'><strong>etc.</strong></span> 
     </span>
    </p>
   </div>
   <div class='ocr_carea' id='block_1_29' title="bbox 2243 1552 3806 1623">
    <p class='ocr_par' dir='ltr' id='par_1_29' title="bbox 2243 1552 3806 1623">
     <span class='ocr_line' id='line_1_29' title="bbox 2243 1552 3806 1623; baseline 0 -15"><span class='ocrx_word' id='word_1_188' title='bbox 2243 1554 2336 1608; x_wconf 57' lang='grc' dir='ltr'><strong>λιιι</strong></span> <span class='ocrx_word' id='word_1_189' title='bbox 2364 1555 2468 1610; x_wconf 90' lang='lat' dir='ltr'><strong>hac</strong></span> <span class='ocrx_word' id='word_1_190' title='bbox 2494 1553 2726 1611; x_wconf 90' lang='lat' dir='ltr'><strong>lectione</strong></span> <span class='ocrx_word' id='word_1_191' title='bbox 2748 1553 3141 1610; x_wconf 89' lang='lat' dir='ltr'><strong>consideranda</strong></span> <span class='ocrx_word' id='word_1_192' title='bbox 3167 1563 3254 1610; x_wconf 90' lang='lat' dir='ltr'><strong>est</strong></span> <span class='ocrx_word' id='word_1_193' title='bbox 3279 1553 3336 1610; x_wconf 90' lang='lat' dir='ltr'><strong>in</strong></span> <span class='ocrx_word' id='word_1_194' title='bbox 3358 1569 3470 1610; x_wconf 91' lang='lat' dir='ltr'><strong>uno</strong></span> <span class='ocrx_word' id='word_1_195' title='bbox 3500 1552 3806 1623; x_wconf 87' lang='lat' dir='ltr'><strong>eodemque</strong></span> 
     </span>
    </p>
   </div>
   <div class='ocr_carea' id='block_1_30' title="bbox 2209 1648 3802 1720">
    <p class='ocr_par' dir='ltr' id='par_1_30' title="bbox 2209 1648 3802 1720">
     <span class='ocr_line' id='line_1_30' title="bbox 2209 1648 3802 1720; baseline 0.001 -18"><span class='ocrx_word' id='word_1_196' title='bbox 2209 1649 2550 1718; x_wconf 89' lang='lat' dir='ltr'><strong>redemptore</strong></span> <span class='ocrx_word' id='word_1_197' title='bbox 2599 1660 2788 1716; x_wconf 86' lang='lat' dir='ltr'><strong>nostro</strong></span> <span class='ocrx_word' id='word_1_198' title='bbox 2823 1649 3076 1705; x_wconf 89' lang='lat' dir='ltr'><strong>distincta</strong></span> <span class='ocrx_word' id='word_1_199' title='bbox 3117 1648 3362 1720; x_wconf 88' lang='lat' dir='ltr'><strong>operatio</strong></span> <span class='ocrx_word' id='word_1_200' title='bbox 3408 1649 3724 1704; x_wconf 85' lang='lat' dir='ltr'><strong>divinitatis</strong></span> <span class='ocrx_word' id='word_1_201' title='bbox 3752 1657 3802 1704; x_wconf 89' lang='lat' dir='ltr'><strong>et</strong></span> 
     </span>
    </p>
   </div>
   <div class='ocr_carea' id='block_1_31' title="bbox 2210 1741 3808 1814">
    <p class='ocr_par' dir='ltr' id='par_1_31' title="bbox 2210 1741 3808 1814">
     <span class='ocr_line' id='line_1_31' title="bbox 2210 1741 3808 1814; baseline 0.003 -17"><span class='ocrx_word' id='word_1_202' title='bbox 2210 1741 2584 1798; x_wconf 89' lang='lat' dir='ltr'><strong>humanitatis.</strong></span> <span class='ocrx_word' id='word_1_203' title='bbox 2613 1742 2744 1810; x_wconf 82' lang='lat' dir='ltr'><strong>Quis</strong></span> <span class='ocrx_word' id='word_1_204' title='bbox 2781 1743 2926 1798; x_wconf 89' lang='lat' dir='ltr'><strong>enim</strong></span> <span class='ocrx_word' id='word_1_205' title='bbox 2955 1759 3061 1798; x_wconf 93' lang='lat' dir='ltr'><strong>non</strong></span> <span class='ocrx_word' id='word_1_206' title='bbox 3088 1743 3269 1799; x_wconf 83' lang='lat' dir='ltr'><strong>videat</strong></span> <span class='ocrx_word' id='word_1_207' title='bbox 3305 1744 3408 1800; x_wconf 92' lang='lat' dir='ltr'><strong>hoc</strong></span> <span class='ocrx_word' id='word_1_208' title='bbox 3450 1743 3604 1814; x_wconf 89' lang='lat' dir='ltr'><strong>quod</strong></span> <span class='ocrx_word' id='word_1_209' title='bbox 3647 1758 3808 1814; x_wconf 82' lang='lat' dir='ltr'><strong>super</strong></span> 
     </span>
    </p>
   </div>
   <div class='ocr_carea' id='block_1_32' title="bbox 2212 1834 3805 1902">
    <p class='ocr_par' dir='ltr' id='par_1_32' title="bbox 2212 1834 3805 1902">
     <span class='ocr_line' id='line_1_32' title="bbox 2212 1834 3805 1902; baseline 0.001 -13"><span class='ocrx_word' id='word_1_210' title='bbox 2212 1834 2426 1889; x_wconf 88' lang='lat' dir='ltr'><strong>turbam</strong></span> <span class='ocrx_word' id='word_1_211' title='bbox 2466 1834 2757 1890; x_wconf 88' lang='lat' dir='ltr'><strong>miseretur</strong></span> <span class='ocrx_word' id='word_1_212' title='bbox 2805 1835 3088 1902; x_wconf 86' lang='lat' dir='ltr'><strong>Dominus,</strong></span> <span class='ocrx_word' id='word_1_213' title='bbox 3129 1849 3198 1891; x_wconf 93' lang='lat' dir='ltr'><strong>ne</strong></span> <span class='ocrx_word' id='word_1_214' title='bbox 3234 1834 3320 1890; x_wconf 88' lang='lat' dir='ltr'><strong>vel</strong></span> <span class='ocrx_word' id='word_1_215' title='bbox 3364 1835 3548 1892; x_wconf 89' lang='lat' dir='ltr'><strong>inedia</strong></span> <span class='ocrx_word' id='word_1_216' title='bbox 3587 1835 3673 1891; x_wconf 87' lang='lat' dir='ltr'><strong>vel</strong></span> <span class='ocrx_word' id='word_1_217' title='bbox 3708 1836 3805 1890; x_wconf 70' lang='lat' dir='ltr'><strong>via:</strong></span> 
     </span>
    </p>
   </div>
   <div class='ocr_carea' id='block_1_33' title="bbox 517 1904 3805 1998">
    <p class='ocr_par' dir='ltr' id='par_1_33' title="bbox 517 1904 3805 1998">
     <span class='ocr_line' id='line_1_33' title="bbox 517 1904 3805 1998; baseline 0.002 -23"><span class='ocrx_word' id='word_1_218' title='bbox 517 1931 707 1992; x_wconf 87' lang='lat' dir='ltr'><strong>aptare</strong></span> <span class='ocrx_word' id='word_1_219' title='bbox 729 1927 1044 1981; x_wconf 85' lang='lat' dir='ltr'><strong>contendat.</strong></span> <span class='ocrx_word' id='word_1_220' title='bbox 1085 1926 1151 1982; x_wconf 86' lang='lat' dir='ltr'><strong>Et</strong></span> <span class='ocrx_word' id='word_1_221' title='bbox 1176 1936 1354 1981; x_wconf 89' lang='lat' dir='ltr'><strong>actum</strong></span> <span class='ocrx_word' id='word_1_222' title='bbox 1387 1943 1547 1998; x_wconf 89' lang='lat' dir='ltr'><strong>quem</strong></span> <span class='ocrx_word' id='word_1_223' title='bbox 1577 1929 1824 1984; x_wconf 85' lang='lat' dir='ltr'><strong>exhibuit</strong></span> <span class='ocrx_word' id='word_1_224' title='bbox 1851 1929 1917 1984; x_wconf 91' lang='lat' dir='ltr'><strong>ad</strong></span> <span class='ocrx_word' id='word_1_225' title='bbox 1947 1927 2104 1983; x_wconf 84' lang='lat' dir='ltr'><strong>adul-</strong></span> <span class='ocrx_word' id='word_1_226' title='bbox 2133 1904 2181 1966; x_wconf 78' lang='grc' dir='ltr'><strong>Β</strong></span> <span class='ocrx_word' id='word_1_227' title='bbox 2209 1925 2468 1997; x_wconf 87' lang='lat' dir='ltr'><strong>longioris</strong></span> <span class='ocrx_word' id='word_1_228' title='bbox 2518 1925 2732 1982; x_wconf 90' lang='lat' dir='ltr'><strong>deﬁciat</strong></span> <span class='ocrx_word' id='word_1_229' title='bbox 2774 1925 2979 1993; x_wconf 91' lang='lat' dir='ltr'><strong>labore,</strong></span> <span class='ocrx_word' id='word_1_230' title='bbox 3011 1925 3261 1983; x_wconf 72' lang='lat' dir='ltr'><strong>allectum</strong></span> <span class='ocrx_word' id='word_1_231' title='bbox 3306 1941 3428 1982; x_wconf 90' lang='lat' dir='ltr'><strong>esse</strong></span> <span class='ocrx_word' id='word_1_232' title='bbox 3463 1935 3521 1983; x_wconf 91' lang='lat' dir='ltr'><strong>et</strong></span> <span class='ocrx_word' id='word_1_233' title='bbox 3554 1940 3805 1997; x_wconf 81' lang='lat' dir='ltr'><strong>compas-</strong></span> 
     </span>
    </p>
   </div>
   <div class='ocr_carea' id='block_1_34' title="bbox 517 2013 2102 2078">
    <p class='ocr_par' dir='ltr' id='par_1_34' title="bbox 517 2013 2102 2078">
     <span class='ocr_line' id='line_1_34' title="bbox 517 2013 2102 2078; baseline 0.006 -15"><span class='ocrx_word' id='word_1_234' title='bbox 517 2013 736 2078; x_wconf 91' lang='lat' dir='ltr'><strong>terium,</strong></span> <span class='ocrx_word' id='word_1_235' title='bbox 781 2013 848 2069; x_wconf 84' lang='lat' dir='ltr'><strong>ad</strong></span> <span class='ocrx_word' id='word_1_236' title='bbox 870 2015 1176 2071; x_wconf 86' lang='lat' dir='ltr'><strong>castitatem</strong></span> <span class='ocrx_word' id='word_1_237' title='bbox 1206 2033 1349 2074; x_wconf 90' lang='lat' dir='ltr'><strong>nunc</strong></span> <span class='ocrx_word' id='word_1_238' title='bbox 1373 2026 1428 2073; x_wconf 93' lang='lat' dir='ltr'><strong>et</strong></span> <span class='ocrx_word' id='word_1_239' title='bbox 1471 2019 1952 2074; x_wconf 89' lang='lat' dir='ltr'><strong>sanctiﬁcationem</strong></span> <span class='ocrx_word' id='word_1_240' title='bbox 1982 2034 2102 2073; x_wconf 86' lang='lat' dir='ltr'><strong>om-</strong></span> 
     </span>
    </p>
   </div>
   <div class='ocr_carea' id='block_1_35' title="bbox 516 2103 2106 2180">
    <p class='ocr_par' dir='ltr' id='par_1_35' title="bbox 516 2103 2106 2180">
     <span class='ocr_line' id='line_1_35' title="bbox 516 2103 2106 2180; baseline 0.004 -23"><span class='ocrx_word' id='word_1_241' title='bbox 516 2103 648 2158; x_wconf 91' lang='lat' dir='ltr'><strong>nino</strong></span> <span class='ocrx_word' id='word_1_242' title='bbox 673 2114 973 2162; x_wconf 86' lang='lat' dir='ltr'><strong>convertat.</strong></span> <span class='ocrx_word' id='word_1_243' title='bbox 1025 2107 1091 2162; x_wconf 87' lang='lat' dir='ltr'><strong>Et</strong></span> <span class='ocrx_word' id='word_1_244' title='bbox 1115 2109 1190 2163; x_wconf 92' lang='lat' dir='ltr'><strong>ita</strong></span> <span class='ocrx_word' id='word_1_245' title='bbox 1225 2109 1406 2164; x_wconf 90' lang='lat' dir='ltr'><strong>omnia</strong></span> <span class='ocrx_word' id='word_1_246' title='bbox 1431 2109 1671 2165; x_wconf 88' lang='lat' dir='ltr'><strong>membra</strong></span> <span class='ocrx_word' id='word_1_247' title='bbox 1703 2125 1822 2180; x_wconf 70' lang='lat' dir='ltr'><strong>quae</strong></span> <span class='ocrx_word' id='word_1_248' title='bbox 1851 2114 1975 2164; x_wconf 89' lang='lat' dir='ltr'><strong>ante</strong></span> <span class='ocrx_word' id='word_1_249' title='bbox 2002 2109 2106 2163; x_wconf 90' lang='lat' dir='ltr'><strong>ini-</strong></span> 
     </span>
    </p>
   </div>
   <div class='ocr_carea' id='block_1_36' title="bbox 520 2197 2106 2270">
    <p class='ocr_par' dir='ltr' id='par_1_36' title="bbox 520 2197 2106 2270">
     <span class='ocr_line' id='line_1_36' title="bbox 520 2197 2106 2270; baseline 0.003 -19"><span class='ocrx_word' id='word_1_250' title='bbox 520 2197 715 2268; x_wconf 73' lang='lat' dir='ltr'><strong>Quitati</strong></span> <span class='ocrx_word' id='word_1_251' title='bbox 755 2198 963 2254; x_wconf 88' lang='lat' dir='ltr'><strong>servire</strong></span> <span class='ocrx_word' id='word_1_252' title='bbox 998 2199 1390 2270; x_wconf 87' lang='lat' dir='ltr'><strong>dependebant,</strong></span> <span class='ocrx_word' id='word_1_253' title='bbox 1436 2201 1550 2258; x_wconf 70' lang='lat' dir='ltr'><strong>haec</strong></span> <span class='ocrx_word' id='word_1_254' title='bbox 1576 2201 1862 2257; x_wconf 87' lang='lat' dir='ltr'><strong>conversio</strong></span> <span class='ocrx_word' id='word_1_255' title='bbox 1900 2201 1956 2255; x_wconf 93' lang='lat' dir='ltr'><strong>in</strong></span> <span class='ocrx_word' id='word_1_256' title='bbox 1993 2214 2106 2255; x_wconf 90' lang='lat' dir='ltr'><strong>me-</strong></span> 
     </span>
    </p>
   </div>
   <div class='ocr_carea' id='block_1_37' title="bbox 516 2288 2105 2362">
    <p class='ocr_par' dir='ltr' id='par_1_37' title="bbox 516 2288 2105 2362">
     <span class='ocr_line' id='line_1_37' title="bbox 516 2288 2105 2362; baseline 0.004 -20"><span class='ocrx_word' id='word_1_257' title='bbox 516 2288 623 2346; x_wconf 84' lang='lat' dir='ltr'><strong>lius</strong></span> <span class='ocrx_word' id='word_1_258' title='bbox 651 2291 929 2362; x_wconf 90' lang='lat' dir='ltr'><strong>proposita</strong></span> <span class='ocrx_word' id='word_1_259' title='bbox 966 2290 1034 2347; x_wconf 90' lang='lat' dir='ltr'><strong>ad</strong></span> <span class='ocrx_word' id='word_1_260' title='bbox 1075 2293 1417 2348; x_wconf 90' lang='lat' dir='ltr'><strong>serviendum</strong></span> <span class='ocrx_word' id='word_1_261' title='bbox 1451 2291 1677 2360; x_wconf 63' lang='lat' dir='ltr'><strong>iustitia:</strong></span> <span class='ocrx_word' id='word_1_262' title='bbox 1720 2291 2105 2348; x_wconf 75' lang='lat' dir='ltr'><strong>sanctiﬁcatio-</strong></span> 
     </span>
    </p>
   </div>
   <div class='ocr_carea' id='block_1_38' title="bbox 515 2368 1326 2454">
    <p class='ocr_par' dir='ltr' id='par_1_38' title="bbox 515 2368 1326 2454">
     <span class='ocr_line' id='line_1_38' title="bbox 515 2368 1326 2454; baseline 0.001 -18"><span class='ocrx_word' id='word_1_263' title='bbox 515 2368 682 2454; x_wconf 88' lang='lat' dir='ltr'><strong>nique</strong></span> <span class='ocrx_word' id='word_1_264' title='bbox 701 2382 988 2453; x_wconf 87' lang='lat' dir='ltr'><strong>dependat.</strong></span> <span class='ocrx_word' id='word_1_265' title='bbox 1023 2381 1283 2454; x_wconf 89' lang='lat' dir='ltr'><strong>Sequitur</strong></span> <span class='ocrx_word' id='word_1_266' title='bbox 1314 2403 1326 2437; x_wconf 88' lang='lat'><em>:</em></span> 
     </span>
    </p>
   </div>
   <div class='ocr_carea' id='block_1_39' title="bbox 533 2465 2100 2545">
    <p class='ocr_par' dir='ltr' id='par_1_39' title="bbox 533 2465 2100 2545">
     <span class='ocr_line' id='line_1_39' title="bbox 533 2465 2100 2545; baseline 0.001 -17"><span class='ocrx_word' id='word_1_267' title='bbox 533 2465 540 2472; x_wconf 77' lang='grc'><em>’</em></span> <span class='ocrx_word' id='word_1_268' title='bbox 587 2470 720 2528; x_wconf 87' lang='lat' dir='ltr'><strong>Cum</strong></span> <span class='ocrx_word' id='word_1_269' title='bbox 747 2475 884 2528; x_wconf 88' lang='lat' dir='ltr'><strong>enim</strong></span> <span class='ocrx_word' id='word_1_270' title='bbox 904 2473 1038 2529; x_wconf 85' lang='lat' dir='ltr'><strong>servi</strong></span> <span class='ocrx_word' id='word_1_271' title='bbox 1058 2475 1234 2529; x_wconf 83' lang='lat' dir='ltr'><strong>essetis</strong></span> <span class='ocrx_word' id='word_1_272' title='bbox 1258 2475 1476 2545; x_wconf 85' lang='lat' dir='ltr'><strong>peccati,</strong></span> <span class='ocrx_word' id='word_1_273' title='bbox 1498 2473 1646 2530; x_wconf 83' lang='lat' dir='ltr'><strong>liberi</strong></span> <span class='ocrx_word' id='word_1_274' title='bbox 1668 2473 1841 2544; x_wconf 81' lang='lat' dir='ltr'><strong>fuistis</strong></span> <span class='ocrx_word' id='word_1_275' title='bbox 1853 2474 2100 2545; x_wconf 83' lang='lat' dir='ltr'><strong>justitite.</strong></span> 
     </span>
    </p>
   </div>
   <div class='ocr_carea' id='block_1_40' title="bbox 515 2561 2104 2635">
    <p class='ocr_par' dir='ltr' id='par_1_40' title="bbox 515 2561 2104 2635">
     <span class='ocr_line' id='line_1_40' title="bbox 515 2561 2104 2635; baseline 0.002 -17"><span class='ocrx_word' id='word_1_276' title='bbox 515 2561 632 2620; x_wconf 85' lang='lat' dir='ltr'><strong>Hoc</strong></span> <span class='ocrx_word' id='word_1_277' title='bbox 655 2572 760 2631; x_wconf 90' lang='lat' dir='ltr'><strong>est,</strong></span> <span class='ocrx_word' id='word_1_278' title='bbox 791 2565 859 2620; x_wconf 88' lang='lat' dir='ltr'><strong>ab</strong></span> <span class='ocrx_word' id='word_1_279' title='bbox 886 2564 1034 2620; x_wconf 83' lang='lat' dir='ltr'><strong>omni</strong></span> <span class='ocrx_word' id='word_1_280' title='bbox 1067 2563 1282 2634; x_wconf 90' lang='lat' dir='ltr'><strong>justitia</strong></span> <span class='ocrx_word' id='word_1_281' title='bbox 1313 2564 1495 2632; x_wconf 90' lang='lat' dir='ltr'><strong>alieni,</strong></span> <span class='ocrx_word' id='word_1_282' title='bbox 1527 2565 1653 2635; x_wconf 87' lang='lat' dir='ltr'><strong>quia</strong></span> <span class='ocrx_word' id='word_1_283' title='bbox 1694 2579 1803 2621; x_wconf 92' lang='lat' dir='ltr'><strong>non</strong></span> <span class='ocrx_word' id='word_1_284' title='bbox 1830 2573 1914 2620; x_wconf 90' lang='lat' dir='ltr'><strong>est</strong></span> <span class='ocrx_word' id='word_1_285' title='bbox 1950 2579 2104 2621; x_wconf 89' lang='lat' dir='ltr'><strong>acce-</strong></span> 
     </span>
    </p>
   </div>
   <div class='ocr_carea' id='block_1_41' title="bbox 516 2653 2105 2728">
    <p class='ocr_par' dir='ltr' id='par_1_41' title="bbox 516 2653 2105 2728">
     <span class='ocr_line' id='line_1_41' title="bbox 516 2653 2105 2728; baseline 0.003 -19"><span class='ocrx_word' id='word_1_286' title='bbox 516 2665 669 2726; x_wconf 90' lang='lat' dir='ltr'><strong>ptum</strong></span> <span class='ocrx_word' id='word_1_287' title='bbox 708 2655 819 2711; x_wconf 89' lang='lat' dir='ltr'><strong>Deo</strong></span> <span class='ocrx_word' id='word_1_288' title='bbox 859 2654 1020 2711; x_wconf 88' lang='lat' dir='ltr'><strong>simul</strong></span> <span class='ocrx_word' id='word_1_289' title='bbox 1051 2653 1277 2724; x_wconf 78' lang='lat' dir='ltr'><strong>iustitiae</strong></span> <span class='ocrx_word' id='word_1_290' title='bbox 1325 2664 1655 2728; x_wconf 88' lang='lat' dir='ltr'><strong>peccatoque</strong></span> <span class='ocrx_word' id='word_1_291' title='bbox 1691 2656 1916 2713; x_wconf 90' lang='lat' dir='ltr'><strong>servire.</strong></span> <span class='ocrx_word' id='word_1_292' title='bbox 1950 2655 2105 2714; x_wconf 91' lang='lat' dir='ltr'><strong>Unde</strong></span> 
     </span>
    </p>
   </div>
   <div class='ocr_carea' id='block_1_42' title="bbox 516 2748 1054 2818">
    <p class='ocr_par' dir='ltr' id='par_1_42' title="bbox 516 2748 1054 2818">
     <span class='ocr_line' id='line_1_42' title="bbox 516 2748 1054 2818; baseline -0.004 -15"><span class='ocrx_word' id='word_1_293' title='bbox 516 2748 761 2818; x_wconf 89' lang='lat' dir='ltr'><strong>sequitur</strong></span> <span class='ocrx_word' id='word_1_294' title='bbox 785 2767 797 2802; x_wconf 93' lang='lat'>:</span> <span class='ocrx_word' id='word_1_295' title='bbox 1051 2753 1054 2756; x_wconf 80' lang='grc'><strong>’</strong></span> 
     </span>
    </p>
   </div>
   <div class='ocr_carea' id='block_1_43' title="bbox 593 2833 2105 2918">
    <p class='ocr_par' dir='ltr' id='par_1_43' title="bbox 593 2833 2105 2918">
     <span class='ocr_line' id='line_1_43' title="bbox 593 2833 2105 2918; baseline 0.005 -22"><span class='ocrx_word' id='word_1_296' title='bbox 593 2833 759 2909; x_wconf 84' lang='lat' dir='ltr'><strong>Quem</strong></span> <span class='ocrx_word' id='word_1_297' title='bbox 783 2859 904 2915; x_wconf 87' lang='lat' dir='ltr'><strong>ergo</strong></span> <span class='ocrx_word' id='word_1_298' title='bbox 933 2843 1164 2912; x_wconf 78' lang='lat' dir='ltr'><strong>fructum</strong></span> <span class='ocrx_word' id='word_1_299' title='bbox 1191 2844 1445 2901; x_wconf 83' lang='lat' dir='ltr'><strong>habuistis</strong></span> <span class='ocrx_word' id='word_1_300' title='bbox 1477 2856 1600 2900; x_wconf 87' lang='lat' dir='ltr'><strong>tunc</strong></span> <span class='ocrx_word' id='word_1_301' title='bbox 1627 2847 1683 2902; x_wconf 87' lang='lat' dir='ltr'><strong>in</strong></span> <span class='ocrx_word' id='word_1_302' title='bbox 1709 2845 1813 2901; x_wconf 86' lang='lat' dir='ltr'><strong>illis</strong></span> <span class='ocrx_word' id='word_1_303' title='bbox 1841 2845 1895 2901; x_wconf 87' lang='lat' dir='ltr'><strong>in</strong></span> <span class='ocrx_word' id='word_1_304' title='bbox 1917 2846 2105 2918; x_wconf 89' lang='lat' dir='ltr'><strong>quibus</strong></span> 
     </span>
    </p>
   </div>
   <div class='ocr_carea' id='block_1_44' title="bbox 520 2935 2104 3008">
    <p class='ocr_par' dir='ltr' id='par_1_44' title="bbox 520 2935 2104 3008">
     <span class='ocr_line' id='line_1_44' title="bbox 520 2935 2104 3008; baseline 0.003 -21"><span class='ocrx_word' id='word_1_305' title='bbox 520 2951 657 2990; x_wconf 85' lang='lat' dir='ltr'><strong>nunc</strong></span> <span class='ocrx_word' id='word_1_306' title='bbox 699 2935 1040 2991; x_wconf 84' lang='lat' dir='ltr'><strong>erubescitis?</strong></span> <span class='ocrx_word' id='word_1_307' title='bbox 1086 2937 1143 2994; x_wconf 93' lang='lat' dir='ltr'><strong>ln</strong></span> <span class='ocrx_word' id='word_1_308' title='bbox 1188 2953 1419 3008; x_wconf 88' lang='lat' dir='ltr'><strong>quorum</strong></span> <span class='ocrx_word' id='word_1_309' title='bbox 1460 2937 1834 2996; x_wconf 90' lang='lat' dir='ltr'><strong>recordatione</strong></span> <span class='ocrx_word' id='word_1_310' title='bbox 1867 2937 2104 2992; x_wconf 86' lang='lat' dir='ltr'><strong>maxima</strong></span> 
     </span>
    </p>
   </div>
   <div class='ocr_carea' id='block_1_45' title="bbox 515 3028 2104 3102">
    <p class='ocr_par' dir='ltr' id='par_1_45' title="bbox 515 3028 2104 3102">
     <span class='ocr_line' id='line_1_45' title="bbox 515 3028 2104 3102; baseline 0.003 -23"><span class='ocrx_word' id='word_1_311' title='bbox 515 3035 598 3081; x_wconf 85' lang='lat' dir='ltr'><strong>cst</strong></span> <span class='ocrx_word' id='word_1_312' title='bbox 625 3028 951 3084; x_wconf 88' lang='lat' dir='ltr'><strong>verecundia</strong></span> <span class='ocrx_word' id='word_1_313' title='bbox 992 3029 1077 3085; x_wconf 90' lang='lat' dir='ltr'><strong>his</strong></span> <span class='ocrx_word' id='word_1_314' title='bbox 1114 3029 1207 3100; x_wconf 90' lang='lat' dir='ltr'><strong>qui</strong></span> <span class='ocrx_word' id='word_1_315' title='bbox 1236 3029 1468 3102; x_wconf 89' lang='lat' dir='ltr'><strong>diligunt</strong></span> <span class='ocrx_word' id='word_1_316' title='bbox 1508 3029 1776 3101; x_wconf 84' lang='lat' dir='ltr'><strong>justitiam</strong></span> <span class='ocrx_word' id='word_1_317' title='bbox 1803 3037 1858 3085; x_wconf 90' lang='lat' dir='ltr'><strong>et</strong></span> <span class='ocrx_word' id='word_1_318' title='bbox 1897 3030 2104 3084; x_wconf 83' lang='lat' dir='ltr'><strong>verita-</strong></span> 
     </span>
    </p>
   </div>
   <div class='ocr_carea' id='block_1_46' title="bbox 517 3115 2104 3192">
    <p class='ocr_par' dir='ltr' id='par_1_46' title="bbox 517 3115 2104 3192">
     <span class='ocr_line' id='line_1_46' title="bbox 517 3115 2104 3192; baseline 0.003 -23"><span class='ocrx_word' id='word_1_319' title='bbox 517 3125 644 3170; x_wconf 87' lang='lat' dir='ltr'><strong>tem.</strong></span> <span class='ocrx_word' id='word_1_320' title='bbox 678 3115 814 3184; x_wconf 83' lang='lat' dir='ltr'><strong>Quia</strong></span> <span class='ocrx_word' id='word_1_321' title='bbox 839 3117 1018 3174; x_wconf 90' lang='lat' dir='ltr'><strong>omnis</strong></span> <span class='ocrx_word' id='word_1_322' title='bbox 1039 3117 1133 3190; x_wconf 91' lang='lat' dir='ltr'><strong>qui</strong></span> <span class='ocrx_word' id='word_1_323' title='bbox 1165 3119 1445 3191; x_wconf 79' lang='lat' dir='ltr'><strong>cognoscit</strong></span> <span class='ocrx_word' id='word_1_324' title='bbox 1474 3128 1566 3175; x_wconf 90' lang='lat' dir='ltr'><strong>aut</strong></span> <span class='ocrx_word' id='word_1_325' title='bbox 1591 3118 1766 3192; x_wconf 75' lang='lat' dir='ltr'><strong>diligit</strong></span> <span class='ocrx_word' id='word_1_326' title='bbox 1804 3119 2104 3175; x_wconf 89' lang='lat' dir='ltr'><strong>bonitatem</strong></span> 
     </span>
    </p>
   </div>
   <div class='ocr_carea' id='block_1_47' title="bbox 513 3203 1458 3282">
    <p class='ocr_par' dir='ltr' id='par_1_47' title="bbox 513 3203 1458 3282">
     <span class='ocr_line' id='line_1_47' title="bbox 513 3203 1458 3282; baseline 0.005 -22"><span class='ocrx_word' id='word_1_327' title='bbox 513 3203 568 3282; x_wconf 83' lang='lat' dir='ltr'><strong>in</strong></span> <span class='ocrx_word' id='word_1_328' title='bbox 601 3207 757 3264; x_wconf 92' lang='lat' dir='ltr'><strong>malis</strong></span> <span class='ocrx_word' id='word_1_329' title='bbox 785 3210 997 3267; x_wconf 89' lang='lat' dir='ltr'><strong>actibus</strong></span> <span class='ocrx_word' id='word_1_330' title='bbox 1023 3211 1138 3267; x_wconf 86' lang='lat' dir='ltr'><strong>suis</strong></span> <span class='ocrx_word' id='word_1_331' title='bbox 1160 3211 1458 3268; x_wconf 89' lang='lat' dir='ltr'><strong>erubescit.</strong></span> 
     </span>
    </p>
   </div>
   <div class='ocr_carea' id='block_1_48' title="bbox 2209 2017 3801 2089">
    <p class='ocr_par' dir='ltr' id='par_1_48' title="bbox 2209 2017 3801 2089">
     <span class='ocr_line' id='line_1_48' title="bbox 2209 2017 3801 2089; baseline -0.002 -14"><span class='ocrx_word' id='word_1_332' title='bbox 2209 2019 2420 2075; x_wconf 88' lang='lat' dir='ltr'><strong>sionem</strong></span> <span class='ocrx_word' id='word_1_333' title='bbox 2460 2018 2711 2074; x_wconf 67' lang='lat' dir='ltr'><strong>humanm</strong></span> <span class='ocrx_word' id='word_1_334' title='bbox 2759 2017 3109 2089; x_wconf 74' lang='lat' dir='ltr'><strong>fragilitatis?</strong></span> <span class='ocrx_word' id='word_1_335' title='bbox 3133 2018 3287 2086; x_wconf 88' lang='lat' dir='ltr'><strong>Quod</strong></span> <span class='ocrx_word' id='word_1_336' title='bbox 3326 2032 3462 2074; x_wconf 89' lang='lat' dir='ltr'><strong>vero</strong></span> <span class='ocrx_word' id='word_1_337' title='bbox 3492 2019 3562 2074; x_wconf 91' lang='lat' dir='ltr'><strong>de</strong></span> <span class='ocrx_word' id='word_1_338' title='bbox 3594 2028 3801 2089; x_wconf 85' lang='lat' dir='ltr'><strong>septem</strong></span> 
     </span>
    </p>
   </div>
   <div class='ocr_carea' id='block_1_49' title="bbox 2207 2108 3806 2182">
    <p class='ocr_par' dir='ltr' id='par_1_49' title="bbox 2207 2108 3806 2182">
     <span class='ocr_line' id='line_1_49' title="bbox 2207 2108 3806 2182; baseline 0 -18"><span class='ocrx_word' id='word_1_339' title='bbox 2207 2110 2436 2182; x_wconf 88' lang='lat' dir='ltr'><strong>panibus</strong></span> <span class='ocrx_word' id='word_1_340' title='bbox 2458 2117 2514 2166; x_wconf 91' lang='lat' dir='ltr'><strong>et</strong></span> <span class='ocrx_word' id='word_1_341' title='bbox 2541 2108 2815 2180; x_wconf 90' lang='lat' dir='ltr'><strong>pisciculis</strong></span> <span class='ocrx_word' id='word_1_342' title='bbox 2839 2109 3030 2180; x_wconf 90' lang='lat' dir='ltr'><strong>paucis</strong></span> <span class='ocrx_word' id='word_1_343' title='bbox 3057 2119 3289 2180; x_wconf 88' lang='lat' dir='ltr'><strong>quatuor</strong></span> <span class='ocrx_word' id='word_1_344' title='bbox 3317 2109 3488 2166; x_wconf 87' lang='lat' dir='ltr'><strong>millia</strong></span> <span class='ocrx_word' id='word_1_345' title='bbox 3516 2109 3806 2166; x_wconf 77' lang='lat' dir='ltr'><strong>hominum</strong></span> 
     </span>
    </p>
   </div>
   <div class='ocr_carea' id='block_1_50' title="bbox 2210 2199 3803 2272">
    <p class='ocr_par' dir='ltr' id='par_1_50' title="bbox 2210 2199 3803 2272">
     <span class='ocr_line' id='line_1_50' title="bbox 2210 2199 3803 2272; baseline -0.001 -14"><span class='ocrx_word' id='word_1_346' title='bbox 2210 2202 2496 2268; x_wconf 88' lang='lat' dir='ltr'><strong>saturavit,</strong></span> <span class='ocrx_word' id='word_1_347' title='bbox 2535 2201 2727 2257; x_wconf 82' lang='lat' dir='ltr'><strong>divinae</strong></span> <span class='ocrx_word' id='word_1_348' title='bbox 2758 2216 2894 2272; x_wconf 91' lang='lat' dir='ltr'><strong>opus</strong></span> <span class='ocrx_word' id='word_1_349' title='bbox 2921 2215 3043 2258; x_wconf 86' lang='lat' dir='ltr'><strong>esse</strong></span> <span class='ocrx_word' id='word_1_350' title='bbox 3069 2201 3286 2258; x_wconf 90' lang='lat' dir='ltr'><strong>virtutis</strong></span> <span class='ocrx_word' id='word_1_351' title='bbox 3317 2199 3676 2256; x_wconf 87' lang='lat' dir='ltr'><strong>manifestum</strong></span> <span class='ocrx_word' id='word_1_352' title='bbox 3703 2208 3803 2256; x_wconf 83' lang='lat' dir='ltr'><strong>est.</strong></span> 
     </span>
    </p>
   </div>
   <div class='ocr_carea' id='block_1_51' title="bbox 2209 2291 3803 2366">
    <p class='ocr_par' dir='ltr' id='par_1_51' title="bbox 2209 2291 3803 2366">
     <span class='ocr_line' id='line_1_51' title="bbox 2209 2291 3803 2366; baseline -0.001 -18"><span class='ocrx_word' id='word_1_353' title='bbox 2209 2293 2433 2366; x_wconf 83' lang='lat' dir='ltr'><strong>Mystice</strong></span> <span class='ocrx_word' id='word_1_354' title='bbox 2464 2302 2644 2349; x_wconf 91' lang='lat' dir='ltr'><strong>autem</strong></span> <span class='ocrx_word' id='word_1_355' title='bbox 2669 2293 2772 2349; x_wconf 91' lang='lat' dir='ltr'><strong>hoc</strong></span> <span class='ocrx_word' id='word_1_356' title='bbox 2793 2291 3054 2348; x_wconf 88' lang='lat' dir='ltr'><strong>miraculo</strong></span> <span class='ocrx_word' id='word_1_357' title='bbox 3082 2291 3429 2364; x_wconf 86' lang='lat' dir='ltr'><strong>designatur,</strong></span> <span class='ocrx_word' id='word_1_358' title='bbox 3467 2291 3620 2362; x_wconf 89' lang='lat' dir='ltr'><strong>quod</strong></span> <span class='ocrx_word' id='word_1_359' title='bbox 3663 2292 3803 2347; x_wconf 74' lang='lat' dir='ltr'><strong>viam</strong></span> 
     </span>
    </p>
   </div>
   <div class='ocr_carea' id='block_1_52' title="bbox 2208 2383 3804 2457">
    <p class='ocr_par' dir='ltr' id='par_1_52' title="bbox 2208 2383 3804 2457">
     <span class='ocr_line' id='line_1_52' title="bbox 2208 2383 3804 2457; baseline 0 -16"><span class='ocrx_word' id='word_1_360' title='bbox 2208 2385 2389 2441; x_wconf 65' lang='grc' dir='ltr'><strong>εαξοωὶ</strong></span> <span class='ocrx_word' id='word_1_361' title='bbox 2436 2385 2722 2457; x_wconf 63' lang='lat' dir='ltr'><strong>praesentis</strong></span> <span class='ocrx_word' id='word_1_362' title='bbox 2771 2383 2928 2440; x_wconf 87' lang='lat' dir='ltr'><strong>aliter</strong></span> <span class='ocrx_word' id='word_1_363' title='bbox 2974 2384 3272 2440; x_wconf 88' lang='lat' dir='ltr'><strong>incolumes</strong></span> <span class='ocrx_word' id='word_1_364' title='bbox 3322 2384 3564 2441; x_wconf 89' lang='lat' dir='ltr'><strong>transire</strong></span> <span class='ocrx_word' id='word_1_365' title='bbox 3617 2384 3804 2455; x_wconf 83' lang='lat' dir='ltr'><strong>nequi-</strong></span> 
     </span>
    </p>
   </div>
   <div class='ocr_carea' id='block_1_53' title="bbox 2208 2475 3804 2549">
    <p class='ocr_par' dir='ltr' id='par_1_53' title="bbox 2208 2475 3804 2549">
     <span class='ocr_line' id='line_1_53' title="bbox 2208 2475 3804 2549; baseline -0.001 -15"><span class='ocrx_word' id='word_1_366' title='bbox 2208 2494 2352 2544; x_wconf 88' lang='lat' dir='ltr'><strong>mus,</strong></span> <span class='ocrx_word' id='word_1_367' title='bbox 2407 2478 2510 2534; x_wconf 90' lang='lat' dir='ltr'><strong>nisi</strong></span> <span class='ocrx_word' id='word_1_368' title='bbox 2559 2493 2657 2532; x_wconf 90' lang='lat' dir='ltr'><strong>nos</strong></span> <span class='ocrx_word' id='word_1_369' title='bbox 2696 2478 2870 2549; x_wconf 90' lang='lat' dir='ltr'><strong>gratia</strong></span> <span class='ocrx_word' id='word_1_370' title='bbox 2923 2475 3282 2546; x_wconf 88' lang='lat' dir='ltr'><strong>redemptoris</strong></span> <span class='ocrx_word' id='word_1_371' title='bbox 3324 2476 3503 2531; x_wconf 85' lang='lat' dir='ltr'><strong>nostri</strong></span> <span class='ocrx_word' id='word_1_372' title='bbox 3541 2475 3804 2532; x_wconf 84' lang='lat' dir='ltr'><strong>alimento</strong></span> 
     </span>
    </p>
   </div>
   <div class='ocr_carea' id='block_1_54' title="bbox 2207 2563 3805 2638">
    <p class='ocr_par' dir='ltr' id='par_1_54' title="bbox 2207 2563 3805 2638">
     <span class='ocr_line' id='line_1_54' title="bbox 2207 2563 3805 2638; baseline -0.004 -12"><span class='ocrx_word' id='word_1_373' title='bbox 2207 2571 2290 2626; x_wconf 89' lang='lat' dir='ltr'><strong>sui</strong></span> <span class='ocrx_word' id='word_1_374' title='bbox 2320 2569 2470 2625; x_wconf 90' lang='lat' dir='ltr'><strong>verbi</strong></span> <span class='ocrx_word' id='word_1_375' title='bbox 2501 2569 2728 2626; x_wconf 90' lang='lat' dir='ltr'><strong>reﬁciat.</strong></span> <span class='ocrx_word' id='word_1_376' title='bbox 2764 2567 2878 2624; x_wconf 82' lang='lat' dir='ltr'><strong>Hoc</strong></span> <span class='ocrx_word' id='word_1_377' title='bbox 2901 2581 3031 2623; x_wconf 91' lang='lat' dir='ltr'><strong>vero</strong></span> <span class='ocrx_word' id='word_1_378' title='bbox 3070 2565 3246 2638; x_wconf 85' lang='lat' dir='ltr'><strong>typice</strong></span> <span class='ocrx_word' id='word_1_379' title='bbox 3289 2567 3431 2622; x_wconf 89' lang='lat' dir='ltr'><strong>inter</strong></span> <span class='ocrx_word' id='word_1_380' title='bbox 3478 2565 3628 2620; x_wconf 86' lang='lat' dir='ltr'><strong>hanc</strong></span> <span class='ocrx_word' id='word_1_381' title='bbox 3669 2563 3805 2620; x_wconf 79' lang='lat' dir='ltr'><strong>refo-</strong></span> 
     </span>
    </p>
   </div>
   <div class='ocr_carea' id='block_1_55' title="bbox 2209 2655 3804 2729">
    <p class='ocr_par' dir='ltr' id='par_1_55' title="bbox 2209 2655 3804 2729">
     <span class='ocr_line' id='line_1_55' title="bbox 2209 2655 3804 2729; baseline -0.004 -13"><span class='ocrx_word' id='word_1_382' title='bbox 2209 2660 2468 2726; x_wconf 88' lang='lat' dir='ltr'><strong>ctiouem,</strong></span> <span class='ocrx_word' id='word_1_383' title='bbox 2495 2667 2551 2715; x_wconf 93' lang='lat' dir='ltr'><strong>et</strong></span> <span class='ocrx_word' id='word_1_384' title='bbox 2579 2659 2724 2714; x_wconf 89' lang='lat' dir='ltr'><strong>illam</strong></span> <span class='ocrx_word' id='word_1_385' title='bbox 2742 2658 2980 2728; x_wconf 89' lang='lat' dir='ltr'><strong>quinque</strong></span> <span class='ocrx_word' id='word_1_386' title='bbox 2997 2671 3198 2729; x_wconf 90' lang='lat' dir='ltr'><strong>panum</strong></span> <span class='ocrx_word' id='word_1_387' title='bbox 3222 2671 3287 2711; x_wconf 90' lang='lat' dir='ltr'><strong>ac</strong></span> <span class='ocrx_word' id='word_1_388' title='bbox 3307 2656 3542 2712; x_wconf 89' lang='lat' dir='ltr'><strong>duorum</strong></span> <span class='ocrx_word' id='word_1_389' title='bbox 3572 2655 3804 2725; x_wconf 87' lang='lat' dir='ltr'><strong>piscium</strong></span> 
     </span>
    </p>
   </div>
   <div class='ocr_carea' id='block_1_56' title="bbox 2213 2749 3804 2825">
    <p class='ocr_par' dir='ltr' id='par_1_56' title="bbox 2213 2749 3804 2825">
     <span class='ocr_line' id='line_1_56' title="bbox 2213 2749 3804 2825; baseline -0.005 -13"><span class='ocrx_word' id='word_1_390' title='bbox 2213 2753 2390 2820; x_wconf 76' lang='lat' dir='ltr'><strong>distat,</strong></span> <span class='ocrx_word' id='word_1_391' title='bbox 2431 2753 2576 2825; x_wconf 92' lang='lat' dir='ltr'><strong>quod</strong></span> <span class='ocrx_word' id='word_1_392' title='bbox 2612 2752 2683 2808; x_wconf 90' lang='lat' dir='ltr'><strong>ibi</strong></span> <span class='ocrx_word' id='word_1_393' title='bbox 2711 2751 2904 2806; x_wconf 91' lang='lat' dir='ltr'><strong>litteris</strong></span> <span class='ocrx_word' id='word_1_394' title='bbox 2929 2750 3130 2807; x_wconf 87' lang='lat' dir='ltr'><strong>veteris</strong></span> <span class='ocrx_word' id='word_1_395' title='bbox 3161 2749 3510 2806; x_wconf 88' lang='lat' dir='ltr'><strong>instrumenti</strong></span> <span class='ocrx_word' id='word_1_396' title='bbox 3540 2749 3804 2821; x_wconf 71' lang='lat' dir='ltr'><strong>spiritalis</strong></span> 
     </span>
    </p>
   </div>
   <div class='ocr_carea' id='block_1_57' title="bbox 2207 2838 3806 2914">
    <p class='ocr_par' dir='ltr' id='par_1_57' title="bbox 2207 2838 3806 2914">
     <span class='ocr_line' id='line_1_57' title="bbox 2207 2838 3806 2914; baseline -0.002 -18"><span class='ocrx_word' id='word_1_397' title='bbox 2207 2840 2571 2914; x_wconf 89' lang='lat' dir='ltr'><strong>gratia-plena</strong></span> <span class='ocrx_word' id='word_1_398' title='bbox 2596 2855 2717 2896; x_wconf 89' lang='lat' dir='ltr'><strong>esse</strong></span> <span class='ocrx_word' id='word_1_399' title='bbox 2745 2840 2952 2912; x_wconf 88' lang='lat' dir='ltr'><strong>signata</strong></span> <span class='ocrx_word' id='word_1_400' title='bbox 2981 2846 3084 2905; x_wconf 91' lang='lat' dir='ltr'><strong>est,</strong></span> <span class='ocrx_word' id='word_1_401' title='bbox 3109 2838 3198 2894; x_wconf 93' lang='lat' dir='ltr'><strong>hic</strong></span> <span class='ocrx_word' id='word_1_402' title='bbox 3227 2847 3411 2894; x_wconf 91' lang='lat' dir='ltr'><strong>autem</strong></span> <span class='ocrx_word' id='word_1_403' title='bbox 3439 2839 3569 2894; x_wconf 88' lang='lat' dir='ltr'><strong>novi</strong></span> <span class='ocrx_word' id='word_1_404' title='bbox 3603 2839 3806 2894; x_wconf 76' lang='lat' dir='ltr'><strong>veritas</strong></span> 
     </span>
    </p>
   </div>
   <div class='ocr_carea' id='block_1_58' title="bbox 2208 2930 3803 3006">
    <p class='ocr_par' dir='ltr' id='par_1_58' title="bbox 2208 2930 3803 3006">
     <span class='ocr_line' id='line_1_58' title="bbox 2208 2930 3803 3006; baseline -0.004 -16"><span class='ocrx_word' id='word_1_405' title='bbox 2208 2950 2273 2991; x_wconf 88' lang='lat' dir='ltr'><strong>ac</strong></span> <span class='ocrx_word' id='word_1_406' title='bbox 2302 2935 2477 3006; x_wconf 85' lang='lat' dir='ltr'><strong>gratia</strong></span> <span class='ocrx_word' id='word_1_407' title='bbox 2501 2932 2808 2990; x_wconf 86' lang='lat' dir='ltr'><strong>testamenti</strong></span> <span class='ocrx_word' id='word_1_408' title='bbox 2840 2931 3085 2988; x_wconf 88' lang='lat' dir='ltr'><strong>ﬁdelibus</strong></span> <span class='ocrx_word' id='word_1_409' title='bbox 3111 2930 3466 2987; x_wconf 90' lang='lat' dir='ltr'><strong>ministranda</strong></span> <span class='ocrx_word' id='word_1_410' title='bbox 3497 2938 3803 2985; x_wconf 78' lang='lat' dir='ltr'><strong>monstrata</strong></span> 
     </span>
    </p>
   </div>
   <div class='ocr_carea' id='block_1_59' title="bbox 2208 3022 3806 3096">
    <p class='ocr_par' dir='ltr' id='par_1_59' title="bbox 2208 3022 3806 3096">
     <span class='ocr_line' id='line_1_59' title="bbox 2208 3022 3806 3096; baseline -0.006 -11"><span class='ocrx_word' id='word_1_411' title='bbox 2208 3037 2312 3085; x_wconf 90' lang='lat' dir='ltr'><strong>est.</strong></span> <span class='ocrx_word' id='word_1_412' title='bbox 2346 3027 2490 3084; x_wconf 87' lang='lat' dir='ltr'><strong>Sane</strong></span> <span class='ocrx_word' id='word_1_413' title='bbox 2515 3036 2744 3096; x_wconf 87' lang='lat' dir='ltr'><strong>utraque</strong></span> <span class='ocrx_word' id='word_1_414' title='bbox 2767 3024 2990 3082; x_wconf 89' lang='lat' dir='ltr'><strong>refectio</strong></span> <span class='ocrx_word' id='word_1_415' title='bbox 3019 3025 3075 3080; x_wconf 91' lang='lat' dir='ltr'><strong>in</strong></span> <span class='ocrx_word' id='word_1_416' title='bbox 3097 3032 3280 3082; x_wconf 87' lang='lat' dir='ltr'><strong>monte</strong></span> <span class='ocrx_word' id='word_1_417' title='bbox 3307 3022 3583 3080; x_wconf 88' lang='lat' dir='ltr'><strong>celebrata</strong></span> <span class='ocrx_word' id='word_1_418' title='bbox 3613 3032 3724 3090; x_wconf 87' lang='lat' dir='ltr'><strong>est,</strong></span> <span class='ocrx_word' id='word_1_419' title='bbox 3751 3032 3806 3077; x_wconf 87' lang='lat' dir='ltr'><strong>ut</strong></span> 
     </span>
    </p>
   </div>
   <div class='ocr_carea' id='block_1_60' title="bbox 2208 3113 3804 3190">
    <p class='ocr_par' dir='ltr' id='par_1_60' title="bbox 2208 3113 3804 3190">
     <span class='ocr_line' id='line_1_60' title="bbox 2208 3113 3804 3190; baseline -0.006 -14"><span class='ocrx_word' id='word_1_420' title='bbox 2208 3120 2437 3177; x_wconf 88' lang='lat' dir='ltr'><strong>aliorum</strong></span> <span class='ocrx_word' id='word_1_421' title='bbox 2498 3117 2966 3190; x_wconf 87' lang='lat' dir='ltr'><strong>Evangelistarum</strong></span> <span class='ocrx_word' id='word_1_422' title='bbox 3018 3115 3259 3171; x_wconf 86' lang='lat' dir='ltr'><strong>narratio</strong></span> <span class='ocrx_word' id='word_1_423' title='bbox 3321 3113 3612 3180; x_wconf 89' lang='lat' dir='ltr'><strong>declarat,</strong></span> <span class='ocrx_word' id='word_1_424' title='bbox 3681 3113 3804 3184; x_wconf 88' lang='lat' dir='ltr'><strong>quia</strong></span> 
     </span>
    </p>
   </div>
   <div class='ocr_carea' id='block_1_61' title="bbox 2210 3205 3806 3286">
    <p class='ocr_par' dir='ltr' id='par_1_61' title="bbox 2210 3205 3806 3286">
     <span class='ocr_line' id='line_1_61' title="bbox 2210 3205 3806 3286; baseline -0.007 -15"><span class='ocrx_word' id='word_1_425' title='bbox 2210 3217 2496 3286; x_wconf 90' lang='lat' dir='ltr'><strong>utriusque</strong></span> <span class='ocrx_word' id='word_1_426' title='bbox 2523 3213 2791 3284; x_wconf 91' lang='lat' dir='ltr'><strong>scriptura</strong></span> <span class='ocrx_word' id='word_1_427' title='bbox 2829 3209 3170 3276; x_wconf 89' lang='lat' dir='ltr'><strong>testamenti,</strong></span> <span class='ocrx_word' id='word_1_428' title='bbox 3197 3217 3346 3265; x_wconf 91' lang='lat' dir='ltr'><strong>recte</strong></span> <span class='ocrx_word' id='word_1_429' title='bbox 3376 3207 3684 3274; x_wconf 86' lang='lat' dir='ltr'><strong>intellecta,</strong></span> <span class='ocrx_word' id='word_1_430' title='bbox 3734 3205 3806 3260; x_wconf 85' lang='lat' dir='ltr'><strong>al-</strong></span> 
     </span>
    </p>
   </div>
   <div class='ocr_carea' id='block_1_62' title="bbox 585 3289 3804 3373">
    <p class='ocr_par' dir='ltr' id='par_1_62' title="bbox 585 3289 3804 3373">
     <span class='ocr_line' id='line_1_62' title="bbox 585 3289 3804 3373; baseline -0 -20"><span class='ocrx_word' id='word_1_431' title='bbox 585 3299 728 3354; x_wconf 85' lang='lat' dir='ltr'><strong>Nam</strong></span> <span class='ocrx_word' id='word_1_432' title='bbox 756 3301 878 3369; x_wconf 78' lang='lat' dir='ltr'><strong>ﬁnis</strong></span> <span class='ocrx_word' id='word_1_433' title='bbox 905 3301 1120 3357; x_wconf 89' lang='lat' dir='ltr'><strong>illorum</strong></span> <span class='ocrx_word' id='word_1_434' title='bbox 1151 3319 1292 3358; x_wconf 90' lang='lat' dir='ltr'><strong>mors</strong></span> <span class='ocrx_word' id='word_1_435' title='bbox 1321 3313 1416 3359; x_wconf 88' lang='lat' dir='ltr'><strong>est.</strong></span> <span class='ocrx_word' id='word_1_436' title='bbox 1447 3302 1507 3360; x_wconf 86' lang='lat' dir='ltr'><strong>Id</strong></span> <span class='ocrx_word' id='word_1_437' title='bbox 1527 3311 1638 3370; x_wconf 89' lang='lat' dir='ltr'><strong>est,</strong></span> <span class='ocrx_word' id='word_1_438' title='bbox 1666 3295 1954 3360; x_wconf 78' lang='lat' dir='ltr'><strong>retributio</strong></span> <span class='ocrx_word' id='word_1_439' title='bbox 1979 3301 2098 3359; x_wconf 90' lang='lat' dir='ltr'><strong>illo-</strong></span> <span class='ocrx_word' id='word_1_440' title='bbox 2128 3289 2174 3353; x_wconf 89' lang='lat' dir='ltr'>C</span> <span class='ocrx_word' id='word_1_441' title='bbox 2207 3307 2437 3363; x_wconf 90' lang='lat' dir='ltr'><strong>titudine</strong></span> <span class='ocrx_word' id='word_1_442' title='bbox 2484 3305 2642 3361; x_wconf 92' lang='lat' dir='ltr'><strong>nobis</strong></span> <span class='ocrx_word' id='word_1_443' title='bbox 2689 3303 2992 3360; x_wconf 74' lang='lat' dir='ltr'><strong>ctelestium</strong></span> <span class='ocrx_word' id='word_1_444' title='bbox 3030 3311 3086 3358; x_wconf 91' lang='lat' dir='ltr'><strong>et</strong></span> <span class='ocrx_word' id='word_1_445' title='bbox 3109 3309 3507 3373; x_wconf 62' lang='lat' dir='ltr'><strong>praeceptorum</strong></span> <span class='ocrx_word' id='word_1_446' title='bbox 3554 3299 3804 3364; x_wconf 81' lang='lat' dir='ltr'><strong>mandat,</strong></span> 
     </span>
    </p>
   </div>
   <div class='ocr_carea' id='block_1_63' title="bbox 514 3401 1149 3463">
    <p class='ocr_par' dir='ltr' id='par_1_63' title="bbox 514 3401 1149 3463">
     <span class='ocr_line' id='line_1_63' title="bbox 514 3401 1149 3463; baseline 0.005 -18"><span class='ocrx_word' id='word_1_447' title='bbox 514 3405 653 3456; x_wconf 90' lang='lat' dir='ltr'><strong>rum,</strong></span> <span class='ocrx_word' id='word_1_448' title='bbox 685 3405 845 3461; x_wconf 68' lang='lat' dir='ltr'><strong>paena</strong></span> <span class='ocrx_word' id='word_1_449' title='bbox 869 3401 1149 3463; x_wconf 94' lang='lat' dir='ltr'><strong>perpetua.</strong></span> 
     </span>
    </p>
   </div>
   <div class='ocr_carea' id='block_1_64' title="bbox 519 3481 2096 3554">
    <p class='ocr_par' dir='ltr' id='par_1_64' title="bbox 519 3481 2096 3554">
     <span class='ocr_line' id='line_1_64' title="bbox 519 3481 2096 3554; baseline 0.004 -19"><span class='ocrx_word' id='word_1_450' title='bbox 519 3547 523 3552; x_wconf 21' lang='grc' dir='ltr'><em>ί</em></span> <span class='ocrx_word' id='word_1_451' title='bbox 554 3539 559 3554; x_wconf 38' lang='grc' dir='ltr'><em>ε</em></span> <span class='ocrx_word' id='word_1_452' title='bbox 586 3481 745 3536; x_wconf 85' lang='lat' dir='ltr'><strong>Nunc</strong></span> <span class='ocrx_word' id='word_1_453' title='bbox 766 3498 885 3536; x_wconf 83' lang='lat' dir='ltr'><strong>vero</strong></span> <span class='ocrx_word' id='word_1_454' title='bbox 908 3482 1112 3540; x_wconf 87' lang='lat' dir='ltr'><strong>liberati</strong></span> <span class='ocrx_word' id='word_1_455' title='bbox 1131 3501 1164 3539; x_wconf 91' lang='lat' dir='ltr'><strong>a</strong></span> <span class='ocrx_word' id='word_1_456' title='bbox 1189 3494 1421 3554; x_wconf 85' lang='lat' dir='ltr'><strong>peccato,</strong></span> <span class='ocrx_word' id='word_1_457' title='bbox 1450 3501 1583 3541; x_wconf 84' lang='lat' dir='ltr'><strong>sem</strong></span> <span class='ocrx_word' id='word_1_458' title='bbox 1618 3496 1792 3540; x_wconf 88' lang='lat' dir='ltr'><strong>autem</strong></span> <span class='ocrx_word' id='word_1_459' title='bbox 1821 3485 2096 3554; x_wconf 81' lang='lat' dir='ltr'><strong>factiDeo,</strong></span> 
     </span>
    </p>
   </div>
   <div class='ocr_carea' id='block_1_65' title="bbox 512 3561 2099 3648">
    <p class='ocr_par' dir='ltr' id='par_1_65' title="bbox 512 3561 2099 3648">
     <span class='ocr_line' id='line_1_65' title="bbox 512 3561 2099 3648; baseline 0.005 -21"><span class='ocrx_word' id='word_1_460' title='bbox 512 3561 712 3628; x_wconf 82' lang='lat' dir='ltr'><strong>habetis</strong></span> <span class='ocrx_word' id='word_1_461' title='bbox 760 3573 992 3644; x_wconf 78' lang='lat' dir='ltr'><strong>fructum</strong></span> <span class='ocrx_word' id='word_1_462' title='bbox 1042 3587 1296 3633; x_wconf 80' lang='lat' dir='ltr'><strong>teternum</strong></span> <span class='ocrx_word' id='word_1_463' title='bbox 1347 3577 1402 3632; x_wconf 88' lang='lat' dir='ltr'><strong>in</strong></span> <span class='ocrx_word' id='word_1_464' title='bbox 1447 3579 1893 3648; x_wconf 81' lang='lat' dir='ltr'><strong>sanctiﬁcatione,</strong></span> <span class='ocrx_word' id='word_1_465' title='bbox 1939 3578 2099 3648; x_wconf 73' lang='lat' dir='ltr'><strong>ﬁnem</strong></span> 
     </span>
    </p>
   </div>
   <div class='ocr_carea' id='block_1_66' title="bbox 511 3663 2098 3728">
    <p class='ocr_par' dir='ltr' id='par_1_66' title="bbox 511 3663 2098 3728">
     <span class='ocr_line' id='line_1_66' title="bbox 511 3663 2098 3728; baseline 0.006 -9"><span class='ocrx_word' id='word_1_466' title='bbox 511 3663 630 3719; x_wconf 75' lang='lat' dir='ltr'><strong>vero</strong></span> <span class='ocrx_word' id='word_1_467' title='bbox 659 3666 817 3726; x_wconf 78' lang='lat' dir='ltr'><strong>vitam</strong></span> <span class='ocrx_word' id='word_1_468' title='bbox 844 3677 1110 3722; x_wconf 66' lang='lat' dir='ltr'><strong>(sternam.</strong></span> <span class='ocrx_word' id='word_1_469' title='bbox 1147 3667 1457 3726; x_wconf 86' lang='lat' dir='ltr'><strong>Notandum</strong></span> <span class='ocrx_word' id='word_1_470' title='bbox 1488 3685 1618 3726; x_wconf 91' lang='lat' dir='ltr'><strong>vero</strong></span> <span class='ocrx_word' id='word_1_471' title='bbox 1657 3679 1742 3726; x_wconf 90' lang='lat' dir='ltr'><strong>est</strong></span> <span class='ocrx_word' id='word_1_472' title='bbox 1768 3686 1888 3727; x_wconf 88' lang='lat' dir='ltr'><strong>esse</strong></span> <span class='ocrx_word' id='word_1_473' title='bbox 1928 3670 2098 3728; x_wconf 89' lang='lat' dir='ltr'><strong>liber-</strong></span> 
     </span>
    </p>
   </div>
   <div class='ocr_carea' id='block_1_67' title="bbox 514 3752 2099 3834">
    <p class='ocr_par' dir='ltr' id='par_1_67' title="bbox 514 3752 2099 3834">
     <span class='ocr_line' id='line_1_67' title="bbox 514 3752 2099 3834; baseline 0.008 -24"><span class='ocrx_word' id='word_1_474' title='bbox 514 3763 682 3811; x_wconf 90' lang='lat' dir='ltr'><strong>tatem</strong></span> <span class='ocrx_word' id='word_1_475' title='bbox 707 3752 1028 3828; x_wconf 87' lang='lat' dir='ltr'><strong>culpabilem</strong></span> <span class='ocrx_word' id='word_1_476' title='bbox 1056 3759 1291 3816; x_wconf 89' lang='lat' dir='ltr'><strong>alienum</strong></span> <span class='ocrx_word' id='word_1_477' title='bbox 1320 3775 1442 3819; x_wconf 90' lang='lat' dir='ltr'><strong>esse</strong></span> <span class='ocrx_word' id='word_1_478' title='bbox 1483 3760 1552 3818; x_wconf 89' lang='lat' dir='ltr'><strong>ab</strong></span> <span class='ocrx_word' id='word_1_479' title='bbox 1575 3762 1831 3834; x_wconf 90' lang='lat' dir='ltr'><strong>operibus</strong></span> <span class='ocrx_word' id='word_1_480' title='bbox 1869 3761 2099 3833; x_wconf 71' lang='lat' dir='ltr'><strong>iustitia:</strong></span> 
     </span>
    </p>
   </div>
   <div class='ocr_carea' id='block_1_68' title="bbox 511 3846 2099 3936">
    <p class='ocr_par' dir='ltr' id='par_1_68' title="bbox 511 3846 2099 3936">
     <span class='ocr_line' id='line_1_68' title="bbox 511 3846 2099 3936; baseline 0.006 -32"><span class='ocrx_word' id='word_1_481' title='bbox 511 3853 567 3936; x_wconf 81' lang='lat' dir='ltr'><strong>et</strong></span> <span class='ocrx_word' id='word_1_482' title='bbox 593 3846 918 3907; x_wconf 85' lang='lat' dir='ltr'><strong>laudabilem</strong></span> <span class='ocrx_word' id='word_1_483' title='bbox 949 3853 1263 3910; x_wconf 87' lang='lat' dir='ltr'><strong>servitutem</strong></span> <span class='ocrx_word' id='word_1_484' title='bbox 1291 3870 1413 3912; x_wconf 89' lang='lat' dir='ltr'><strong>esse</strong></span> <span class='ocrx_word' id='word_1_485' title='bbox 1439 3854 1664 3926; x_wconf 75' lang='lat' dir='ltr'><strong>justitiae</strong></span> <span class='ocrx_word' id='word_1_486' title='bbox 1699 3855 1757 3912; x_wconf 90' lang='lat' dir='ltr'><strong>in</strong></span> <span class='ocrx_word' id='word_1_487' title='bbox 1790 3857 2099 3914; x_wconf 88' lang='lat' dir='ltr'><strong>sanctiﬁca-</strong></span> 
     </span>
    </p>
   </div>
   <div class='ocr_carea' id='block_1_69' title="bbox 515 3939 2101 4019">
    <p class='ocr_par' dir='ltr' id='par_1_69' title="bbox 515 3939 2101 4019">
     <span class='ocr_line' id='line_1_69' title="bbox 515 3939 2101 4019; baseline 0.006 -23"><span class='ocrx_word' id='word_1_488' title='bbox 515 3939 678 4016; x_wconf 86' lang='lat' dir='ltr'><strong>tione.</strong></span> <span class='ocrx_word' id='word_1_489' title='bbox 709 3940 966 4014; x_wconf 84' lang='lat' dir='ltr'><strong>Quisquis</strong></span> <span class='ocrx_word' id='word_1_490' title='bbox 999 3952 1181 4002; x_wconf 89' lang='lat' dir='ltr'><strong>autem</strong></span> <span class='ocrx_word' id='word_1_491' title='bbox 1219 3961 1410 4004; x_wconf 90' lang='lat' dir='ltr'><strong>servus</strong></span> <span class='ocrx_word' id='word_1_492' title='bbox 1437 3947 1542 4004; x_wconf 91' lang='lat' dir='ltr'><strong>erit</strong></span> <span class='ocrx_word' id='word_1_493' title='bbox 1570 3947 1817 4019; x_wconf 63' lang='lat' dir='ltr'><strong>justitiae,</strong></span> <span class='ocrx_word' id='word_1_494' title='bbox 1850 3948 1988 4006; x_wconf 90' lang='lat' dir='ltr'><strong>liber</strong></span> <span class='ocrx_word' id='word_1_495' title='bbox 2015 3958 2101 4006; x_wconf 89' lang='lat' dir='ltr'><strong>est</strong></span> 
     </span>
    </p>
   </div>
   <div class='ocr_carea' id='block_1_70' title="bbox 511 4024 2097 4112">
    <p class='ocr_par' dir='ltr' id='par_1_70' title="bbox 511 4024 2097 4112">
     <span class='ocr_line' id='line_1_70' title="bbox 511 4024 2097 4112; baseline 0.004 -22"><span class='ocrx_word' id='word_1_496' title='bbox 511 4025 543 4090; x_wconf 74' lang='lat' dir='ltr'><strong>a</strong></span> <span class='ocrx_word' id='word_1_497' title='bbox 573 4044 818 4106; x_wconf 87' lang='lat' dir='ltr'><strong>peccato,</strong></span> <span class='ocrx_word' id='word_1_498' title='bbox 848 4045 904 4092; x_wconf 92' lang='lat' dir='ltr'><strong>et</strong></span> <span class='ocrx_word' id='word_1_499' title='bbox 945 4053 1136 4095; x_wconf 88' lang='lat' dir='ltr'><strong>servus</strong></span> <span class='ocrx_word' id='word_1_500' title='bbox 1164 4049 1251 4096; x_wconf 88' lang='lat' dir='ltr'><strong>est</strong></span> <span class='ocrx_word' id='word_1_501' title='bbox 1275 4037 1438 4097; x_wconf 91' lang='lat' dir='ltr'><strong>simul</strong></span> <span class='ocrx_word' id='word_1_502' title='bbox 1466 4024 1756 4112; x_wconf 27' lang='lat' dir='ltr'><strong>sapientiae.</strong></span> <span class='ocrx_word' id='word_1_503' title='bbox 1771 4050 1828 4097; x_wconf 90' lang='lat' dir='ltr'><strong>et</strong></span> <span class='ocrx_word' id='word_1_504' title='bbox 1852 4040 2097 4112; x_wconf 88' lang='lat' dir='ltr'><strong>pietatis,</strong></span> 
     </span>
    </p>
   </div>
   <div class='ocr_carea' id='block_1_71' title="bbox 510 4127 2097 4200">
    <p class='ocr_par' dir='ltr' id='par_1_71' title="bbox 510 4127 2097 4200">
     <span class='ocr_line' id='line_1_71' title="bbox 510 4127 2097 4200; baseline 0.004 -20"><span class='ocrx_word' id='word_1_505' title='bbox 510 4127 784 4200; x_wconf 79' lang='lat' dir='ltr'><strong>pudicitiae</strong></span> <span class='ocrx_word' id='word_1_506' title='bbox 825 4136 882 4184; x_wconf 92' lang='lat' dir='ltr'><strong>et</strong></span> <span class='ocrx_word' id='word_1_507' title='bbox 912 4129 1210 4199; x_wconf 88' lang='lat' dir='ltr'><strong>castitatis,</strong></span> <span class='ocrx_word' id='word_1_508' title='bbox 1257 4140 1312 4188; x_wconf 92' lang='lat' dir='ltr'><strong>et</strong></span> <span class='ocrx_word' id='word_1_509' title='bbox 1362 4132 1607 4188; x_wconf 92' lang='lat' dir='ltr'><strong>omnium</strong></span> <span class='ocrx_word' id='word_1_510' title='bbox 1650 4146 1760 4188; x_wconf 89' lang='lat' dir='ltr'><strong>una</strong></span> <span class='ocrx_word' id='word_1_511' title='bbox 1801 4131 2097 4198; x_wconf 88' lang='lat' dir='ltr'><strong>virtutum,</strong></span> 
     </span>
    </p>
   </div>
   <div class='ocr_carea' id='block_1_72' title="bbox 512 4217 2089 4300">
    <p class='ocr_par' dir='ltr' id='par_1_72' title="bbox 512 4217 2089 4300">
     <span class='ocr_line' id='line_1_72' title="bbox 512 4217 2089 4300; baseline 0.005 -26"><span class='ocrx_word' id='word_1_512' title='bbox 512 4223 744 4300; x_wconf 86' lang='lat' dir='ltr'><strong>quorum</strong></span> <span class='ocrx_word' id='word_1_513' title='bbox 789 4217 934 4289; x_wconf 87' lang='lat' dir='ltr'><strong>ﬁnis,</strong></span> <span class='ocrx_word' id='word_1_514' title='bbox 983 4223 1038 4278; x_wconf 91' lang='lat' dir='ltr'><strong>id</strong></span> <span class='ocrx_word' id='word_1_515' title='bbox 1091 4232 1175 4279; x_wconf 89' lang='lat' dir='ltr'><strong>est</strong></span> <span class='ocrx_word' id='word_1_516' title='bbox 1226 4225 1535 4290; x_wconf 88' lang='lat' dir='ltr'><strong>retributio,</strong></span> <span class='ocrx_word' id='word_1_517' title='bbox 1586 4225 1700 4280; x_wconf 91' lang='lat' dir='ltr'><strong>vita</strong></span> <span class='ocrx_word' id='word_1_518' title='bbox 1739 4233 1947 4282; x_wconf 57' lang='lat' dir='ltr'><strong>aeterna</strong></span> <span class='ocrx_word' id='word_1_519' title='bbox 1990 4233 2089 4282; x_wconf 85' lang='lat' dir='ltr'><strong>est.</strong></span> 
     </span>
    </p>
   </div>
   <div class='ocr_carea' id='block_1_73' title="bbox 514 4309 2098 4385">
    <p class='ocr_par' dir='ltr' id='par_1_73' title="bbox 514 4309 2098 4385">
     <span class='ocr_line' id='line_1_73' title="bbox 514 4309 2098 4385; baseline 0.004 -21"><span class='ocrx_word' id='word_1_520' title='bbox 514 4310 667 4376; x_wconf 84' lang='lat' dir='ltr'><strong>Unde</strong></span> <span class='ocrx_word' id='word_1_521' title='bbox 713 4309 911 4368; x_wconf 82' lang='lat' dir='ltr'><strong>fratres</strong></span> <span class='ocrx_word' id='word_1_522' title='bbox 945 4315 1305 4385; x_wconf 89' lang='lat' dir='ltr'><strong>nosmetipsos</strong></span> <span class='ocrx_word' id='word_1_523' title='bbox 1333 4315 1675 4372; x_wconf 87' lang='lat' dir='ltr'><strong>incessanter</strong></span> <span class='ocrx_word' id='word_1_524' title='bbox 1704 4315 1978 4372; x_wconf 90' lang='lat' dir='ltr'><strong>discutere</strong></span> <span class='ocrx_word' id='word_1_525' title='bbox 2004 4316 2098 4371; x_wconf 93' lang='lat' dir='ltr'><strong>de-</strong></span> 
     </span>
    </p>
   </div>
   <div class='ocr_carea' id='block_1_74' title="bbox 512 4387 2095 4478">
    <p class='ocr_par' dir='ltr' id='par_1_74' title="bbox 512 4387 2095 4478">
     <span class='ocr_line' id='line_1_74' title="bbox 512 4387 2095 4478; baseline 0.006 -25"><span class='ocrx_word' id='word_1_526' title='bbox 512 4387 705 4472; x_wconf 69' lang='lat' dir='ltr'><strong>bemus</strong></span> <span class='ocrx_word' id='word_1_527' title='bbox 735 4415 833 4471; x_wconf 92' lang='lat' dir='ltr'><strong>per</strong></span> <span class='ocrx_word' id='word_1_528' title='bbox 860 4403 1215 4476; x_wconf 73' lang='lat' dir='ltr'><strong>singula&#39;qua:</strong></span> <span class='ocrx_word' id='word_1_529' title='bbox 1238 4406 1504 4478; x_wconf 87' lang='lat' dir='ltr'><strong>gessimus</strong></span> <span class='ocrx_word' id='word_1_530' title='bbox 1531 4415 1626 4462; x_wconf 90' lang='lat' dir='ltr'><strong>aut</strong></span> <span class='ocrx_word' id='word_1_531' title='bbox 1649 4407 1890 4478; x_wconf 89' lang='lat' dir='ltr'><strong>gerimus</strong></span> <span class='ocrx_word' id='word_1_532' title='bbox 1909 4447 1925 4472; x_wconf 91' lang='lat'><strong>,</strong></span> <span class='ocrx_word' id='word_1_533' title='bbox 1956 4416 2012 4461; x_wconf 88' lang='lat' dir='ltr'><strong>et</strong></span> <span class='ocrx_word' id='word_1_534' title='bbox 2040 4406 2095 4462; x_wconf 92' lang='lat' dir='ltr'><strong>in</strong></span> 
     </span>
    </p>
   </div>
   <div class='ocr_carea' id='block_1_75' title="bbox 512 4495 2095 4567">
    <p class='ocr_par' dir='ltr' id='par_1_75' title="bbox 512 4495 2095 4567">
     <span class='ocr_line' id='line_1_75' title="bbox 512 4495 2095 4567; baseline 0.007 -24"><span class='ocrx_word' id='word_1_535' title='bbox 512 4504 838 4566; x_wconf 89' lang='lat' dir='ltr'><strong>unoquoque</strong></span> <span class='ocrx_word' id='word_1_536' title='bbox 869 4502 994 4548; x_wconf 91' lang='lat' dir='ltr'><strong>actu</strong></span> <span class='ocrx_word' id='word_1_537' title='bbox 1020 4495 1366 4551; x_wconf 90' lang='lat' dir='ltr'><strong>considerare</strong></span> <span class='ocrx_word' id='word_1_538' title='bbox 1391 4496 1479 4552; x_wconf 89' lang='lat' dir='ltr'><strong>cui</strong></span> <span class='ocrx_word' id='word_1_539' title='bbox 1507 4497 1836 4564; x_wconf 87' lang='lat' dir='ltr'><strong>serviamus,</strong></span> <span class='ocrx_word' id='word_1_540' title='bbox 1870 4512 1937 4550; x_wconf 90' lang='lat' dir='ltr'><strong>an</strong></span> <span class='ocrx_word' id='word_1_541' title='bbox 1971 4513 2095 4567; x_wconf 89' lang='lat' dir='ltr'><strong>pec-</strong></span> 
     </span>
    </p>
   </div>
   <div class='ocr_carea' id='block_1_76' title="bbox 513 4577 2090 4656">
    <p class='ocr_par' dir='ltr' id='par_1_76' title="bbox 513 4577 2090 4656">
     <span class='ocr_line' id='line_1_76' title="bbox 513 4577 2090 4656; baseline 0.006 -24"><span class='ocrx_word' id='word_1_542' title='bbox 513 4577 634 4633; x_wconf 84' lang='lat' dir='ltr'><strong>cato</strong></span> <span class='ocrx_word' id='word_1_543' title='bbox 663 4579 730 4635; x_wconf 89' lang='lat' dir='ltr'><strong>ad</strong></span> <span class='ocrx_word' id='word_1_544' title='bbox 774 4580 1113 4652; x_wconf 88' lang='lat' dir='ltr'><strong>iniquitatem</strong></span> <span class='ocrx_word' id='word_1_545' title='bbox 1153 4592 1208 4638; x_wconf 91' lang='lat' dir='ltr'><strong>et</strong></span> <span class='ocrx_word' id='word_1_546' title='bbox 1246 4585 1314 4639; x_wconf 88' lang='lat' dir='ltr'><strong>ad</strong></span> <span class='ocrx_word' id='word_1_547' title='bbox 1339 4584 1620 4640; x_wconf 90' lang='lat' dir='ltr'><strong>interitum</strong></span> <span class='ocrx_word' id='word_1_548' title='bbox 1669 4585 2090 4656; x_wconf 89' lang='lat' dir='ltr'><strong>nobismetipsis,</strong></span> 
     </span>
    </p>
   </div>
   <div class='ocr_carea' id='block_1_77' title="bbox 2206 3390 3807 3468">
    <p class='ocr_par' dir='ltr' id='par_1_77' title="bbox 2206 3390 3807 3468">
     <span class='ocr_line' id='line_1_77' title="bbox 2206 3390 3807 3468; baseline -0.006 -13"><span class='ocrx_word' id='word_1_549' title='bbox 2206 3406 2264 3455; x_wconf 90' lang='lat' dir='ltr'><strong>et</strong></span> <span class='ocrx_word' id='word_1_550' title='bbox 2289 3395 2632 3468; x_wconf 66' lang='lat' dir='ltr'><strong>prmmiorum</strong></span> <span class='ocrx_word' id='word_1_551' title='bbox 2661 3402 2893 3463; x_wconf 85' lang='lat' dir='ltr'><strong>utraque</strong></span> <span class='ocrx_word' id='word_1_552' title='bbox 2921 3391 3262 3448; x_wconf 88' lang='lat' dir='ltr'><strong>altitudinem</strong></span> <span class='ocrx_word' id='word_1_553' title='bbox 3304 3390 3536 3457; x_wconf 86' lang='lat' dir='ltr'><strong>Christi,</strong></span> <span class='ocrx_word' id='word_1_554' title='bbox 3575 3390 3679 3461; x_wconf 87' lang='lat' dir='ltr'><strong>qui</strong></span> <span class='ocrx_word' id='word_1_555' title='bbox 3728 3397 3807 3445; x_wconf 83' lang='lat' dir='ltr'><strong>est</strong></span> 
     </span>
    </p>
   </div>
   <div class='ocr_carea' id='block_1_78' title="bbox 2207 3479 3805 3551">
    <p class='ocr_par' dir='ltr' id='par_1_78' title="bbox 2207 3479 3805 3551">
     <span class='ocr_line' id='line_1_78' title="bbox 2207 3479 3805 3551; baseline -0.005 -9"><span class='ocrx_word' id='word_1_556' title='bbox 2207 3500 2386 3551; x_wconf 91' lang='lat' dir='ltr'><strong>mons,</strong></span> <span class='ocrx_word' id='word_1_557' title='bbox 2430 3485 2624 3540; x_wconf 89' lang='lat' dir='ltr'><strong>domus</strong></span> <span class='ocrx_word' id='word_1_558' title='bbox 2663 3483 2877 3540; x_wconf 90' lang='lat' dir='ltr'><strong>Domini</strong></span> <span class='ocrx_word' id='word_1_559' title='bbox 2913 3483 2966 3537; x_wconf 90' lang='lat' dir='ltr'><strong>in</strong></span> <span class='ocrx_word' id='word_1_560' title='bbox 3004 3483 3206 3537; x_wconf 87' lang='lat' dir='ltr'><strong>vertice</strong></span> <span class='ocrx_word' id='word_1_561' title='bbox 3235 3479 3523 3546; x_wconf 89' lang='lat' dir='ltr'><strong>montium,</strong></span> <span class='ocrx_word' id='word_1_562' title='bbox 3561 3495 3805 3535; x_wconf 72' lang='lat' dir='ltr'><strong>consona</strong></span> 
     </span>
    </p>
   </div>
   <div class='ocr_carea' id='block_1_79' title="bbox 2207 3572 3806 3648">
    <p class='ocr_par' dir='ltr' id='par_1_79' title="bbox 2207 3572 3806 3648">
     <span class='ocr_line' id='line_1_79' title="bbox 2207 3572 3806 3648; baseline -0.005 -14"><span class='ocrx_word' id='word_1_563' title='bbox 2207 3593 2340 3634; x_wconf 90' lang='lat' dir='ltr'><strong>voce</strong></span> <span class='ocrx_word' id='word_1_564' title='bbox 2376 3576 2653 3648; x_wconf 80' lang='lat' dir='ltr'><strong>praedicat.</strong></span> <span class='ocrx_word' id='word_1_565' title='bbox 2682 3575 2786 3643; x_wconf 88' lang='lat' dir='ltr'><strong>Qui</strong></span> <span class='ocrx_word' id='word_1_566' title='bbox 2807 3575 2953 3630; x_wconf 91' lang='lat' dir='ltr'><strong>enim</strong></span> <span class='ocrx_word' id='word_1_567' title='bbox 2975 3573 3296 3631; x_wconf 65' lang='lat' dir='ltr'><strong>aediﬁcatam</strong></span> <span class='ocrx_word' id='word_1_568' title='bbox 3323 3587 3488 3642; x_wconf 88' lang='lat' dir='ltr'><strong>super</strong></span> <span class='ocrx_word' id='word_1_569' title='bbox 3523 3586 3584 3627; x_wconf 90' lang='lat' dir='ltr'><strong>se</strong></span> <span class='ocrx_word' id='word_1_570' title='bbox 3611 3572 3806 3627; x_wconf 79' lang='lat' dir='ltr'><strong>civita-</strong></span> 
     </span>
    </p>
   </div>
   <div class='ocr_carea' id='block_1_80' title="bbox 2208 3662 3804 3732">
    <p class='ocr_par' dir='ltr' id='par_1_80' title="bbox 2208 3662 3804 3732">
     <span class='ocr_line' id='line_1_80' title="bbox 2208 3662 3804 3732; baseline -0.005 -6"><span class='ocrx_word' id='word_1_571' title='bbox 2208 3679 2317 3726; x_wconf 92' lang='lat' dir='ltr'><strong>tem</strong></span> <span class='ocrx_word' id='word_1_572' title='bbox 2349 3669 2461 3724; x_wconf 89' lang='lat' dir='ltr'><strong>sive</strong></span> <span class='ocrx_word' id='word_1_573' title='bbox 2484 3668 2703 3723; x_wconf 90' lang='lat' dir='ltr'><strong>domum</strong></span> <span class='ocrx_word' id='word_1_574' title='bbox 2748 3666 2982 3732; x_wconf 87' lang='lat' dir='ltr'><strong>Domini,</strong></span> <span class='ocrx_word' id='word_1_575' title='bbox 3030 3666 3083 3721; x_wconf 91' lang='lat' dir='ltr'><strong>id</strong></span> <span class='ocrx_word' id='word_1_576' title='bbox 3110 3671 3217 3731; x_wconf 90' lang='lat' dir='ltr'><strong>est,</strong></span> <span class='ocrx_word' id='word_1_577' title='bbox 3245 3662 3546 3720; x_wconf 90' lang='lat' dir='ltr'><strong>Ecclesiam</strong></span> <span class='ocrx_word' id='word_1_578' title='bbox 3585 3663 3648 3717; x_wconf 89' lang='lat' dir='ltr'><strong>in</strong></span> <span class='ocrx_word' id='word_1_579' title='bbox 3700 3662 3804 3718; x_wconf 87' lang='lat' dir='ltr'><strong>alto</strong></span> 
     </span>
    </p>
   </div>
   <div class='ocr_carea' id='block_1_81' title="bbox 2205 3755 3802 3830">
    <p class='ocr_par' dir='ltr' id='par_1_81' title="bbox 2205 3755 3802 3830">
     <span class='ocr_line' id='line_1_81' title="bbox 2205 3755 3802 3830; baseline -0.006 -10"><span class='ocrx_word' id='word_1_580' title='bbox 2205 3761 2474 3820; x_wconf 91' lang='lat' dir='ltr'><strong>bonorum</strong></span> <span class='ocrx_word' id='word_1_581' title='bbox 2518 3760 2731 3817; x_wconf 85' lang='lat' dir='ltr'><strong>extollit</strong></span> <span class='ocrx_word' id='word_1_582' title='bbox 2778 3773 3037 3830; x_wconf 91' lang='lat' dir='ltr'><strong>operum,</strong></span> <span class='ocrx_word' id='word_1_583' title='bbox 3089 3765 3146 3814; x_wconf 91' lang='lat' dir='ltr'><strong>et</strong></span> <span class='ocrx_word' id='word_1_584' title='bbox 3189 3756 3401 3813; x_wconf 90' lang='lat' dir='ltr'><strong>cunctis</strong></span> <span class='ocrx_word' id='word_1_585' title='bbox 3450 3755 3802 3811; x_wconf 82' lang='lat' dir='ltr'><strong>manifestam</strong></span> 
     </span>
    </p>
   </div>
   <div class='ocr_carea' id='block_1_82' title="bbox 2207 3849 3801 3929">
    <p class='ocr_par' dir='ltr' id='par_1_82' title="bbox 2207 3849 3801 3929">
     <span class='ocr_line' id='line_1_82' title="bbox 2207 3849 3801 3929; baseline -0.004 -16"><span class='ocrx_word' id='word_1_586' title='bbox 2207 3856 2456 3929; x_wconf 86' lang='lat' dir='ltr'><strong>gentibus</strong></span> <span class='ocrx_word' id='word_1_587' title='bbox 2492 3853 2741 3921; x_wconf 79' lang='lat' dir='ltr'><strong>exhibet;</strong></span> <span class='ocrx_word' id='word_1_588' title='bbox 2773 3853 2906 3925; x_wconf 88' lang='lat' dir='ltr'><strong>&#39;ipse</strong></span> <span class='ocrx_word' id='word_1_589' title='bbox 2946 3852 3088 3908; x_wconf 88' lang='lat' dir='ltr'><strong>hanc</strong></span> <span class='ocrx_word' id='word_1_590' title='bbox 3133 3852 3202 3907; x_wconf 89' lang='lat' dir='ltr'><strong>ab</strong></span> <span class='ocrx_word' id='word_1_591' title='bbox 3236 3850 3437 3906; x_wconf 90' lang='lat' dir='ltr'><strong>inﬁmis</strong></span> <span class='ocrx_word' id='word_1_592' title='bbox 3478 3849 3801 3907; x_wconf 84' lang='lat' dir='ltr'><strong>delectatio-</strong></span> 
     </span>
    </p>
   </div>
   <div class='ocr_carea' id='block_1_83' title="bbox 2207 3941 3802 4018">
    <p class='ocr_par' dir='ltr' id='par_1_83' title="bbox 2207 3941 3802 4018">
     <span class='ocr_line' id='line_1_83' title="bbox 2207 3941 3802 4018; baseline -0.004 -15"><span class='ocrx_word' id='word_1_593' title='bbox 2207 3945 2368 4004; x_wconf 90' lang='lat' dir='ltr'><strong>nibus</strong></span> <span class='ocrx_word' id='word_1_594' title='bbox 2396 3947 2728 4002; x_wconf 89' lang='lat' dir='ltr'><strong>abstractam</strong></span> <span class='ocrx_word' id='word_1_595' title='bbox 2756 3960 2896 4018; x_wconf 90' lang='lat' dir='ltr'><strong>pane</strong></span> <span class='ocrx_word' id='word_1_596' title='bbox 2921 3943 3045 4000; x_wconf 79' lang='grc' dir='ltr'><strong>οωιί</strong></span> <span class='ocrx_word' id='word_1_597' title='bbox 3080 3941 3292 4010; x_wconf 88' lang='lat' dir='ltr'><strong>reﬁcit,</strong></span> <span class='ocrx_word' id='word_1_598' title='bbox 3342 3950 3506 4013; x_wconf 86' lang='lat' dir='ltr'><strong>atque</strong></span> <span class='ocrx_word' id='word_1_599' title='bbox 3534 3944 3601 3997; x_wconf 91' lang='lat' dir='ltr'><strong>ad</strong></span> <span class='ocrx_word' id='word_1_600' title='bbox 3638 3959 3802 4015; x_wconf 84' lang='lat' dir='ltr'><strong>appe-</strong></span> 
     </span>
    </p>
   </div>
   <div class='ocr_carea' id='block_1_84' title="bbox 2207 4030 3800 4105">
    <p class='ocr_par' dir='ltr' id='par_1_84' title="bbox 2207 4030 3800 4105">
     <span class='ocr_line' id='line_1_84' title="bbox 2207 4030 3800 4105; baseline -0.003 -13"><span class='ocrx_word' id='word_1_601' title='bbox 2207 4035 2364 4092; x_wconf 90' lang='lat' dir='ltr'><strong>titum</strong></span> <span class='ocrx_word' id='word_1_602' title='bbox 2392 4050 2638 4105; x_wconf 84' lang='lat' dir='ltr'><strong>supernae</strong></span> <span class='ocrx_word' id='word_1_603' title='bbox 2665 4033 2970 4099; x_wconf 90' lang='lat' dir='ltr'><strong>suavitatis,</strong></span> <span class='ocrx_word' id='word_1_604' title='bbox 3003 4032 3129 4087; x_wconf 89' lang='lat' dir='ltr'><strong>dato</strong></span> <span class='ocrx_word' id='word_1_605' title='bbox 3158 4031 3383 4103; x_wconf 89' lang='lat' dir='ltr'><strong>pignore</strong></span> <span class='ocrx_word' id='word_1_606' title='bbox 3403 4030 3508 4086; x_wconf 91' lang='lat' dir='ltr'><strong>cibi</strong></span> <span class='ocrx_word' id='word_1_607' title='bbox 3537 4031 3800 4102; x_wconf 82' lang='lat' dir='ltr'><strong>spiritalis</strong></span> 
     </span>
    </p>
   </div>
   <div class='ocr_carea' id='block_1_85' title="bbox 2207 4122 3798 4196">
    <p class='ocr_par' dir='ltr' id='par_1_85' title="bbox 2207 4122 3798 4196">
     <span class='ocr_line' id='line_1_85' title="bbox 2207 4122 3798 4196; baseline -0.005 -13"><span class='ocrx_word' id='word_1_608' title='bbox 2207 4124 2470 4183; x_wconf 85' lang='lat' dir='ltr'><strong>accendit.</strong></span> <span class='ocrx_word' id='word_1_609' title='bbox 2506 4124 2760 4180; x_wconf 81' lang='lat' dir='ltr'><strong>Misereor</strong></span> <span class='ocrx_word' id='word_1_610' title='bbox 2801 4140 2956 4196; x_wconf 73' lang='lat' dir='ltr'><strong>super</strong></span> <span class='ocrx_word' id='word_1_611' title='bbox 2981 4123 3207 4185; x_wconf 87' lang='lat' dir='ltr'><strong>turbam,</strong></span> <span class='ocrx_word' id='word_1_612' title='bbox 3247 4122 3372 4193; x_wconf 85' lang='lat' dir='ltr'><strong>quia</strong></span> <span class='ocrx_word' id='word_1_613' title='bbox 3407 4138 3524 4177; x_wconf 87' lang='lat' dir='ltr'><strong>ecce</strong></span> <span class='ocrx_word' id='word_1_614' title='bbox 3551 4123 3678 4192; x_wconf 79' lang='lat' dir='ltr'><strong>jam</strong></span> <span class='ocrx_word' id='word_1_615' title='bbox 3707 4125 3798 4176; x_wconf 86' lang='lat' dir='ltr'><strong>tri-</strong></span> 
     </span>
    </p>
   </div>
   <div class='ocr_carea' id='block_1_86' title="bbox 2206 4212 3794 4284">
    <p class='ocr_par' dir='ltr' id='par_1_86' title="bbox 2206 4212 3794 4284">
     <span class='ocr_line' id='line_1_86' title="bbox 2206 4212 3794 4284; baseline -0.001 -14"><span class='ocrx_word' id='word_1_616' title='bbox 2206 4217 2311 4272; x_wconf 88' lang='lat' dir='ltr'><strong>duo</strong></span> <span class='ocrx_word' id='word_1_617' title='bbox 2349 4216 2604 4271; x_wconf 86' lang='lat' dir='ltr'><strong>sustinent</strong></span> <span class='ocrx_word' id='word_1_618' title='bbox 2627 4231 2728 4281; x_wconf 90' lang='lat' dir='ltr'><strong>me,</strong></span> <span class='ocrx_word' id='word_1_619' title='bbox 2754 4231 2846 4269; x_wconf 88' lang='lat' dir='ltr'><strong>nec</strong></span> <span class='ocrx_word' id='word_1_620' title='bbox 2866 4213 3054 4268; x_wconf 86' lang='lat' dir='ltr'><strong>habent</strong></span> <span class='ocrx_word' id='word_1_621' title='bbox 3081 4212 3218 4284; x_wconf 87' lang='lat' dir='ltr'><strong>quod</strong></span> <span class='ocrx_word' id='word_1_622' title='bbox 3245 4213 3579 4267; x_wconf 85' lang='lat' dir='ltr'><strong>manducent.</strong></span> <span class='ocrx_word' id='word_1_623' title='bbox 3611 4213 3794 4270; x_wconf 77' lang='lat' dir='ltr'><strong>Turba</strong></span> 
     </span>
    </p>
   </div>
   <div class='ocr_carea' id='block_1_87' title="bbox 2206 4305 3794 4378">
    <p class='ocr_par' dir='ltr' id='par_1_87' title="bbox 2206 4305 3794 4378">
     <span class='ocr_line' id='line_1_87' title="bbox 2206 4305 3794 4378; baseline 0 -14"><span class='ocrx_word' id='word_1_624' title='bbox 2206 4317 2388 4364; x_wconf 90' lang='lat' dir='ltr'><strong>autem</strong></span> <span class='ocrx_word' id='word_1_625' title='bbox 2416 4306 2595 4364; x_wconf 89' lang='lat' dir='ltr'><strong>triduo</strong></span> <span class='ocrx_word' id='word_1_626' title='bbox 2615 4307 2904 4364; x_wconf 90' lang='lat' dir='ltr'><strong>Dominum</strong></span> <span class='ocrx_word' id='word_1_627' title='bbox 2933 4313 3151 4378; x_wconf 87' lang='lat' dir='ltr'><strong>propter</strong></span> <span class='ocrx_word' id='word_1_628' title='bbox 3181 4305 3522 4361; x_wconf 88' lang='lat' dir='ltr'><strong>sanationem</strong></span> <span class='ocrx_word' id='word_1_629' title='bbox 3549 4306 3794 4364; x_wconf 85' lang='lat' dir='ltr'><strong>inﬁrmo-</strong></span> 
     </span>
    </p>
   </div>
   <div class='ocr_carea' id='block_1_88' title="bbox 2204 4398 3795 4469">
    <p class='ocr_par' dir='ltr' id='par_1_88' title="bbox 2204 4398 3795 4469">
     <span class='ocr_line' id='line_1_88' title="bbox 2204 4398 3795 4469; baseline 0.001 -13"><span class='ocrx_word' id='word_1_630' title='bbox 2204 4417 2325 4456; x_wconf 89' lang='lat' dir='ltr'><strong>rum</strong></span> <span class='ocrx_word' id='word_1_631' title='bbox 2354 4415 2576 4458; x_wconf 90' lang='lat' dir='ltr'><strong>suorum</strong></span> <span class='ocrx_word' id='word_1_632' title='bbox 2603 4400 2854 4466; x_wconf 89' lang='lat' dir='ltr'><strong>sustinet,</strong></span> <span class='ocrx_word' id='word_1_633' title='bbox 2887 4413 3011 4454; x_wconf 90' lang='lat' dir='ltr'><strong>cum</strong></span> <span class='ocrx_word' id='word_1_634' title='bbox 3037 4398 3194 4454; x_wconf 91' lang='lat' dir='ltr'><strong>electi</strong></span> <span class='ocrx_word' id='word_1_635' title='bbox 3221 4398 3423 4469; x_wconf 90' lang='lat' dir='ltr'><strong>quique</strong></span> <span class='ocrx_word' id='word_1_636' title='bbox 3452 4399 3559 4455; x_wconf 87' lang='lat' dir='ltr'><strong>ﬁde</strong></span> <span class='ocrx_word' id='word_1_637' title='bbox 3591 4412 3795 4457; x_wconf 65' lang='lat' dir='ltr'><strong>sancte</strong></span> 
     </span>
    </p>
   </div>
   <div class='ocr_carea' id='block_1_89' title="bbox 2205 4491 3791 4566">
    <p class='ocr_par' dir='ltr' id='par_1_89' title="bbox 2205 4491 3791 4566">
     <span class='ocr_line' id='line_1_89' title="bbox 2205 4491 3791 4566; baseline 0.001 -19"><span class='ocrx_word' id='word_1_638' title='bbox 2205 4491 2486 4549; x_wconf 89' lang='lat' dir='ltr'><strong>Trinitatis</strong></span> <span class='ocrx_word' id='word_1_639' title='bbox 2515 4491 2698 4560; x_wconf 89' lang='lat' dir='ltr'><strong>lucidi,</strong></span> <span class='ocrx_word' id='word_1_640' title='bbox 2744 4491 2972 4548; x_wconf 88' lang='lat' dir='ltr'><strong>Domino</strong></span> <span class='ocrx_word' id='word_1_641' title='bbox 3009 4506 3110 4562; x_wconf 92' lang='lat' dir='ltr'><strong>pro</strong></span> <span class='ocrx_word' id='word_1_642' title='bbox 3149 4491 3262 4546; x_wconf 89' lang='lat' dir='ltr'><strong>suis</strong></span> <span class='ocrx_word' id='word_1_643' title='bbox 3304 4507 3640 4564; x_wconf 88' lang='lat' dir='ltr'><strong>suorumque</strong></span> <span class='ocrx_word' id='word_1_644' title='bbox 3663 4511 3791 4566; x_wconf 86' lang='lat' dir='ltr'><strong>pec-</strong></span> 
     </span>
    </p>
   </div>
   <div class='ocr_carea' id='block_1_90' title="bbox 2203 4584 3793 4658">
    <p class='ocr_par' dir='ltr' id='par_1_90' title="bbox 2203 4584 3793 4658">
     <span class='ocr_line' id='line_1_90' title="bbox 2203 4584 3793 4658; baseline 0.003 -17"><span class='ocrx_word' id='word_1_645' title='bbox 2203 4584 2342 4641; x_wconf 86' lang='lat' dir='ltr'><strong>catis</strong></span> <span class='ocrx_word' id='word_1_646' title='bbox 2389 4585 2583 4639; x_wconf 79' lang='lat' dir='ltr'><strong>animae</strong></span> <span class='ocrx_word' id='word_1_647' title='bbox 2630 4584 2879 4642; x_wconf 90' lang='lat' dir='ltr'><strong>videlicet</strong></span> <span class='ocrx_word' id='word_1_648' title='bbox 2929 4585 3279 4658; x_wconf 88' lang='lat' dir='ltr'><strong>languoribus</strong></span> <span class='ocrx_word' id='word_1_649' title='bbox 3309 4591 3683 4656; x_wconf 87' lang='lat' dir='ltr'><strong>perseveranti</strong></span> <span class='ocrx_word' id='word_1_650' title='bbox 3716 4591 3793 4646; x_wconf 82' lang='lat' dir='ltr'><strong>in—</strong></span> 
     </span>
    </p>
   </div>
   <div class='ocr_carea' id='block_1_91' title="bbox 513 4661 3790 4748">
    <p class='ocr_par' dir='ltr' id='par_1_91' title="bbox 513 4661 3790 4748">
     <span class='ocr_line' id='line_1_91' title="bbox 513 4661 3790 4748; baseline 0.003 -24"><span class='ocrx_word' id='word_1_651' title='bbox 513 4668 618 4748; x_wconf 73' lang='lat' dir='ltr'><strong>nisi</strong></span> <span class='ocrx_word' id='word_1_652' title='bbox 643 4684 764 4726; x_wconf 89' lang='lat' dir='ltr'><strong>eam</strong></span> <span class='ocrx_word' id='word_1_653' title='bbox 784 4671 947 4729; x_wconf 89' lang='lat' dir='ltr'><strong>citius</strong></span> <span class='ocrx_word' id='word_1_654' title='bbox 971 4673 1303 4742; x_wconf 90' lang='lat' dir='ltr'><strong>deseramus,</strong></span> <span class='ocrx_word' id='word_1_655' title='bbox 1347 4690 1414 4730; x_wconf 89' lang='lat' dir='ltr'><strong>an</strong></span> <span class='ocrx_word' id='word_1_656' title='bbox 1441 4675 1666 4748; x_wconf 65' lang='lat' dir='ltr'><strong>justitiaa</strong></span> <span class='ocrx_word' id='word_1_657' title='bbox 1699 4677 1752 4732; x_wconf 92' lang='lat' dir='ltr'><strong>in</strong></span> <span class='ocrx_word' id='word_1_658' title='bbox 1785 4678 2092 4733; x_wconf 85' lang='lat' dir='ltr'><strong>sanctitica-</strong></span> <span class='ocrx_word' id='word_1_659' title='bbox 2120 4661 2174 4722; x_wconf 84' lang='lat' dir='ltr'><strong>D</strong></span> <span class='ocrx_word' id='word_1_660' title='bbox 2200 4676 2398 4732; x_wconf 89' lang='lat' dir='ltr'><strong>stantia</strong></span> <span class='ocrx_word' id='word_1_661' title='bbox 2447 4675 2775 4746; x_wconf 90' lang='lat' dir='ltr'><strong>supplicant,</strong></span> <span class='ocrx_word' id='word_1_662' title='bbox 2812 4677 2940 4732; x_wconf 90' lang='lat' dir='ltr'><strong>item</strong></span> <span class='ocrx_word' id='word_1_663' title='bbox 2970 4675 3127 4733; x_wconf 89' lang='lat' dir='ltr'><strong>turba</strong></span> <span class='ocrx_word' id='word_1_664' title='bbox 3159 4677 3337 4732; x_wconf 91' lang='lat' dir='ltr'><strong>triduo</strong></span> <span class='ocrx_word' id='word_1_665' title='bbox 3363 4677 3655 4734; x_wconf 89' lang='lat' dir='ltr'><strong>Dominum</strong></span> <span class='ocrx_word' id='word_1_666' title='bbox 3703 4696 3790 4735; x_wconf 83' lang='lat' dir='ltr'><strong>su-</strong></span> 
     </span>
    </p>
   </div>
   <div class='ocr_carea' id='block_1_92' title="bbox 515 4739 2094 4838">
    <p class='ocr_par' dir='ltr' id='par_1_92' title="bbox 515 4739 2094 4838">
     <span class='ocr_line' id='line_1_92' title="bbox 515 4739 2094 4838; baseline 0.004 -23"><span class='ocrx_word' id='word_1_667' title='bbox 515 4739 716 4836; x_wconf 75' lang='lat' dir='ltr'><strong>iionem</strong></span> <span class='ocrx_word' id='word_1_668' title='bbox 756 4761 824 4818; x_wconf 92' lang='lat' dir='ltr'><strong>ad</strong></span> <span class='ocrx_word' id='word_1_669' title='bbox 861 4764 1222 4833; x_wconf 85' lang='lat' dir='ltr'><strong>pro&#39;merenda</strong></span> <span class='ocrx_word' id='word_1_670' title='bbox 1258 4739 1415 4822; x_wconf 85' lang='lat' dir='ltr'><strong>nobis</strong></span> <span class='ocrx_word' id='word_1_671' title='bbox 1441 4739 1675 4824; x_wconf 59' lang='lat' dir='ltr'><strong>aeternae</strong></span> <span class='ocrx_word' id='word_1_672' title='bbox 1718 4767 1842 4824; x_wconf 81' lang='lat' dir='ltr'><strong>vita:</strong></span> <span class='ocrx_word' id='word_1_673' title='bbox 1879 4768 2094 4838; x_wconf 90' lang='lat' dir='ltr'><strong>gaudia.</strong></span> 
     </span>
    </p>
   </div>
   <div class='ocr_carea' id='block_1_93' title="bbox 509 4847 2096 4934">
    <p class='ocr_par' dir='ltr' id='par_1_93' title="bbox 509 4847 2096 4934">
     <span class='ocr_line' id='line_1_93' title="bbox 509 4847 2096 4934; baseline 0.005 -25"><span class='ocrx_word' id='word_1_674' title='bbox 509 4847 626 4934; x_wconf 82' lang='lat' dir='ltr'><strong>Nisi</strong></span> <span class='ocrx_word' id='word_1_675' title='bbox 671 4849 815 4912; x_wconf 91' lang='lat' dir='ltr'><strong>enim</strong></span> <span class='ocrx_word' id='word_1_676' title='bbox 859 4856 1012 4927; x_wconf 90' lang='lat' dir='ltr'><strong>prius</strong></span> <span class='ocrx_word' id='word_1_677' title='bbox 1055 4872 1152 4929; x_wconf 92' lang='lat' dir='ltr'><strong>per</strong></span> <span class='ocrx_word' id='word_1_678' title='bbox 1195 4859 1572 4929; x_wconf 74' lang='lat' dir='ltr'><strong>ptenitentiam</strong></span> <span class='ocrx_word' id='word_1_679' title='bbox 1625 4853 1851 4934; x_wconf 85' lang='lat' dir='ltr'><strong>peccato</strong></span> <span class='ocrx_word' id='word_1_680' title='bbox 1893 4863 2096 4917; x_wconf 89' lang='lat' dir='ltr'><strong>moria-</strong></span> 
     </span>
    </p>
   </div>
   <div class='ocr_carea' id='block_1_94' title="bbox 510 4929 1899 5018">
    <p class='ocr_par' dir='ltr' id='par_1_94' title="bbox 510 4929 1899 5018">
     <span class='ocr_line' id='line_1_94' title="bbox 510 4929 1899 5018; baseline 0.003 -18"><span class='ocrx_word' id='word_1_681' title='bbox 510 4929 652 5012; x_wconf 80' lang='lat' dir='ltr'><strong>mur,</strong></span> <span class='ocrx_word' id='word_1_682' title='bbox 685 4961 791 5001; x_wconf 91' lang='lat' dir='ltr'><strong>non</strong></span> <span class='ocrx_word' id='word_1_683' title='bbox 823 4935 1112 5016; x_wconf 87' lang='lat' dir='ltr'><strong>possumus</strong></span> <span class='ocrx_word' id='word_1_684' title='bbox 1137 4962 1236 5017; x_wconf 90' lang='lat' dir='ltr'><strong>per</strong></span> <span class='ocrx_word' id='word_1_685' title='bbox 1261 4946 1530 5018; x_wconf 88' lang='lat' dir='ltr'><strong>justitiam</strong></span> <span class='ocrx_word' id='word_1_686' title='bbox 1551 4929 1737 5006; x_wconf 75' lang='lat' dir='ltr'><strong>vivere</strong></span> <span class='ocrx_word' id='word_1_687' title='bbox 1767 4951 1899 5007; x_wconf 90' lang='lat' dir='ltr'><strong>Deo.</strong></span> 
     </span>
    </p>
   </div>
   <div class='ocr_carea' id='block_1_95' title="bbox 521 5035 2093 5110">
    <p class='ocr_par' dir='ltr' id='par_1_95' title="bbox 521 5035 2093 5110">
     <span class='ocr_line' id='line_1_95' title="bbox 521 5035 2093 5110; baseline 0.002 -14"><span class='ocrx_word' id='word_1_688' title='bbox 521 5059 546 5096; x_wconf 91' lang='grc'><strong>·,</strong></span> <span class='ocrx_word' id='word_1_689' title='bbox 581 5035 854 5108; x_wconf 81' lang='lat' dir='ltr'><strong>Stipendia</strong></span> <span class='ocrx_word' id='word_1_690' title='bbox 883 5040 1020 5094; x_wconf 87' lang='lat' dir='ltr'><strong>enim</strong></span> <span class='ocrx_word' id='word_1_691' title='bbox 1052 5041 1248 5110; x_wconf 85' lang='lat' dir='ltr'><strong>peccati</strong></span> <span class='ocrx_word' id='word_1_692' title='bbox 1287 5058 1446 5096; x_wconf 90' lang='lat' dir='ltr'><strong>mors.</strong></span> <span class='ocrx_word' id='word_1_693' title='bbox 1479 5039 1770 5099; x_wconf 83' lang='lat' dir='ltr'><strong>Peccatum</strong></span> <span class='ocrx_word' id='word_1_694' title='bbox 1807 5043 1953 5099; x_wconf 89' lang='lat' dir='ltr'><strong>enim</strong></span> <span class='ocrx_word' id='word_1_695' title='bbox 1990 5043 2093 5099; x_wconf 90' lang='lat' dir='ltr'><strong>nisi</strong></span> 
     </span>
    </p>
   </div>
   <div class='ocr_carea' id='block_1_96' title="bbox 508 5115 2076 5212">
    <p class='ocr_par' dir='ltr' id='par_1_96' title="bbox 508 5115 2076 5212">
     <span class='ocr_line' id='line_1_96' title="bbox 508 5115 2076 5212; baseline 0.007 -31"><span class='ocrx_word' id='word_1_696' title='bbox 645 5129 1040 5212; x_wconf 83' lang='lat' dir='ltr'><strong>confessionem</strong></span> <span class='ocrx_word' id='word_1_697' title='bbox 1081 5141 1137 5188; x_wconf 89' lang='lat' dir='ltr'><strong>et</strong></span> <span class='ocrx_word' id='word_1_698' title='bbox 1180 5133 1556 5204; x_wconf 82' lang='lat' dir='ltr'><strong>ptenitentiam</strong></span> <span class='ocrx_word' id='word_1_699' title='bbox 1595 5144 1756 5207; x_wconf 90' lang='lat' dir='ltr'><strong>atque</strong></span> <span class='ocrx_word' id='word_1_700' title='bbox 1792 5137 2076 5207; x_wconf 86' lang='lat' dir='ltr'><strong>eleemosy-</strong></span> 
     </span>
    </p>
   </div>
   <div class='ocr_carea' id='block_1_97' title="bbox 511 5211 2096 5308">
    <p class='ocr_par' dir='ltr' id='par_1_97' title="bbox 511 5211 2096 5308">
     <span class='ocr_line' id='line_1_97' title="bbox 511 5211 2096 5308; baseline 0.009 -38"><span class='ocrx_word' id='word_1_701' title='bbox 511 5211 702 5308; x_wconf 77' lang='lat' dir='ltr'><strong>narum</strong></span> <span class='ocrx_word' id='word_1_702' title='bbox 740 5219 1042 5307; x_wconf 78' lang='lat' dir='ltr'><strong>largitatem</strong></span> <span class='ocrx_word' id='word_1_703' title='bbox 1088 5223 1419 5304; x_wconf 83' lang='lat' dir='ltr'><strong>destruatur,</strong></span> <span class='ocrx_word' id='word_1_704' title='bbox 1465 5227 1662 5298; x_wconf 90' lang='lat' dir='ltr'><strong>accipit</strong></span> <span class='ocrx_word' id='word_1_705' title='bbox 1701 5227 2096 5285; x_wconf 88' lang='lat' dir='ltr'><strong>remuneratio-</strong></span> 
     </span>
    </p>
   </div>
   <div class='ocr_carea' id='block_1_98' title="bbox 511 5311 1184 5390">
    <p class='ocr_par' dir='ltr' id='par_1_98' title="bbox 511 5311 1184 5390">
     <span class='ocr_line' id='line_1_98' title="bbox 511 5311 1184 5390; baseline 0.01 -27"><span class='ocrx_word' id='word_1_706' title='bbox 511 5313 634 5390; x_wconf 62' lang='lat' dir='ltr'><strong>nem</strong></span> <span class='ocrx_word' id='word_1_707' title='bbox 669 5311 883 5390; x_wconf 54' lang='lat' dir='ltr'><strong>pinnam</strong></span> <span class='ocrx_word' id='word_1_708' title='bbox 909 5322 1184 5370; x_wconf 66' lang='lat' dir='ltr'><strong>aeternam.</strong></span> 
     </span>
    </p>
   </div>
   <div class='ocr_carea' id='block_1_99' title="bbox 519 5377 2084 5485">
    <p class='ocr_par' dir='ltr' id='par_1_99' title="bbox 519 5377 2084 5485">
     <span class='ocr_line' id='line_1_99' title="bbox 519 5377 2084 5485; baseline 0.01 -34"><span class='ocrx_word' id='word_1_709' title='bbox 519 5377 765 5485; x_wconf 22' lang='lat' dir='ltr'><strong>{Crat-ia</strong></span> <span class='ocrx_word' id='word_1_710' title='bbox 792 5405 964 5485; x_wconf 76' lang='lat' dir='ltr'><strong>autem</strong></span> <span class='ocrx_word' id='word_1_711' title='bbox 988 5403 1084 5485; x_wconf 82' lang='lat' dir='ltr'><strong>Dei</strong></span> <span class='ocrx_word' id='word_1_712' title='bbox 1117 5408 1224 5462; x_wconf 82' lang='lat' dir='ltr'><strong>vita</strong></span> <span class='ocrx_word' id='word_1_713' title='bbox 1253 5418 1448 5474; x_wconf 64' lang='lat' dir='ltr'><strong>(eterna</strong></span> <span class='ocrx_word' id='word_1_714' title='bbox 1486 5411 1542 5465; x_wconf 92' lang='lat' dir='ltr'><strong>in</strong></span> <span class='ocrx_word' id='word_1_715' title='bbox 1569 5408 1773 5466; x_wconf 89' lang='lat' dir='ltr'><strong>Christo</strong></span> <span class='ocrx_word' id='word_1_716' title='bbox 1806 5403 1936 5466; x_wconf 66' lang='lat' dir='ltr'><strong>Iesu</strong></span> <span class='ocrx_word' id='word_1_717' title='bbox 1974 5403 2084 5467; x_wconf 85' lang='lat' dir='ltr'><strong>Do-</strong></span> 
     </span>
    </p>
   </div>
   <div class='ocr_carea' id='block_1_100' title="bbox 509 5479 2088 5572">
    <p class='ocr_par' dir='ltr' id='par_1_100' title="bbox 509 5479 2088 5572">
     <span class='ocr_line' id='line_1_100' title="bbox 509 5479 2088 5572; baseline 0.011 -32"><span class='ocrx_word' id='word_1_718' title='bbox 509 5479 653 5572; x_wconf 70' lang='lat' dir='ltr'><strong>mino</strong></span> <span class='ocrx_word' id='word_1_719' title='bbox 692 5479 1072 5572; x_wconf 3' lang='lat' dir='ltr'><strong>njostroﬁllene</strong></span> <span class='ocrx_word' id='word_1_720' title='bbox 1117 5493 1264 5553; x_wconf 83' lang='lat' dir='ltr'><strong>enim</strong></span> <span class='ocrx_word' id='word_1_721' title='bbox 1306 5491 1550 5572; x_wconf 83' lang='lat' dir='ltr'><strong>additum</strong></span> <span class='ocrx_word' id='word_1_722' title='bbox 1587 5510 1707 5568; x_wconf 89' lang='lat' dir='ltr'><strong>est,</strong></span> <span class='ocrx_word' id='word_1_723' title='bbox 1751 5503 1854 5556; x_wconf 77' lang='lat' dir='ltr'><strong>rita</strong></span> <span class='ocrx_word' id='word_1_724' title='bbox 1892 5513 2088 5558; x_wconf 66' lang='lat' dir='ltr'><strong>(eterna</strong></span> 
     </span>
    </p>
   </div>
   <div class='ocr_carea' id='block_1_101' title="bbox 510 5567 2090 5664">
    <p class='ocr_par' dir='ltr' id='par_1_101' title="bbox 510 5567 2090 5664">
     <span class='ocr_line' id='line_1_101' title="bbox 510 5567 2090 5664; baseline 0.011 -31"><span class='ocrx_word' id='word_1_725' title='bbox 510 5567 574 5664; x_wconf 75' lang='lat' dir='ltr'><strong>in</strong></span> <span class='ocrx_word' id='word_1_726' title='bbox 590 5569 797 5662; x_wconf 80' lang='lat' dir='ltr'><strong>Christo</strong></span> <span class='ocrx_word' id='word_1_727' title='bbox 821 5579 970 5651; x_wconf 70' lang='lat' dir='ltr'><strong>Iesu,</strong></span> <span class='ocrx_word' id='word_1_728' title='bbox 1001 5585 1127 5655; x_wconf 90' lang='lat' dir='ltr'><strong>quia</strong></span> <span class='ocrx_word' id='word_1_729' title='bbox 1161 5587 1260 5655; x_wconf 91' lang='lat' dir='ltr'><strong>illi,</strong></span> <span class='ocrx_word' id='word_1_730' title='bbox 1298 5591 1390 5662; x_wconf 89' lang='lat' dir='ltr'><strong>qui</strong></span> <span class='ocrx_word' id='word_1_731' title='bbox 1421 5567 1708 5664; x_wconf 84' lang='lat' dir='ltr'><strong>resurgunt</strong></span> <span class='ocrx_word' id='word_1_732' title='bbox 1739 5594 1793 5648; x_wconf 91' lang='lat' dir='ltr'><strong>in</strong></span> <span class='ocrx_word' id='word_1_733' title='bbox 1822 5595 2090 5651; x_wconf 80' lang='lat' dir='ltr'><strong>confusio-</strong></span> 
     </span>
    </p>
   </div>
   <div class='ocr_carea' id='block_1_102' title="bbox 510 5673 2066 5754">
    <p class='ocr_par' dir='ltr' id='par_1_102' title="bbox 510 5673 2066 5754">
     <span class='ocr_line' id='line_1_102' title="bbox 510 5673 2066 5754; baseline 0.012 -31"><span class='ocrx_word' id='word_1_734' title='bbox 510 5673 634 5725; x_wconf 80' lang='lat' dir='ltr'><strong>item</strong></span> <span class='ocrx_word' id='word_1_735' title='bbox 655 5679 709 5726; x_wconf 88' lang='lat' dir='ltr'><strong>et</strong></span> <span class='ocrx_word' id='word_1_736' title='bbox 733 5674 1079 5744; x_wconf 75' lang='lat' dir='ltr'><strong>Oppi-ebrium</strong></span> <span class='ocrx_word' id='word_1_737' title='bbox 1107 5677 1514 5750; x_wconf 82' lang='lat' dir='ltr'><strong>sempiternum,</strong></span> <span class='ocrx_word' id='word_1_738' title='bbox 1541 5684 1742 5738; x_wconf 85' lang='lat' dir='ltr'><strong>habent</strong></span> <span class='ocrx_word' id='word_1_739' title='bbox 1768 5685 1984 5754; x_wconf 89' lang='lat' dir='ltr'><strong>quidem</strong></span> <span class='ocrx_word' id='word_1_740' title='bbox 2015 5687 2066 5742; x_wconf 91' lang='lat' dir='ltr'><strong>vi</strong></span> 
     </span>
    </p>
   </div>
   <div class='ocr_carea' id='block_1_103' title="bbox 509 5761 2087 5844">
    <p class='ocr_par' dir='ltr' id='par_1_103' title="bbox 509 5761 2087 5844">
     <span class='ocr_line' id='line_1_103' title="bbox 509 5761 2087 5844; baseline 0.013 -33"><span class='ocrx_word' id='word_1_741' title='bbox 509 5763 622 5838; x_wconf 82' lang='lat' dir='ltr'><strong>tam</strong></span> <span class='ocrx_word' id='word_1_742' title='bbox 653 5770 949 5828; x_wconf 67' lang='lat' dir='ltr'><strong>&#39;agternam,</strong></span> <span class='ocrx_word' id='word_1_743' title='bbox 1000 5766 1093 5820; x_wconf 86' lang='lat' dir='ltr'><strong>sed</strong></span> <span class='ocrx_word' id='word_1_744' title='bbox 1126 5761 1180 5821; x_wconf 79' lang='lat' dir='ltr'><strong>in</strong></span> <span class='ocrx_word' id='word_1_745' title='bbox 1228 5772 1540 5826; x_wconf 77' lang='lat' dir='ltr'><strong>confusione</strong></span> <span class='ocrx_word' id='word_1_746' title='bbox 1568 5781 1623 5827; x_wconf 90' lang='lat' dir='ltr'><strong>et</strong></span> <span class='ocrx_word' id='word_1_747' title='bbox 1647 5788 1806 5843; x_wconf 76' lang='lat' dir='ltr'><strong>pcena</strong></span> <span class='ocrx_word' id='word_1_748' title='bbox 1851 5785 2087 5844; x_wconf 77' lang='lat' dir='ltr'><strong>aeterna;</strong></span> 
     </span>
    </p>
   </div>
   <div class='ocr_carea' id='block_1_104' title="bbox 505 5845 2086 5940">
    <p class='ocr_par' dir='ltr' id='par_1_104' title="bbox 505 5845 2086 5940">
     <span class='ocr_line' id='line_1_104' title="bbox 505 5845 2086 5940; baseline 0.011 -25"><span class='ocrx_word' id='word_1_749' title='bbox 505 5847 788 5930; x_wconf 59' lang='lat' dir='ltr'><strong>Justiv&#39;eto</strong></span> <span class='ocrx_word' id='word_1_750' title='bbox 816 5855 909 5935; x_wconf 85' lang='lat' dir='ltr'><strong>qui</strong></span> <span class='ocrx_word' id='word_1_751' title='bbox 953 5845 1258 5936; x_wconf 73' lang='lat' dir='ltr'><strong>resurgunt,</strong></span> <span class='ocrx_word' id='word_1_752' title='bbox 1303 5861 1591 5936; x_wconf 67' lang='lat' dir='ltr'><strong>ad‘g‘autﬁa</strong></span> <span class='ocrx_word' id='word_1_753' title='bbox 1622 5866 1953 5940; x_wconf 67' lang='lat' dir='ltr'><strong>sempiterna</strong></span> <span class='ocrx_word' id='word_1_754' title='bbox 1979 5868 2086 5933; x_wconf 68' lang='lat' dir='ltr'><strong>lia-</strong></span> 
     </span>
    </p>
   </div>
   <div class='ocr_carea' id='block_1_105' title="bbox 1979 6019 2214 6044">
    <p class='ocr_par' dir='ltr' id='par_1_105' title="bbox 1979 6019 2214 6044">
     <span class='ocr_line' id='line_1_105' title="bbox 1979 6019 2214 6044; baseline 0 0"><span class='ocrx_word' id='word_1_755' title='bbox 1979 6023 2004 6044; x_wconf 47' lang='grc'>(</span> <span class='ocrx_word' id='word_1_756' title='bbox 2041 6019 2133 6044; x_wconf 43' lang='lat' dir='ltr'><strong>VL;-</strong></span> <span class='ocrx_word' id='word_1_757' title='bbox 2201 6025 2214 6041; x_wconf 86' lang='lat'><strong>-&#39;-</strong></span> 
     </span>
    </p>
   </div>
   <div class='ocr_carea' id='block_1_106' title="bbox 2201 4764 3790 4839">
    <p class='ocr_par' dir='ltr' id='par_1_106' title="bbox 2201 4764 3790 4839">
     <span class='ocr_line' id='line_1_106' title="bbox 2201 4764 3790 4839; baseline 0.001 -19"><span class='ocrx_word' id='word_1_758' title='bbox 2201 4765 2384 4831; x_wconf 90' lang='lat' dir='ltr'><strong>stinet,</strong></span> <span class='ocrx_word' id='word_1_759' title='bbox 2411 4766 2626 4836; x_wconf 92' lang='lat' dir='ltr'><strong>quando</strong></span> <span class='ocrx_word' id='word_1_760' title='bbox 2655 4765 2944 4821; x_wconf 90' lang='lat' dir='ltr'><strong>multitudo</strong></span> <span class='ocrx_word' id='word_1_761' title='bbox 2979 4764 3215 4820; x_wconf 90' lang='lat' dir='ltr'><strong>ﬁdelium</strong></span> <span class='ocrx_word' id='word_1_762' title='bbox 3243 4775 3486 4836; x_wconf 89' lang='lat' dir='ltr'><strong>peccata,</strong></span> <span class='ocrx_word' id='word_1_763' title='bbox 3519 4782 3642 4838; x_wconf 74' lang='lat' dir='ltr'><strong>qua:</strong></span> <span class='ocrx_word' id='word_1_764' title='bbox 3669 4784 3790 4839; x_wconf 76' lang='lat' dir='ltr'><strong>per-</strong></span> 
     </span>
    </p>
   </div>
   <div class='ocr_carea' id='block_1_107' title="bbox 2199 4855 3789 4928">
    <p class='ocr_par' dir='ltr' id='par_1_107' title="bbox 2199 4855 3789 4928">
     <span class='ocr_line' id='line_1_107' title="bbox 2199 4855 3789 4928; baseline 0.003 -18"><span class='ocrx_word' id='word_1_765' title='bbox 2199 4857 2432 4928; x_wconf 89' lang='lat' dir='ltr'><strong>petravit</strong></span> <span class='ocrx_word' id='word_1_766' title='bbox 2460 4871 2558 4928; x_wconf 89' lang='lat' dir='ltr'><strong>per</strong></span> <span class='ocrx_word' id='word_1_767' title='bbox 2581 4856 2956 4926; x_wconf 68' lang='lat' dir='ltr'><strong>paenitentiam</strong></span> <span class='ocrx_word' id='word_1_768' title='bbox 2987 4856 3264 4912; x_wconf 89' lang='lat' dir='ltr'><strong>declinans</strong></span> <span class='ocrx_word' id='word_1_769' title='bbox 3291 4857 3361 4912; x_wconf 89' lang='lat' dir='ltr'><strong>ad</strong></span> <span class='ocrx_word' id='word_1_770' title='bbox 3391 4855 3708 4923; x_wconf 82' lang='lat' dir='ltr'><strong>Dominum,</strong></span> <span class='ocrx_word' id='word_1_771' title='bbox 3734 4875 3789 4914; x_wconf 88' lang='lat' dir='ltr'><strong>se</strong></span> 
     </span>
    </p>
   </div>
   <div class='ocr_carea' id='block_1_108' title="bbox 2200 4948 3787 5020">
    <p class='ocr_par' dir='ltr' id='par_1_108' title="bbox 2200 4948 3787 5020">
     <span class='ocr_line' id='line_1_108' title="bbox 2200 4948 3787 5020; baseline 0 -17"><span class='ocrx_word' id='word_1_772' title='bbox 2200 4949 2256 5004; x_wconf 91' lang='lat' dir='ltr'><strong>in</strong></span> <span class='ocrx_word' id='word_1_773' title='bbox 2285 4965 2468 5019; x_wconf 88' lang='lat' dir='ltr'><strong>opere,</strong></span> <span class='ocrx_word' id='word_1_774' title='bbox 2519 4950 2574 5003; x_wconf 90' lang='lat' dir='ltr'><strong>in</strong></span> <span class='ocrx_word' id='word_1_775' title='bbox 2613 4948 2882 5004; x_wconf 89' lang='lat' dir='ltr'><strong>locutione</strong></span> <span class='ocrx_word' id='word_1_776' title='bbox 2907 4957 3067 5018; x_wconf 89' lang='lat' dir='ltr'><strong>atque</strong></span> <span class='ocrx_word' id='word_1_777' title='bbox 3096 4948 3152 5002; x_wconf 91' lang='lat' dir='ltr'><strong>in</strong></span> <span class='ocrx_word' id='word_1_778' title='bbox 3194 4948 3524 5020; x_wconf 84' lang='lat' dir='ltr'><strong>cogitatione</strong></span> <span class='ocrx_word' id='word_1_779' title='bbox 3561 4965 3787 5006; x_wconf 79' lang='lat' dir='ltr'><strong>conver-</strong></span> 
     </span>
    </p>
   </div>
   <div class='ocr_carea' id='block_1_109' title="bbox 2199 5040 3784 5110">
    <p class='ocr_par' dir='ltr' id='par_1_109' title="bbox 2199 5040 3784 5110">
     <span class='ocr_line' id='line_1_109' title="bbox 2199 5040 3784 5110; baseline -0.001 -14"><span class='ocrx_word' id='word_1_780' title='bbox 2199 5041 2284 5098; x_wconf 87' lang='lat' dir='ltr'><strong>tit.</strong></span> <span class='ocrx_word' id='word_1_781' title='bbox 2318 5041 2387 5096; x_wconf 89' lang='lat' dir='ltr'><strong>Et</strong></span> <span class='ocrx_word' id='word_1_782' title='bbox 2429 5042 2476 5097; x_wconf 91' lang='lat' dir='ltr'><strong>si</strong></span> <span class='ocrx_word' id='word_1_783' title='bbox 2503 5042 2752 5096; x_wconf 86' lang='lat' dir='ltr'><strong>dimisero</strong></span> <span class='ocrx_word' id='word_1_784' title='bbox 2781 5056 2867 5095; x_wconf 88' lang='lat' dir='ltr'><strong>eos</strong></span> <span class='ocrx_word' id='word_1_785' title='bbox 2876 5040 3093 5110; x_wconf 86' lang='lat' dir='ltr'><strong>jejunos</strong></span> <span class='ocrx_word' id='word_1_786' title='bbox 3119 5041 3176 5094; x_wconf 88' lang='lat' dir='ltr'><strong>in</strong></span> <span class='ocrx_word' id='word_1_787' title='bbox 3201 5040 3414 5094; x_wconf 87' lang='lat' dir='ltr'><strong>domum</strong></span> <span class='ocrx_word' id='word_1_788' title='bbox 3455 5058 3608 5095; x_wconf 84' lang='lat' dir='ltr'><strong>suam</strong></span> <span class='ocrx_word' id='word_1_789' title='bbox 3650 5040 3784 5109; x_wconf 69' lang='lat' dir='ltr'><strong>deﬁ-</strong></span> 
     </span>
    </p>
   </div>
   <div class='ocr_carea' id='block_1_110' title="bbox 2197 5129 3786 5200">
    <p class='ocr_par' dir='ltr' id='par_1_110' title="bbox 2197 5129 3786 5200">
     <span class='ocr_line' id='line_1_110' title="bbox 2197 5129 3786 5200; baseline 0 -12"><span class='ocrx_word' id='word_1_790' title='bbox 2197 5135 2330 5188; x_wconf 87' lang='lat' dir='ltr'><strong>cient</strong></span> <span class='ocrx_word' id='word_1_791' title='bbox 2356 5135 2411 5188; x_wconf 90' lang='lat' dir='ltr'><strong>in</strong></span> <span class='ocrx_word' id='word_1_792' title='bbox 2444 5133 2550 5188; x_wconf 82' lang='lat' dir='ltr'><strong>via.</strong></span> <span class='ocrx_word' id='word_1_793' title='bbox 2595 5129 3112 5200; x_wconf 87' lang='lat' dir='ltr'><strong>Dimitterejejunos</strong></span> <span class='ocrx_word' id='word_1_794' title='bbox 3140 5131 3195 5186; x_wconf 91' lang='lat' dir='ltr'><strong>in</strong></span> <span class='ocrx_word' id='word_1_795' title='bbox 3223 5132 3440 5188; x_wconf 89' lang='lat' dir='ltr'><strong>domum</strong></span> <span class='ocrx_word' id='word_1_796' title='bbox 3486 5149 3640 5188; x_wconf 91' lang='lat' dir='ltr'><strong>suam</strong></span> <span class='ocrx_word' id='word_1_797' title='bbox 3684 5132 3786 5188; x_wconf 87' lang='lat' dir='ltr'><strong>Do-</strong></span> 
     </span>
    </p>
   </div>
   <div class='ocr_carea' id='block_1_111' title="bbox 2196 5225 3785 5294">
    <p class='ocr_par' dir='ltr' id='par_1_111' title="bbox 2196 5225 3785 5294">
     <span class='ocr_line' id='line_1_111' title="bbox 2196 5225 3785 5294; baseline 0.001 -12"><span class='ocrx_word' id='word_1_798' title='bbox 2196 5226 2378 5282; x_wconf 90' lang='lat' dir='ltr'><strong>minus</strong></span> <span class='ocrx_word' id='word_1_799' title='bbox 2418 5240 2524 5282; x_wconf 89' lang='lat' dir='ltr'><strong>non</strong></span> <span class='ocrx_word' id='word_1_800' title='bbox 2581 5226 2696 5281; x_wconf 91' lang='lat' dir='ltr'><strong>vult</strong></span> <span class='ocrx_word' id='word_1_801' title='bbox 2739 5241 2807 5282; x_wconf 91' lang='lat' dir='ltr'><strong>ne</strong></span> <span class='ocrx_word' id='word_1_802' title='bbox 2846 5225 3100 5282; x_wconf 88' lang='lat' dir='ltr'><strong>deﬁciant</strong></span> <span class='ocrx_word' id='word_1_803' title='bbox 3136 5225 3191 5280; x_wconf 93' lang='lat' dir='ltr'><strong>in</strong></span> <span class='ocrx_word' id='word_1_804' title='bbox 3218 5227 3325 5282; x_wconf 88' lang='lat' dir='ltr'><strong>via.</strong></span> <span class='ocrx_word' id='word_1_805' title='bbox 3359 5226 3498 5294; x_wconf 85' lang='lat' dir='ltr'><strong>Quia</strong></span> <span class='ocrx_word' id='word_1_806' title='bbox 3533 5227 3785 5283; x_wconf 78' lang='lat' dir='ltr'><strong>videlicet</strong></span> 
     </span>
    </p>
   </div>
   <div class='ocr_carea' id='block_1_112' title="bbox 2197 5315 3779 5387">
    <p class='ocr_par' dir='ltr' id='par_1_112' title="bbox 2197 5315 3779 5387">
     <span class='ocr_line' id='line_1_112' title="bbox 2197 5315 3779 5387; baseline 0.001 -16"><span class='ocrx_word' id='word_1_807' title='bbox 2197 5316 2442 5373; x_wconf 89' lang='lat' dir='ltr'><strong>conversi</strong></span> <span class='ocrx_word' id='word_1_808' title='bbox 2483 5325 2797 5387; x_wconf 89' lang='lat' dir='ltr'><strong>peccatores</strong></span> <span class='ocrx_word' id='word_1_809' title='bbox 2821 5317 2876 5371; x_wconf 91' lang='lat' dir='ltr'><strong>in</strong></span> <span class='ocrx_word' id='word_1_810' title='bbox 2920 5315 3204 5386; x_wconf 67' lang='lat' dir='ltr'><strong>praesentis</strong></span> <span class='ocrx_word' id='word_1_811' title='bbox 3229 5316 3355 5372; x_wconf 85' lang='lat' dir='ltr'><strong>vitae</strong></span> <span class='ocrx_word' id='word_1_812' title='bbox 3385 5317 3471 5372; x_wconf 91' lang='lat' dir='ltr'><strong>via</strong></span> <span class='ocrx_word' id='word_1_813' title='bbox 3504 5316 3779 5384; x_wconf 88' lang='lat' dir='ltr'><strong>deﬁciunt,</strong></span> 
     </span>
    </p>
   </div>
   <div class='ocr_carea' id='block_1_113' title="bbox 2194 5408 3780 5480">
    <p class='ocr_par' dir='ltr' id='par_1_113' title="bbox 2194 5408 3780 5480">
     <span class='ocr_line' id='line_1_113' title="bbox 2194 5408 3780 5480; baseline 0 -15"><span class='ocrx_word' id='word_1_814' title='bbox 2194 5410 2240 5465; x_wconf 88' lang='lat' dir='ltr'><strong>si</strong></span> <span class='ocrx_word' id='word_1_815' title='bbox 2269 5410 2323 5464; x_wconf 91' lang='lat' dir='ltr'><strong>in</strong></span> <span class='ocrx_word' id='word_1_816' title='bbox 2366 5425 2462 5465; x_wconf 90' lang='lat' dir='ltr'><strong>sua</strong></span> <span class='ocrx_word' id='word_1_817' title='bbox 2513 5409 2840 5466; x_wconf 90' lang='lat' dir='ltr'><strong>conscientia</strong></span> <span class='ocrx_word' id='word_1_818' title='bbox 2883 5409 3002 5465; x_wconf 90' lang='lat' dir='ltr'><strong>sine</strong></span> <span class='ocrx_word' id='word_1_819' title='bbox 3049 5408 3308 5467; x_wconf 64' lang='lat' dir='ltr'><strong>doctrinae</strong></span> <span class='ocrx_word' id='word_1_820' title='bbox 3355 5419 3543 5465; x_wconf 88' lang='lat' dir='ltr'><strong>sancto</strong></span> <span class='ocrx_word' id='word_1_821' title='bbox 3585 5409 3780 5480; x_wconf 86' lang='lat' dir='ltr'><strong>pabulo</strong></span> 
     </span>
    </p>
   </div>
   <div class='ocr_carea' id='block_1_114' title="bbox 2196 5497 3778 5573">
    <p class='ocr_par' dir='ltr' id='par_1_114' title="bbox 2196 5497 3778 5573">
     <span class='ocr_line' id='line_1_114' title="bbox 2196 5497 3778 5573; baseline 0.001 -17"><span class='ocrx_word' id='word_1_822' title='bbox 2196 5497 2556 5556; x_wconf 89' lang='lat' dir='ltr'><strong>dimittantur.</strong></span> <span class='ocrx_word' id='word_1_823' title='bbox 2591 5499 2668 5555; x_wconf 84' lang='lat' dir='ltr'><strong>Ne</strong></span> <span class='ocrx_word' id='word_1_824' title='bbox 2695 5515 2825 5571; x_wconf 91' lang='lat' dir='ltr'><strong>ergo</strong></span> <span class='ocrx_word' id='word_1_825' title='bbox 2866 5500 3140 5558; x_wconf 87' lang='lat' dir='ltr'><strong>lassentur</strong></span> <span class='ocrx_word' id='word_1_826' title='bbox 3181 5501 3340 5572; x_wconf 88' lang='lat' dir='ltr'><strong>hujus</strong></span> <span class='ocrx_word' id='word_1_827' title='bbox 3387 5502 3778 5573; x_wconf 80' lang='lat' dir='ltr'><strong>peregrinatio—</strong></span> 
     </span>
    </p>
   </div>
   <div class='ocr_carea' id='block_1_115' title="bbox 2195 5590 3560 5662">
    <p class='ocr_par' dir='ltr' id='par_1_115' title="bbox 2195 5590 3560 5662">
     <span class='ocr_line' id='line_1_115' title="bbox 2195 5590 3560 5662; baseline 0 -16"><span class='ocrx_word' id='word_1_828' title='bbox 2195 5591 2280 5646; x_wconf 89' lang='lat' dir='ltr'><strong>nis</strong></span> <span class='ocrx_word' id='word_1_829' title='bbox 2309 5590 2519 5657; x_wconf 90' lang='lat' dir='ltr'><strong>itinere,</strong></span> <span class='ocrx_word' id='word_1_830' title='bbox 2553 5592 2804 5662; x_wconf 88' lang='lat' dir='ltr'><strong>pascendi</strong></span> <span class='ocrx_word' id='word_1_831' title='bbox 2836 5600 2960 5647; x_wconf 87' lang='lat' dir='ltr'><strong>sunt</strong></span> <span class='ocrx_word' id='word_1_832' title='bbox 2989 5608 3143 5646; x_wconf 88' lang='lat' dir='ltr'><strong>sacra</strong></span> <span class='ocrx_word' id='word_1_833' title='bbox 3177 5591 3560 5648; x_wconf 88' lang='lat' dir='ltr'><strong>admonitione.</strong></span> 
     </span>
    </p>
   </div>
   <div class='ocr_carea' id='block_1_116' title="bbox 2268 5683 3778 5755">
    <p class='ocr_par' dir='ltr' id='par_1_116' title="bbox 2268 5683 3778 5755">
     <span class='ocr_line' id='line_1_116' title="bbox 2268 5683 3778 5755; baseline 0.001 -17"><span class='ocrx_word' id='word_1_834' title='bbox 2268 5683 2496 5749; x_wconf 84' lang='lat' dir='ltr'><strong>Quidam</strong></span> <span class='ocrx_word' id='word_1_835' title='bbox 2543 5686 2680 5739; x_wconf 87' lang='lat' dir='ltr'><strong>enim</strong></span> <span class='ocrx_word' id='word_1_836' title='bbox 2703 5701 2766 5738; x_wconf 83' lang='lat' dir='ltr'><strong>ea:</strong></span> <span class='ocrx_word' id='word_1_837' title='bbox 2791 5685 2864 5738; x_wconf 88' lang='lat' dir='ltr'><strong>eis</strong></span> <span class='ocrx_word' id='word_1_838' title='bbox 2889 5685 2952 5739; x_wconf 88' lang='lat' dir='ltr'><strong>de</strong></span> <span class='ocrx_word' id='word_1_839' title='bbox 2994 5683 3143 5755; x_wconf 84' lang='lat' dir='ltr'><strong>longe</strong></span> <span class='ocrx_word' id='word_1_840' title='bbox 3171 5693 3433 5738; x_wconf 74' lang='lat' dir='ltr'><strong>uenerunt.</strong></span> <span class='ocrx_word' id='word_1_841' title='bbox 3467 5683 3565 5739; x_wconf 80' lang='lat' dir='ltr'><strong>Est</strong></span> <span class='ocrx_word' id='word_1_842' title='bbox 3595 5691 3778 5739; x_wconf 78' lang='lat' dir='ltr'><strong>autem</strong></span> 
     </span>
    </p>
   </div>
   <div class='ocr_carea' id='block_1_117' title="bbox 2193 5777 3777 5851">
    <p class='ocr_par' dir='ltr' id='par_1_117' title="bbox 2193 5777 3777 5851">
     <span class='ocr_line' id='line_1_117' title="bbox 2193 5777 3777 5851; baseline 0 -18"><span class='ocrx_word' id='word_1_843' title='bbox 2193 5781 2285 5851; x_wconf 85' lang='lat' dir='ltr'><strong>qui</strong></span> <span class='ocrx_word' id='word_1_844' title='bbox 2319 5779 2393 5834; x_wconf 87' lang='lat' dir='ltr'><strong>nil</strong></span> <span class='ocrx_word' id='word_1_845' title='bbox 2433 5780 2637 5833; x_wconf 86' lang='lat' dir='ltr'><strong>fraudis</strong></span> <span class='ocrx_word' id='word_1_846' title='bbox 2669 5788 2726 5832; x_wconf 89' lang='lat' dir='ltr'><strong>et</strong></span> <span class='ocrx_word' id='word_1_847' title='bbox 2755 5777 2888 5846; x_wconf 86' lang='lat' dir='ltr'><strong>nihil</strong></span> <span class='ocrx_word' id='word_1_848' title='bbox 2916 5777 3148 5850; x_wconf 84' lang='lat' dir='ltr'><strong>carnalis</strong></span> <span class='ocrx_word' id='word_1_849' title='bbox 3175 5778 3538 5846; x_wconf 85' lang='lat' dir='ltr'><strong>corruptionis</strong></span> <span class='ocrx_word' id='word_1_850' title='bbox 3577 5793 3777 5848; x_wconf 79' lang='lat' dir='ltr'><strong>exper-</strong></span> 
     </span>
    </p>
   </div>
   <div class='ocr_carea' id='block_1_118' title="bbox 2196 5864 3774 5942">
    <p class='ocr_par' dir='ltr' id='par_1_118' title="bbox 2196 5864 3774 5942">
     <span class='ocr_line' id='line_1_118' title="bbox 2196 5864 3774 5942; baseline 0.001 -13"><span class='ocrx_word' id='word_1_851' title='bbox 2196 5877 2304 5942; x_wconf 85' lang='lat' dir='ltr'><strong>tus,</strong></span> <span class='ocrx_word' id='word_1_852' title='bbox 2328 5870 2395 5929; x_wconf 85' lang='lat' dir='ltr'><strong>ad</strong></span> <span class='ocrx_word' id='word_1_853' title='bbox 2418 5865 2800 5941; x_wconf 77' lang='lat' dir='ltr'><strong>Ottittipotcntis</strong></span> <span class='ocrx_word' id='word_1_854' title='bbox 2826 5866 2923 5924; x_wconf 80' lang='lat' dir='ltr'><strong>Dei</strong></span> <span class='ocrx_word' id='word_1_855' title='bbox 2949 5866 3228 5926; x_wconf 81' lang='lat' dir='ltr'><strong>servitium</strong></span> <span class='ocrx_word' id='word_1_856' title='bbox 3256 5866 3551 5938; x_wconf 80' lang='lat' dir='ltr'><strong>festinavit.</strong></span> <span class='ocrx_word' id='word_1_857' title='bbox 3575 5864 3679 5926; x_wconf 82' lang='lat' dir='ltr'><strong>Iste</strong></span> <span class='ocrx_word' id='word_1_858' title='bbox 3703 5865 3774 5930; x_wconf 73' lang='lat' dir='ltr'><strong>de</strong></span> 
     </span>
    </p>
   </div>
   <div class='ocr_carea' id='block_1_119' title="bbox 2289 6033 2429 6051">
    <p class='ocr_par' dir='ltr' id='par_1_119' title="bbox 2289 6033 2429 6051">
     <span class='ocr_line' id='line_1_119' title="bbox 2289 6033 2429 6051; baseline 0.007 -1"><span class='ocrx_word' id='word_1_859' title='bbox 2289 6033 2323 6041; x_wconf 83' lang='grc'><strong>“¹”</strong></span> <span class='ocrx_word' id='word_1_860' title='bbox 2373 6035 2429 6051; x_wconf 54' lang='grc' dir='ltr'><strong>ιδ-</strong></span> 
     </span>
    </p>
   </div>
  </div>
