3960 6360
209 348 316 405 577

1308 353 1611 413 ΗΟΜῙΙᾸᾹΞ
1650 357 1718 412 ΙΝ
1755 355 2006 416 EVANG.
2047 355 2136 415 ET
2174 358 2390 428 EPIST.

3363 360 3470 422 578

207 461 506 534 longinquo
545 479 651 521 non
696 462 873 530 venit,
922 465 1048 536 quia
1095 481 1193 538 per
1245 468 1701 541 incorruptionem
1735 482 1791 530 et
1816 475 1868 534 Α
1893 473 2170 545 discipulis
2201 452 2372 543 daret,
2421 475 2755 546 apertionem
2805 475 3051 546 designat
3097 489 3469 540 sacramento-

207 555 574 612 innocentiam
603 557 881 626 proximus
906 559 1024 615 fuit.
1053 560 1224 628 Alius,
1251 563 1394 618 nulla
1433 565 1784 636 impudicitia,

206 646 376 703 nullis
416 645 631 718 ﬂagitiis
668 649 999 720 inquinatus,
1045 652 1160 709 sola
1197 661 1376 710 autem
1406 657 1653 729 conjugia
1693 675 1788 715 ex-

207 747 415 809 pertus,
447 741 515 794 ad
559 740 918 798 ministerium
956 745 1196 814 spiritale
1233 761 1526 805 conversus
1552 757 1658 817 est,
1693 766 1788 807 ne-

204 845 318 900 que
349 830 452 886 iste
477 831 626 887 venit
657 847 689 888 e
713 832 1022 906 longinquo,
1069 838 1195 908 quia
1231 855 1362 896 usus
1409 842 1787 913 conjunctione

202 937 467 1003 concessa
487 938 587 995 per
612 925 798 982 illicita
834 943 940 983 non
967 931 1187 986 erravit.
1224 931 1328 988 Alii
1370 948 1500 989 vero
1525 944 1647 1005 post
1668 950 1789 992 car-

201 1013 296 1070 nis
333 1014 553 1086 ﬂagitia,
576 1016 665 1073 alii
695 1027 817 1090 post
837 1018 970 1077 falsa
1000 1022 1300 1079 testimonia
1330 1067 1344 1091 ,
1390 1026 1480 1081 alii
1501 1039 1622 1098 post
1643 1029 1787 1086 facta

200 1103 376 1172 furta,
400 1107 492 1162 alii
511 1118 634 1179 post
667 1109 842 1167 illatas
866 1112 1167 1182 violentias,
1204 1115 1294 1170 alii
1329 1127 1452 1188 post
1475 1129 1785 1190 perpetrata

199 1198 498 1256 homicidia
525 1202 594 1256 ad
625 1203 995 1272 paenitentiam
1037 1207 1282 1276 redeunt,
1313 1218 1477 1279 atque
1512 1212 1580 1265 ad
1613 1213 1788 1268 omni-

196 1293 442 1363 potentis
471 1292 567 1350 Dei
588 1296 868 1351 servitium
910 1307 1318 1366 convertuntur,
1359 1303 1415 1357 hi
1438 1303 1687 1360 videlicet
1718 1306 1784 1361 ad

195 1381 492 1440 Dominum
549 1387 615 1441 de
671 1386 961 1459 longinquo
1017 1390 1258 1445 veniunt.
1319 1391 1533 1459 Quanto
1583 1397 1783 1451 etenim

195 1476 433 1547 quisque
459 1477 579 1547 plus
605 1476 660 1533 in
695 1494 862 1549 pravo
889 1493 1051 1564 opere
1080 1483 1304 1550 erravit,
1335 1491 1484 1541 tanto
1515 1486 1583 1541 ab
1617 1489 1787 1544 omni-

168 1579 426 1641 potente
466 1572 696 1628 Domino
721 1573 933 1646 longius
971 1579 1219 1634 recessit.
1250 1579 1456 1636 Dentur
1485 1582 1648 1653 igitur
1687 1571 1785 1640 ali-

193 1672 386 1719 menta
433 1664 511 1720 eis
538 1665 718 1730 etiam,
784 1668 875 1737 qui
909 1667 975 1723 de
1020 1669 1313 1741 longinquo
1362 1674 1606 1741 veniunt,
1655 1676 1782 1746 quia

192 1759 477 1815 conversis
523 1761 900 1830 peccatoribus
945 1763 1205 1820 doctrinae
1250 1776 1449 1824 sanctae
1494 1770 1598 1825 cibi
1639 1787 1779 1842 prm-

1891 582 2032 633 rum,
2068 569 2260 637 quibus
2285 570 2352 624 ad
2390 578 2705 642 perpetuam
2736 570 2966 626 salutem
3006 573 3324 631 nutriendus
3351 583 3471 632 erat

1887 659 2138 715 mundus.
2165 659 2301 715 Cum
2331 661 2475 716 enim
2501 662 2577 716 ait
2599 661 2861 720 Dominus
2887 663 3003 734 ipse
3030 682 3042 719 :
3067 663 3135 720 Et
3161 683 3310 721 nemo
3330 669 3469 724 novit

1885 749 2057 819 ﬁlium
2081 750 2183 806 nisi
2231 750 2413 818 Pater,
2455 770 2617 824 neque
2643 763 2843 824 patrem
2867 757 2985 826 quis
3022 756 3158 810 novit
3183 756 3283 811 nisi
3303 757 3467 826 ﬁlius,

1887 850 1934 895 et
1973 841 2058 895 cui
2088 841 2308 896 voluerit
2347 841 2490 911 ﬁlius
2519 843 2778 913 revelare,
2812 845 2952 916 quod
2990 846 3096 902 nisi
3122 862 3319 918 panem
3347 849 3470 904 vitae

1888 930 2048 987 nobis
2066 946 2165 1002 per
2190 948 2247 988 se
2273 932 2620 1003 aperiendum
2652 934 3061 1004 demonstravit,
3097 935 3164 990 ad
3207 935 3358 1008 cujus
3389 937 3469 992 in-

1888 1022 2091 1080 teriora
2115 1025 2387 1080 cernenda
2415 1039 2513 1095 per
2538 1040 2637 1082 nos
2663 1025 2810 1098 ipsos
2837 1037 3123 1098 penetrare
3158 1028 3466 1098 nequimus,

1887 1116 1974 1171 cui
2015 1125 2203 1171 contra
2242 1115 2511 1187 Propheta
2555 1118 2859 1175 mirabilem
2885 1121 3243 1191 quorumdam
3271 1121 3467 1177 famem

1888 1206 2173 1278 deplorans
2219 1209 2416 1275 aiebat,
2456 1210 2663 1280 parvuli
2701 1212 2960 1281 petierunt
2982 1229 3193 1283 panem,
3229 1229 3320 1266 nec
3358 1222 3470 1267 erat

1885 1299 1976 1366 qui
2008 1299 2271 1371 frangeret
2316 1300 2409 1355 eis.
2449 1299 2603 1369 Quod
2642 1309 2726 1358 est
2770 1301 2890 1360 aliis
2924 1296 3106 1359 verbis
3143 1303 3344 1370 dicere,
3388 1303 3470 1358 in-

1887 1391 2029 1448 docti
2079 1393 2412 1463 quaesierunt
2434 1395 2690 1465 pabulum
2725 1395 2878 1450 verbi
2907 1394 3023 1462 Dei,
3068 1410 3175 1465 quo
3202 1395 3270 1450 ad
3296 1395 3467 1465 virtu-

1889 1493 1998 1540 tem
2024 1483 2179 1541 bonae
2205 1487 2537 1555 operationis
2558 1487 3000 1544 convalescerent
3023 1486 3192 1549 reﬁci.
3222 1502 3323 1542 nec
3349 1495 3469 1544 erat

1887 1575 2162 1647 magistris
2207 1575 2578 1634 deﬁcientibus
2602 1579 2694 1649 qui
2719 1579 2799 1634 eis
2828 1575 3120 1649 Scriptura:
3150 1593 3348 1634 arcana
3371 1592 3467 1649 pa-

1889 1669 2169 1736 telaeeret,
2223 1685 2425 1740 eosque
2450 1671 2519 1726 ad
2559 1671 2697 1726 viam
2726 1670 2973 1726 veritatis
3010 1670 3324 1726 instrueret.
3354 1670 3465 1726 Ac-
3497 1731 3506 1736 ,

1889 1762 2060 1834 eeptis
2087 1770 2268 1818 autem
2295 1763 2363 1818 ad
2391 1763 2751 1836 frangendum
2786 1763 3014 1835 panibus
3045 1764 3305 1820 Dominus
3343 1778 3466 1844 gra-I-

190 1848 362 1905 bendi
391 1857 535 1917 sunt,
576 1860 637 1906 ut
664 1850 719 1906 in
745 1853 913 1908 Deum
943 1853 1085 1910 vires
1111 1864 1364 1925 raperent
1391 1873 1526 1929 quas
1551 1859 1606 1914 in
1630 1833 1781 1932 ilagi-
1809 1833 1867 1898 Β
1886 1833 1988 1909 tias
2010 1855 2142 1926 agit,
2169 1863 2231 1910 ut
2259 1865 2314 1910 et
2351 1855 2464 1926 ipse
2491 1833 2753 1927 quantum
2788 1833 2867 1913 vde
2909 1856 3080 1912 salute
3117 1857 3333 1928 generis
3350 1833 3465 1912 Ῑωέ-

192 1940 290 1996 tiis
323 1939 636 1996 amiserunt.
691 1941 826 1998 Item
864 1941 1032 2000 ,ιιιόωὶ
1089 1946 1416 2018 quicumque
1465 1951 1520 2005 in
1564 1950 1781 2008 Christo
1882 1945 2029 1999 mani
2058 1946 2392 2016 congaudeat
2424 1947 2693 2012 ostendat,
2731 1955 2786 2000 et
2812 1961 2911 2001 nos
2940 1947 3007 2002 ad
3037 1948 3273 2017 agendas
3316 1961 3463 2002 sem-

190 2032 565 2100 credide‘runt,
597 2034 662 2091 de
701 2049 868 2105 prope
897 2037 965 2090 ad
993 2035 1143 2091 illum
1186 2049 1467 2105 venerunt,
1495 2041 1622 2111 quia
1645 2042 1780 2114 legis
1882 2051 1980 2107 De!“
2008 2038 2118 2094 Deo
2146 2039 2349 2110 ενδιίιιε
2375 2039 2651 2106 informet,
2681 2056 2803 2096 cum
2823 2040 2908 2097 νει
2940 2049 3154 2096 terreno
3181 2056 3322 2112 Pane
3347 2055 3465 2096 Ca"

191 2131 252 2177 et
281 2123 672 2194 Prophetarum
696 2138 852 2184 erant
877 2129 1073 2187 litteris
1103 2133 1279 2189 edocti
1315 2136 1381 2190 de
1412 2136 1524 2204 illo,
1556 2140 1779 2195 creden-

192 2219 280 2268 tes
314 2229 442 2271 vero
469 2231 536 2270 ex
579 2218 828 2289 gentibus
862 2220 930 2276 de
968 2221 1124 2292 longe
1165 2224 1352 2295 utique
1403 2238 1666 2284 venerunt
1710 2232 1778 2288 ad

191 2301 492 2372 Christum,
530 2308 657 2377 quia
703 2309 864 2366 nullis
901 2312 1219 2383 paginarum
1270 2331 1548 2374 sacrarum
1590 2336 1780 2378 monu-

189 2396 393 2450 mentis
420 2397 486 2452 de
521 2398 636 2465 ejus
657 2409 812 2455 erant
840 2401 946 2457 fide
973 2406 1298 2473 praemoniti.

263 2487 336 2542 Et
365 2491 738 2561 responderunt
769 2494 817 2548 ei
837 2494 1083 2566 discipuli
1105 2499 1188 2552 sui
1221 2516 1234 2554 :
1265 2497 1416 2556 Unde
1436 2506 1565 2559 istos
1588 2505 1775 2575 poterit

186 2580 309 2650 quis
334 2581 419 2636 hic
445 2592 686 2639 saturare
703 2586 923 2656 panibus
945 2588 1001 2642 in
1030 2589 1357 2652 solitudine?
1382 2593 1450 2648 Et
1474 2597 1774 2668 interroga-

185 2673 264 2726 vit
295 2687 383 2727 eos
405 2689 424 2727 :
448 2684 571 2746 quot
601 2692 761 2745 panes
809 2677 1071 2733 habetis?
1093 2679 1195 2747 Qui
1229 2683 1474 2740 dixerunt
1503 2702 1521 2740 :
1545 2683 1774 2758 Septem.

186 2764 342 2820 Bene
383 2774 584 2836 septem
623 2782 787 2837 panes
838 2769 894 2824 in
943 2771 1246 2830 ministerio
1290 2775 1415 2830 novi
1466 2764 1775 2850 testamenti

175 2867 503 2930 ponuntur,
547 2859 600 2914 in
635 2875 742 2930 quo
764 2861 1095 2932 septiformis
1124 2865 1300 2936 gratia
1333 2865 1568 2936 Spiritus
1592 2869 1769 2928 sancti

183 2947 403 3019 plenius
451 2949 693 3006 fidelibus
736 2953 967 3020 cunctis,
1005 2961 1060 3010 et
1093 2955 1359 3010 credenda
1405 2957 1678 3013 revelatur
1720 2962 1776 3014 et

187 3037 541 3094 credentibus
587 3039 766 3094 datur.
796 3040 981 3112 Neque
1017 3043 1307 3102 hordeacei
1333 3045 1502 3102 fuisse
1528 3048 1771 3118 produn-

183 3139 299 3197 tur,
331 3131 471 3185 sicut
494 3131 572 3186 illi
598 3133 835 3204 quinque
860 3133 926 3189 de
952 3134 1147 3204 quibus
1170 3137 1410 3209 quinque
1441 3146 1568 3194 Sunt
1597 3139 1773 3195 homi-

184 3239 321 3280 num
350 3223 518 3281 millia
546 3235 786 3284 saturata
805 3268 819 3295 ,
855 3244 923 3285 ne
960 3229 1158 3286 iterum
1189 3231 1332 3288 sicut
1377 3233 1430 3288 in
1461 3233 1580 3305 lege
1606 3233 1772 3292 vitale

173 3311 385 3392 animae
444 3312 758 3376 alimentum
798 3324 1168 3394 corporalibus
1229 3329 1582 3385 sacramentis
1624 3330 1774 3386 obte-

179 3418 439 3482 geretur,
483 3412 673 3470 hordei
707 3415 910 3471 etenim
946 3417 1180 3475 medulla
1229 3422 1574 3479 tenacissima
1607 3423 1764 3494 palea

185 3503 410 3573 tegitur.
699 3559 702 3562 .

257 3593 332 3648 Et
355 3597 598 3666 praecepit
633 3597 799 3653 turba:
827 3598 1150 3656 discumbere
1175 3618 1330 3673 super
1349 3611 1562 3657 terram.
1596 3602 1772 3675 Supra

179 3688 237 3743 in
267 3688 562 3745 refectione
583 3691 826 3764 quinque
849 3708 1046 3763 panum
1097 3696 1255 3751 turba
1285 3713 1446 3768 supra
1472 3698 1658 3754 fenum
1686 3697 1770 3754 vi-

175 3769 306 3862 iride
351 3781 758 3851 discumbebat,
803 3801 946 3842 nunc
991 3787 1084 3843 ubi
1128 3798 1335 3859 septem
1375 3791 1606 3862 panibus
1646 3793 1774 3849 reli-

178 3858 380 3928 cienda
428 3883 546 3942 est,
594 3891 756 3946 supra
794 3885 997 3941 terram
1036 3879 1376 3939 discumbere
1429 3885 1768 3956 praecipitur,

172 3963 317 4034 quia
344 3979 440 4033 per
465 3963 790 4036 scripturam
821 3967 956 4040 legis
983 3970 1164 4027 carnis
1193 3972 1459 4029 desideria
1485 3973 1696 4032 calcare
1719 3974 1774 4033 et

175 4057 548 4139 comprimere
584 4059 854 4130 jubemur.
905 4060 1088 4118 Omnis
1143 4066 1282 4120 enim
1325 4084 1448 4123 caro
1493 4069 1694 4139 fenum,
1725 4087 1774 4136 eg

173 4135 361 4201 omnis
386 4135 558 4217 gloria
587 4151 698 4220 ejus
727 4160 976 4224 tanquam
1017 4156 1114 4224 ﬂos
1149 4156 1276 4226 feni.
1329 4157 1386 4213 In
1423 4135 1562 4216 novo
1591 4135 1772 4220 autem

175 4242 518 4290 testamento
546 4236 715 4307 ipsam
739 4255 952 4311 quoque
991 4251 1194 4299 terram
1231 4261 1295 4302 ac
1315 4245 1598 4306 facultates
1631 4259 1770 4306 tem-

173 4325 404 4412 porales
464 4327 831 4400 derelinquere
874 4335 1240 4406 praecipimur,
1284 4338 1368 4393 vel
1419 4348 1589 4409 certe,
1643 4344 1770 4414 quia

175 4409 345 4475 mons
389 4419 444 4474 in
473 4435 580 4491 quo
611 4422 769 4478 turba
797 4423 1090 4482 Dominicis
1122 4428 1353 4497 panibus
1398 4409 1768 4503 reﬁciebatur,

177 4509 548 4588 altitudinem,
566 4520 637 4567 ut
663 4530 823 4584 supra
849 4515 1104 4584 diximus,
1121 4519 1476 4591 redemptoris
1502 4527 1669 4580 nostri
1694 4527 1770 4582 si-

175 4599 432 4678 gnificat,
472 4601 546 4657 ibi
594 4593 755 4675 super
787 4605 988 4673 fenum,
1033 4607 1120 4664 hic
1154 4626 1315 4680 super
1344 4621 1545 4671 terram
1583 4617 1762 4673 relici-

176 4679 292 4752 tur.
323 4694 398 4751 lbi
438 4696 584 4751 enim
621 4697 882 4754 celsitudo
905 4699 1106 4756 Christi
1132 4679 1367 4774 propter
1391 4706 1638 4764 carnales
1668 4709 1768 4764 bo-

176 4777 362 4865 niin'es
390 4787 447 4842 et
473 4785 770 4844 Jerusalem
809 4797 1078 4845 terrenam
1107 4793 1312 4849 carnali
1340 4810 1435 4865 spe
1462 4805 1517 4852 et
1555 4791 1769 4856 deside?

175 4877 264 4954 rio
293 4879 495 4949 tegitur
515 4869 654 4947 {hic
676 4889 857 4935 autem
895 4891 1102 4938 remota
1128 4885 1276 4939 omni
1313 4887 1608 4956 cupiditate
1642 4905 1768 4945 car-

176 4959 291 5024 nali
345 4969 600 5026 convivas
654 4971 778 5026 novi
838 4975 1188 5042 testamenti,
1237 4977 1350 5046 spei
1399 4983 1766 5048 permanentis

175 5063 586 5140 firmamentum
609 5069 867 5133 tanquam
892 5064 1063 5135 ipsius
1088 5068 1288 5125 montis
1319 5069 1582 5140 soliditas,
1616 5073 1764 5129 nullo

176 5137 311 5226 féno
341 5147 658 5225 interposito
684 5157 1014 5214 continebat.

188 5241 224 5326 '_
253 5234 614 5318 Etaccipiens
637 5256 828 5318 septem
849 5265 1030 5319 panes,
1073 5251 1272 5321 gratias
1310 5269 1468 5324 agens
1511 5254 1687 5326 fregit,
1718 5264 1774 5324 et,

173 5321 346 5395 dabat
383 5339 651 5408 discipulis
685 5341 813 5406 suis,
861 5351 917 5394 ut
949 5352 1284 5411 apponerent,
1418 5321 1770 5418 apposuerunt

177 5430 372 5483 turbce.
426 5430 684 5486 Dominus
730 5431 1003 5501 aecipiens
1050 5449 1217 5502 panes
1271 5433 1436 5490 dabat
1491 5436 1769 5505 discipulis

177 5513 321 5585 suis,
350 5511 409 5573 ut
441 5521 542 5591 ipsi
572 5532 821 5591 acceptos
848 5525 1018 5578 turba:
1046 5535 1398 5594 opponerent,
1451 5528 1576 5596 quia
1605 5528 1768 5597 spiri-

178 5610 315 5695 talis
363 5612 503 5679 dona
543 5611 781 5668 scientia:
834 5615 1077 5670 tribuens
1120 5615 1392 5686 Apostolis
1444 5605 1540 5687 per
1581 5635 1768 5675 eorum

175 5693 552 5781 ministerium
595 5705 762 5761 voluit
807 5707 1058 5763 Ecclesiae
1101 5725 1210 5763 sua:
1270 5726 1369 5780 per
1415 5710 1600 5766 orbem
1647 5713 1770 5767 vita:

176 5791 398 5866 cibaria
444 5797 712 5855 distribui.
768 5794 922 5865 Quod
972 5808 1152 5857 autem
1199 5799 1359 5873 fregit
1395 5789 1584 5876 panes,
1635 5817 1772 5876 quos

1882 2142 2029 2194 nem,
2067 2129 2153 2183 vel
2185 2130 2420 2184 animam
2473 2129 2683 2187 cwlesti
2720 2146 2951 2203 superna
2985 2131 3158 2203 gratia
3206 2123 3468 2204 largiente

1881 2219 2176 2276 reficimus.
3209 2219 3211 2221 ’
3441 2283 3446 2288 ,

1950 2309 2020 2363 Et
2053 2311 2309 2366 habebant
2349 2314 2630 2383 pisciculos
2660 2331 2876 2385 paucos,
2916 2324 2964 2370 et
2998 2316 3138 2386 ipsos
3185 2314 3465 2381 benedixit,

1878 2407 1927 2453 et
1945 2398 2102 2468 jussit
2131 2402 2338 2470 apponi.
2384 2401 2440 2456 Si
2471 2404 2525 2457 in
2553 2404 2783 2473 panibus
2802 2413 3007 2475 septem
3038 2405 3306 2476 scriptura
3341 2404 3465 2459 novi

1879 2493 2187 2561 testamenti
2221 2493 2552 2566 designatur,
2580 2496 2634 2550 in
2665 2495 2819 2566 cujus
2851 2496 3084 2553 lectione
3108 2512 3204 2568 per
3232 2497 3464 2569 gratiam

1878 2583 2049 2638 sancti
2082 2581 2318 2653 Spiritus
2350 2585 2589 2640 internas
2613 2588 2875 2642 mentium
2905 2587 3090 2657 epulas
3139 2588 3464 2655 invenimus,

1877 2674 2006 2743 quid
2036 2675 2089 2728 in
2124 2675 2394 2743 'p’iScibus,
2425 2691 2561 2746 quos
2603 2676 2929 2733 benedicens
2967 2679 3171 2748 pariter
3202 2679 3464 2734 Dominus

1878 2767 2048 2821 turbae
2082 2766 2246 2836 jussit
2283 2769 2500 2839 apponi,
2552 2768 2658 2825 nisi
2701 2778 2920 2826 sanctos
2974 2770 3268 2840 accipimus
3320 2769 3465 2824 illius

1866 2842 2137 2926 temporis
2173 2873 2280 2928 quo
2320 2859 2510 2914 eadem
2537 2867 2619 2915 est
2648 2861 2863 2916 condita
2893 2861 3184 2932 scriptura,
3214 2860 3299 2916 vel
3324 2875 3463 2930 quo-

1875 2963 1994 3003 rum
2035 2948 2150 3020 ipsa
2183 2951 2450 3019 scriptura
2481 2950 2662 3017 ﬁdem,
2720 2953 2888 3007 vitam
2929 2959 2984 3006 et
3024 2952 3304 3022 passiones
3332 2967 3462 3009 con-

1871 3038 2031 3107 tinet,
2059 3040 2150 3110 qui
2181 3041 2246 3095 de
2269 3041 2590 3097 turbulentis
2629 3042 2789 3113 hujus
2829 3042 3013 3097 szeculi
3047 3040 3298 3098 fluctibus
3336 3056 3458 3098 ere-

1871 3131 1976 3202 pti,
2028 3147 2094 3188 ac
2140 3132 2320 3188 divina
2346 3133 2720 3189 benedictione
2758 3133 3058 3190 consecrati
3104 3132 3454 3190 refectionem

1799 3199 1844 3269 C
1874 3199 2031 3280 nobis
2071 3224 2360 3290 internam,
2402 3240 2469 3280 ne
2496 3225 2551 3280 in
2575 3225 2735 3296 hujus
2776 3225 2965 3280 mundi
2996 3226 3328 3282 transeuntis
3360 3242 3459 3282 ex-

1873 3329 2036 3375 cursu
2080 3319 2453 3386 deﬁcercmus,
2487 3319 2734 3389 exemplo
2770 3334 2883 3375 suae
2910 3318 2996 3375 vel
3025 3319 3148 3375 vita:
3173 3319 3456 3390 praebuere

1872 3408 1958 3486 vel
1984 3409 2196 3466 mortis.
2763 3420 2767 3422 ·

1876 3503 1882 3510 ’
1948 3499 2012 3555 Et
2038 3503 2503 3568 manducaverunt,
2533 3512 2582 3558 et
2611 3502 2838 3558 saturati
2867 3511 3004 3558 sunt.
3039 3501 3363 3558 Manducant
3387 3499 3456 3557 de

1873 3591 2102 3662 panibus
2130 3593 2343 3648 Domini
2389 3609 2453 3648 ac
2480 3593 2737 3663 piscibus,
2789 3601 2841 3650 et
2885 3601 3198 3650 saturantur
3237 3593 3329 3663 qui
3366 3609 3462 3647 au-

1874 3681 2081 3739 dientes
2101 3684 2268 3739 verba
2315 3683 2412 3738 Dei
2439 3693 2494 3739 et
2532 3683 2776 3756 exempla
2819 3683 3110 3751 intuentes,
3162 3683 3232 3739 ad
3278 3683 3458 3754 profc-

1872 3781 2021 3831 Ctum
2068 3777 2193 3830 vitae
2224 3775 2578 3832 correctionis
2616 3791 2715 3846 per
2751 3777 2865 3831 haec
2913 3775 3140 3830 excitari
3181 3783 3345 3845 atque
3373 3791 3462 3830 as-

1873 3865 2097 3932 surgere
2138 3864 2424 3928 festinant,
2467 3863 2662 3935 quibus
2708 3873 2832 3934 apte
2861 3863 3110 3934 congruit
3136 3862 3265 3917 illud
3311 3862 3462 3917 Psal—'

1873 3943 2069 4024 mistaa,
2117 3957 2268 4012 edent
2295 3973 2545 4028 pauperes
2584 3967 2633 4012 et
2667 3957 3048 4012 saturabuntur
3079 3966 3127 4012 et
3164 3956 3455 4012 laudabunt

1873 4047 2180 4114 Dominum,
2211 4057 2316 4103 etc.
3026 4059 3035 4065 '
3452 4053 3457 4059 ’

1877 4146 1886 4156 ’⁷
1945 4137 2014 4192 Et
2073 4139 2394 4194 sustulerunt
2448 4139 2589 4210 quod
2645 4148 2982 4209 superaverat
3033 4139 3097 4194 de
3152 4139 3459 4211 fragmentis

1873 4243 2067 4306 septem
2091 4243 2315 4305 sportas.
2349 4232 2502 4301 Quod
2534 4233 2706 4288 turbis
2736 4233 2994 4288 saturatis
3032 4241 3271 4303 superat,
3315 4233 3458 4303 Apo-

1873 4327 1998 4383 stoli
2047 4325 2357 4393 sustollunt,
2410 4333 2464 4381 et
2519 4334 2726 4395 septem
2768 4332 2981 4396 sportas
3037 4325 3280 4397 implent,
3331 4327 3458 4396 quia

1872 4433 2002 4475 vero
2039 4426 2166 4474 sunt
2215 4417 2406 4473 altiora
2447 4415 2796 4488 perfectionis
2845 4426 3114 4488 praecepta
3159 4417 3244 4472 vel
3281 4419 3459 4488 potius

1871 4510 2305 4575 exhortamenta,
2346 4514 2400 4562 et
2450 4506 2696 4574 consilia,
2749 4522 2869 4579 quae
2913 4507 3182 4580 generalis
3221 4509 3458 4564 fidelium

1792 4582 2160 4677 l)multitudo
2209 4601 2395 4670 nequit
2437 4600 2705 4655 servando
2741 4608 2794 4656 et
2844 4599 3116 4669 implendo
3165 4601 3454 4672 attingere,

1869 4713 2099 4768 quorum
2127 4696 2404 4750 exsecutio
2442 4694 2560 4748 illos
2587 4693 2804 4762 proprie
2847 4693 3090 4762 respicit,
3130 4693 3223 4762 qui
3265 4692 3458 4760 majori

1871 4787 2045 4843 sancti
2082 4785 2314 4856 Spiritus
2359 4784 2532 4854 gratia
2577 4783 2720 4853 pleni
2765 4783 3072 4854 generalem
3122 4783 3300 4854 populi
3338 4780 3455 4848 Dei,

1869 4879 2284 4937 conversatione
2320 4877 2519 4932 mentis
2545 4884 2704 4946 atque
2733 4876 2914 4947 operis
2943 4875 3273 4932 sublimitate
3312 4885 3458 4932 tran-

1867 4973 2147 5031 scendunt.
2169 4970 2426 5039 Qualibus
2447 4970 2643 5024 dicitur
2662 4988 2674 5024 :
2693 4969 2755 5026 Si
2779 4969 3128 5041 visfperfectus
3153 4985 3284 5035 esse,
3309 4970 3458 5036 vade,

1869 5065 2028 5121 vende
2060 5064 2233 5117 omnia
2263 5080 2378 5134 qua:
2407 5061 2588 5130 habes,
2617 5069 2721 5118 etc.
2753 5059 2907 5118 Unde
2934 5061 3073 5116 bene
3107 5067 3302 5130 sporta:
3341 5060 3460 5130 qui-

1870 5157 1971 5213 bus
1997 5154 2405 5210 Dominicorum
2446 5160 2571 5208 sunt
2614 5153 2828 5208 condita
2873 5150 3175 5222 fragmenta
3212 5150 3456 5206 ciborum

1871 5225 2093 5318 propter
2122 5246 2488 5316 septiformem
2511 5243 2745 5315 Spiritus
2775 5241 3026 5314 gratiam,
3055 5249 3260 5314 septem
3293 5239 3460 5297 fuisse

1872 5346 2266 5394 memorantur.
2309 5335 2446 5390 Nam
2485 5334 2611 5405 quia
2648 5340 2842 5402 sporta:
2865 5331 3032 5403 junco
3065 5340 3120 5387 et
3155 5329 3456 5402 palmarum

1874 5431 2017 5486 foliis
2039 5429 2213 5485 solent
2239 5427 2476 5492 contexi,
2527 5424 2721 5480 merito
2755 5423 2810 5477 in
2839 5431 3148 5479 sanctorum
3179 5421 3454 5494 significa-

1878 5525 2026 5579 tione
2070 5529 2364 5592 ponuntur.
2408 5517 2611 5573 Iuncus
2661 5514 2858 5585 quippe
2895 5529 3056 5586 super
3097 5529 3266 5584 aquas
3303 5511 3458 5567 nasci

1875 5615 2175 5681 consuevit,
2209 5613 2398 5684 palma
2442 5625 2570 5664 vero
2610 5609 2890 5664 victricem
2924 5616 3087 5664 ornat
3119 5622 3358 5662 manum.
3390 5603 3457 5659 Et

1871 5708 2082 5781 junceis
2109 5707 2255 5762 vasis
2303 5713 2450 5760 recte
2495 5710 2879 5772 comparantur
2923 5700 3102 5769 electi,
3140 5715 3263 5756 cum
3308 5695 3458 5753 radi-

1879 5815 2000 5859 cem
2029 5798 2225 5866 cordis,
2255 5813 2324 5854 ne
2371 5795 2513 5854 forte
2553 5793 2621 5854 ab
2651 5807 2837 5852 amore
2874 5793 3193 5853 aeternitatis
3221 5799 3458 5860 arescat,
