  <div class='ocr_page' id='page_1' title='image "/cluster/home/n/w/nwhite01/storage/ocr_20150623/110/hvd.32044015466865/202.png"; bbox 0 0 3960 6360; ppageno 0'>
   <div class='ocr_carea' id='block_1_1' title="bbox 188 244 353 331">
    <p class='ocr_par' dir='ltr' id='par_1_1' title="bbox 188 244 353 331">
     <span class='ocr_line' id='line_1_1' title="bbox 188 244 353 331; baseline -0.012 0"><span class='ocrx_word' id='word_1_1' title='bbox 188 244 214 319; x_wconf 64' lang='grc' dir='ltr'><strong>’ς</strong></span> <span class='ocrx_word' id='word_1_2' title='bbox 243 264 353 331; x_wconf 69' lang='lat' dir='ltr'><strong>sin</strong></span> 
     </span>
    </p>
   </div>
   <div class='ocr_carea' id='block_1_2' title="bbox 1346 262 2436 337">
    <p class='ocr_par' dir='ltr' id='par_1_2' title="bbox 1346 262 2436 337">
     <span class='ocr_line' id='line_1_2' title="bbox 1346 262 2436 337; baseline -0.002 -16"><span class='ocrx_word' id='word_1_3' title='bbox 1346 263 1651 337; x_wconf 57' lang='lat' dir='ltr'><strong>HOMILIIE</strong></span> <span class='ocrx_word' id='word_1_4' title='bbox 1692 263 1759 321; x_wconf 83' lang='lat' dir='ltr'><strong>IN</strong></span> <span class='ocrx_word' id='word_1_5' title='bbox 1798 262 2047 333; x_wconf 78' lang='lat' dir='ltr'><strong>EVANG.</strong></span> <span class='ocrx_word' id='word_1_6' title='bbox 2090 264 2178 322; x_wconf 85' lang='lat' dir='ltr'><strong>ET</strong></span> <span class='ocrx_word' id='word_1_7' title='bbox 2216 265 2436 323; x_wconf 80' lang='lat' dir='ltr'><strong>EPIST.</strong></span> 
     </span>
    </p>
   </div>
   <div class='ocr_carea' id='block_1_3' title="bbox 3400 269 3505 329">
    <p class='ocr_par' dir='ltr' id='par_1_3' title="bbox 3400 269 3505 329">
     <span class='ocr_line' id='line_1_3' title="bbox 3400 269 3505 329; baseline 0 0"><span class='ocrx_word' id='word_1_8' title='bbox 3400 269 3505 329; x_wconf 76' lang='lat'><strong>382</strong></span> 
     </span>
    </p>
   </div>
   <div class='ocr_carea' id='block_1_4' title="bbox 242 344 3552 455">
    <p class='ocr_par' dir='ltr' id='par_1_4' title="bbox 242 344 3552 455">
     <span class='ocr_line' id='line_1_4' title="bbox 242 344 3552 455; baseline 0.001 -16"><span class='ocrx_word' id='word_1_9' title='bbox 242 379 573 439; x_wconf 81' lang='lat' dir='ltr'><strong>manifestus</strong></span> <span class='ocrx_word' id='word_1_10' title='bbox 608 386 711 455; x_wconf 84' lang='lat' dir='ltr'><strong>est,</strong></span> <span class='ocrx_word' id='word_1_11' title='bbox 740 379 884 452; x_wconf 82' lang='lat' dir='ltr'><strong>quod</strong></span> <span class='ocrx_word' id='word_1_12' title='bbox 919 394 985 439; x_wconf 80' lang='lat' dir='ltr'><strong>ex</strong></span> <span class='ocrx_word' id='word_1_13' title='bbox 1011 378 1398 439; x_wconf 74' lang='lat' dir='ltr'><strong>elementorum</strong></span> <span class='ocrx_word' id='word_1_14' title='bbox 1429 381 1618 437; x_wconf 84' lang='lat' dir='ltr'><strong>ordine</strong></span> <span class='ocrx_word' id='word_1_15' title='bbox 1657 387 1821 450; x_wconf 89' lang='lat' dir='ltr'><strong>atque</strong></span> <span class='ocrx_word' id='word_1_16' title='bbox 1848 379 1903 442; x_wconf 79' lang='grc' dir='ltr'>Α</span> <span class='ocrx_word' id='word_1_17' title='bbox 1924 377 2058 451; x_wconf 92' lang='lat' dir='ltr'><strong>legis</strong></span> <span class='ocrx_word' id='word_1_18' title='bbox 2100 379 2293 434; x_wconf 82' lang='lat' dir='ltr'><strong>divinae</strong></span> <span class='ocrx_word' id='word_1_19' title='bbox 2322 348 2699 435; x_wconf 81' lang='lat' dir='ltr'><strong>traditionibus</strong></span> <span class='ocrx_word' id='word_1_20' title='bbox 2718 344 3012 436; x_wconf 15' lang='lat' dir='ltr'><strong>Et‘io’minum</strong></span> <span class='ocrx_word' id='word_1_21' title='bbox 3035 390 3378 455; x_wconf 80' lang='lat' dir='ltr'><strong>postponere,</strong></span> <span class='ocrx_word' id='word_1_22' title='bbox 3412 376 3498 441; x_wconf 87' lang='lat' dir='ltr'><strong>vel</strong></span> <span class='ocrx_word' id='word_1_23' title='bbox 3538 352 3552 354; x_wconf 9' lang='lat' dir='ltr'>ﬁ</span> 
     </span>
    </p>
   </div>
   <div class='ocr_carea' id='block_1_5' title="bbox 242 470 1823 547">
    <p class='ocr_par' dir='ltr' id='par_1_5' title="bbox 242 470 1823 547">
     <span class='ocr_line' id='line_1_5' title="bbox 242 470 1823 547; baseline -0.003 -19"><span class='ocrx_word' id='word_1_24' title='bbox 242 472 604 531; x_wconf 80' lang='lat' dir='ltr'><strong>consonantia</strong></span> <span class='ocrx_word' id='word_1_25' title='bbox 628 472 835 544; x_wconf 80' lang='lat' dir='ltr'><strong>possint</strong></span> <span class='ocrx_word' id='word_1_26' title='bbox 862 480 917 528; x_wconf 91' lang='lat' dir='ltr'><strong>et</strong></span> <span class='ocrx_word' id='word_1_27' title='bbox 940 472 1119 529; x_wconf 83' lang='lat' dir='ltr'><strong>sereni</strong></span> <span class='ocrx_word' id='word_1_28' title='bbox 1138 480 1192 528; x_wconf 91' lang='lat' dir='ltr'><strong>et</strong></span> <span class='ocrx_word' id='word_1_29' title='bbox 1211 472 1380 547; x_wconf 87' lang='lat' dir='ltr'><strong>pluvii</strong></span> <span class='ocrx_word' id='word_1_30' title='bbox 1401 472 1516 531; x_wconf 90' lang='lat' dir='ltr'><strong>dies</strong></span> <span class='ocrx_word' id='word_1_31' title='bbox 1541 470 1823 542; x_wconf 69' lang='lat' dir='ltr'><strong>praenosci,</strong></span> 
     </span>
    </p>
   </div>
   <div class='ocr_carea' id='block_1_6' title="bbox 241 560 1826 641">
    <p class='ocr_par' dir='ltr' id='par_1_6' title="bbox 241 560 1826 641">
     <span class='ocr_line' id='line_1_6' title="bbox 241 560 1826 641; baseline -0.003 -21"><span class='ocrx_word' id='word_1_32' title='bbox 241 563 441 620; x_wconf 71' lang='lat' dir='ltr'><strong>scribae</strong></span> <span class='ocrx_word' id='word_1_33' title='bbox 469 571 650 621; x_wconf 84' lang='lat' dir='ltr'><strong>autem</strong></span> <span class='ocrx_word' id='word_1_34' title='bbox 681 571 736 620; x_wconf 89' lang='lat' dir='ltr'><strong>et</strong></span> <span class='ocrx_word' id='word_1_35' title='bbox 770 562 1031 623; x_wconf 64' lang='lat' dir='ltr'><strong>Pharisaei</strong></span> <span class='ocrx_word' id='word_1_36' title='bbox 1060 563 1153 636; x_wconf 88' lang='lat' dir='ltr'><strong>qui</strong></span> <span class='ocrx_word' id='word_1_37' title='bbox 1185 563 1507 620; x_wconf 80' lang='lat' dir='ltr'><strong>videbantur</strong></span> <span class='ocrx_word' id='word_1_38' title='bbox 1540 577 1661 617; x_wconf 90' lang='lat' dir='ltr'><strong>esse</strong></span> <span class='ocrx_word' id='word_1_39' title='bbox 1695 560 1826 641; x_wconf 80' lang='lat' dir='ltr'><strong>legis</strong></span> 
     </span>
    </p>
   </div>
   <div class='ocr_carea' id='block_1_7' title="bbox 243 652 1827 727">
    <p class='ocr_par' dir='ltr' id='par_1_7' title="bbox 243 652 1827 727">
     <span class='ocr_line' id='line_1_7' title="bbox 243 652 1827 727; baseline -0.001 -16"><span class='ocrx_word' id='word_1_40' title='bbox 243 652 500 712; x_wconf 86' lang='lat' dir='ltr'><strong>doctores</strong></span> <span class='ocrx_word' id='word_1_41' title='bbox 520 669 586 710; x_wconf 86' lang='lat' dir='ltr'><strong>ex</strong></span> <span class='ocrx_word' id='word_1_42' title='bbox 605 654 998 727; x_wconf 85' lang='lat' dir='ltr'><strong>Prophetarum</strong></span> <span class='ocrx_word' id='word_1_43' title='bbox 1019 656 1424 723; x_wconf 81' lang='lat' dir='ltr'><strong>vaticinatione,</strong></span> <span class='ocrx_word' id='word_1_44' title='bbox 1449 671 1556 711; x_wconf 93' lang='lat' dir='ltr'><strong>non</strong></span> <span class='ocrx_word' id='word_1_45' title='bbox 1577 661 1827 726; x_wconf 83' lang='lat' dir='ltr'><strong>poterant</strong></span> 
     </span>
    </p>
   </div>
   <div class='ocr_carea' id='block_1_8' title="bbox 240 745 1823 819">
    <p class='ocr_par' dir='ltr' id='par_1_8' title="bbox 240 745 1823 819">
     <span class='ocr_line' id='line_1_8' title="bbox 240 745 1823 819; baseline -0.002 -16"><span class='ocrx_word' id='word_1_46' title='bbox 240 746 557 819; x_wconf 76' lang='lat' dir='ltr'><strong>intelligere</strong></span> <span class='ocrx_word' id='word_1_47' title='bbox 595 745 890 803; x_wconf 89' lang='lat' dir='ltr'><strong>Salvatoris</strong></span> <span class='ocrx_word' id='word_1_48' title='bbox 918 747 1205 803; x_wconf 84' lang='lat' dir='ltr'><strong>adventum</strong></span> <span class='ocrx_word' id='word_1_49' title='bbox 1237 765 1252 802; x_wconf 91' lang='lat'><strong>:</strong></span> <span class='ocrx_word' id='word_1_50' title='bbox 1292 746 1605 817; x_wconf 79' lang='lat' dir='ltr'><strong>spiritaliter</strong></span> <span class='ocrx_word' id='word_1_51' title='bbox 1643 754 1823 801; x_wconf 89' lang='lat' dir='ltr'><strong>autem</strong></span> 
     </span>
    </p>
   </div>
   <div class='ocr_carea' id='block_1_9' title="bbox 238 834 1822 915">
    <p class='ocr_par' dir='ltr' id='par_1_9' title="bbox 238 834 1822 915">
     <span class='ocr_line' id='line_1_9' title="bbox 238 834 1822 915; baseline -0.003 -19"><span class='ocrx_word' id='word_1_52' title='bbox 238 841 391 912; x_wconf 86' lang='lat' dir='ltr'><strong>quod</strong></span> <span class='ocrx_word' id='word_1_53' title='bbox 432 839 571 896; x_wconf 78' lang='lat' dir='ltr'><strong>dixit</strong></span> <span class='ocrx_word' id='word_1_54' title='bbox 596 839 876 913; x_wconf 80' lang='lat' dir='ltr'><strong>Dominus,</strong></span> <span class='ocrx_word' id='word_1_55' title='bbox 904 834 1046 915; x_wconf 74' lang='lat' dir='ltr'><strong>[dcto</strong></span> <span class='ocrx_word' id='word_1_56' title='bbox 1084 856 1291 911; x_wconf 80' lang='lat' dir='ltr'><strong>vespere</strong></span> <span class='ocrx_word' id='word_1_57' title='bbox 1327 839 1541 895; x_wconf 89' lang='lat' dir='ltr'><strong>dicitis:</strong></span> <span class='ocrx_word' id='word_1_58' title='bbox 1569 838 1822 894; x_wconf 85' lang='lat' dir='ltr'><strong>Serenum</strong></span> 
     </span>
    </p>
   </div>
   <div class='ocr_carea' id='block_1_10' title="bbox 234 929 1823 1005">
    <p class='ocr_par' dir='ltr' id='par_1_10' title="bbox 234 929 1823 1005">
     <span class='ocr_line' id='line_1_10' title="bbox 234 929 1823 1005; baseline 0 -19"><span class='ocrx_word' id='word_1_59' title='bbox 234 933 366 1001; x_wconf 83' lang='lat' dir='ltr'><strong>erit,</strong></span> <span class='ocrx_word' id='word_1_60' title='bbox 400 930 747 990; x_wconf 78' lang='lat' dir='ltr'><strong>rubicundum</strong></span> <span class='ocrx_word' id='word_1_61' title='bbox 789 941 865 987; x_wconf 89' lang='lat' dir='ltr'><strong>est</strong></span> <span class='ocrx_word' id='word_1_62' title='bbox 907 932 1045 1005; x_wconf 85' lang='lat' dir='ltr'><strong>enim</strong></span> <span class='ocrx_word' id='word_1_63' title='bbox 1086 930 1303 1000; x_wconf 70' lang='lat' dir='ltr'><strong>palum,</strong></span> <span class='ocrx_word' id='word_1_64' title='bbox 1364 929 1634 1005; x_wconf 81' lang='lat' dir='ltr'><strong>significat</strong></span> <span class='ocrx_word' id='word_1_65' title='bbox 1680 931 1823 1000; x_wconf 92' lang='lat' dir='ltr'><strong>quod</strong></span> 
     </span>
    </p>
   </div>
   <div class='ocr_carea' id='block_1_11' title="bbox 232 1022 1821 1097">
    <p class='ocr_par' dir='ltr' id='par_1_11' title="bbox 232 1022 1821 1097">
     <span class='ocr_line' id='line_1_11' title="bbox 232 1022 1821 1097; baseline -0.001 -20"><span class='ocrx_word' id='word_1_66' title='bbox 232 1036 341 1094; x_wconf 79' lang='lat' dir='ltr'><strong>per</strong></span> <span class='ocrx_word' id='word_1_67' title='bbox 381 1022 698 1096; x_wconf 85' lang='lat' dir='ltr'><strong>sanguinem</strong></span> <span class='ocrx_word' id='word_1_68' title='bbox 727 1023 995 1097; x_wconf 86' lang='lat' dir='ltr'><strong>passionis</strong></span> <span class='ocrx_word' id='word_1_69' title='bbox 1035 1022 1239 1079; x_wconf 84' lang='lat' dir='ltr'><strong>Christi</strong></span> <span class='ocrx_word' id='word_1_70' title='bbox 1275 1024 1329 1078; x_wconf 92' lang='lat' dir='ltr'><strong>in</strong></span> <span class='ocrx_word' id='word_1_71' title='bbox 1368 1023 1544 1094; x_wconf 89' lang='lat' dir='ltr'><strong>primo</strong></span> <span class='ocrx_word' id='word_1_72' title='bbox 1589 1023 1821 1078; x_wconf 89' lang='lat' dir='ltr'><strong>adventu</strong></span> 
     </span>
    </p>
   </div>
   <div class='ocr_carea' id='block_1_12' title="bbox 233 1113 1821 1187">
    <p class='ocr_par' dir='ltr' id='par_1_12' title="bbox 233 1113 1821 1187">
     <span class='ocr_line' id='line_1_12' title="bbox 233 1113 1821 1187; baseline 0 -18"><span class='ocrx_word' id='word_1_73' title='bbox 233 1114 572 1187; x_wconf 75' lang='lat' dir='ltr'><strong>indulgentia</strong></span> <span class='ocrx_word' id='word_1_74' title='bbox 601 1123 945 1185; x_wconf 87' lang='lat' dir='ltr'><strong>peccatorum</strong></span> <span class='ocrx_word' id='word_1_75' title='bbox 976 1115 1154 1170; x_wconf 89' lang='lat' dir='ltr'><strong>datur.</strong></span> <span class='ocrx_word' id='word_1_76' title='bbox 1187 1115 1256 1171; x_wconf 87' lang='lat' dir='ltr'><strong>Et</strong></span> <span class='ocrx_word' id='word_1_77' title='bbox 1284 1129 1469 1170; x_wconf 88' lang='lat' dir='ltr'><strong>mane:</strong></span> <span class='ocrx_word' id='word_1_78' title='bbox 1497 1113 1667 1170; x_wconf 83' lang='lat' dir='ltr'><strong>Hodie</strong></span> <span class='ocrx_word' id='word_1_79' title='bbox 1692 1125 1821 1169; x_wconf 88' lang='lat' dir='ltr'><strong>tem-</strong></span> 
     </span>
    </p>
   </div>
   <div class='ocr_carea' id='block_1_13' title="bbox 231 1203 1822 1279">
    <p class='ocr_par' dir='ltr' id='par_1_13' title="bbox 231 1203 1822 1279">
     <span class='ocr_line' id='line_1_13' title="bbox 231 1203 1822 1279; baseline -0.002 -19"><span class='ocrx_word' id='word_1_80' title='bbox 231 1215 434 1279; x_wconf 82' lang='lat' dir='ltr'><strong>pestas,</strong></span> <span class='ocrx_word' id='word_1_81' title='bbox 481 1204 629 1263; x_wconf 79' lang='lat' dir='ltr'><strong>rubet</strong></span> <span class='ocrx_word' id='word_1_82' title='bbox 681 1206 818 1260; x_wconf 89' lang='lat' dir='ltr'><strong>enim</strong></span> <span class='ocrx_word' id='word_1_83' title='bbox 860 1222 979 1263; x_wconf 78' lang='lat' dir='ltr'><strong>cum</strong></span> <span class='ocrx_word' id='word_1_84' title='bbox 1026 1207 1238 1267; x_wconf 82' lang='lat' dir='ltr'><strong>tristitia</strong></span> <span class='ocrx_word' id='word_1_85' title='bbox 1268 1204 1455 1270; x_wconf 65' lang='lat' dir='ltr'><strong>coelum</strong></span> <span class='ocrx_word' id='word_1_86' title='bbox 1499 1223 1511 1259; x_wconf 95' lang='lat'><strong>:</strong></span> <span class='ocrx_word' id='word_1_87' title='bbox 1553 1203 1822 1275; x_wconf 76' lang='lat' dir='ltr'><strong>significat</strong></span> 
     </span>
    </p>
   </div>
   <div class='ocr_carea' id='block_1_14' title="bbox 231 1296 1820 1376">
    <p class='ocr_par' dir='ltr' id='par_1_14' title="bbox 231 1296 1820 1376">
     <span class='ocr_line' id='line_1_14' title="bbox 231 1296 1820 1376; baseline -0.004 -22"><span class='ocrx_word' id='word_1_88' title='bbox 231 1298 386 1369; x_wconf 87' lang='lat' dir='ltr'><strong>quod</strong></span> <span class='ocrx_word' id='word_1_89' title='bbox 417 1298 471 1353; x_wconf 90' lang='lat' dir='ltr'><strong>in</strong></span> <span class='ocrx_word' id='word_1_90' title='bbox 509 1298 747 1355; x_wconf 86' lang='lat' dir='ltr'><strong>secundo</strong></span> <span class='ocrx_word' id='word_1_91' title='bbox 785 1298 1017 1354; x_wconf 86' lang='lat' dir='ltr'><strong>adventu</strong></span> <span class='ocrx_word' id='word_1_92' title='bbox 1041 1297 1163 1376; x_wconf 80' lang='lat' dir='ltr'><strong>igne</strong></span> <span class='ocrx_word' id='word_1_93' title='bbox 1197 1296 1535 1369; x_wconf 66' lang='lat' dir='ltr'><strong>praecedente</strong></span> <span class='ocrx_word' id='word_1_94' title='bbox 1560 1304 1820 1350; x_wconf 90' lang='lat' dir='ltr'><strong>venturus</strong></span> 
     </span>
    </p>
   </div>
   <div class='ocr_carea' id='block_1_15' title="bbox 230 1387 1819 1463">
    <p class='ocr_par' dir='ltr' id='par_1_15' title="bbox 230 1387 1819 1463">
     <span class='ocr_line' id='line_1_15' title="bbox 230 1387 1819 1463; baseline -0.004 -16"><span class='ocrx_word' id='word_1_95' title='bbox 230 1399 343 1448; x_wconf 86' lang='lat' dir='ltr'><strong>est.</strong></span> <span class='ocrx_word' id='word_1_96' title='bbox 358 1387 577 1445; x_wconf 82' lang='lat' dir='ltr'><strong>Faciem</strong></span> <span class='ocrx_word' id='word_1_97' title='bbox 590 1406 711 1463; x_wconf 88' lang='lat' dir='ltr'><strong>ergo</strong></span> <span class='ocrx_word' id='word_1_98' title='bbox 725 1389 839 1444; x_wconf 72' lang='lat' dir='ltr'><strong>caeli</strong></span> <span class='ocrx_word' id='word_1_99' title='bbox 851 1389 1142 1463; x_wconf 84' lang='lat' dir='ltr'><strong>dijudicare</strong></span> <span class='ocrx_word' id='word_1_100' title='bbox 1157 1388 1493 1460; x_wconf 88' lang='lat' dir='ltr'><strong>nostis,signa</strong></span> <span class='ocrx_word' id='word_1_101' title='bbox 1509 1398 1681 1443; x_wconf 86' lang='lat' dir='ltr'><strong>autem</strong></span> <span class='ocrx_word' id='word_1_102' title='bbox 1697 1396 1819 1443; x_wconf 87' lang='lat' dir='ltr'><strong>tem-</strong></span> 
     </span>
    </p>
   </div>
   <div class='ocr_carea' id='block_1_16' title="bbox 226 1482 1817 1559">
    <p class='ocr_par' dir='ltr' id='par_1_16' title="bbox 226 1482 1817 1559">
     <span class='ocr_line' id='line_1_16' title="bbox 226 1482 1817 1559; baseline 0 -21"><span class='ocrx_word' id='word_1_103' title='bbox 226 1500 424 1557; x_wconf 82' lang='lat' dir='ltr'><strong>porum</strong></span> <span class='ocrx_word' id='word_1_104' title='bbox 445 1500 548 1539; x_wconf 89' lang='lat' dir='ltr'><strong>non</strong></span> <span class='ocrx_word' id='word_1_105' title='bbox 561 1484 794 1559; x_wconf 73' lang='lat' dir='ltr'><strong>potestis.</strong></span> <span class='ocrx_word' id='word_1_106' title='bbox 825 1482 987 1555; x_wconf 84' lang='lat' dir='ltr'><strong>Signa</strong></span> <span class='ocrx_word' id='word_1_107' title='bbox 1007 1491 1308 1556; x_wconf 84' lang='lat' dir='ltr'><strong>temporum</strong></span> <span class='ocrx_word' id='word_1_108' title='bbox 1328 1484 1462 1539; x_wconf 75' lang='lat' dir='ltr'><strong>dixit</strong></span> <span class='ocrx_word' id='word_1_109' title='bbox 1492 1484 1557 1541; x_wconf 89' lang='lat' dir='ltr'><strong>de</strong></span> <span class='ocrx_word' id='word_1_110' title='bbox 1586 1485 1817 1539; x_wconf 85' lang='lat' dir='ltr'><strong>adventu</strong></span> 
     </span>
    </p>
   </div>
   <div class='ocr_carea' id='block_1_17' title="bbox 225 1572 1818 1649">
    <p class='ocr_par' dir='ltr' id='par_1_17' title="bbox 225 1572 1818 1649">
     <span class='ocr_line' id='line_1_17' title="bbox 225 1572 1818 1649; baseline -0.001 -20"><span class='ocrx_word' id='word_1_111' title='bbox 225 1588 358 1641; x_wconf 79' lang='lat' dir='ltr'><strong>suo,</strong></span> <span class='ocrx_word' id='word_1_112' title='bbox 397 1572 484 1630; x_wconf 91' lang='lat' dir='ltr'><strong>vel</strong></span> <span class='ocrx_word' id='word_1_113' title='bbox 526 1575 772 1649; x_wconf 80' lang='lat' dir='ltr'><strong>passione</strong></span> <span class='ocrx_word' id='word_1_114' title='bbox 799 1575 885 1629; x_wconf 91' lang='lat' dir='ltr'><strong>cui</strong></span> <span class='ocrx_word' id='word_1_115' title='bbox 918 1575 1094 1631; x_wconf 87' lang='lat' dir='ltr'><strong>simile</strong></span> <span class='ocrx_word' id='word_1_116' title='bbox 1129 1585 1235 1632; x_wconf 84' lang='lat' dir='ltr'><strong>est-</strong></span> <span class='ocrx_word' id='word_1_117' title='bbox 1256 1590 1472 1641; x_wconf 79' lang='lat' dir='ltr'><strong>roseum</strong></span> <span class='ocrx_word' id='word_1_118' title='bbox 1499 1572 1696 1630; x_wconf 86' lang='lat' dir='ltr'><strong>coelum</strong></span> <span class='ocrx_word' id='word_1_119' title='bbox 1732 1588 1818 1628; x_wconf 87' lang='lat' dir='ltr'><strong>ve-</strong></span> 
     </span>
    </p>
   </div>
   <div class='ocr_carea' id='block_1_18' title="bbox 225 1664 1814 1740">
    <p class='ocr_par' dir='ltr' id='par_1_18' title="bbox 225 1664 1814 1740">
     <span class='ocr_line' id='line_1_18' title="bbox 225 1664 1814 1740; baseline 0.001 -21"><span class='ocrx_word' id='word_1_120' title='bbox 225 1678 418 1740; x_wconf 84' lang='lat' dir='ltr'><strong>spere,</strong></span> <span class='ocrx_word' id='word_1_121' title='bbox 448 1673 504 1721; x_wconf 88' lang='lat' dir='ltr'><strong>et</strong></span> <span class='ocrx_word' id='word_1_122' title='bbox 536 1664 669 1733; x_wconf 82' lang='lat' dir='ltr'><strong>item</strong></span> <span class='ocrx_word' id='word_1_123' title='bbox 698 1665 765 1721; x_wconf 90' lang='lat' dir='ltr'><strong>de</strong></span> <span class='ocrx_word' id='word_1_124' title='bbox 798 1665 1145 1722; x_wconf 85' lang='lat' dir='ltr'><strong>tribulatione</strong></span> <span class='ocrx_word' id='word_1_125' title='bbox 1183 1675 1308 1723; x_wconf 90' lang='lat' dir='ltr'><strong>ante</strong></span> <span class='ocrx_word' id='word_1_126' title='bbox 1336 1668 1624 1722; x_wconf 87' lang='lat' dir='ltr'><strong>adventum</strong></span> <span class='ocrx_word' id='word_1_127' title='bbox 1658 1680 1814 1721; x_wconf 90' lang='lat' dir='ltr'><strong>suum</strong></span> 
     </span>
    </p>
   </div>
   <div class='ocr_carea' id='block_1_19' title="bbox 1926 462 3555 549">
    <p class='ocr_par' dir='ltr' id='par_1_19' title="bbox 1926 462 3555 549">
     <span class='ocr_line' id='line_1_19' title="bbox 1926 462 3555 549; baseline 0.002 -21"><span class='ocrx_word' id='word_1_128' title='bbox 1926 478 2073 528; x_wconf 89' lang='lat' dir='ltr'><strong>certe</strong></span> <span class='ocrx_word' id='word_1_129' title='bbox 2120 462 2291 543; x_wconf 82' lang='lat' dir='ltr'><strong>legem</strong></span> <span class='ocrx_word' id='word_1_130' title='bbox 2342 466 2524 528; x_wconf 83' lang='lat' dir='ltr'><strong>verbis</strong></span> <span class='ocrx_word' id='word_1_131' title='bbox 2573 471 2890 543; x_wconf 63' lang='lat' dir='ltr'><strong>praedicare,</strong></span> <span class='ocrx_word' id='word_1_132' title='bbox 2938 472 3499 549; x_wconf 78' lang='lat' dir='ltr'><strong>&#39;factis&quot;impugnare,</strong></span> <span class='ocrx_word' id='word_1_133' title='bbox 3534 490 3555 517; x_wconf 63' lang='grc' dir='ltr'><strong>ς·</strong></span> 
     </span>
    </p>
   </div>
   <div class='ocr_carea' id='block_1_20' title="bbox 1925 552 3559 635">
    <p class='ocr_par' dir='ltr' id='par_1_20' title="bbox 1925 552 3559 635">
     <span class='ocr_line' id='line_1_20' title="bbox 1925 552 3559 635; baseline 0.004 -19"><span class='ocrx_word' id='word_1_134' title='bbox 1925 561 2247 618; x_wconf 82' lang='lat' dir='ltr'><strong>fermentum</strong></span> <span class='ocrx_word' id='word_1_135' title='bbox 2296 570 2381 619; x_wconf 90' lang='lat' dir='ltr'><strong>est</strong></span> <span class='ocrx_word' id='word_1_136' title='bbox 2429 552 2862 618; x_wconf 65' lang='lat' dir='ltr'><strong>’Sadducteurum</strong></span> <span class='ocrx_word' id='word_1_137' title='bbox 2917 564 3203 621; x_wconf 88' lang='lat' dir='ltr'><strong>Dominum</strong></span> <span class='ocrx_word' id='word_1_138' title='bbox 3256 575 3500 635; x_wconf 89' lang='lat' dir='ltr'><strong>tentare,</strong></span> <span class='ocrx_word' id='word_1_139' title='bbox 3534 596 3559 621; x_wconf 57' lang='grc' dir='ltr'><em>κ</em></span> 
     </span>
    </p>
   </div>
   <div class='ocr_carea' id='block_1_21' title="bbox 1923 652 3553 725">
    <p class='ocr_par' dir='ltr' id='par_1_21' title="bbox 1923 652 3553 725">
     <span class='ocr_line' id='line_1_21' title="bbox 1923 652 3553 725; baseline 0.004 -17"><span class='ocrx_word' id='word_1_140' title='bbox 1923 667 2025 710; x_wconf 91' lang='lat' dir='ltr'><strong>nec</strong></span> <span class='ocrx_word' id='word_1_141' title='bbox 2050 652 2307 710; x_wconf 68' lang='lat' dir='ltr'><strong>doctrinm</strong></span> <span class='ocrx_word' id='word_1_142' title='bbox 2332 654 2449 725; x_wconf 85' lang='lat' dir='ltr'><strong>ejus</strong></span> <span class='ocrx_word' id='word_1_143' title='bbox 2478 661 2571 709; x_wconf 86' lang='lat' dir='ltr'><strong>aut</strong></span> <span class='ocrx_word' id='word_1_144' title='bbox 2607 654 2862 725; x_wconf 78' lang='lat' dir='ltr'><strong>cperihus</strong></span> <span class='ocrx_word' id='word_1_145' title='bbox 2890 655 3115 711; x_wconf 77' lang='lat' dir='ltr'><strong>credere</strong></span> <span class='ocrx_word' id='word_1_146' title='bbox 3146 674 3161 711; x_wconf 85' lang='lat'><strong>:</strong></span> <span class='ocrx_word' id='word_1_147' title='bbox 3194 658 3289 713; x_wconf 80' lang='lat' dir='ltr'><strong>sed</strong></span> <span class='ocrx_word' id='word_1_148' title='bbox 3324 659 3499 715; x_wconf 85' lang='lat' dir='ltr'><strong>insul-</strong></span> <span class='ocrx_word' id='word_1_149' title='bbox 3548 678 3553 687; x_wconf 87' lang='grc'><strong>·</strong></span> 
     </span>
    </p>
   </div>
   <div class='ocr_carea' id='block_1_22' title="bbox 1923 745 3555 819">
    <p class='ocr_par' dir='ltr' id='par_1_22' title="bbox 1923 745 3555 819">
     <span class='ocr_line' id='line_1_22' title="bbox 1923 745 3555 819; baseline 0.003 -16"><span class='ocrx_word' id='word_1_150' title='bbox 1923 747 2090 803; x_wconf 84' lang='lat' dir='ltr'><strong>tando</strong></span> <span class='ocrx_word' id='word_1_151' title='bbox 2123 745 2227 802; x_wconf 90' lang='lat' dir='ltr'><strong>alia</strong></span> <span class='ocrx_word' id='word_1_152' title='bbox 2267 747 2462 819; x_wconf 87' lang='lat' dir='ltr'><strong>quibus</strong></span> <span class='ocrx_word' id='word_1_153' title='bbox 2498 745 2718 804; x_wconf 85' lang='lat' dir='ltr'><strong>credere</strong></span> <span class='ocrx_word' id='word_1_154' title='bbox 2743 748 2976 803; x_wconf 82' lang='lat' dir='ltr'><strong>debeant</strong></span> <span class='ocrx_word' id='word_1_155' title='bbox 3001 755 3206 819; x_wconf 71' lang='lat' dir='ltr'><strong>petere.</strong></span> <span class='ocrx_word' id='word_1_156' title='bbox 3247 749 3505 808; x_wconf 80' lang='lat' dir='ltr'><strong>Fermen-</strong></span> <span class='ocrx_word' id='word_1_157' title='bbox 3548 763 3555 783; x_wconf 60' lang='grc' dir='ltr'>ι</span> 
     </span>
    </p>
   </div>
   <div class='ocr_carea' id='block_1_23' title="bbox 1923 825 3552 908">
    <p class='ocr_par' dir='ltr' id='par_1_23' title="bbox 1923 825 3552 908">
     <span class='ocr_line' id='line_1_23' title="bbox 1923 825 3552 908; baseline 0.004 -16"><span class='ocrx_word' id='word_1_158' title='bbox 1923 845 2037 893; x_wconf 90' lang='lat' dir='ltr'><strong>tum</strong></span> <span class='ocrx_word' id='word_1_159' title='bbox 2090 837 2320 894; x_wconf 85' lang='lat' dir='ltr'><strong>Herodis</strong></span> <span class='ocrx_word' id='word_1_160' title='bbox 2375 847 2460 894; x_wconf 90' lang='lat' dir='ltr'><strong>est</strong></span> <span class='ocrx_word' id='word_1_161' title='bbox 2508 838 2865 903; x_wconf 81' lang='lat' dir='ltr'><strong>adulterium,</strong></span> <span class='ocrx_word' id='word_1_162' title='bbox 2914 825 3289 908; x_wconf 77' lang='lat' dir='ltr'><strong>homicidium,</strong></span> <span class='ocrx_word' id='word_1_163' title='bbox 3336 850 3552 899; x_wconf 52' lang='lat' dir='ltr'><strong>teme-w</strong></span> 
     </span>
    </p>
   </div>
   <div class='ocr_carea' id='block_1_24' title="bbox 1921 927 3549 999">
    <p class='ocr_par' dir='ltr' id='par_1_24' title="bbox 1921 927 3549 999">
     <span class='ocr_line' id='line_1_24' title="bbox 1921 927 3549 999; baseline 0.001 -15"><span class='ocrx_word' id='word_1_164' title='bbox 1921 929 2058 985; x_wconf 87' lang='lat' dir='ltr'><strong>ritas</strong></span> <span class='ocrx_word' id='word_1_165' title='bbox 2076 927 2294 999; x_wconf 74' lang='lat' dir='ltr'><strong>iurandi</strong></span> <span class='ocrx_word' id='word_1_166' title='bbox 2316 970 2331 994; x_wconf 93' lang='lat'><strong>,</strong></span> <span class='ocrx_word' id='word_1_167' title='bbox 2356 928 2633 985; x_wconf 87' lang='lat' dir='ltr'><strong>simulatio</strong></span> <span class='ocrx_word' id='word_1_168' title='bbox 2659 929 2937 999; x_wconf 79' lang='lat' dir='ltr'><strong>religionis</strong></span> <span class='ocrx_word' id='word_1_169' title='bbox 2956 970 2970 994; x_wconf 96' lang='lat'><strong>,</strong></span> <span class='ocrx_word' id='word_1_170' title='bbox 2997 937 3053 985; x_wconf 85' lang='lat' dir='ltr'><strong>et</strong></span> <span class='ocrx_word' id='word_1_171' title='bbox 3087 931 3229 999; x_wconf 80' lang='lat' dir='ltr'><strong>quod</strong></span> <span class='ocrx_word' id='word_1_172' title='bbox 3259 932 3500 987; x_wconf 80' lang='lat' dir='ltr'><strong>omnium</strong></span> <span class='ocrx_word' id='word_1_173' title='bbox 3532 958 3549 967; x_wconf 60' lang='grc' dir='ltr'><em>ι’</em></span> 
     </span>
    </p>
   </div>
   <div class='ocr_carea' id='block_1_25' title="bbox 1920 1019 3551 1093">
    <p class='ocr_par' dir='ltr' id='par_1_25' title="bbox 1920 1019 3551 1093">
     <span class='ocr_line' id='line_1_25' title="bbox 1920 1019 3551 1093; baseline 0.001 -18"><span class='ocrx_word' id='word_1_174' title='bbox 1920 1028 2003 1075; x_wconf 87' lang='lat' dir='ltr'><strong>est</strong></span> <span class='ocrx_word' id='word_1_175' title='bbox 2040 1029 2202 1093; x_wconf 89' lang='lat' dir='ltr'><strong>caput</strong></span> <span class='ocrx_word' id='word_1_176' title='bbox 2227 1030 2282 1076; x_wconf 90' lang='lat' dir='ltr'><strong>et</strong></span> <span class='ocrx_word' id='word_1_177' title='bbox 2309 1020 2461 1092; x_wconf 85' lang='lat' dir='ltr'><strong>origo</strong></span> <span class='ocrx_word' id='word_1_178' title='bbox 2492 1020 2759 1077; x_wconf 84' lang='lat' dir='ltr'><strong>scelerum</strong></span> <span class='ocrx_word' id='word_1_179' title='bbox 2792 1019 2977 1075; x_wconf 86' lang='lat' dir='ltr'><strong>odium</strong></span> <span class='ocrx_word' id='word_1_180' title='bbox 3005 1035 3069 1076; x_wconf 87' lang='lat' dir='ltr'><strong>ac</strong></span> <span class='ocrx_word' id='word_1_181' title='bbox 3110 1024 3418 1090; x_wconf 87' lang='lat' dir='ltr'><strong>persecutio</strong></span> <span class='ocrx_word' id='word_1_182' title='bbox 3446 1023 3498 1077; x_wconf 92' lang='lat' dir='ltr'><strong>in</strong></span> <span class='ocrx_word' id='word_1_183' title='bbox 3546 1054 3551 1063; x_wconf 93' lang='lat'><strong><em>-</em></strong></span> 
     </span>
    </p>
   </div>
   <div class='ocr_carea' id='block_1_26' title="bbox 1920 1102 3500 1184">
    <p class='ocr_par' dir='ltr' id='par_1_26' title="bbox 1920 1102 3500 1184">
     <span class='ocr_line' id='line_1_26' title="bbox 1920 1102 3500 1184; baseline 0.001 -17"><span class='ocrx_word' id='word_1_184' title='bbox 1920 1110 2211 1179; x_wconf 87' lang='lat' dir='ltr'><strong>Christum,</strong></span> <span class='ocrx_word' id='word_1_185' title='bbox 2226 1122 2684 1183; x_wconf 67' lang='lat' dir='ltr'><strong>etprtecursorem</strong></span> <span class='ocrx_word' id='word_1_186' title='bbox 2696 1114 3251 1183; x_wconf 76' lang='lat' dir='ltr'><strong>ejus,praeconemque</strong></span> <span class='ocrx_word' id='word_1_187' title='bbox 3266 1102 3500 1184; x_wconf 82' lang='lat' dir='ltr'><strong>primum</strong></span> 
     </span>
    </p>
   </div>
   <div class='ocr_carea' id='block_1_27' title="bbox 1916 1201 3497 1279">
    <p class='ocr_par' dir='ltr' id='par_1_27' title="bbox 1916 1201 3497 1279">
     <span class='ocr_line' id='line_1_27' title="bbox 1916 1201 3497 1279; baseline -0.001 -20"><span class='ocrx_word' id='word_1_188' title='bbox 1916 1204 2071 1279; x_wconf 87' lang='lat' dir='ltr'><strong>regni</strong></span> <span class='ocrx_word' id='word_1_189' title='bbox 2104 1204 2360 1260; x_wconf 61' lang='lat' dir='ltr'><strong>caelestis.</strong></span> <span class='ocrx_word' id='word_1_190' title='bbox 2388 1203 2435 1259; x_wconf 83' lang='lat' dir='ltr'><strong>A</strong></span> <span class='ocrx_word' id='word_1_191' title='bbox 2457 1220 2564 1274; x_wconf 89' lang='lat' dir='ltr'><strong>quo</strong></span> <span class='ocrx_word' id='word_1_192' title='bbox 2602 1214 2955 1274; x_wconf 82' lang='lat' dir='ltr'><strong>utrorumque</strong></span> <span class='ocrx_word' id='word_1_193' title='bbox 3000 1201 3285 1268; x_wconf 74' lang='lat' dir='ltr'><strong>fomento,</strong></span> <span class='ocrx_word' id='word_1_194' title='bbox 3334 1203 3497 1259; x_wconf 86' lang='lat' dir='ltr'><strong>etiam</strong></span> 
     </span>
    </p>
   </div>
   <div class='ocr_carea' id='block_1_28' title="bbox 1917 1295 3500 1368">
    <p class='ocr_par' dir='ltr' id='par_1_28' title="bbox 1917 1295 3500 1368">
     <span class='ocr_line' id='line_1_28' title="bbox 1917 1295 3500 1368; baseline 0.002 -19"><span class='ocrx_word' id='word_1_195' title='bbox 1917 1295 2206 1364; x_wconf 77' lang='lat' dir='ltr'><strong>Apostolus</strong></span> <span class='ocrx_word' id='word_1_196' title='bbox 2234 1311 2333 1353; x_wconf 89' lang='lat' dir='ltr'><strong>nos</strong></span> <span class='ocrx_word' id='word_1_197' title='bbox 2370 1296 2665 1368; x_wconf 89' lang='lat' dir='ltr'><strong>prohibens</strong></span> <span class='ocrx_word' id='word_1_198' title='bbox 2707 1298 2783 1352; x_wconf 84' lang='lat' dir='ltr'><strong>ait</strong></span> <span class='ocrx_word' id='word_1_199' title='bbox 2820 1312 2834 1350; x_wconf 91' lang='lat'><strong>:</strong></span> <span class='ocrx_word' id='word_1_200' title='bbox 2864 1296 3053 1368; x_wconf 73' lang='lat' dir='ltr'><strong>Itaque</strong></span> <span class='ocrx_word' id='word_1_201' title='bbox 3097 1295 3369 1367; x_wconf 76' lang='lat' dir='ltr'><strong>epulamur</strong></span> <span class='ocrx_word' id='word_1_202' title='bbox 3397 1312 3500 1351; x_wconf 80' lang='lat' dir='ltr'><strong>non</strong></span> 
     </span>
    </p>
   </div>
   <div class='ocr_carea' id='block_1_29' title="bbox 1916 1388 3497 1475">
    <p class='ocr_par' dir='ltr' id='par_1_29' title="bbox 1916 1388 3497 1475">
     <span class='ocr_line' id='line_1_29' title="bbox 1916 1388 3497 1475; baseline 0.004 -32"><span class='ocrx_word' id='word_1_203' title='bbox 1916 1389 1972 1475; x_wconf 77' lang='lat' dir='ltr'><strong>in</strong></span> <span class='ocrx_word' id='word_1_204' title='bbox 2016 1388 2266 1458; x_wconf 81' lang='lat' dir='ltr'><strong>fermento</strong></span> <span class='ocrx_word' id='word_1_205' title='bbox 2304 1390 2526 1445; x_wconf 75' lang='lat' dir='ltr'><strong>malitia:</strong></span> <span class='ocrx_word' id='word_1_206' title='bbox 2559 1399 2607 1445; x_wconf 88' lang='lat' dir='ltr'><strong>et</strong></span> <span class='ocrx_word' id='word_1_207' title='bbox 2653 1391 2915 1462; x_wconf 64' lang='lat' dir='ltr'><strong>nequitias,</strong></span> <span class='ocrx_word' id='word_1_208' title='bbox 2952 1392 3044 1447; x_wconf 85' lang='lat' dir='ltr'><strong>sed</strong></span> <span class='ocrx_word' id='word_1_209' title='bbox 3072 1393 3130 1448; x_wconf 85' lang='lat' dir='ltr'><strong>in</strong></span> <span class='ocrx_word' id='word_1_210' title='bbox 3163 1395 3366 1466; x_wconf 75' lang='lat' dir='ltr'><strong>azymis</strong></span> <span class='ocrx_word' id='word_1_211' title='bbox 3387 1394 3497 1450; x_wconf 84' lang='lat' dir='ltr'><strong>sin-</strong></span> 
     </span>
    </p>
   </div>
   <div class='ocr_carea' id='block_1_30' title="bbox 1917 1480 2502 1535">
    <p class='ocr_par' dir='ltr' id='par_1_30' title="bbox 1917 1480 2502 1535">
     <span class='ocr_line' id='line_1_30' title="bbox 1917 1480 2502 1535; baseline 0 -1"><span class='ocrx_word' id='word_1_212' title='bbox 1917 1480 2149 1534; x_wconf 85' lang='lat' dir='ltr'><strong>ceritatis</strong></span> <span class='ocrx_word' id='word_1_213' title='bbox 2179 1488 2225 1534; x_wconf 88' lang='lat' dir='ltr'><strong>et</strong></span> <span class='ocrx_word' id='word_1_214' title='bbox 2251 1481 2502 1535; x_wconf 77' lang='lat' dir='ltr'><strong>veritatis.</strong></span> 
     </span>
    </p>
   </div>
   <div class='ocr_carea' id='block_1_31' title="bbox 1986 1564 3498 1647">
    <p class='ocr_par' dir='ltr' id='par_1_31' title="bbox 1986 1564 3498 1647">
     <span class='ocr_line' id='line_1_31' title="bbox 1986 1564 3498 1647; baseline 0.006 -24"><span class='ocrx_word' id='word_1_215' title='bbox 1986 1570 2053 1623; x_wconf 84' lang='lat' dir='ltr'><strong>At</strong></span> <span class='ocrx_word' id='word_1_216' title='bbox 2074 1570 2152 1624; x_wconf 83' lang='lat' dir='ltr'><strong>illi</strong></span> <span class='ocrx_word' id='word_1_217' title='bbox 2171 1572 2464 1642; x_wconf 79' lang='lat' dir='ltr'><strong>cogitabant</strong></span> <span class='ocrx_word' id='word_1_218' title='bbox 2490 1572 2627 1626; x_wconf 87' lang='lat' dir='ltr'><strong>inter</strong></span> <span class='ocrx_word' id='word_1_219' title='bbox 2648 1588 2702 1628; x_wconf 91' lang='lat' dir='ltr'><strong>se</strong></span> <span class='ocrx_word' id='word_1_220' title='bbox 2728 1564 2956 1629; x_wconf 78' lang='lat' dir='ltr'><strong>dicentes</strong></span> <span class='ocrx_word' id='word_1_221' title='bbox 2985 1590 3005 1628; x_wconf 90' lang='lat'><strong><em>:</em></strong></span> <span class='ocrx_word' id='word_1_222' title='bbox 3038 1574 3179 1642; x_wconf 83' lang='lat' dir='ltr'><strong>Quia</strong></span> <span class='ocrx_word' id='word_1_223' title='bbox 3202 1593 3365 1647; x_wconf 78' lang='lat' dir='ltr'><strong>partes</strong></span> <span class='ocrx_word' id='word_1_224' title='bbox 3391 1593 3498 1632; x_wconf 83' lang='lat' dir='ltr'><strong>non</strong></span> 
     </span>
    </p>
   </div>
   <div class='ocr_carea' id='block_1_32' title="bbox 1916 1657 3540 1741">
    <p class='ocr_par' dir='ltr' id='par_1_32' title="bbox 1916 1657 3540 1741">
     <span class='ocr_line' id='line_1_32' title="bbox 1916 1657 3540 1741; baseline 0.004 -23"><span class='ocrx_word' id='word_1_225' title='bbox 1916 1664 2225 1734; x_wconf 85' lang='lat' dir='ltr'><strong>accepimus.</strong></span> <span class='ocrx_word' id='word_1_226' title='bbox 2258 1660 2443 1720; x_wconf 77' lang='lat' dir='ltr'><strong>Sciens</strong></span> <span class='ocrx_word' id='word_1_227' title='bbox 2467 1657 2649 1720; x_wconf 74' lang='lat' dir='ltr'><strong>autem</strong></span> <span class='ocrx_word' id='word_1_228' title='bbox 2668 1664 2844 1733; x_wconf 77' lang='lat' dir='ltr'><strong>Iesus,</strong></span> <span class='ocrx_word' id='word_1_229' title='bbox 2874 1668 3007 1721; x_wconf 75' lang='lat' dir='ltr'><strong>dixit</strong></span> <span class='ocrx_word' id='word_1_230' title='bbox 3036 1681 3056 1719; x_wconf 85' lang='lat'><strong><em>:</em></strong></span> <span class='ocrx_word' id='word_1_231' title='bbox 3082 1667 3223 1734; x_wconf 89' lang='lat' dir='ltr'><strong>Quid</strong></span> <span class='ocrx_word' id='word_1_232' title='bbox 3256 1670 3497 1741; x_wconf 83' lang='lat' dir='ltr'><strong>cogitatis</strong></span> <span class='ocrx_word' id='word_1_233' title='bbox 3529 1701 3540 1707; x_wconf 92' lang='lat'><strong>-</strong></span> 
     </span>
    </p>
   </div>
   <div class='ocr_carea' id='block_1_33' title="bbox 223 1744 3496 1829">
    <p class='ocr_par' dir='ltr' id='par_1_33' title="bbox 223 1744 3496 1829">
     <span class='ocr_line' id='line_1_33' title="bbox 223 1744 3496 1829; baseline 0.002 -23"><span class='ocrx_word' id='word_1_234' title='bbox 223 1752 500 1824; x_wconf 80' lang='lat' dir='ltr'><strong>futurum,</strong></span> <span class='ocrx_word' id='word_1_235' title='bbox 546 1756 637 1821; x_wconf 82' lang='lat' dir='ltr'><strong>cui</strong></span> <span class='ocrx_word' id='word_1_236' title='bbox 664 1757 842 1815; x_wconf 77' lang='lat' dir='ltr'><strong>simile</strong></span> <span class='ocrx_word' id='word_1_237' title='bbox 873 1766 958 1814; x_wconf 83' lang='lat' dir='ltr'><strong>est</strong></span> <span class='ocrx_word' id='word_1_238' title='bbox 997 1774 1155 1815; x_wconf 81' lang='lat' dir='ltr'><strong>mane</strong></span> <span class='ocrx_word' id='word_1_239' title='bbox 1180 1773 1397 1819; x_wconf 73' lang='lat' dir='ltr'><strong>roseum</strong></span> <span class='ocrx_word' id='word_1_240' title='bbox 1428 1773 1553 1814; x_wconf 87' lang='lat' dir='ltr'><strong>cum</strong></span> <span class='ocrx_word' id='word_1_241' title='bbox 1587 1758 1807 1814; x_wconf 75' lang='lat' dir='ltr'><strong>tristitia</strong></span> <span class='ocrx_word' id='word_1_242' title='bbox 1835 1744 1882 1805; x_wconf 90' lang='grc' dir='ltr'><strong>Β</strong></span> <span class='ocrx_word' id='word_1_243' title='bbox 1911 1754 2044 1808; x_wconf 83' lang='lat' dir='ltr'><strong>inter</strong></span> <span class='ocrx_word' id='word_1_244' title='bbox 2065 1754 2409 1820; x_wconf 78' lang='lat' dir='ltr'><strong>vos,modica3</strong></span> <span class='ocrx_word' id='word_1_245' title='bbox 2429 1755 2572 1824; x_wconf 82' lang='lat' dir='ltr'><strong>ﬁdei,</strong></span> <span class='ocrx_word' id='word_1_246' title='bbox 2601 1757 2726 1828; x_wconf 85' lang='lat' dir='ltr'><strong>quia</strong></span> <span class='ocrx_word' id='word_1_247' title='bbox 2745 1774 2905 1829; x_wconf 85' lang='lat' dir='ltr'><strong>panes</strong></span> <span class='ocrx_word' id='word_1_248' title='bbox 2940 1776 3045 1813; x_wconf 73' lang='lat' dir='ltr'><strong>non</strong></span> <span class='ocrx_word' id='word_1_249' title='bbox 3071 1759 3311 1814; x_wconf 73' lang='lat' dir='ltr'><strong>habetis?</strong></span> <span class='ocrx_word' id='word_1_250' title='bbox 3340 1759 3496 1815; x_wconf 87' lang='lat' dir='ltr'><strong>Non-</strong></span> 
     </span>
    </p>
   </div>
   <div class='ocr_carea' id='block_1_34' title="bbox 224 1849 1093 1911">
    <p class='ocr_par' dir='ltr' id='par_1_34' title="bbox 224 1849 1093 1911">
     <span class='ocr_line' id='line_1_34' title="bbox 224 1849 1093 1911; baseline -0.015 1"><span class='ocrx_word' id='word_1_251' title='bbox 224 1849 456 1911; x_wconf 61' lang='lat' dir='ltr'><strong>celum.</strong></span> <span class='ocrx_word' id='word_1_252' title='bbox 866 1861 879 1871; x_wconf 83' lang='grc'><strong>’</strong></span> <span class='ocrx_word' id='word_1_253' title='bbox 1085 1894 1093 1899; x_wconf 88' lang='grc'><em>.</em></span> 
     </span>
    </p>
   </div>
   <div class='ocr_carea' id='block_1_35' title="bbox 304 1939 1816 2014">
    <p class='ocr_par' dir='ltr' id='par_1_35' title="bbox 304 1939 1816 2014">
     <span class='ocr_line' id='line_1_35' title="bbox 304 1939 1816 2014; baseline 0.003 -21"><span class='ocrx_word' id='word_1_254' title='bbox 304 1939 581 1997; x_wconf 82' lang='lat' dir='ltr'><strong>Generatio</strong></span> <span class='ocrx_word' id='word_1_255' title='bbox 618 1940 760 1999; x_wconf 83' lang='lat' dir='ltr'><strong>mala</strong></span> <span class='ocrx_word' id='word_1_256' title='bbox 786 1950 835 1996; x_wconf 89' lang='lat' dir='ltr'><strong>et</strong></span> <span class='ocrx_word' id='word_1_257' title='bbox 883 1940 1125 2002; x_wconf 86' lang='lat' dir='ltr'><strong>adultera</strong></span> <span class='ocrx_word' id='word_1_258' title='bbox 1165 1941 1369 2013; x_wconf 87' lang='lat' dir='ltr'><strong>signum</strong></span> <span class='ocrx_word' id='word_1_259' title='bbox 1407 1943 1617 2014; x_wconf 72' lang='lat' dir='ltr'><strong>quaerit,</strong></span> <span class='ocrx_word' id='word_1_260' title='bbox 1651 1953 1700 1998; x_wconf 86' lang='lat' dir='ltr'><strong>et</strong></span> <span class='ocrx_word' id='word_1_261' title='bbox 1742 1944 1816 1998; x_wconf 88' lang='lat' dir='ltr'><strong>si-</strong></span> 
     </span>
    </p>
   </div>
   <div class='ocr_carea' id='block_1_36' title="bbox 216 2032 1814 2111">
    <p class='ocr_par' dir='ltr' id='par_1_36' title="bbox 216 2032 1814 2111">
     <span class='ocr_line' id='line_1_36' title="bbox 216 2032 1814 2111; baseline 0.002 -25"><span class='ocrx_word' id='word_1_262' title='bbox 216 2049 397 2111; x_wconf 73' lang='lat' dir='ltr'><strong>gnum</strong></span> <span class='ocrx_word' id='word_1_263' title='bbox 425 2049 532 2087; x_wconf 88' lang='lat' dir='ltr'><strong>non</strong></span> <span class='ocrx_word' id='word_1_264' title='bbox 574 2033 787 2089; x_wconf 84' lang='lat' dir='ltr'><strong>dabitur</strong></span> <span class='ocrx_word' id='word_1_265' title='bbox 824 2034 890 2099; x_wconf 87' lang='lat' dir='ltr'><strong>ei,</strong></span> <span class='ocrx_word' id='word_1_266' title='bbox 939 2034 1044 2089; x_wconf 85' lang='lat' dir='ltr'><strong>nisi</strong></span> <span class='ocrx_word' id='word_1_267' title='bbox 1090 2033 1293 2105; x_wconf 86' lang='lat' dir='ltr'><strong>signum</strong></span> <span class='ocrx_word' id='word_1_268' title='bbox 1321 2032 1494 2088; x_wconf 63' lang='lat' dir='ltr'><strong>Jonas.</strong></span> <span class='ocrx_word' id='word_1_269' title='bbox 1527 2033 1643 2089; x_wconf 86' lang='lat' dir='ltr'><strong>Non</strong></span> <span class='ocrx_word' id='word_1_270' title='bbox 1685 2049 1814 2105; x_wconf 87' lang='lat' dir='ltr'><strong>ergo</strong></span> 
     </span>
    </p>
   </div>
   <div class='ocr_carea' id='block_1_37' title="bbox 222 2123 1810 2202">
    <p class='ocr_par' dir='ltr' id='par_1_37' title="bbox 222 2123 1810 2202">
     <span class='ocr_line' id='line_1_37' title="bbox 222 2123 1810 2202; baseline 0.002 -24"><span class='ocrx_word' id='word_1_271' title='bbox 222 2124 393 2179; x_wconf 88' lang='lat' dir='ltr'><strong>datur</strong></span> <span class='ocrx_word' id='word_1_272' title='bbox 415 2123 631 2199; x_wconf 83' lang='lat' dir='ltr'><strong>signum</strong></span> <span class='ocrx_word' id='word_1_273' title='bbox 661 2125 999 2202; x_wconf 86' lang='lat' dir='ltr'><strong>generationi</strong></span> <span class='ocrx_word' id='word_1_274' title='bbox 1026 2124 1123 2191; x_wconf 89' lang='lat' dir='ltr'><strong>illi,</strong></span> <span class='ocrx_word' id='word_1_275' title='bbox 1154 2126 1206 2181; x_wconf 89' lang='lat' dir='ltr'><strong>id</strong></span> <span class='ocrx_word' id='word_1_276' title='bbox 1239 2134 1323 2181; x_wconf 90' lang='lat' dir='ltr'><strong>est</strong></span> <span class='ocrx_word' id='word_1_277' title='bbox 1349 2126 1673 2181; x_wconf 87' lang='lat' dir='ltr'><strong>tentantium</strong></span> <span class='ocrx_word' id='word_1_278' title='bbox 1704 2125 1810 2181; x_wconf 91' lang='lat' dir='ltr'><strong>Do-</strong></span> 
     </span>
    </p>
   </div>
   <div class='ocr_carea' id='block_1_38' title="bbox 220 2214 1810 2288">
    <p class='ocr_par' dir='ltr' id='par_1_38' title="bbox 220 2214 1810 2288">
     <span class='ocr_line' id='line_1_38' title="bbox 220 2214 1810 2288; baseline 0 -15"><span class='ocrx_word' id='word_1_279' title='bbox 220 2214 437 2277; x_wconf 80' lang='lat' dir='ltr'><strong>minum</strong></span> <span class='ocrx_word' id='word_1_280' title='bbox 475 2223 531 2271; x_wconf 89' lang='lat' dir='ltr'><strong>et</strong></span> <span class='ocrx_word' id='word_1_281' title='bbox 567 2215 940 2274; x_wconf 89' lang='lat' dir='ltr'><strong>insultantium</strong></span> <span class='ocrx_word' id='word_1_282' title='bbox 976 2216 1156 2275; x_wconf 84' lang='lat' dir='ltr'><strong>verbis</strong></span> <span class='ocrx_word' id='word_1_283' title='bbox 1189 2215 1326 2287; x_wconf 87' lang='lat' dir='ltr'><strong>ejus,</strong></span> <span class='ocrx_word' id='word_1_284' title='bbox 1371 2216 1477 2271; x_wconf 90' lang='lat' dir='ltr'><strong>tale</strong></span> <span class='ocrx_word' id='word_1_285' title='bbox 1517 2218 1701 2288; x_wconf 86' lang='lat' dir='ltr'><strong>utique</strong></span> <span class='ocrx_word' id='word_1_286' title='bbox 1735 2218 1810 2273; x_wconf 84' lang='lat' dir='ltr'><strong>si-</strong></span> 
     </span>
    </p>
   </div>
   <div class='ocr_carea' id='block_1_39' title="bbox 217 2307 1808 2387">
    <p class='ocr_par' dir='ltr' id='par_1_39' title="bbox 217 2307 1808 2387">
     <span class='ocr_line' id='line_1_39' title="bbox 217 2307 1808 2387; baseline 0.003 -26"><span class='ocrx_word' id='word_1_287' title='bbox 217 2321 416 2387; x_wconf 74' lang='lat' dir='ltr'><strong>gnum,</strong></span> <span class='ocrx_word' id='word_1_288' title='bbox 440 2307 602 2379; x_wconf 82' lang='lat' dir='ltr'><strong>quale</strong></span> <span class='ocrx_word' id='word_1_289' title='bbox 638 2315 914 2364; x_wconf 85' lang='lat' dir='ltr'><strong>tentantes</strong></span> <span class='ocrx_word' id='word_1_290' title='bbox 948 2309 1285 2385; x_wconf 79' lang='lat' dir='ltr'><strong>quaerebant,</strong></span> <span class='ocrx_word' id='word_1_291' title='bbox 1310 2310 1413 2366; x_wconf 92' lang='lat' dir='ltr'><strong>hoc</strong></span> <span class='ocrx_word' id='word_1_292' title='bbox 1442 2318 1545 2377; x_wconf 91' lang='lat' dir='ltr'><strong>est,</strong></span> <span class='ocrx_word' id='word_1_293' title='bbox 1565 2311 1630 2367; x_wconf 89' lang='lat' dir='ltr'><strong>de</strong></span> <span class='ocrx_word' id='word_1_294' title='bbox 1650 2311 1808 2380; x_wconf 62' lang='lat' dir='ltr'><strong>caelo,</strong></span> 
     </span>
    </p>
   </div>
   <div class='ocr_carea' id='block_1_40' title="bbox 220 2399 1809 2475">
    <p class='ocr_par' dir='ltr' id='par_1_40' title="bbox 220 2399 1809 2475">
     <span class='ocr_line' id='line_1_40' title="bbox 220 2399 1809 2475; baseline 0.004 -20"><span class='ocrx_word' id='word_1_295' title='bbox 220 2399 425 2472; x_wconf 84' lang='lat' dir='ltr'><strong>quibus</strong></span> <span class='ocrx_word' id='word_1_296' title='bbox 453 2408 635 2457; x_wconf 90' lang='lat' dir='ltr'><strong>tamen</strong></span> <span class='ocrx_word' id='word_1_297' title='bbox 676 2402 845 2457; x_wconf 89' lang='lat' dir='ltr'><strong>multa</strong></span> <span class='ocrx_word' id='word_1_298' title='bbox 871 2402 1112 2458; x_wconf 83' lang='lat' dir='ltr'><strong>coelestia</strong></span> <span class='ocrx_word' id='word_1_299' title='bbox 1153 2402 1307 2475; x_wconf 89' lang='lat' dir='ltr'><strong>signa</strong></span> <span class='ocrx_word' id='word_1_300' title='bbox 1346 2404 1509 2459; x_wconf 85' lang='lat' dir='ltr'><strong>dabat</strong></span> <span class='ocrx_word' id='word_1_301' title='bbox 1537 2404 1593 2459; x_wconf 91' lang='lat' dir='ltr'><strong>in</strong></span> <span class='ocrx_word' id='word_1_302' title='bbox 1642 2412 1809 2463; x_wconf 85' lang='lat' dir='ltr'><strong>terra.</strong></span> 
     </span>
    </p>
   </div>
   <div class='ocr_carea' id='block_1_41' title="bbox 219 2491 1810 2566">
    <p class='ocr_par' dir='ltr' id='par_1_41' title="bbox 219 2491 1810 2566">
     <span class='ocr_line' id='line_1_41' title="bbox 219 2491 1810 2566; baseline 0.001 -17"><span class='ocrx_word' id='word_1_303' title='bbox 219 2491 497 2550; x_wconf 63' lang='lat' dir='ltr'><strong>Caeterum</strong></span> <span class='ocrx_word' id='word_1_304' title='bbox 535 2495 876 2566; x_wconf 86' lang='lat' dir='ltr'><strong>generationi</strong></span> <span class='ocrx_word' id='word_1_305' title='bbox 913 2495 1267 2565; x_wconf 70' lang='lat' dir='ltr'><strong>quaarentium</strong></span> <span class='ocrx_word' id='word_1_306' title='bbox 1284 2494 1595 2560; x_wconf 89' lang='lat' dir='ltr'><strong>Dominum,</strong></span> <span class='ocrx_word' id='word_1_307' title='bbox 1627 2497 1810 2566; x_wconf 84' lang='lat' dir='ltr'><strong>requi-</strong></span> 
     </span>
    </p>
   </div>
   <div class='ocr_carea' id='block_1_42' title="bbox 220 2583 1806 2661">
    <p class='ocr_par' dir='ltr' id='par_1_42' title="bbox 220 2583 1806 2661">
     <span class='ocr_line' id='line_1_42' title="bbox 220 2583 1806 2661; baseline 0 -20"><span class='ocrx_word' id='word_1_308' title='bbox 220 2585 464 2641; x_wconf 85' lang='lat' dir='ltr'><strong>rentium</strong></span> <span class='ocrx_word' id='word_1_309' title='bbox 488 2584 683 2643; x_wconf 78' lang='lat' dir='ltr'><strong>faciem</strong></span> <span class='ocrx_word' id='word_1_310' title='bbox 712 2585 808 2641; x_wconf 92' lang='lat' dir='ltr'><strong>Dei</strong></span> <span class='ocrx_word' id='word_1_311' title='bbox 837 2583 1028 2652; x_wconf 73' lang='lat' dir='ltr'><strong>Iacob,</strong></span> <span class='ocrx_word' id='word_1_312' title='bbox 1056 2587 1265 2661; x_wconf 82' lang='lat' dir='ltr'><strong>signum</strong></span> <span class='ocrx_word' id='word_1_313' title='bbox 1293 2586 1359 2640; x_wconf 90' lang='lat' dir='ltr'><strong>de</strong></span> <span class='ocrx_word' id='word_1_314' title='bbox 1388 2584 1526 2640; x_wconf 64' lang='lat' dir='ltr'><strong>coelo</strong></span> <span class='ocrx_word' id='word_1_315' title='bbox 1553 2587 1806 2641; x_wconf 85' lang='lat' dir='ltr'><strong>ostende-</strong></span> 
     </span>
    </p>
   </div>
   <div class='ocr_carea' id='block_1_43' title="bbox 220 2675 1803 2748">
    <p class='ocr_par' dir='ltr' id='par_1_43' title="bbox 220 2675 1803 2748">
     <span class='ocr_line' id='line_1_43' title="bbox 220 2675 1803 2748; baseline 0.001 -17"><span class='ocrx_word' id='word_1_316' title='bbox 220 2676 289 2731; x_wconf 88' lang='lat' dir='ltr'><strong>ba</strong></span> <span class='ocrx_word' id='word_1_317' title='bbox 299 2684 340 2741; x_wconf 90' lang='lat' dir='ltr'><strong>t,</strong></span> <span class='ocrx_word' id='word_1_318' title='bbox 362 2675 578 2746; x_wconf 80' lang='lat' dir='ltr'><strong>quando</strong></span> <span class='ocrx_word' id='word_1_319' title='bbox 595 2676 942 2737; x_wconf 88' lang='lat' dir='ltr'><strong>cernentibus</strong></span> <span class='ocrx_word' id='word_1_320' title='bbox 970 2676 1242 2748; x_wconf 84' lang='lat' dir='ltr'><strong>Apostolis</strong></span> <span class='ocrx_word' id='word_1_321' title='bbox 1264 2676 1570 2733; x_wconf 89' lang='lat' dir='ltr'><strong>ascenditin</strong></span> <span class='ocrx_word' id='word_1_322' title='bbox 1588 2677 1803 2745; x_wconf 65' lang='lat' dir='ltr'><strong>coelum,</strong></span> 
     </span>
    </p>
   </div>
   <div class='ocr_carea' id='block_1_44' title="bbox 220 2765 1806 2847">
    <p class='ocr_par' dir='ltr' id='par_1_44' title="bbox 220 2765 1806 2847">
     <span class='ocr_line' id='line_1_44' title="bbox 220 2765 1806 2847; baseline 0.002 -28"><span class='ocrx_word' id='word_1_323' title='bbox 220 2767 442 2847; x_wconf 79' lang='lat' dir='ltr'><strong>quando</strong></span> <span class='ocrx_word' id='word_1_324' title='bbox 470 2767 636 2823; x_wconf 87' lang='lat' dir='ltr'><strong>misso</strong></span> <span class='ocrx_word' id='word_1_325' title='bbox 665 2767 731 2827; x_wconf 91' lang='lat' dir='ltr'><strong>de</strong></span> <span class='ocrx_word' id='word_1_326' title='bbox 760 2765 962 2847; x_wconf 85' lang='lat' dir='ltr'><strong>Spiritu</strong></span> <span class='ocrx_word' id='word_1_327' title='bbox 985 2767 1322 2838; x_wconf 78' lang='lat' dir='ltr'><strong>primitivum</strong></span> <span class='ocrx_word' id='word_1_328' title='bbox 1345 2766 1590 2839; x_wconf 86' lang='lat' dir='ltr'><strong>implevit</strong></span> <span class='ocrx_word' id='word_1_329' title='bbox 1618 2766 1806 2822; x_wconf 86' lang='lat' dir='ltr'><strong>Eccle-</strong></span> 
     </span>
    </p>
   </div>
   <div class='ocr_carea' id='block_1_45' title="bbox 221 2856 1806 2935">
    <p class='ocr_par' dir='ltr' id='par_1_45' title="bbox 221 2856 1806 2935">
     <span class='ocr_line' id='line_1_45' title="bbox 221 2856 1806 2935; baseline -0.001 -23"><span class='ocrx_word' id='word_1_330' title='bbox 221 2856 367 2913; x_wconf 90' lang='lat' dir='ltr'><strong>siam</strong></span> <span class='ocrx_word' id='word_1_331' title='bbox 397 2875 410 2911; x_wconf 88' lang='lat'><strong>:</strong></span> <span class='ocrx_word' id='word_1_332' title='bbox 438 2857 652 2935; x_wconf 85' lang='lat' dir='ltr'><strong>quando</strong></span> <span class='ocrx_word' id='word_1_333' title='bbox 676 2857 745 2912; x_wconf 87' lang='lat' dir='ltr'><strong>ad</strong></span> <span class='ocrx_word' id='word_1_334' title='bbox 773 2856 1174 2935; x_wconf 87' lang='lat' dir='ltr'><strong>impositionem</strong></span> <span class='ocrx_word' id='word_1_335' title='bbox 1201 2872 1395 2913; x_wconf 89' lang='lat' dir='ltr'><strong>manus</strong></span> <span class='ocrx_word' id='word_1_336' title='bbox 1423 2857 1806 2928; x_wconf 83' lang='lat' dir='ltr'><strong>Apostolorum</strong></span> 
     </span>
    </p>
   </div>
   <div class='ocr_carea' id='block_1_46' title="bbox 219 2947 1807 3021">
    <p class='ocr_par' dir='ltr' id='par_1_46' title="bbox 219 2947 1807 3021">
     <span class='ocr_line' id='line_1_46' title="bbox 219 2947 1807 3021; baseline 0.002 -19"><span class='ocrx_word' id='word_1_337' title='bbox 219 2948 281 3002; x_wconf 87' lang='lat' dir='ltr'><strong>in</strong></span> <span class='ocrx_word' id='word_1_338' title='bbox 318 2947 590 3016; x_wconf 88' lang='lat' dir='ltr'><strong>Samaria,</strong></span> <span class='ocrx_word' id='word_1_339' title='bbox 621 2948 889 3016; x_wconf 66' lang='lat' dir='ltr'><strong>Caesarea,</strong></span> <span class='ocrx_word' id='word_1_340' title='bbox 927 2949 1178 3021; x_wconf 84' lang='lat' dir='ltr'><strong>Epheso,</strong></span> <span class='ocrx_word' id='word_1_341' title='bbox 1215 2949 1443 3020; x_wconf 87' lang='lat' dir='ltr'><strong>aliisque</strong></span> <span class='ocrx_word' id='word_1_342' title='bbox 1485 2950 1712 3006; x_wconf 86' lang='lat' dir='ltr'><strong>urbibus</strong></span> <span class='ocrx_word' id='word_1_343' title='bbox 1742 2965 1807 3005; x_wconf 89' lang='lat' dir='ltr'><strong>ac</strong></span> 
     </span>
    </p>
   </div>
   <div class='ocr_carea' id='block_1_47' title="bbox 219 3041 1799 3114">
    <p class='ocr_par' dir='ltr' id='par_1_47' title="bbox 219 3041 1799 3114">
     <span class='ocr_line' id='line_1_47' title="bbox 219 3041 1799 3114; baseline 0 -17"><span class='ocrx_word' id='word_1_344' title='bbox 219 3041 360 3098; x_wconf 89' lang='lat' dir='ltr'><strong>locis</strong></span> <span class='ocrx_word' id='word_1_345' title='bbox 387 3041 665 3113; x_wconf 84' lang='lat' dir='ltr'><strong>plurimis,</strong></span> <span class='ocrx_word' id='word_1_346' title='bbox 691 3043 921 3114; x_wconf 85' lang='lat' dir='ltr'><strong>gratiam</strong></span> <span class='ocrx_word' id='word_1_347' title='bbox 944 3043 1008 3099; x_wconf 91' lang='lat' dir='ltr'><strong>de</strong></span> <span class='ocrx_word' id='word_1_348' title='bbox 1038 3043 1176 3099; x_wconf 66' lang='lat' dir='ltr'><strong>coelo</strong></span> <span class='ocrx_word' id='word_1_349' title='bbox 1199 3042 1426 3114; x_wconf 89' lang='lat' dir='ltr'><strong>Spiritui</strong></span> <span class='ocrx_word' id='word_1_350' title='bbox 1455 3049 1646 3098; x_wconf 89' lang='lat' dir='ltr'><strong>sancto</strong></span> <span class='ocrx_word' id='word_1_351' title='bbox 1681 3058 1799 3098; x_wconf 80' lang='lat' dir='ltr'><strong>cre-</strong></span> 
     </span>
    </p>
   </div>
   <div class='ocr_carea' id='block_1_48' title="bbox 217 3100 1878 3203">
    <p class='ocr_par' dir='ltr' id='par_1_48' title="bbox 217 3100 1878 3203">
     <span class='ocr_line' id='line_1_48' title="bbox 217 3100 1878 3203; baseline 0 -15"><span class='ocrx_word' id='word_1_352' title='bbox 217 3100 480 3191; x_wconf 81' lang='lat' dir='ltr'><strong>dentibus</strong></span> <span class='ocrx_word' id='word_1_353' title='bbox 501 3100 848 3195; x_wconf 68' lang='lat' dir='ltr'><strong>ministi&#39;avit.</strong></span> <span class='ocrx_word' id='word_1_354' title='bbox 884 3131 1023 3199; x_wconf 85' lang='lat' dir='ltr'><strong>Quid</strong></span> <span class='ocrx_word' id='word_1_355' title='bbox 1050 3100 1472 3203; x_wconf 49' lang='lat' dir='ltr'><strong>autem-signum</strong></span> <span class='ocrx_word' id='word_1_356' title='bbox 1503 3130 1655 3188; x_wconf 62' lang='lat' dir='ltr'><strong>Jonaa</strong></span> <span class='ocrx_word' id='word_1_357' title='bbox 1699 3132 1804 3188; x_wconf 90' lang='lat' dir='ltr'><strong>sibi</strong></span> <span class='ocrx_word' id='word_1_358' title='bbox 1831 3100 1878 3164; x_wconf 67' lang='grc' dir='ltr'>Ο</span> 
     </span>
    </p>
   </div>
   <div class='ocr_carea' id='block_1_49' title="bbox 219 3221 1414 3295">
    <p class='ocr_par' dir='ltr' id='par_1_49' title="bbox 219 3221 1414 3295">
     <span class='ocr_line' id='line_1_49' title="bbox 219 3221 1414 3295; baseline 0.001 -18"><span class='ocrx_word' id='word_1_359' title='bbox 219 3222 355 3279; x_wconf 89' lang='lat' dir='ltr'><strong>velit</strong></span> <span class='ocrx_word' id='word_1_360' title='bbox 367 3260 393 3290; x_wconf 67' lang='grc' dir='ltr'><strong>,ρ</strong></span> <span class='ocrx_word' id='word_1_361' title='bbox 408 3222 524 3295; x_wconf 85' lang='lat' dir='ltr'><strong>jam</strong></span> <span class='ocrx_word' id='word_1_362' title='bbox 554 3238 720 3294; x_wconf 84' lang='lat' dir='ltr'><strong>supra</strong></span> <span class='ocrx_word' id='word_1_363' title='bbox 746 3223 953 3278; x_wconf 84' lang='lat' dir='ltr'><strong>dictum</strong></span> <span class='ocrx_word' id='word_1_364' title='bbox 979 3230 1083 3289; x_wconf 88' lang='lat' dir='ltr'><strong>est,</strong></span> <span class='ocrx_word' id='word_1_365' title='bbox 1113 3221 1371 3295; x_wconf 84' lang='lat' dir='ltr'><strong>Sequitur</strong></span> <span class='ocrx_word' id='word_1_366' title='bbox 1398 3239 1414 3278; x_wconf 89' lang='lat'><strong>:</strong></span> 
     </span>
    </p>
   </div>
   <div class='ocr_carea' id='block_1_50' title="bbox 289 3312 1809 3389">
    <p class='ocr_par' dir='ltr' id='par_1_50' title="bbox 289 3312 1809 3389">
     <span class='ocr_line' id='line_1_50' title="bbox 289 3312 1809 3389; baseline 0.001 -16"><span class='ocrx_word' id='word_1_367' title='bbox 289 3315 386 3389; x_wconf 82' lang='lat' dir='ltr'><strong>Et,</strong></span> <span class='ocrx_word' id='word_1_368' title='bbox 419 3314 617 3375; x_wconf 79' lang='lat' dir='ltr'><strong>relictis</strong></span> <span class='ocrx_word' id='word_1_369' title='bbox 644 3313 772 3381; x_wconf 82' lang='lat' dir='ltr'><strong>illis,</strong></span> <span class='ocrx_word' id='word_1_370' title='bbox 804 3314 951 3368; x_wconf 87' lang='lat' dir='ltr'><strong>abiit.</strong></span> <span class='ocrx_word' id='word_1_371' title='bbox 975 3314 1199 3371; x_wconf 82' lang='lat' dir='ltr'><strong>Relictis</strong></span> <span class='ocrx_word' id='word_1_372' title='bbox 1225 3316 1420 3372; x_wconf 87' lang='lat' dir='ltr'><strong>scribis</strong></span> <span class='ocrx_word' id='word_1_373' title='bbox 1441 3325 1495 3372; x_wconf 90' lang='lat' dir='ltr'><strong>et</strong></span> <span class='ocrx_word' id='word_1_374' title='bbox 1515 3312 1809 3375; x_wconf 81' lang='lat' dir='ltr'><strong>Pharisaei&#39;s</strong></span> 
     </span>
    </p>
   </div>
   <div class='ocr_carea' id='block_1_51' title="bbox 206 3400 1805 3482">
    <p class='ocr_par' dir='ltr' id='par_1_51' title="bbox 206 3400 1805 3482">
     <span class='ocr_line' id='line_1_51' title="bbox 206 3400 1805 3482; baseline 0.004 -22"><span class='ocrx_word' id='word_1_375' title='bbox 206 3400 421 3480; x_wconf 78' lang='lat' dir='ltr'><strong>quibus</strong></span> <span class='ocrx_word' id='word_1_376' title='bbox 456 3405 701 3472; x_wconf 74' lang='lat' dir='ltr'><strong>dixerat,</strong></span> <span class='ocrx_word' id='word_1_377' title='bbox 732 3403 1013 3461; x_wconf 81' lang='lat' dir='ltr'><strong>Generatio</strong></span> <span class='ocrx_word' id='word_1_378' title='bbox 1057 3406 1198 3461; x_wconf 88' lang='lat' dir='ltr'><strong>mala</strong></span> <span class='ocrx_word' id='word_1_379' title='bbox 1225 3416 1273 3462; x_wconf 87' lang='lat' dir='ltr'><strong>et</strong></span> <span class='ocrx_word' id='word_1_380' title='bbox 1310 3408 1552 3465; x_wconf 88' lang='lat' dir='ltr'><strong>adultera</strong></span> <span class='ocrx_word' id='word_1_381' title='bbox 1596 3412 1805 3482; x_wconf 87' lang='lat' dir='ltr'><strong>signum</strong></span> 
     </span>
    </p>
   </div>
   <div class='ocr_carea' id='block_1_52' title="bbox 213 3496 1803 3571">
    <p class='ocr_par' dir='ltr' id='par_1_52' title="bbox 213 3496 1803 3571">
     <span class='ocr_line' id='line_1_52' title="bbox 213 3496 1803 3571; baseline 0.004 -19"><span class='ocrx_word' id='word_1_382' title='bbox 213 3497 410 3569; x_wconf 56' lang='lat' dir='ltr'><strong>quan?</strong></span> <span class='ocrx_word' id='word_1_383' title='bbox 437 3511 458 3553; x_wconf 90' lang='lat'><strong><em>:</em></strong></span> <span class='ocrx_word' id='word_1_384' title='bbox 486 3505 535 3551; x_wconf 89' lang='lat' dir='ltr'><strong>et</strong></span> <span class='ocrx_word' id='word_1_385' title='bbox 562 3497 771 3568; x_wconf 86' lang='lat' dir='ltr'><strong>signum</strong></span> <span class='ocrx_word' id='word_1_386' title='bbox 806 3513 911 3552; x_wconf 89' lang='lat' dir='ltr'><strong>non</strong></span> <span class='ocrx_word' id='word_1_387' title='bbox 935 3496 1148 3552; x_wconf 82' lang='lat' dir='ltr'><strong>dabitur</strong></span> <span class='ocrx_word' id='word_1_388' title='bbox 1170 3498 1220 3552; x_wconf 89' lang='lat' dir='ltr'><strong>ei</strong></span> <span class='ocrx_word' id='word_1_389' title='bbox 1258 3499 1357 3553; x_wconf 86' lang='lat' dir='ltr'><strong>nisi</strong></span> <span class='ocrx_word' id='word_1_390' title='bbox 1393 3500 1601 3570; x_wconf 86' lang='lat' dir='ltr'><strong>signum</strong></span> <span class='ocrx_word' id='word_1_391' title='bbox 1626 3501 1803 3571; x_wconf 65' lang='lat' dir='ltr'><strong>Jama,</strong></span> 
     </span>
    </p>
   </div>
   <div class='ocr_carea' id='block_1_53' title="bbox 214 3584 1804 3665">
    <p class='ocr_par' dir='ltr' id='par_1_53' title="bbox 214 3584 1804 3665">
     <span class='ocr_line' id='line_1_53' title="bbox 214 3584 1804 3665; baseline 0.008 -26"><span class='ocrx_word' id='word_1_392' title='bbox 214 3593 372 3653; x_wconf 78' lang='lat' dir='ltr'><strong>recte</strong></span> <span class='ocrx_word' id='word_1_393' title='bbox 394 3584 529 3641; x_wconf 90' lang='lat' dir='ltr'><strong>abiit</strong></span> <span class='ocrx_word' id='word_1_394' title='bbox 556 3593 711 3642; x_wconf 88' lang='lat' dir='ltr'><strong>trans</strong></span> <span class='ocrx_word' id='word_1_395' title='bbox 744 3584 943 3655; x_wconf 83' lang='lat' dir='ltr'><strong>fretum</strong></span> <span class='ocrx_word' id='word_1_396' title='bbox 986 3594 1043 3643; x_wconf 90' lang='lat' dir='ltr'><strong>et</strong></span> <span class='ocrx_word' id='word_1_397' title='bbox 1072 3587 1314 3660; x_wconf 84' lang='lat' dir='ltr'><strong>gentium</strong></span> <span class='ocrx_word' id='word_1_398' title='bbox 1344 3600 1565 3648; x_wconf 87' lang='lat' dir='ltr'><strong>secutus</strong></span> <span class='ocrx_word' id='word_1_399' title='bbox 1597 3605 1683 3649; x_wconf 87' lang='lat' dir='ltr'><strong>est</strong></span> <span class='ocrx_word' id='word_1_400' title='bbox 1706 3610 1804 3665; x_wconf 89' lang='lat' dir='ltr'><strong>po-</strong></span> 
     </span>
    </p>
   </div>
   <div class='ocr_carea' id='block_1_54' title="bbox 208 3677 399 3763">
    <p class='ocr_par' dir='ltr' id='par_1_54' title="bbox 208 3677 399 3763">
     <span class='ocr_line' id='line_1_54' title="bbox 208 3677 399 3763; baseline 0 -29"><span class='ocrx_word' id='word_1_401' title='bbox 208 3677 399 3763; x_wconf 83' lang='lat' dir='ltr'><strong>pulos.</strong></span> 
     </span>
    </p>
   </div>
   <div class='ocr_carea' id='block_1_55' title="bbox 288 3768 1803 3857">
    <p class='ocr_par' dir='ltr' id='par_1_55' title="bbox 288 3768 1803 3857">
     <span class='ocr_line' id='line_1_55' title="bbox 288 3768 1803 3857; baseline 0.002 -28"><span class='ocrx_word' id='word_1_402' title='bbox 288 3771 361 3829; x_wconf 82' lang='lat' dir='ltr'><strong>Et</strong></span> <span class='ocrx_word' id='word_1_403' title='bbox 386 3786 507 3828; x_wconf 76' lang='lat' dir='ltr'><strong>cum</strong></span> <span class='ocrx_word' id='word_1_404' title='bbox 542 3773 799 3838; x_wconf 70' lang='lat' dir='ltr'><strong>venissent</strong></span> <span class='ocrx_word' id='word_1_405' title='bbox 826 3768 1075 3857; x_wconf 74' lang='lat' dir='ltr'><strong>discipuli</strong></span> <span class='ocrx_word' id='word_1_406' title='bbox 1104 3776 1223 3846; x_wconf 86' lang='lat' dir='ltr'><strong>ejus</strong></span> <span class='ocrx_word' id='word_1_407' title='bbox 1249 3785 1397 3832; x_wconf 89' lang='lat' dir='ltr'><strong>trans</strong></span> <span class='ocrx_word' id='word_1_408' title='bbox 1418 3775 1631 3849; x_wconf 74' lang='lat' dir='ltr'><strong>fretum,</strong></span> <span class='ocrx_word' id='word_1_409' title='bbox 1656 3777 1803 3833; x_wconf 88' lang='lat' dir='ltr'><strong>obliti</strong></span> 
     </span>
    </p>
   </div>
   <div class='ocr_carea' id='block_1_56' title="bbox 209 3863 1817 3941">
    <p class='ocr_par' dir='ltr' id='par_1_56' title="bbox 209 3863 1817 3941">
     <span class='ocr_line' id='line_1_56' title="bbox 209 3863 1817 3941; baseline 0.005 -23"><span class='ocrx_word' id='word_1_410' title='bbox 209 3871 344 3918; x_wconf 83' lang='lat' dir='ltr'><strong>sunt</strong></span> <span class='ocrx_word' id='word_1_411' title='bbox 382 3879 545 3941; x_wconf 82' lang='lat' dir='ltr'><strong>panes</strong></span> <span class='ocrx_word' id='word_1_412' title='bbox 580 3865 832 3936; x_wconf 85' lang='lat' dir='ltr'><strong>accipere.</strong></span> <span class='ocrx_word' id='word_1_413' title='bbox 872 3863 1092 3933; x_wconf 66' lang='lat' dir='ltr'><strong>Quaerat</strong></span> <span class='ocrx_word' id='word_1_414' title='bbox 1121 3866 1351 3938; x_wconf 88' lang='lat' dir='ltr'><strong>aliquis,</strong></span> <span class='ocrx_word' id='word_1_415' title='bbox 1384 3879 1440 3923; x_wconf 89' lang='lat' dir='ltr'><strong>et</strong></span> <span class='ocrx_word' id='word_1_416' title='bbox 1470 3870 1631 3935; x_wconf 86' lang='lat' dir='ltr'><strong>dicat,</strong></span> <span class='ocrx_word' id='word_1_417' title='bbox 1664 3864 1817 3939; x_wconf 45' lang='lat' dir='ltr'><strong>quoi</strong></span> 
     </span>
    </p>
   </div>
   <div class='ocr_carea' id='block_1_57' title="bbox 208 3955 1804 4032">
    <p class='ocr_par' dir='ltr' id='par_1_57' title="bbox 208 3955 1804 4032">
     <span class='ocr_line' id='line_1_57' title="bbox 208 3955 1804 4032; baseline 0.004 -22"><span class='ocrx_word' id='word_1_418' title='bbox 208 3955 381 4018; x_wconf 85' lang='lat' dir='ltr'><strong>modo</strong></span> <span class='ocrx_word' id='word_1_419' title='bbox 399 3968 567 4031; x_wconf 90' lang='lat' dir='ltr'><strong>panes</strong></span> <span class='ocrx_word' id='word_1_420' title='bbox 583 3971 692 4012; x_wconf 93' lang='lat' dir='ltr'><strong>non</strong></span> <span class='ocrx_word' id='word_1_421' title='bbox 715 3956 985 4023; x_wconf 85' lang='lat' dir='ltr'><strong>habebant</strong></span> <span class='ocrx_word' id='word_1_422' title='bbox 1007 3959 1099 4028; x_wconf 86' lang='lat' dir='ltr'><strong>qui</strong></span> <span class='ocrx_word' id='word_1_423' title='bbox 1121 3959 1304 4014; x_wconf 89' lang='lat' dir='ltr'><strong>statim</strong></span> <span class='ocrx_word' id='word_1_424' title='bbox 1333 3959 1568 4031; x_wconf 88' lang='lat' dir='ltr'><strong>impletis</strong></span> <span class='ocrx_word' id='word_1_425' title='bbox 1596 3969 1804 4032; x_wconf 85' lang='lat' dir='ltr'><strong>septem</strong></span> 
     </span>
    </p>
   </div>
   <div class='ocr_carea' id='block_1_58' title="bbox 207 4047 1801 4122">
    <p class='ocr_par' dir='ltr' id='par_1_58' title="bbox 207 4047 1801 4122">
     <span class='ocr_line' id='line_1_58' title="bbox 207 4047 1801 4122; baseline 0.001 -18"><span class='ocrx_word' id='word_1_426' title='bbox 207 4047 419 4122; x_wconf 86' lang='lat' dir='ltr'><strong>sportis</strong></span> <span class='ocrx_word' id='word_1_427' title='bbox 446 4047 805 4113; x_wconf 81' lang='lat' dir='ltr'><strong>ascenderunt</strong></span> <span class='ocrx_word' id='word_1_428' title='bbox 845 4048 901 4103; x_wconf 92' lang='lat' dir='ltr'><strong>in</strong></span> <span class='ocrx_word' id='word_1_429' title='bbox 931 4049 1238 4105; x_wconf 87' lang='lat' dir='ltr'><strong>naviculam</strong></span> <span class='ocrx_word' id='word_1_430' title='bbox 1265 4058 1319 4121; x_wconf 82' lang='lat' dir='ltr'><strong>et</strong></span> <span class='ocrx_word' id='word_1_431' title='bbox 1353 4061 1619 4107; x_wconf 88' lang='lat' dir='ltr'><strong>venerunt</strong></span> <span class='ocrx_word' id='word_1_432' title='bbox 1653 4053 1710 4108; x_wconf 90' lang='lat' dir='ltr'><strong>in</strong></span> <span class='ocrx_word' id='word_1_433' title='bbox 1744 4051 1801 4106; x_wconf 84' lang='lat' dir='ltr'><strong>ﬁ-</strong></span> 
     </span>
    </p>
   </div>
   <div class='ocr_carea' id='block_1_59' title="bbox 205 4137 1801 4223">
    <p class='ocr_par' dir='ltr' id='par_1_59' title="bbox 205 4137 1801 4223">
     <span class='ocr_line' id='line_1_59' title="bbox 205 4137 1801 4223; baseline 0.003 -26"><span class='ocrx_word' id='word_1_434' title='bbox 205 4154 323 4199; x_wconf 80' lang='lat' dir='ltr'><strong>nes</strong></span> <span class='ocrx_word' id='word_1_435' title='bbox 352 4137 642 4213; x_wconf 79' lang='lat' dir='ltr'><strong>Magedan,</strong></span> <span class='ocrx_word' id='word_1_436' title='bbox 680 4139 859 4211; x_wconf 90' lang='lat' dir='ltr'><strong>ibique</strong></span> <span class='ocrx_word' id='word_1_437' title='bbox 895 4141 1123 4198; x_wconf 89' lang='lat' dir='ltr'><strong>audiunt</strong></span> <span class='ocrx_word' id='word_1_438' title='bbox 1149 4142 1500 4223; x_wconf 78' lang='lat' dir='ltr'><strong>navigantes,</strong></span> <span class='ocrx_word' id='word_1_439' title='bbox 1537 4146 1678 4219; x_wconf 88' lang='lat' dir='ltr'><strong>quod</strong></span> <span class='ocrx_word' id='word_1_440' title='bbox 1709 4162 1801 4203; x_wconf 91' lang='lat' dir='ltr'><strong>ca-</strong></span> 
     </span>
    </p>
   </div>
   <div class='ocr_carea' id='block_1_60' title="bbox 204 4230 1802 4301">
    <p class='ocr_par' dir='ltr' id='par_1_60' title="bbox 204 4230 1802 4301">
     <span class='ocr_line' id='line_1_60' title="bbox 204 4230 1802 4301; baseline 0.006 -15"><span class='ocrx_word' id='word_1_441' title='bbox 204 4245 351 4287; x_wconf 88' lang='lat' dir='ltr'><strong>vere</strong></span> <span class='ocrx_word' id='word_1_442' title='bbox 379 4230 610 4291; x_wconf 83' lang='lat' dir='ltr'><strong>debeant</strong></span> <span class='ocrx_word' id='word_1_443' title='bbox 633 4247 664 4293; x_wconf 83' lang='lat' dir='ltr'><strong>a</strong></span> <span class='ocrx_word' id='word_1_444' title='bbox 688 4232 956 4295; x_wconf 82' lang='lat' dir='ltr'><strong>fermento</strong></span> <span class='ocrx_word' id='word_1_445' title='bbox 978 4233 1379 4292; x_wconf 70' lang='lat' dir='ltr'><strong>Pharisaeorum</strong></span> <span class='ocrx_word' id='word_1_446' title='bbox 1402 4246 1456 4293; x_wconf 91' lang='lat' dir='ltr'><strong>et</strong></span> <span class='ocrx_word' id='word_1_447' title='bbox 1480 4236 1802 4301; x_wconf 49' lang='lat' dir='ltr'><strong>Sadducaeos</strong></span> 
     </span>
    </p>
   </div>
   <div class='ocr_carea' id='block_1_61' title="bbox 206 4319 1783 4396">
    <p class='ocr_par' dir='ltr' id='par_1_61' title="bbox 206 4319 1783 4396">
     <span class='ocr_line' id='line_1_61' title="bbox 206 4319 1783 4396; baseline 0.004 -19"><span class='ocrx_word' id='word_1_448' title='bbox 206 4337 365 4389; x_wconf 85' lang='lat' dir='ltr'><strong>rum,</strong></span> <span class='ocrx_word' id='word_1_449' title='bbox 399 4321 496 4378; x_wconf 89' lang='lat' dir='ltr'><strong>sed</strong></span> <span class='ocrx_word' id='word_1_450' title='bbox 530 4319 811 4394; x_wconf 85' lang='lat' dir='ltr'><strong>Scriptura</strong></span> <span class='ocrx_word' id='word_1_451' title='bbox 846 4332 1081 4389; x_wconf 81' lang='lat' dir='ltr'><strong>testatur</strong></span> <span class='ocrx_word' id='word_1_452' title='bbox 1106 4326 1250 4396; x_wconf 87' lang='lat' dir='ltr'><strong>quod</strong></span> <span class='ocrx_word' id='word_1_453' title='bbox 1274 4325 1428 4382; x_wconf 92' lang='lat' dir='ltr'><strong>obliti</strong></span> <span class='ocrx_word' id='word_1_454' title='bbox 1458 4327 1569 4382; x_wconf 90' lang='lat' dir='ltr'><strong>sint</strong></span> <span class='ocrx_word' id='word_1_455' title='bbox 1596 4343 1690 4383; x_wconf 90' lang='lat' dir='ltr'><strong>eos</strong></span> <span class='ocrx_word' id='word_1_456' title='bbox 1717 4343 1783 4384; x_wconf 84' lang='lat' dir='ltr'><strong>se</strong></span> 
     </span>
    </p>
   </div>
   <div class='ocr_carea' id='block_1_62' title="bbox 205 4402 1794 4488">
    <p class='ocr_par' dir='ltr' id='par_1_62' title="bbox 205 4402 1794 4488">
     <span class='ocr_line' id='line_1_62' title="bbox 205 4402 1794 4488; baseline 0.005 -22"><span class='ocrx_word' id='word_1_457' title='bbox 205 4425 338 4488; x_wconf 81' lang='lat' dir='ltr'><strong>cum</strong></span> <span class='ocrx_word' id='word_1_458' title='bbox 379 4410 583 4475; x_wconf 87' lang='lat' dir='ltr'><strong>tollere.</strong></span> <span class='ocrx_word' id='word_1_459' title='bbox 620 4402 776 4483; x_wconf 72' lang='lat' dir='ltr'><strong>Quod</strong></span> <span class='ocrx_word' id='word_1_460' title='bbox 822 4422 1003 4471; x_wconf 89' lang='lat' dir='ltr'><strong>autem</strong></span> <span class='ocrx_word' id='word_1_461' title='bbox 1047 4415 1357 4488; x_wconf 85' lang='lat' dir='ltr'><strong>navigaturi</strong></span> <span class='ocrx_word' id='word_1_462' title='bbox 1404 4426 1555 4473; x_wconf 76' lang='lat' dir='ltr'><strong>n-ans</strong></span> <span class='ocrx_word' id='word_1_463' title='bbox 1598 4416 1794 4474; x_wconf 80' lang='lat' dir='ltr'><strong>fretum</strong></span> 
     </span>
    </p>
   </div>
   <div class='ocr_carea' id='block_1_63' title="bbox 204 4506 1851 4597">
    <p class='ocr_par' dir='ltr' id='par_1_63' title="bbox 204 4506 1851 4597">
     <span class='ocr_line' id='line_1_63' title="bbox 204 4506 1851 4597; baseline 0.003 -35"><span class='ocrx_word' id='word_1_464' title='bbox 204 4506 368 4562; x_wconf 85' lang='lat' dir='ltr'><strong>obliti</strong></span> <span class='ocrx_word' id='word_1_465' title='bbox 412 4516 540 4562; x_wconf 88' lang='lat' dir='ltr'><strong>sunt</strong></span> <span class='ocrx_word' id='word_1_466' title='bbox 578 4507 839 4567; x_wconf 88' lang='lat' dir='ltr'><strong>viaticum</strong></span> <span class='ocrx_word' id='word_1_467' title='bbox 886 4524 1099 4566; x_wconf 84' lang='lat' dir='ltr'><strong>sumere</strong></span> <span class='ocrx_word' id='word_1_468' title='bbox 1146 4525 1350 4579; x_wconf 89' lang='lat' dir='ltr'><strong>secum,</strong></span> <span class='ocrx_word' id='word_1_469' title='bbox 1408 4511 1669 4567; x_wconf 91' lang='lat' dir='ltr'><strong>indicium</strong></span> <span class='ocrx_word' id='word_1_470' title='bbox 1714 4506 1851 4597; x_wconf 56' lang='lat' dir='ltr'><strong>est‘:x</strong></span> 
     </span>
    </p>
   </div>
   <div class='ocr_carea' id='block_1_64' title="bbox 205 4600 1794 4675">
    <p class='ocr_par' dir='ltr' id='par_1_64' title="bbox 205 4600 1794 4675">
     <span class='ocr_line' id='line_1_64' title="bbox 205 4600 1794 4675; baseline 0.004 -21"><span class='ocrx_word' id='word_1_471' title='bbox 205 4614 380 4671; x_wconf 83' lang='lat' dir='ltr'><strong>quam</strong></span> <span class='ocrx_word' id='word_1_472' title='bbox 412 4600 684 4667; x_wconf 78' lang='lat' dir='ltr'><strong>modicam</strong></span> <span class='ocrx_word' id='word_1_473' title='bbox 704 4602 889 4659; x_wconf 87' lang='lat' dir='ltr'><strong>carnis</strong></span> <span class='ocrx_word' id='word_1_474' title='bbox 924 4617 1113 4658; x_wconf 86' lang='lat' dir='ltr'><strong>curam</strong></span> <span class='ocrx_word' id='word_1_475' title='bbox 1144 4604 1409 4665; x_wconf 83' lang='lat' dir='ltr'><strong>haberent</strong></span> <span class='ocrx_word' id='word_1_476' title='bbox 1446 4605 1502 4659; x_wconf 92' lang='lat' dir='ltr'><strong>in</strong></span> <span class='ocrx_word' id='word_1_477' title='bbox 1528 4604 1794 4675; x_wconf 87' lang='lat' dir='ltr'><strong>reliquiis,</strong></span> 
     </span>
    </p>
   </div>
   <div class='ocr_carea' id='block_1_65' title="bbox 206 4689 1795 4767">
    <p class='ocr_par' dir='ltr' id='par_1_65' title="bbox 206 4689 1795 4767">
     <span class='ocr_line' id='line_1_65' title="bbox 206 4689 1795 4767; baseline 0.005 -23"><span class='ocrx_word' id='word_1_478' title='bbox 206 4689 410 4767; x_wconf 80' lang='lat' dir='ltr'><strong>quibus</strong></span> <span class='ocrx_word' id='word_1_479' title='bbox 438 4689 555 4764; x_wconf 90' lang='lat' dir='ltr'><strong>ipsa</strong></span> <span class='ocrx_word' id='word_1_480' title='bbox 589 4691 866 4750; x_wconf 84' lang='lat' dir='ltr'><strong>reﬁciendi</strong></span> <span class='ocrx_word' id='word_1_481' title='bbox 894 4694 1137 4767; x_wconf 89' lang='lat' dir='ltr'><strong>corporis</strong></span> <span class='ocrx_word' id='word_1_482' title='bbox 1172 4695 1468 4751; x_wconf 83' lang='lat' dir='ltr'><strong>necessitas</strong></span> <span class='ocrx_word' id='word_1_483' title='bbox 1493 4711 1612 4765; x_wconf 68' lang='lat' dir='ltr'><strong>quae</strong></span> <span class='ocrx_word' id='word_1_484' title='bbox 1640 4705 1795 4751; x_wconf 86' lang='lat' dir='ltr'><strong>natu-</strong></span> 
     </span>
    </p>
   </div>
   <div class='ocr_carea' id='block_1_66' title="bbox 204 4779 1794 4848">
    <p class='ocr_par' dir='ltr' id='par_1_66' title="bbox 204 4779 1794 4848">
     <span class='ocr_line' id='line_1_66' title="bbox 204 4779 1794 4848; baseline 0.006 -12"><span class='ocrx_word' id='word_1_485' title='bbox 204 4779 404 4837; x_wconf 87' lang='lat' dir='ltr'><strong>raliter</strong></span> <span class='ocrx_word' id='word_1_486' title='bbox 430 4781 640 4843; x_wconf 86' lang='lat' dir='ltr'><strong>cunctis</strong></span> <span class='ocrx_word' id='word_1_487' title='bbox 675 4782 992 4848; x_wconf 72' lang='lat' dir='ltr'><strong>mortalibus</strong></span> <span class='ocrx_word' id='word_1_488' title='bbox 1012 4786 1166 4843; x_wconf 82' lang='lat' dir='ltr'><strong>.inest</strong></span> <span class='ocrx_word' id='word_1_489' title='bbox 1195 4787 1497 4844; x_wconf 90' lang='lat' dir='ltr'><strong>intentione</strong></span> <span class='ocrx_word' id='word_1_490' title='bbox 1526 4787 1794 4845; x_wconf 91' lang='lat' dir='ltr'><strong>Dominici</strong></span> 
     </span>
    </p>
   </div>
   <div class='ocr_carea' id='block_1_67' title="bbox 207 4871 1795 4952">
    <p class='ocr_par' dir='ltr' id='par_1_67' title="bbox 207 4871 1795 4952">
     <span class='ocr_line' id='line_1_67' title="bbox 207 4871 1795 4952; baseline 0.006 -24"><span class='ocrx_word' id='word_1_491' title='bbox 207 4871 505 4928; x_wconf 87' lang='lat' dir='ltr'><strong>comitatus</strong></span> <span class='ocrx_word' id='word_1_492' title='bbox 544 4881 725 4929; x_wconf 91' lang='lat' dir='ltr'><strong>mente</strong></span> <span class='ocrx_word' id='word_1_493' title='bbox 748 4884 1079 4934; x_wconf 81' lang='lat' dir='ltr'><strong>excesserat.</strong></span> <span class='ocrx_word' id='word_1_494' title='bbox 1112 4877 1263 4933; x_wconf 90' lang='lat' dir='ltr'><strong>Unus</strong></span> <span class='ocrx_word' id='word_1_495' title='bbox 1286 4893 1416 4933; x_wconf 90' lang='lat' dir='ltr'><strong>vero</strong></span> <span class='ocrx_word' id='word_1_496' title='bbox 1448 4880 1605 4951; x_wconf 89' lang='lat' dir='ltr'><strong>panis</strong></span> <span class='ocrx_word' id='word_1_497' title='bbox 1633 4897 1795 4952; x_wconf 89' lang='lat' dir='ltr'><strong>quem</strong></span> 
     </span>
    </p>
   </div>
   <div class='ocr_carea' id='block_1_68' title="bbox 207 4965 1796 5045">
    <p class='ocr_par' dir='ltr' id='par_1_68' title="bbox 207 4965 1796 5045">
     <span class='ocr_line' id='line_1_68' title="bbox 207 4965 1796 5045; baseline 0.006 -26"><span class='ocrx_word' id='word_1_498' title='bbox 207 4981 401 5037; x_wconf 75' lang='lat' dir='ltr'><strong>secum</strong></span> <span class='ocrx_word' id='word_1_499' title='bbox 431 4965 704 5025; x_wconf 89' lang='lat' dir='ltr'><strong>habebant</strong></span> <span class='ocrx_word' id='word_1_500' title='bbox 734 4968 790 5024; x_wconf 92' lang='lat' dir='ltr'><strong>in</strong></span> <span class='ocrx_word' id='word_1_501' title='bbox 830 4968 956 5023; x_wconf 88' lang='lat' dir='ltr'><strong>navi</strong></span> <span class='ocrx_word' id='word_1_502' title='bbox 987 4969 1214 5045; x_wconf 71' lang='lat' dir='ltr'><strong>mystice</strong></span> <span class='ocrx_word' id='word_1_503' title='bbox 1250 4971 1422 5042; x_wconf 91' lang='lat' dir='ltr'><strong>ipsum</strong></span> <span class='ocrx_word' id='word_1_504' title='bbox 1448 4986 1643 5041; x_wconf 90' lang='lat' dir='ltr'><strong>panem</strong></span> <span class='ocrx_word' id='word_1_505' title='bbox 1674 4973 1796 5029; x_wconf 78' lang='lat' dir='ltr'><strong>vitae</strong></span> 
     </span>
    </p>
   </div>
   <div class='ocr_carea' id='block_1_69' title="bbox 206 5057 1797 5136">
    <p class='ocr_par' dir='ltr' id='par_1_69' title="bbox 206 5057 1797 5136">
     <span class='ocr_line' id='line_1_69' title="bbox 206 5057 1797 5136; baseline 0.005 -24"><span class='ocrx_word' id='word_1_506' title='bbox 206 5057 506 5128; x_wconf 73' lang='lat' dir='ltr'><strong>Dominam</strong></span> <span class='ocrx_word' id='word_1_507' title='bbox 558 5058 812 5123; x_wconf 88' lang='lat' dir='ltr'><strong>videlicet</strong></span> <span class='ocrx_word' id='word_1_508' title='bbox 875 5059 1214 5119; x_wconf 88' lang='lat' dir='ltr'><strong>Salvatorem</strong></span> <span class='ocrx_word' id='word_1_509' title='bbox 1278 5062 1526 5133; x_wconf 86' lang='lat' dir='ltr'><strong>designat</strong></span> <span class='ocrx_word' id='word_1_510' title='bbox 1575 5081 1588 5118; x_wconf 89' lang='lat'><strong>:</strong></span> <span class='ocrx_word' id='word_1_511' title='bbox 1644 5064 1797 5136; x_wconf 84' lang='lat' dir='ltr'><strong>cujus</strong></span> 
     </span>
    </p>
   </div>
   <div class='ocr_carea' id='block_1_70' title="bbox 208 5155 1799 5237">
    <p class='ocr_par' dir='ltr' id='par_1_70' title="bbox 208 5155 1799 5237">
     <span class='ocr_line' id='line_1_70' title="bbox 208 5155 1799 5237; baseline 0.001 -26"><span class='ocrx_word' id='word_1_512' title='bbox 208 5169 406 5227; x_wconf 63' lang='lat' dir='ltr'><strong>amore</strong></span> <span class='ocrx_word' id='word_1_513' title='bbox 445 5155 574 5233; x_wconf 83' lang='lat' dir='ltr'><strong>quia</strong></span> <span class='ocrx_word' id='word_1_514' title='bbox 602 5170 837 5229; x_wconf 82' lang='lat' dir='ltr'><strong>semper</strong></span> <span class='ocrx_word' id='word_1_515' title='bbox 887 5157 1038 5237; x_wconf 83' lang='lat' dir='ltr'><strong>intus</strong></span> <span class='ocrx_word' id='word_1_516' title='bbox 1090 5155 1473 5213; x_wconf 86' lang='lat' dir='ltr'><strong>reﬁciebantur</strong></span> <span class='ocrx_word' id='word_1_517' title='bbox 1526 5156 1579 5213; x_wconf 91' lang='lat' dir='ltr'><strong>in</strong></span> <span class='ocrx_word' id='word_1_518' title='bbox 1635 5158 1799 5237; x_wconf 79' lang='lat' dir='ltr'><strong>corde</strong></span> 
     </span>
    </p>
   </div>
   <div class='ocr_carea' id='block_1_71' title="bbox 207 5248 1797 5339">
    <p class='ocr_par' dir='ltr' id='par_1_71' title="bbox 207 5248 1797 5339">
     <span class='ocr_line' id='line_1_71' title="bbox 207 5248 1797 5339; baseline 0.001 -35"><span class='ocrx_word' id='word_1_519' title='bbox 207 5248 397 5313; x_wconf 79' lang='lat' dir='ltr'><strong>minus</strong></span> <span class='ocrx_word' id='word_1_520' title='bbox 422 5248 489 5307; x_wconf 90' lang='lat' dir='ltr'><strong>de</strong></span> <span class='ocrx_word' id='word_1_521' title='bbox 520 5255 737 5321; x_wconf 69' lang='lat' dir='ltr'><strong>terreno</strong></span> <span class='ocrx_word' id='word_1_522' title='bbox 761 5265 904 5327; x_wconf 88' lang='lat' dir='ltr'><strong>pane</strong></span> <span class='ocrx_word' id='word_1_523' title='bbox 932 5265 1039 5327; x_wconf 84' lang='lat' dir='ltr'><strong>quo</strong></span> <span class='ocrx_word' id='word_1_524' title='bbox 1067 5265 1266 5325; x_wconf 85' lang='lat' dir='ltr'><strong>corpus</strong></span> <span class='ocrx_word' id='word_1_525' title='bbox 1289 5251 1443 5329; x_wconf 84' lang='lat' dir='ltr'><strong>pasci</strong></span> <span class='ocrx_word' id='word_1_526' title='bbox 1471 5248 1609 5307; x_wconf 89' lang='lat' dir='ltr'><strong>solet</strong></span> <span class='ocrx_word' id='word_1_527' title='bbox 1636 5266 1797 5339; x_wconf 32' lang='lat' dir='ltr'><strong>cura:</strong></span> 
     </span>
    </p>
   </div>
   <div class='ocr_carea' id='block_1_72' title="bbox 207 5340 392 5407">
    <p class='ocr_par' dir='ltr' id='par_1_72' title="bbox 207 5340 392 5407">
     <span class='ocr_line' id='line_1_72' title="bbox 207 5340 392 5407; baseline 0 0"><span class='ocrx_word' id='word_1_528' title='bbox 207 5340 392 5407; x_wconf 67' lang='lat' dir='ltr'><strong>bant:</strong></span> 
     </span>
    </p>
   </div>
   <div class='ocr_carea' id='block_1_73' title="bbox 214 5416 1794 5505">
    <p class='ocr_par' dir='ltr' id='par_1_73' title="bbox 214 5416 1794 5505">
     <span class='ocr_line' id='line_1_73' title="bbox 214 5416 1794 5505; baseline 0 -18"><span class='ocrx_word' id='word_1_529' title='bbox 214 5494 221 5499; x_wconf 45' lang='grc'><em>,</em></span> <span class='ocrx_word' id='word_1_530' title='bbox 284 5431 395 5499; x_wconf 77' lang='lat' dir='ltr'><strong>Qui</strong></span> <span class='ocrx_word' id='word_1_531' title='bbox 421 5431 554 5493; x_wconf 64' lang='lat' dir='ltr'><strong>dixit</strong></span> <span class='ocrx_word' id='word_1_532' title='bbox 579 5431 686 5491; x_wconf 82' lang='lat' dir='ltr'><strong>illis</strong></span> <span class='ocrx_word' id='word_1_533' title='bbox 719 5449 739 5491; x_wconf 84' lang='lat'><strong>.&#39;</strong></span> <span class='ocrx_word' id='word_1_534' title='bbox 785 5432 1115 5502; x_wconf 87' lang='lat' dir='ltr'><strong>Intuemini,</strong></span> <span class='ocrx_word' id='word_1_535' title='bbox 1166 5443 1216 5489; x_wconf 89' lang='lat' dir='ltr'><strong>et</strong></span> <span class='ocrx_word' id='word_1_536' title='bbox 1258 5416 1428 5488; x_wconf 82' lang='lat' dir='ltr'><strong>cavete</strong></span> <span class='ocrx_word' id='word_1_537' title='bbox 1468 5451 1500 5488; x_wconf 93' lang='lat' dir='ltr'><strong>a</strong></span> <span class='ocrx_word' id='word_1_538' title='bbox 1542 5433 1794 5505; x_wconf 80' lang='lat' dir='ltr'><strong>fermento</strong></span> 
     </span>
    </p>
   </div>
   <div class='ocr_carea' id='block_1_74' title="bbox 203 5522 1794 5598">
    <p class='ocr_par' dir='ltr' id='par_1_74' title="bbox 203 5522 1794 5598">
     <span class='ocr_line' id='line_1_74' title="bbox 203 5522 1794 5598; baseline -0.003 -13"><span class='ocrx_word' id='word_1_539' title='bbox 203 5522 612 5589; x_wconf 72' lang='lat' dir='ltr'><strong>.Pbarisaorum</strong></span> <span class='ocrx_word' id='word_1_540' title='bbox 634 5535 682 5595; x_wconf 76' lang='lat' dir='ltr'><strong>et</strong></span> <span class='ocrx_word' id='word_1_541' title='bbox 697 5523 1136 5590; x_wconf 76' lang='lat' dir='ltr'><strong>Sadducteorum.</strong></span> <span class='ocrx_word' id='word_1_542' title='bbox 1152 5525 1210 5581; x_wconf 90' lang='lat' dir='ltr'><strong>in</strong></span> <span class='ocrx_word' id='word_1_543' title='bbox 1231 5526 1412 5583; x_wconf 83' lang='lat' dir='ltr'><strong>Marco</strong></span> <span class='ocrx_word' id='word_1_544' title='bbox 1432 5528 1507 5582; x_wconf 91' lang='lat' dir='ltr'><strong>ita</strong></span> <span class='ocrx_word' id='word_1_545' title='bbox 1533 5528 1794 5598; x_wconf 88' lang='lat' dir='ltr'><strong>scriptum</strong></span> 
     </span>
    </p>
   </div>
   <div class='ocr_carea' id='block_1_75' title="bbox 210 5610 1795 5691">
    <p class='ocr_par' dir='ltr' id='par_1_75' title="bbox 210 5610 1795 5691">
     <span class='ocr_line' id='line_1_75' title="bbox 210 5610 1795 5691; baseline -0.002 -18"><span class='ocrx_word' id='word_1_546' title='bbox 210 5624 294 5685; x_wconf 58' lang='lat' dir='ltr'><strong>est</strong></span> <span class='ocrx_word' id='word_1_547' title='bbox 319 5634 333 5673; x_wconf 89' lang='lat'><strong>:</strong></span> <span class='ocrx_word' id='word_1_548' title='bbox 370 5613 546 5679; x_wconf 81' lang='lat' dir='ltr'><strong>Videte</strong></span> <span class='ocrx_word' id='word_1_549' title='bbox 570 5626 622 5673; x_wconf 83' lang='lat' dir='ltr'><strong>et</strong></span> <span class='ocrx_word' id='word_1_550' title='bbox 642 5628 816 5677; x_wconf 85' lang='lat' dir='ltr'><strong>cavete</strong></span> <span class='ocrx_word' id='word_1_551' title='bbox 854 5638 887 5673; x_wconf 90' lang='lat' dir='ltr'><strong>a</strong></span> <span class='ocrx_word' id='word_1_552' title='bbox 916 5620 1168 5691; x_wconf 70' lang='lat' dir='ltr'><strong>fermento</strong></span> <span class='ocrx_word' id='word_1_553' title='bbox 1194 5618 1585 5674; x_wconf 60' lang='lat' dir='ltr'><strong>Pharisaeorum</strong></span> <span class='ocrx_word' id='word_1_554' title='bbox 1616 5626 1662 5673; x_wconf 81' lang='lat' dir='ltr'><strong>et</strong></span> <span class='ocrx_word' id='word_1_555' title='bbox 1693 5610 1795 5688; x_wconf 75' lang='lat' dir='ltr'><strong>fer-</strong></span> 
     </span>
    </p>
   </div>
   <div class='ocr_carea' id='block_1_76' title="bbox 214 5700 1795 5797">
    <p class='ocr_par' dir='ltr' id='par_1_76' title="bbox 214 5700 1795 5797">
     <span class='ocr_line' id='line_1_76' title="bbox 214 5700 1795 5797; baseline -0.002 -29"><span class='ocrx_word' id='word_1_556' title='bbox 214 5716 393 5783; x_wconf 67' lang='lat' dir='ltr'><strong>ntath</strong></span> <span class='ocrx_word' id='word_1_557' title='bbox 408 5706 659 5773; x_wconf 74' lang='lat' dir='ltr'><strong>Herodis.</strong></span> <span class='ocrx_word' id='word_1_558' title='bbox 684 5709 1034 5785; x_wconf 68' lang='lat' dir='ltr'><strong>Formantum</strong></span> <span class='ocrx_word' id='word_1_559' title='bbox 1048 5710 1448 5769; x_wconf 69' lang='lat' dir='ltr'><strong>Pharisreorum</strong></span> <span class='ocrx_word' id='word_1_560' title='bbox 1472 5721 1563 5797; x_wconf 80' lang='lat' dir='ltr'><strong>est</strong></span> <span class='ocrx_word' id='word_1_561' title='bbox 1576 5700 1795 5768; x_wconf 82' lang='lat' dir='ltr'><strong>decreta</strong></span> 
     </span>
    </p>
   </div>
   <div class='ocr_carea' id='block_1_77' title="bbox 1914 1845 3495 1925">
    <p class='ocr_par' dir='ltr' id='par_1_77' title="bbox 1914 1845 3495 1925">
     <span class='ocr_line' id='line_1_77' title="bbox 1914 1845 3495 1925; baseline 0.003 -26"><span class='ocrx_word' id='word_1_562' title='bbox 1914 1846 2039 1900; x_wconf 88' lang='lat' dir='ltr'><strong>dum</strong></span> <span class='ocrx_word' id='word_1_563' title='bbox 2058 1845 2345 1917; x_wconf 82' lang='lat' dir='ltr'><strong>intelligitis</strong></span> <span class='ocrx_word' id='word_1_564' title='bbox 2370 1864 2533 1919; x_wconf 82' lang='lat' dir='ltr'><strong>neque</strong></span> <span class='ocrx_word' id='word_1_565' title='bbox 2558 1849 2910 1903; x_wconf 79' lang='lat' dir='ltr'><strong>recordamini</strong></span> <span class='ocrx_word' id='word_1_566' title='bbox 2927 1851 3155 1920; x_wconf 73' lang='lat' dir='ltr'><strong>quinque</strong></span> <span class='ocrx_word' id='word_1_567' title='bbox 3175 1867 3369 1920; x_wconf 85' lang='lat' dir='ltr'><strong>panum</strong></span> <span class='ocrx_word' id='word_1_568' title='bbox 3395 1849 3495 1925; x_wconf 83' lang='lat' dir='ltr'><strong>[in]</strong></span> 
     </span>
    </p>
   </div>
   <div class='ocr_carea' id='block_1_78' title="bbox 1912 1926 3501 2015">
    <p class='ocr_par' dir='ltr' id='par_1_78' title="bbox 1912 1926 3501 2015">
     <span class='ocr_line' id='line_1_78' title="bbox 1912 1926 3501 2015; baseline 0.004 -23"><span class='ocrx_word' id='word_1_569' title='bbox 1912 1932 2137 2009; x_wconf 80' lang='lat' dir='ltr'><strong>quinque</strong></span> <span class='ocrx_word' id='word_1_570' title='bbox 2162 1939 2329 1994; x_wconf 86' lang='lat' dir='ltr'><strong>millia</strong></span> <span class='ocrx_word' id='word_1_571' title='bbox 2352 1939 2644 2007; x_wconf 77' lang='lat' dir='ltr'><strong>hominum,</strong></span> <span class='ocrx_word' id='word_1_572' title='bbox 2676 1951 2724 1996; x_wconf 90' lang='lat' dir='ltr'><strong>et</strong></span> <span class='ocrx_word' id='word_1_573' title='bbox 2749 1951 2875 2013; x_wconf 84' lang='lat' dir='ltr'><strong>quot</strong></span> <span class='ocrx_word' id='word_1_574' title='bbox 2898 1943 3145 2012; x_wconf 75' lang='lat' dir='ltr'><strong>cophinos</strong></span> <span class='ocrx_word' id='word_1_575' title='bbox 3167 1926 3501 2015; x_wconf 63' lang='lat' dir='ltr'><strong>sumpsistisi</strong></span> 
     </span>
    </p>
   </div>
   <div class='ocr_carea' id='block_1_79' title="bbox 1915 2029 3496 2105">
    <p class='ocr_par' dir='ltr' id='par_1_79' title="bbox 1915 2029 3496 2105">
     <span class='ocr_line' id='line_1_79' title="bbox 1915 2029 3496 2105; baseline 0.003 -21"><span class='ocrx_word' id='word_1_576' title='bbox 1915 2029 2100 2102; x_wconf 80' lang='lat' dir='ltr'><strong>Neque</strong></span> <span class='ocrx_word' id='word_1_577' title='bbox 2126 2041 2317 2099; x_wconf 80' lang='lat' dir='ltr'><strong>septem</strong></span> <span class='ocrx_word' id='word_1_578' title='bbox 2359 2048 2554 2102; x_wconf 79' lang='lat' dir='ltr'><strong>panum</strong></span> <span class='ocrx_word' id='word_1_579' title='bbox 2597 2031 2701 2105; x_wconf 84' lang='lat' dir='ltr'><strong>[in]</strong></span> <span class='ocrx_word' id='word_1_580' title='bbox 2741 2042 2968 2104; x_wconf 81' lang='lat' dir='ltr'><strong>quatuor</strong></span> <span class='ocrx_word' id='word_1_581' title='bbox 2996 2032 3166 2088; x_wconf 80' lang='lat' dir='ltr'><strong>millia</strong></span> <span class='ocrx_word' id='word_1_582' title='bbox 3204 2034 3496 2101; x_wconf 76' lang='lat' dir='ltr'><strong>hominum,</strong></span> 
     </span>
    </p>
   </div>
   <div class='ocr_carea' id='block_1_80' title="bbox 1912 2123 3499 2196">
    <p class='ocr_par' dir='ltr' id='par_1_80' title="bbox 1912 2123 3499 2196">
     <span class='ocr_line' id='line_1_80' title="bbox 1912 2123 3499 2196; baseline 0.002 -20"><span class='ocrx_word' id='word_1_583' title='bbox 1912 2131 1959 2177; x_wconf 91' lang='lat' dir='ltr'><strong>et</strong></span> <span class='ocrx_word' id='word_1_584' title='bbox 1984 2133 2105 2193; x_wconf 88' lang='lat' dir='ltr'><strong>quot</strong></span> <span class='ocrx_word' id='word_1_585' title='bbox 2135 2133 2339 2194; x_wconf 87' lang='lat' dir='ltr'><strong>sportas</strong></span> <span class='ocrx_word' id='word_1_586' title='bbox 2370 2124 2704 2194; x_wconf 82' lang='lat' dir='ltr'><strong>sumpsistis?</strong></span> <span class='ocrx_word' id='word_1_587' title='bbox 2732 2123 2910 2190; x_wconf 84' lang='lat' dir='ltr'><strong>Quare</strong></span> <span class='ocrx_word' id='word_1_588' title='bbox 2933 2141 3039 2179; x_wconf 80' lang='lat' dir='ltr'><strong>non</strong></span> <span class='ocrx_word' id='word_1_589' title='bbox 3060 2123 3350 2195; x_wconf 79' lang='lat' dir='ltr'><strong>intelligitis</strong></span> <span class='ocrx_word' id='word_1_590' title='bbox 3374 2126 3499 2196; x_wconf 81' lang='lat' dir='ltr'><strong>quia</strong></span> 
     </span>
    </p>
   </div>
   <div class='ocr_carea' id='block_1_81' title="bbox 1912 2214 3496 2286">
    <p class='ocr_par' dir='ltr' id='par_1_81' title="bbox 1912 2214 3496 2286">
     <span class='ocr_line' id='line_1_81' title="bbox 1912 2214 3496 2286; baseline 0.003 -17"><span class='ocrx_word' id='word_1_591' title='bbox 1912 2230 2015 2270; x_wconf 92' lang='lat' dir='ltr'><strong>non</strong></span> <span class='ocrx_word' id='word_1_592' title='bbox 2037 2215 2101 2269; x_wconf 86' lang='lat' dir='ltr'><strong>de</strong></span> <span class='ocrx_word' id='word_1_593' title='bbox 2129 2231 2263 2285; x_wconf 83' lang='lat' dir='ltr'><strong>pane</strong></span> <span class='ocrx_word' id='word_1_594' title='bbox 2283 2214 2396 2269; x_wconf 65' lang='lat' dir='ltr'><strong>dixi</strong></span> <span class='ocrx_word' id='word_1_595' title='bbox 2414 2214 2557 2271; x_wconf 78' lang='lat' dir='ltr'><strong>vobis</strong></span> <span class='ocrx_word' id='word_1_596' title='bbox 2587 2231 2606 2270; x_wconf 88' lang='lat'><strong><em>:</em></strong></span> <span class='ocrx_word' id='word_1_597' title='bbox 2636 2214 2826 2271; x_wconf 83' lang='lat' dir='ltr'><strong>Cauete</strong></span> <span class='ocrx_word' id='word_1_598' title='bbox 2851 2233 2882 2270; x_wconf 91' lang='lat' dir='ltr'><strong>a</strong></span> <span class='ocrx_word' id='word_1_599' title='bbox 2905 2217 3163 2286; x_wconf 76' lang='lat' dir='ltr'><strong>fomento</strong></span> <span class='ocrx_word' id='word_1_600' title='bbox 3193 2215 3496 2273; x_wconf 61' lang='lat' dir='ltr'><strong>Phariaca-</strong></span> 
     </span>
    </p>
   </div>
   <div class='ocr_carea' id='block_1_82' title="bbox 1912 2294 3531 2379">
    <p class='ocr_par' dir='ltr' id='par_1_82' title="bbox 1912 2294 3531 2379">
     <span class='ocr_line' id='line_1_82' title="bbox 1912 2294 3531 2379; baseline 0.004 -21"><span class='ocrx_word' id='word_1_601' title='bbox 1912 2320 2028 2359; x_wconf 88' lang='lat' dir='ltr'><strong>rum</strong></span> <span class='ocrx_word' id='word_1_602' title='bbox 2055 2314 2104 2359; x_wconf 91' lang='lat' dir='ltr'><strong>et</strong></span> <span class='ocrx_word' id='word_1_603' title='bbox 2136 2294 2574 2361; x_wconf 71' lang='lat' dir='ltr'><strong>Sadducteorum.</strong></span> <span class='ocrx_word' id='word_1_604' title='bbox 2607 2305 2713 2362; x_wconf 88' lang='lat' dir='ltr'><strong>Per</strong></span> <span class='ocrx_word' id='word_1_605' title='bbox 2733 2308 3076 2363; x_wconf 85' lang='lat' dir='ltr'><strong>occasionem</strong></span> <span class='ocrx_word' id='word_1_606' title='bbox 3103 2309 3357 2379; x_wconf 67' lang='lat' dir='ltr'><strong>praecepti</strong></span> <span class='ocrx_word' id='word_1_607' title='bbox 3388 2296 3531 2378; x_wconf 20' lang='lat' dir='ltr'><strong>quo“</strong></span> 
     </span>
    </p>
   </div>
   <div class='ocr_carea' id='block_1_83' title="bbox 1913 2395 3495 2469">
    <p class='ocr_par' dir='ltr' id='par_1_83' title="bbox 1913 2395 3495 2469">
     <span class='ocr_line' id='line_1_83' title="bbox 1913 2395 3495 2469; baseline 0.001 -19"><span class='ocrx_word' id='word_1_608' title='bbox 1913 2395 2162 2451; x_wconf 78' lang='lat' dir='ltr'><strong>Salvator</strong></span> <span class='ocrx_word' id='word_1_609' title='bbox 2208 2398 2445 2467; x_wconf 74' lang='lat' dir='ltr'><strong>iusserat</strong></span> <span class='ocrx_word' id='word_1_610' title='bbox 2475 2398 2663 2454; x_wconf 87' lang='lat' dir='ltr'><strong>dicens</strong></span> <span class='ocrx_word' id='word_1_611' title='bbox 2696 2416 2711 2452; x_wconf 87' lang='lat'><strong>:</strong></span> <span class='ocrx_word' id='word_1_612' title='bbox 2742 2395 2932 2453; x_wconf 78' lang='lat' dir='ltr'><strong>Cavete</strong></span> <span class='ocrx_word' id='word_1_613' title='bbox 2955 2418 2987 2453; x_wconf 89' lang='lat' dir='ltr'><strong>a</strong></span> <span class='ocrx_word' id='word_1_614' title='bbox 3014 2398 3266 2469; x_wconf 78' lang='lat' dir='ltr'><strong>fermento</strong></span> <span class='ocrx_word' id='word_1_615' title='bbox 3298 2397 3495 2453; x_wconf 76' lang='lat' dir='ltr'><strong>Phari-</strong></span> 
     </span>
    </p>
   </div>
   <div class='ocr_carea' id='block_1_84' title="bbox 1908 2488 3523 2561">
    <p class='ocr_par' dir='ltr' id='par_1_84' title="bbox 1908 2488 3523 2561">
     <span class='ocr_line' id='line_1_84' title="bbox 1908 2488 3523 2561; baseline 0 -18"><span class='ocrx_word' id='word_1_616' title='bbox 1908 2505 2133 2544; x_wconf 67' lang='lat' dir='ltr'><strong>sarorum</strong></span> <span class='ocrx_word' id='word_1_617' title='bbox 2161 2497 2209 2542; x_wconf 88' lang='lat' dir='ltr'><strong>et</strong></span> <span class='ocrx_word' id='word_1_618' title='bbox 2239 2488 2494 2557; x_wconf 79' lang='lat' dir='ltr'><strong>fermento</strong></span> <span class='ocrx_word' id='word_1_619' title='bbox 2515 2488 2743 2544; x_wconf 83' lang='lat' dir='ltr'><strong>Herodis</strong></span> <span class='ocrx_word' id='word_1_620' title='bbox 2769 2502 2788 2541; x_wconf 91' lang='lat'><strong><em>:</em></strong></span> <span class='ocrx_word' id='word_1_621' title='bbox 2821 2489 2976 2546; x_wconf 89' lang='lat' dir='ltr'><strong>docet</strong></span> <span class='ocrx_word' id='word_1_622' title='bbox 3008 2504 3101 2545; x_wconf 84' lang='lat' dir='ltr'><strong>eos</strong></span> <span class='ocrx_word' id='word_1_623' title='bbox 3132 2491 3260 2559; x_wconf 75' lang='lat' dir='ltr'><strong>quid</strong></span> <span class='ocrx_word' id='word_1_624' title='bbox 3292 2488 3523 2561; x_wconf 70' lang='lat' dir='ltr'><strong>signiﬂ-~</strong></span> 
     </span>
    </p>
   </div>
   <div class='ocr_carea' id='block_1_85' title="bbox 1909 2579 3525 2651">
    <p class='ocr_par' dir='ltr' id='par_1_85' title="bbox 1909 2579 3525 2651">
     <span class='ocr_line' id='line_1_85' title="bbox 1909 2579 3525 2651; baseline 0.001 -16"><span class='ocrx_word' id='word_1_625' title='bbox 1909 2589 2033 2635; x_wconf 89' lang='lat' dir='ltr'><strong>cent</strong></span> <span class='ocrx_word' id='word_1_626' title='bbox 2083 2579 2322 2650; x_wconf 85' lang='lat' dir='ltr'><strong>quinque</strong></span> <span class='ocrx_word' id='word_1_627' title='bbox 2360 2595 2528 2651; x_wconf 85' lang='lat' dir='ltr'><strong>panes</strong></span> <span class='ocrx_word' id='word_1_628' title='bbox 2560 2587 2616 2636; x_wconf 82' lang='lat' dir='ltr'><strong>et</strong></span> <span class='ocrx_word' id='word_1_629' title='bbox 2658 2588 2865 2651; x_wconf 83' lang='lat' dir='ltr'><strong>septem</strong></span> <span class='ocrx_word' id='word_1_630' title='bbox 2922 2581 3039 2636; x_wconf 82' lang='lat' dir='ltr'><strong>sive</strong></span> <span class='ocrx_word' id='word_1_631' title='bbox 3081 2581 3349 2651; x_wconf 88' lang='lat' dir='ltr'><strong>pisciculi,</strong></span> <span class='ocrx_word' id='word_1_632' title='bbox 3405 2590 3525 2636; x_wconf 32' lang='lat' dir='ltr'><strong>aut;</strong></span> 
     </span>
    </p>
   </div>
   <div class='ocr_carea' id='block_1_86' title="bbox 1909 2670 3526 2744">
    <p class='ocr_par' dir='ltr' id='par_1_86' title="bbox 1909 2670 3526 2744">
     <span class='ocr_line' id='line_1_86' title="bbox 1909 2670 3526 2744; baseline 0.002 -20"><span class='ocrx_word' id='word_1_633' title='bbox 1909 2672 2143 2741; x_wconf 86' lang='lat' dir='ltr'><strong>quinque</strong></span> <span class='ocrx_word' id='word_1_634' title='bbox 2165 2670 2329 2726; x_wconf 87' lang='lat' dir='ltr'><strong>millia</strong></span> <span class='ocrx_word' id='word_1_635' title='bbox 2357 2671 2635 2726; x_wconf 87' lang='lat' dir='ltr'><strong>hominum</strong></span> <span class='ocrx_word' id='word_1_636' title='bbox 2662 2679 2718 2728; x_wconf 87' lang='lat' dir='ltr'><strong>et</strong></span> <span class='ocrx_word' id='word_1_637' title='bbox 2737 2680 2972 2742; x_wconf 86' lang='lat' dir='ltr'><strong>quatuor</strong></span> <span class='ocrx_word' id='word_1_638' title='bbox 3007 2672 3169 2727; x_wconf 87' lang='lat' dir='ltr'><strong>millia</strong></span> <span class='ocrx_word' id='word_1_639' title='bbox 3195 2689 3316 2744; x_wconf 68' lang='lat' dir='ltr'><strong>qum</strong></span> <span class='ocrx_word' id='word_1_640' title='bbox 3343 2682 3497 2743; x_wconf 81' lang='lat' dir='ltr'><strong>pasta</strong></span> <span class='ocrx_word' id='word_1_641' title='bbox 3522 2714 3526 2719; x_wconf 75' lang='lat'><strong>.</strong></span> 
     </span>
    </p>
   </div>
   <div class='ocr_carea' id='block_1_87' title="bbox 1908 2764 3517 2837">
    <p class='ocr_par' dir='ltr' id='par_1_87' title="bbox 1908 2764 3517 2837">
     <span class='ocr_line' id='line_1_87' title="bbox 1908 2764 3517 2837; baseline 0.002 -19"><span class='ocrx_word' id='word_1_642' title='bbox 1908 2772 2032 2819; x_wconf 89' lang='lat' dir='ltr'><strong>sunt</strong></span> <span class='ocrx_word' id='word_1_643' title='bbox 2061 2764 2114 2819; x_wconf 93' lang='lat' dir='ltr'><strong>in</strong></span> <span class='ocrx_word' id='word_1_644' title='bbox 2144 2779 2346 2830; x_wconf 91' lang='lat' dir='ltr'><strong>eremo,</strong></span> <span class='ocrx_word' id='word_1_645' title='bbox 2369 2779 2476 2835; x_wconf 86' lang='lat' dir='ltr'><strong>quo</strong></span> <span class='ocrx_word' id='word_1_646' title='bbox 2500 2764 2626 2820; x_wconf 85' lang='lat' dir='ltr'><strong>licet</strong></span> <span class='ocrx_word' id='word_1_647' title='bbox 2651 2764 2926 2836; x_wconf 86' lang='lat' dir='ltr'><strong>signorum</strong></span> <span class='ocrx_word' id='word_1_648' title='bbox 2954 2765 3269 2837; x_wconf 80' lang='lat' dir='ltr'><strong>magnitudo</strong></span> <span class='ocrx_word' id='word_1_649' title='bbox 3288 2766 3469 2837; x_wconf 86' lang='lat' dir='ltr'><strong>perspi</strong></span> <span class='ocrx_word' id='word_1_650' title='bbox 3514 2794 3517 2797; x_wconf 58' lang='grc' dir='ltr'><em>ι</em></span> 
     </span>
    </p>
   </div>
   <div class='ocr_carea' id='block_1_88' title="bbox 1911 2856 3520 2928">
    <p class='ocr_par' dir='ltr' id='par_1_88' title="bbox 1911 2856 3520 2928">
     <span class='ocr_line' id='line_1_88' title="bbox 1911 2856 3520 2928; baseline 0.002 -18"><span class='ocrx_word' id='word_1_651' title='bbox 1911 2870 2011 2911; x_wconf 88' lang='lat' dir='ltr'><strong>cna</strong></span> <span class='ocrx_word' id='word_1_652' title='bbox 2033 2856 2120 2920; x_wconf 90' lang='lat' dir='ltr'><strong>sit,</strong></span> <span class='ocrx_word' id='word_1_653' title='bbox 2155 2863 2333 2911; x_wconf 82' lang='lat' dir='ltr'><strong>tamen</strong></span> <span class='ocrx_word' id='word_1_654' title='bbox 2358 2856 2502 2912; x_wconf 84' lang='lat' dir='ltr'><strong>aliud</strong></span> <span class='ocrx_word' id='word_1_655' title='bbox 2530 2856 2759 2926; x_wconf 87' lang='lat' dir='ltr'><strong>spiritali</strong></span> <span class='ocrx_word' id='word_1_656' title='bbox 2790 2857 3146 2928; x_wconf 85' lang='lat' dir='ltr'><strong>intelligentia</strong></span> <span class='ocrx_word' id='word_1_657' title='bbox 3162 2858 3520 2914; x_wconf 40' lang='lat' dir='ltr'><strong>demonstra?</strong></span> 
     </span>
    </p>
   </div>
   <div class='ocr_carea' id='block_1_89' title="bbox 1907 2947 3519 3007">
    <p class='ocr_par' dir='ltr' id='par_1_89' title="bbox 1907 2947 3519 3007">
     <span class='ocr_line' id='line_1_89' title="bbox 1907 2947 3519 3007; baseline 0.004 -6"><span class='ocrx_word' id='word_1_658' title='bbox 1907 2954 2014 3002; x_wconf 88' lang='lat' dir='ltr'><strong>tur.</strong></span> <span class='ocrx_word' id='word_1_659' title='bbox 2047 2947 2106 3003; x_wconf 89' lang='lat' dir='ltr'><strong>Si</strong></span> <span class='ocrx_word' id='word_1_660' title='bbox 2135 2949 2277 3003; x_wconf 88' lang='lat' dir='ltr'><strong>enim</strong></span> <span class='ocrx_word' id='word_1_661' title='bbox 2303 2947 2627 3004; x_wconf 79' lang='lat' dir='ltr'><strong>fermentum</strong></span> <span class='ocrx_word' id='word_1_662' title='bbox 2660 2948 3057 3006; x_wconf 69' lang='lat' dir='ltr'><strong>Pharisaeorum</strong></span> <span class='ocrx_word' id='word_1_663' title='bbox 3087 2959 3143 3007; x_wconf 91' lang='lat' dir='ltr'><strong>et</strong></span> <span class='ocrx_word' id='word_1_664' title='bbox 3174 2950 3488 3007; x_wconf 47' lang='lat' dir='ltr'><strong>Sadducaro‘</strong></span> <span class='ocrx_word' id='word_1_665' title='bbox 3516 2980 3519 2987; x_wconf 57' lang='grc'><strong>&gt;</strong></span> 
     </span>
    </p>
   </div>
   <div class='ocr_carea' id='block_1_90' title="bbox 1908 3039 3517 3113">
    <p class='ocr_par' dir='ltr' id='par_1_90' title="bbox 1908 3039 3517 3113">
     <span class='ocr_line' id='line_1_90' title="bbox 1908 3039 3517 3113; baseline 0.002 -20"><span class='ocrx_word' id='word_1_666' title='bbox 1908 3055 2027 3094; x_wconf 91' lang='lat' dir='ltr'><strong>rum</strong></span> <span class='ocrx_word' id='word_1_667' title='bbox 2059 3046 2115 3095; x_wconf 90' lang='lat' dir='ltr'><strong>et</strong></span> <span class='ocrx_word' id='word_1_668' title='bbox 2148 3040 2472 3096; x_wconf 70' lang='lat' dir='ltr'><strong>renuentum</strong></span> <span class='ocrx_word' id='word_1_669' title='bbox 2513 3039 2741 3097; x_wconf 79' lang='lat' dir='ltr'><strong>Herodis</strong></span> <span class='ocrx_word' id='word_1_670' title='bbox 2766 3057 2874 3097; x_wconf 88' lang='lat' dir='ltr'><strong>non</strong></span> <span class='ocrx_word' id='word_1_671' title='bbox 2905 3041 3239 3112; x_wconf 85' lang='lat' dir='ltr'><strong>corporalem</strong></span> <span class='ocrx_word' id='word_1_672' title='bbox 3270 3050 3486 3113; x_wconf 75' lang='lat' dir='ltr'><strong>panem,</strong></span> <span class='ocrx_word' id='word_1_673' title='bbox 3514 3076 3517 3083; x_wconf 61' lang='grc' dir='ltr'>ι</span> 
     </span>
    </p>
   </div>
   <div class='ocr_carea' id='block_1_91' title="bbox 1912 3120 3515 3204">
    <p class='ocr_par' dir='ltr' id='par_1_91' title="bbox 1912 3120 3515 3204">
     <span class='ocr_line' id='line_1_91' title="bbox 1912 3120 3515 3204; baseline 0 -15"><span class='ocrx_word' id='word_1_674' title='bbox 1912 3132 2008 3189; x_wconf 90' lang='lat' dir='ltr'><strong>sed</strong></span> <span class='ocrx_word' id='word_1_675' title='bbox 2065 3133 2386 3188; x_wconf 85' lang='lat' dir='ltr'><strong>traditiones</strong></span> <span class='ocrx_word' id='word_1_676' title='bbox 2446 3146 2733 3204; x_wconf 89' lang='lat' dir='ltr'><strong>perversas</strong></span> <span class='ocrx_word' id='word_1_677' title='bbox 2794 3140 2849 3187; x_wconf 91' lang='lat' dir='ltr'><strong>et</strong></span> <span class='ocrx_word' id='word_1_678' title='bbox 2904 3133 3159 3189; x_wconf 64' lang='lat' dir='ltr'><strong>haeretica</strong></span> <span class='ocrx_word' id='word_1_679' title='bbox 3226 3120 3515 3204; x_wconf 60' lang='lat' dir='ltr'><strong>signiﬁcat“</strong></span> 
     </span>
    </p>
   </div>
   <div class='ocr_carea' id='block_1_92' title="bbox 1880 3218 3518 3293">
    <p class='ocr_par' dir='ltr' id='par_1_92' title="bbox 1880 3218 3518 3293">
     <span class='ocr_line' id='line_1_92' title="bbox 1880 3218 3518 3293; baseline 0.002 -15"><span class='ocrx_word' id='word_1_680' title='bbox 1880 3223 2186 3293; x_wconf 79' lang='lat' dir='ltr'><strong>dogmata,</strong></span> <span class='ocrx_word' id='word_1_681' title='bbox 2218 3234 2388 3293; x_wconf 86' lang='lat' dir='ltr'><strong>quare</strong></span> <span class='ocrx_word' id='word_1_682' title='bbox 2422 3229 2476 3277; x_wconf 89' lang='lat' dir='ltr'><strong>et</strong></span> <span class='ocrx_word' id='word_1_683' title='bbox 2506 3221 2630 3286; x_wconf 85' lang='lat' dir='ltr'><strong>cibi,</strong></span> <span class='ocrx_word' id='word_1_684' title='bbox 2660 3220 2856 3292; x_wconf 86' lang='lat' dir='ltr'><strong>quibus</strong></span> <span class='ocrx_word' id='word_1_685' title='bbox 2890 3223 3129 3278; x_wconf 85' lang='lat' dir='ltr'><strong>nutritus</strong></span> <span class='ocrx_word' id='word_1_686' title='bbox 3156 3229 3241 3278; x_wconf 89' lang='lat' dir='ltr'><strong>est</strong></span> <span class='ocrx_word' id='word_1_687' title='bbox 3264 3218 3518 3293; x_wconf 71' lang='lat' dir='ltr'><strong>populuss</strong></span> 
     </span>
    </p>
   </div>
   <div class='ocr_carea' id='block_1_93' title="bbox 1909 3312 3517 3387">
    <p class='ocr_par' dir='ltr' id='par_1_93' title="bbox 1909 3312 3517 3387">
     <span class='ocr_line' id='line_1_93' title="bbox 1909 3312 3517 3387; baseline 0.001 -18"><span class='ocrx_word' id='word_1_688' title='bbox 1909 3313 2037 3379; x_wconf 89' lang='lat' dir='ltr'><strong>Dei,</strong></span> <span class='ocrx_word' id='word_1_689' title='bbox 2070 3329 2176 3370; x_wconf 87' lang='lat' dir='ltr'><strong>non</strong></span> <span class='ocrx_word' id='word_1_690' title='bbox 2204 3329 2391 3370; x_wconf 85' lang='lat' dir='ltr'><strong>veram</strong></span> <span class='ocrx_word' id='word_1_691' title='bbox 2418 3312 2719 3369; x_wconf 81' lang='lat' dir='ltr'><strong>doctrinam</strong></span> <span class='ocrx_word' id='word_1_692' title='bbox 2755 3315 3131 3386; x_wconf 82' lang='lat' dir='ltr'><strong>integramque</strong></span> <span class='ocrx_word' id='word_1_693' title='bbox 3155 3313 3517 3387; x_wconf 50' lang='lat' dir='ltr'><strong>signiﬁcent?</strong></span> 
     </span>
    </p>
   </div>
   <div class='ocr_carea' id='block_1_94' title="bbox 1906 3403 3516 3476">
    <p class='ocr_par' dir='ltr' id='par_1_94' title="bbox 1906 3403 3516 3476">
     <span class='ocr_line' id='line_1_94' title="bbox 1906 3403 3516 3476; baseline 0.003 -16"><span class='ocrx_word' id='word_1_694' title='bbox 1906 3403 2213 3461; x_wconf 78' lang='lat' dir='ltr'><strong>istiusmodi</strong></span> <span class='ocrx_word' id='word_1_695' title='bbox 2243 3405 2567 3461; x_wconf 75' lang='lat' dir='ltr'><strong>fermentum</strong></span> <span class='ocrx_word' id='word_1_696' title='bbox 2584 3447 2598 3473; x_wconf 86' lang='lat'><strong>,</strong></span> <span class='ocrx_word' id='word_1_697' title='bbox 2633 3405 2774 3476; x_wconf 87' lang='lat' dir='ltr'><strong>quod</strong></span> <span class='ocrx_word' id='word_1_698' title='bbox 2801 3407 2950 3463; x_wconf 73' lang='lat' dir='ltr'><strong>omni</strong></span> <span class='ocrx_word' id='word_1_699' title='bbox 2979 3407 3189 3463; x_wconf 80' lang='lat' dir='ltr'><strong>ratione</strong></span> <span class='ocrx_word' id='word_1_700' title='bbox 3200 3409 3516 3465; x_wconf 60' lang='lat' dir='ltr'><strong>vitanduni“</strong></span> 
     </span>
    </p>
   </div>
   <div class='ocr_carea' id='block_1_95' title="bbox 1906 3494 3511 3565">
    <p class='ocr_par' dir='ltr' id='par_1_95' title="bbox 1906 3494 3511 3565">
     <span class='ocr_line' id='line_1_95' title="bbox 1906 3494 3511 3565; baseline 0.002 -12"><span class='ocrx_word' id='word_1_701' title='bbox 1906 3504 2006 3562; x_wconf 89' lang='lat' dir='ltr'><strong>est,</strong></span> <span class='ocrx_word' id='word_1_702' title='bbox 2041 3498 2258 3563; x_wconf 80' lang='lat' dir='ltr'><strong>habuit,</strong></span> <span class='ocrx_word' id='word_1_703' title='bbox 2292 3495 2531 3553; x_wconf 74' lang='lat' dir='ltr'><strong>Marcion</strong></span> <span class='ocrx_word' id='word_1_704' title='bbox 2563 3494 2625 3553; x_wconf 86' lang='lat' dir='ltr'><strong>et</strong></span> <span class='ocrx_word' id='word_1_705' title='bbox 2647 3496 2985 3565; x_wconf 75' lang='lat' dir='ltr'><strong>Valentinus,</strong></span> <span class='ocrx_word' id='word_1_706' title='bbox 3015 3507 3079 3555; x_wconf 84' lang='lat' dir='ltr'><strong>et</strong></span> <span class='ocrx_word' id='word_1_707' title='bbox 3096 3514 3286 3557; x_wconf 79' lang='lat' dir='ltr'><strong>omnes</strong></span> 
     </span>
    </p>
   </div>
   <div class='ocr_carea' id='block_1_96' title="bbox 1905 3582 3506 3658">
    <p class='ocr_par' dir='ltr' id='par_1_96' title="bbox 1905 3582 3506 3658">
     <span class='ocr_line' id='line_1_96' title="bbox 1905 3582 3506 3658; baseline 0.002 -11"><span class='ocrx_word' id='word_1_708' title='bbox 1905 3590 2030 3658; x_wconf 86' lang='lat' dir='ltr'><strong>tici;</strong></span> <span class='ocrx_word' id='word_1_709' title='bbox 2063 3590 2384 3647; x_wconf 80' lang='lat' dir='ltr'><strong>fermentum</strong></span> <span class='ocrx_word' id='word_1_710' title='bbox 2400 3591 2545 3647; x_wconf 76' lang='lat' dir='ltr'><strong>hanc</strong></span> <span class='ocrx_word' id='word_1_711' title='bbox 2570 3590 2681 3646; x_wconf 88' lang='lat' dir='ltr'><strong>vim</strong></span> <span class='ocrx_word' id='word_1_712' title='bbox 2707 3591 2867 3648; x_wconf 84' lang='lat' dir='ltr'><strong>habet</strong></span> <span class='ocrx_word' id='word_1_713' title='bbox 2890 3592 3029 3649; x_wconf 81' lang='lat' dir='ltr'><strong>ut‘si</strong></span> <span class='ocrx_word' id='word_1_714' title='bbox 3052 3592 3241 3648; x_wconf 68' lang='lat' dir='ltr'><strong>farinae</strong></span> <span class='ocrx_word' id='word_1_715' title='bbox 3267 3582 3506 3650; x_wconf 57' lang='lat' dir='ltr'><strong>mistum“</strong></span> 
     </span>
    </p>
   </div>
   <div class='ocr_carea' id='block_1_97' title="bbox 1905 3683 3509 3755">
    <p class='ocr_par' dir='ltr' id='par_1_97' title="bbox 1905 3683 3509 3755">
     <span class='ocr_line' id='line_1_97' title="bbox 1905 3683 3509 3755; baseline 0.001 -15"><span class='ocrx_word' id='word_1_716' title='bbox 1905 3685 2068 3740; x_wconf 77' lang='lat' dir='ltr'><strong>tuerit</strong></span> <span class='ocrx_word' id='word_1_717' title='bbox 2091 3725 2107 3751; x_wconf 85' lang='lat'><strong>,</strong></span> <span class='ocrx_word' id='word_1_718' title='bbox 2144 3684 2291 3755; x_wconf 86' lang='lat' dir='ltr'><strong>quod</strong></span> <span class='ocrx_word' id='word_1_719' title='bbox 2314 3694 2539 3755; x_wconf 88' lang='lat' dir='ltr'><strong>parvum</strong></span> <span class='ocrx_word' id='word_1_720' title='bbox 2570 3683 2890 3750; x_wconf 83' lang='lat' dir='ltr'><strong>videbatur,</strong></span> <span class='ocrx_word' id='word_1_721' title='bbox 2928 3688 3141 3740; x_wconf 87' lang='lat' dir='ltr'><strong>crescat</strong></span> <span class='ocrx_word' id='word_1_722' title='bbox 3183 3683 3509 3755; x_wconf 76' lang='lat' dir='ltr'><strong>in&quot;majns‘,-‘</strong></span> 
     </span>
    </p>
   </div>
   <div class='ocr_carea' id='block_1_98' title="bbox 1903 3774 3503 3848">
    <p class='ocr_par' dir='ltr' id='par_1_98' title="bbox 1903 3774 3503 3848">
     <span class='ocr_line' id='line_1_98' title="bbox 1903 3774 3503 3848; baseline 0.004 -17"><span class='ocrx_word' id='word_1_723' title='bbox 1903 3774 1959 3831; x_wconf 90' lang='lat' dir='ltr'><strong>et</strong></span> <span class='ocrx_word' id='word_1_724' title='bbox 2025 3776 2093 3832; x_wconf 89' lang='lat' dir='ltr'><strong>ad</strong></span> <span class='ocrx_word' id='word_1_725' title='bbox 2151 3790 2397 3848; x_wconf 83' lang='lat' dir='ltr'><strong>saporem</strong></span> <span class='ocrx_word' id='word_1_726' title='bbox 2462 3791 2618 3831; x_wconf 88' lang='lat' dir='ltr'><strong>suum</strong></span> <span class='ocrx_word' id='word_1_727' title='bbox 2675 3777 3001 3832; x_wconf 85' lang='lat' dir='ltr'><strong>universam</strong></span> <span class='ocrx_word' id='word_1_728' title='bbox 3047 3777 3503 3847; x_wconf 74' lang='lat' dir='ltr'><strong>conspersionem‘</strong></span> 
     </span>
    </p>
   </div>
   <div class='ocr_carea' id='block_1_99' title="bbox 1906 3858 3505 3931">
    <p class='ocr_par' dir='ltr' id='par_1_99' title="bbox 1906 3858 3505 3931">
     <span class='ocr_line' id='line_1_99' title="bbox 1906 3858 3505 3931; baseline -0.001 -8"><span class='ocrx_word' id='word_1_729' title='bbox 1906 3866 2103 3923; x_wconf 85' lang='lat' dir='ltr'><strong>trahat.</strong></span> <span class='ocrx_word' id='word_1_730' title='bbox 2134 3865 2211 3921; x_wconf 87' lang='lat' dir='ltr'><strong>Ita</strong></span> <span class='ocrx_word' id='word_1_731' title='bbox 2232 3874 2285 3921; x_wconf 91' lang='lat' dir='ltr'><strong>et</strong></span> <span class='ocrx_word' id='word_1_732' title='bbox 2306 3864 2847 3931; x_wconf 65' lang='lat' dir='ltr'><strong>doctrina’haere&#39;tica,</strong></span> <span class='ocrx_word' id='word_1_733' title='bbox 2873 3864 2919 3921; x_wconf 84' lang='lat' dir='ltr'><strong>si</strong></span> <span class='ocrx_word' id='word_1_734' title='bbox 2938 3866 3025 3920; x_wconf 87' lang='lat' dir='ltr'><strong>vel</strong></span> <span class='ocrx_word' id='word_1_735' title='bbox 3047 3866 3314 3922; x_wconf 86' lang='lat' dir='ltr'><strong>modicam</strong></span> <span class='ocrx_word' id='word_1_736' title='bbox 3341 3858 3505 3927; x_wconf 54' lang='lat' dir='ltr'><strong>sein-3’</strong></span> 
     </span>
    </p>
   </div>
   <div class='ocr_carea' id='block_1_100' title="bbox 1901 3950 3505 4028">
    <p class='ocr_par' dir='ltr' id='par_1_100' title="bbox 1901 3950 3505 4028">
     <span class='ocr_line' id='line_1_100' title="bbox 1901 3950 3505 4028; baseline 0 -14"><span class='ocrx_word' id='word_1_737' title='bbox 1901 3950 2070 4014; x_wconf 82' lang='lat' dir='ltr'><strong>tiliam</strong></span> <span class='ocrx_word' id='word_1_738' title='bbox 2097 3958 2149 4012; x_wconf 89' lang='lat' dir='ltr'><strong>in</strong></span> <span class='ocrx_word' id='word_1_739' title='bbox 2178 3967 2329 4013; x_wconf 85' lang='lat' dir='ltr'><strong>tuum</strong></span> <span class='ocrx_word' id='word_1_740' title='bbox 2356 3965 2542 4028; x_wconf 85' lang='lat' dir='ltr'><strong>pectus</strong></span> <span class='ocrx_word' id='word_1_741' title='bbox 2559 3956 2768 4026; x_wconf 72' lang='lat' dir='ltr'><strong>iecerit,</strong></span> <span class='ocrx_word' id='word_1_742' title='bbox 2788 3955 2842 4010; x_wconf 86' lang='lat' dir='ltr'><strong>in</strong></span> <span class='ocrx_word' id='word_1_743' title='bbox 2877 3954 3027 4012; x_wconf 84' lang='lat' dir='ltr'><strong>brevi</strong></span> <span class='ocrx_word' id='word_1_744' title='bbox 3057 3957 3247 4028; x_wconf 83' lang='lat' dir='ltr'><strong>ingens</strong></span> <span class='ocrx_word' id='word_1_745' title='bbox 3270 3956 3505 4014; x_wconf 63' lang='lat' dir='ltr'><strong>ﬂammai</strong></span> 
     </span>
    </p>
   </div>
   <div class='ocr_carea' id='block_1_101' title="bbox 1903 4038 3503 4122">
    <p class='ocr_par' dir='ltr' id='par_1_101' title="bbox 1903 4038 3503 4122">
     <span class='ocr_line' id='line_1_101' title="bbox 1903 4038 3503 4122; baseline 0 -15"><span class='ocrx_word' id='word_1_746' title='bbox 1903 4038 2240 4117; x_wconf 79' lang='lat' dir='ltr'><strong>sucerescet,‘</strong></span> <span class='ocrx_word' id='word_1_747' title='bbox 2265 4060 2320 4106; x_wconf 88' lang='lat' dir='ltr'><strong>et</strong></span> <span class='ocrx_word' id='word_1_748' title='bbox 2361 4053 2529 4107; x_wconf 83' lang='lat' dir='ltr'><strong>totam</strong></span> <span class='ocrx_word' id='word_1_749' title='bbox 2572 4050 2805 4106; x_wconf 80' lang='lat' dir='ltr'><strong>hominis</strong></span> <span class='ocrx_word' id='word_1_750' title='bbox 2856 4048 3261 4122; x_wconf 78' lang='lat' dir='ltr'><strong>possessionem</strong></span> <span class='ocrx_word' id='word_1_751' title='bbox 3290 4054 3381 4109; x_wconf 88' lang='lat' dir='ltr'><strong>&quot;ad</strong></span> <span class='ocrx_word' id='word_1_752' title='bbox 3425 4058 3503 4107; x_wconf 63' lang='lat' dir='ltr'><strong>se“-</strong></span> 
     </span>
    </p>
   </div>
   <div class='ocr_carea' id='block_1_102' title="bbox 1904 4132 3499 4219">
    <p class='ocr_par' dir='ltr' id='par_1_102' title="bbox 1904 4132 3499 4219">
     <span class='ocr_line' id='line_1_102' title="bbox 1904 4132 3499 4219; baseline 0 -22"><span class='ocrx_word' id='word_1_753' title='bbox 1904 4144 2099 4198; x_wconf 90' lang='lat' dir='ltr'><strong>trahet.</strong></span> <span class='ocrx_word' id='word_1_754' title='bbox 2136 4140 2249 4198; x_wconf 81' lang='lat' dir='ltr'><strong>Hoc</strong></span> <span class='ocrx_word' id='word_1_755' title='bbox 2278 4148 2359 4197; x_wconf 89' lang='lat' dir='ltr'><strong>est</strong></span> <span class='ocrx_word' id='word_1_756' title='bbox 2386 4142 2451 4198; x_wconf 86' lang='lat' dir='ltr'><strong>de</strong></span> <span class='ocrx_word' id='word_1_757' title='bbox 2479 4152 2587 4212; x_wconf 87' lang='lat' dir='ltr'><strong>quo</strong></span> <span class='ocrx_word' id='word_1_758' title='bbox 2617 4150 2671 4197; x_wconf 89' lang='lat' dir='ltr'><strong>et</strong></span> <span class='ocrx_word' id='word_1_759' title='bbox 2693 4132 2985 4211; x_wconf 80' lang='lat' dir='ltr'><strong>Apostolus</strong></span> <span class='ocrx_word' id='word_1_760' title='bbox 3000 4132 3499 4219; x_wconf 55' lang='lat' dir='ltr'><strong>loquitur,&#39;aifodiu&#39;~</strong></span> 
     </span>
    </p>
   </div>
   <div class='ocr_carea' id='block_1_103' title="bbox 1901 4228 3498 4304">
    <p class='ocr_par' dir='ltr' id='par_1_103' title="bbox 1901 4228 3498 4304">
     <span class='ocr_line' id='line_1_103' title="bbox 1901 4228 3498 4304; baseline -0.003 -15"><span class='ocrx_word' id='word_1_761' title='bbox 1901 4248 2019 4289; x_wconf 88' lang='lat' dir='ltr'><strong>cum</strong></span> <span class='ocrx_word' id='word_1_762' title='bbox 2044 4230 2355 4304; x_wconf 74' lang='lat' dir='ltr'><strong>fermentum</strong></span> <span class='ocrx_word' id='word_1_763' title='bbox 2377 4228 2540 4287; x_wconf 82' lang='lat' dir='ltr'><strong>totam</strong></span> <span class='ocrx_word' id='word_1_764' title='bbox 2565 4232 3122 4304; x_wconf 75' lang='lat' dir='ltr'><strong>mussant&#39;cormmpit.</strong></span> <span class='ocrx_word' id='word_1_765' title='bbox 3294 4244 3299 4253; x_wconf 84' lang='lat'><strong>‘</strong></span> <span class='ocrx_word' id='word_1_766' title='bbox 3334 4256 3343 4267; x_wconf 69' lang='grc' dir='ltr'>ν</span> <span class='ocrx_word' id='word_1_767' title='bbox 3373 4240 3405 4267; x_wconf 71' lang='grc' dir='ltr'><strong>’ί</strong></span> <span class='ocrx_word' id='word_1_768' title='bbox 3436 4236 3498 4285; x_wconf 64' lang='lat' dir='ltr'><strong>“&#39;t</strong></span> 
     </span>
    </p>
   </div>
   <div class='ocr_carea' id='block_1_104' title="bbox 1916 4312 3499 4397">
    <p class='ocr_par' dir='ltr' id='par_1_104' title="bbox 1916 4312 3499 4397">
     <span class='ocr_line' id='line_1_104' title="bbox 1916 4312 3499 4397; baseline 0.001 -18"><span class='ocrx_word' id='word_1_769' title='bbox 1916 4324 2120 4379; x_wconf 75' lang='lat' dir='ltr'><strong>&quot;Tunc</strong></span> <span class='ocrx_word' id='word_1_770' title='bbox 2164 4312 2530 4380; x_wconf 74' lang='lat' dir='ltr'><strong>intellexerunt</strong></span> <span class='ocrx_word' id='word_1_771' title='bbox 2568 4325 2710 4397; x_wconf 81' lang='lat' dir='ltr'><strong>quod</strong></span> <span class='ocrx_word' id='word_1_772' title='bbox 2752 4341 2855 4380; x_wconf 88' lang='lat' dir='ltr'><strong>non</strong></span> <span class='ocrx_word' id='word_1_773' title='bbox 2905 4325 3100 4380; x_wconf 65' lang='lat' dir='ltr'><strong>dixerit</strong></span> <span class='ocrx_word' id='word_1_774' title='bbox 3138 4312 3499 4381; x_wconf 56' lang='lat' dir='ltr'><strong>eamme&quot;</strong></span> 
     </span>
    </p>
   </div>
   <div class='ocr_carea' id='block_1_105' title="bbox 1902 4402 3497 4487">
    <p class='ocr_par' dir='ltr' id='par_1_105' title="bbox 1902 4402 3497 4487">
     <span class='ocr_line' id='line_1_105' title="bbox 1902 4402 3497 4487; baseline -0.001 -15"><span class='ocrx_word' id='word_1_775' title='bbox 1902 4414 2154 4486; x_wconf 72' lang='lat' dir='ltr'><strong>{ennento</strong></span> <span class='ocrx_word' id='word_1_776' title='bbox 2174 4420 2389 4487; x_wconf 81' lang='lat' dir='ltr'><strong>panum,</strong></span> <span class='ocrx_word' id='word_1_777' title='bbox 2415 4415 2505 4471; x_wconf 81' lang='lat' dir='ltr'><strong>sed</strong></span> <span class='ocrx_word' id='word_1_778' title='bbox 2531 4430 2563 4471; x_wconf 88' lang='lat' dir='ltr'><strong>a</strong></span> <span class='ocrx_word' id='word_1_779' title='bbox 2590 4417 2829 4472; x_wconf 82' lang='lat' dir='ltr'><strong>doctrina</strong></span> <span class='ocrx_word' id='word_1_780' title='bbox 2856 4414 3257 4471; x_wconf 67' lang='lat' dir='ltr'><strong>Phor-iscoram</strong></span> <span class='ocrx_word' id='word_1_781' title='bbox 3276 4402 3497 4473; x_wconf 53' lang='lat' dir='ltr'><strong>et&#39;Sadi-i</strong></span> 
     </span>
    </p>
   </div>
   <div class='ocr_carea' id='block_1_106' title="bbox 1900 4506 3497 4579">
    <p class='ocr_par' dir='ltr' id='par_1_106' title="bbox 1900 4506 3497 4579">
     <span class='ocr_line' id='line_1_106' title="bbox 1900 4506 3497 4579; baseline -0.001 -17"><span class='ocrx_word' id='word_1_782' title='bbox 1900 4507 2401 4575; x_wconf 74' lang='lat' dir='ltr'><strong>duca’orum.‘Quod</strong></span> <span class='ocrx_word' id='word_1_783' title='bbox 2426 4507 2505 4562; x_wconf 90' lang='lat' dir='ltr'><strong>eis</strong></span> <span class='ocrx_word' id='word_1_784' title='bbox 2531 4508 2662 4563; x_wconf 86' lang='lat' dir='ltr'><strong>utile</strong></span> <span class='ocrx_word' id='word_1_785' title='bbox 2691 4514 2811 4563; x_wconf 87' lang='lat' dir='ltr'><strong>erat</strong></span> <span class='ocrx_word' id='word_1_786' title='bbox 2836 4508 3127 4579; x_wconf 78' lang='lat' dir='ltr'><strong>persuasit,</strong></span> <span class='ocrx_word' id='word_1_787' title='bbox 3156 4507 3305 4578; x_wconf 78' lang='lat' dir='ltr'><strong>quod</strong></span> <span class='ocrx_word' id='word_1_788' title='bbox 3332 4506 3497 4562; x_wconf 60' lang='lat' dir='ltr'><em>W</em></span> 
     </span>
    </p>
   </div>
   <div class='ocr_carea' id='block_1_107' title="bbox 1899 4598 3497 4679">
    <p class='ocr_par' dir='ltr' id='par_1_107' title="bbox 1899 4598 3497 4679">
     <span class='ocr_line' id='line_1_107' title="bbox 1899 4598 3497 4679; baseline -0.001 -25"><span class='ocrx_word' id='word_1_789' title='bbox 1899 4612 2025 4654; x_wconf 86' lang='lat' dir='ltr'><strong>vum</strong></span> <span class='ocrx_word' id='word_1_790' title='bbox 2067 4600 2242 4654; x_wconf 87' lang='lat' dir='ltr'><strong>vitare</strong></span> <span class='ocrx_word' id='word_1_791' title='bbox 2282 4599 2475 4670; x_wconf 71' lang='lat' dir='ltr'><strong>iussit;</strong></span> <span class='ocrx_word' id='word_1_792' title='bbox 2522 4599 2768 4654; x_wconf 80' lang='lat' dir='ltr'><strong>doctrina</strong></span> <span class='ocrx_word' id='word_1_793' title='bbox 2817 4598 3497 4679; x_wconf 65' lang='lat' dir='ltr'><strong>enirn’supersritiosa&#39;</strong></span> 
     </span>
    </p>
   </div>
   <div class='ocr_carea' id='block_1_108' title="bbox 1898 4688 3501 4766">
    <p class='ocr_par' dir='ltr' id='par_1_108' title="bbox 1898 4688 3501 4766">
     <span class='ocr_line' id='line_1_108' title="bbox 1898 4688 3501 4766; baseline -0.004 -16"><span class='ocrx_word' id='word_1_794' title='bbox 1898 4688 2152 4750; x_wconf 66' lang='lat' dir='ltr'><strong>haeretica</strong></span> <span class='ocrx_word' id='word_1_795' title='bbox 2181 4702 2373 4766; x_wconf 82' lang='lat' dir='ltr'><strong>gravat</strong></span> <span class='ocrx_word' id='word_1_796' title='bbox 2398 4694 2571 4764; x_wconf 83' lang='lat' dir='ltr'><strong>magis</strong></span> <span class='ocrx_word' id='word_1_797' title='bbox 2597 4704 2761 4764; x_wconf 86' lang='lat' dir='ltr'><strong>quam</strong></span> <span class='ocrx_word' id='word_1_798' title='bbox 2787 4692 3025 4763; x_wconf 81' lang='lat' dir='ltr'><strong>adjuvat,</strong></span> <span class='ocrx_word' id='word_1_799' title='bbox 3057 4690 3501 4762; x_wconf 69' lang='lat' dir='ltr'><strong>mergit&#39;et&#39;notnt</strong></span> 
     </span>
    </p>
   </div>
   <div class='ocr_carea' id='block_1_109' title="bbox 1897 4781 3493 4861">
    <p class='ocr_par' dir='ltr' id='par_1_109' title="bbox 1897 4781 3493 4861">
     <span class='ocr_line' id='line_1_109' title="bbox 1897 4781 3493 4861; baseline -0.005 -17"><span class='ocrx_word' id='word_1_800' title='bbox 1897 4787 2077 4858; x_wconf 88' lang='lat' dir='ltr'><strong>erigit.</strong></span> <span class='ocrx_word' id='word_1_801' title='bbox 2109 4787 2153 4841; x_wconf 87' lang='lat' dir='ltr'><strong>A</strong></span> <span class='ocrx_word' id='word_1_802' title='bbox 2184 4784 2322 4842; x_wconf 85' lang='lat' dir='ltr'><strong>bono</strong></span> <span class='ocrx_word' id='word_1_803' title='bbox 2349 4786 2478 4861; x_wconf 87' lang='lat' dir='ltr'><strong>ergo</strong></span> <span class='ocrx_word' id='word_1_804' title='bbox 2499 4786 2757 4861; x_wconf 89' lang='lat' dir='ltr'><strong>magistro</strong></span> <span class='ocrx_word' id='word_1_805' title='bbox 2785 4784 3031 4855; x_wconf 90' lang='lat' dir='ltr'><strong>discipuli</strong></span> <span class='ocrx_word' id='word_1_806' title='bbox 3062 4781 3493 4839; x_wconf 59' lang='lat' dir='ltr'><strong>instmcti’irtteil’</strong></span> 
     </span>
    </p>
   </div>
   <div class='ocr_carea' id='block_1_110' title="bbox 1900 4874 3491 4934">
    <p class='ocr_par' dir='ltr' id='par_1_110' title="bbox 1900 4874 3491 4934">
     <span class='ocr_line' id='line_1_110' title="bbox 1900 4874 3491 4934; baseline -0.004 -1"><span class='ocrx_word' id='word_1_807' title='bbox 1900 4875 2150 4934; x_wconf 80' lang='lat' dir='ltr'><strong>lexerunt</strong></span> <span class='ocrx_word' id='word_1_808' title='bbox 2188 4877 2243 4931; x_wconf 90' lang='lat' dir='ltr'><strong>in</strong></span> <span class='ocrx_word' id='word_1_809' title='bbox 2286 4875 2554 4931; x_wconf 80' lang='lat' dir='ltr'><strong>fermento</strong></span> <span class='ocrx_word' id='word_1_810' title='bbox 2594 4874 2964 4931; x_wconf 68' lang='lat' dir='ltr'><strong>seduuionem</strong></span> <span class='ocrx_word' id='word_1_811' title='bbox 3000 4874 3491 4929; x_wconf 65' lang='lat' dir='ltr'><strong>Pharisteorutn&#39;e&#39;t’</strong></span> 
     </span>
    </p>
   </div>
   <div class='ocr_carea' id='block_1_111' title="bbox 1901 4964 3491 5035">
    <p class='ocr_par' dir='ltr' id='par_1_111' title="bbox 1901 4964 3491 5035">
     <span class='ocr_line' id='line_1_111' title="bbox 1901 4964 3491 5035; baseline -0.006 -10"><span class='ocrx_word' id='word_1_812' title='bbox 1901 4967 2349 5035; x_wconf 67' lang='lat' dir='ltr'><strong>Sadducazorum,</strong></span> <span class='ocrx_word' id='word_1_813' title='bbox 2393 4965 2502 5022; x_wconf 86' lang='lat' dir='ltr'><strong>imo</strong></span> <span class='ocrx_word' id='word_1_814' title='bbox 2534 4968 2775 5022; x_wconf 87' lang='lat' dir='ltr'><strong>omnium</strong></span> <span class='ocrx_word' id='word_1_815' title='bbox 2813 4967 3189 5022; x_wconf 78' lang='lat' dir='ltr'><strong>haereticorum</strong></span> <span class='ocrx_word' id='word_1_816' title='bbox 3218 4964 3491 5034; x_wconf 53' lang='lat' dir='ltr'><strong>altitudini</strong></span> 
     </span>
    </p>
   </div>
   <div class='ocr_carea' id='block_1_112' title="bbox 1898 5052 3487 5128">
    <p class='ocr_par' dir='ltr' id='par_1_112' title="bbox 1898 5052 3487 5128">
     <span class='ocr_line' id='line_1_112' title="bbox 1898 5052 3487 5128; baseline -0.007 -13"><span class='ocrx_word' id='word_1_817' title='bbox 1898 5059 2067 5115; x_wconf 89' lang='lat' dir='ltr'><strong>traria</strong></span> <span class='ocrx_word' id='word_1_818' title='bbox 2114 5056 2331 5128; x_wconf 88' lang='lat' dir='ltr'><strong>sapiunt</strong></span> <span class='ocrx_word' id='word_1_819' title='bbox 2379 5056 2597 5112; x_wconf 74' lang='lat' dir='ltr'><strong>veritati</strong></span> <span class='ocrx_word' id='word_1_820' title='bbox 2636 5062 2966 5126; x_wconf 73' lang='lat' dir='ltr'><strong>expressam</strong></span> <span class='ocrx_word' id='word_1_821' title='bbox 3014 5052 3487 5120; x_wconf 55' lang='lat' dir='ltr'><strong>vitandam-esse;</strong></span> 
     </span>
    </p>
   </div>
   <div class='ocr_carea' id='block_1_113' title="bbox 1898 5146 3487 5226">
    <p class='ocr_par' dir='ltr' id='par_1_113' title="bbox 1898 5146 3487 5226">
     <span class='ocr_line' id='line_1_113' title="bbox 1898 5146 3487 5226; baseline -0.006 -16"><span class='ocrx_word' id='word_1_822' title='bbox 1898 5169 2059 5226; x_wconf 85' lang='lat' dir='ltr'><strong>quam</strong></span> <span class='ocrx_word' id='word_1_823' title='bbox 2088 5156 2143 5209; x_wconf 90' lang='lat' dir='ltr'><strong>et</strong></span> <span class='ocrx_word' id='word_1_824' title='bbox 2173 5152 2394 5208; x_wconf 89' lang='lat' dir='ltr'><strong>omnino</strong></span> <span class='ocrx_word' id='word_1_825' title='bbox 2425 5150 2527 5222; x_wconf 87' lang='lat' dir='ltr'><strong>ipsi</strong></span> <span class='ocrx_word' id='word_1_826' title='bbox 2552 5151 2861 5206; x_wconf 82' lang='lat' dir='ltr'><strong>vitaverunt</strong></span> <span class='ocrx_word' id='word_1_827' title='bbox 2894 5158 2950 5204; x_wconf 80' lang='lat' dir='ltr'><strong>et</strong></span> <span class='ocrx_word' id='word_1_828' title='bbox 2981 5148 3140 5204; x_wconf 80' lang='lat' dir='ltr'><strong>nobis</strong></span> <span class='ocrx_word' id='word_1_829' title='bbox 3172 5146 3487 5220; x_wconf 45' lang='lat' dir='ltr'><strong>ﬁgienda“</strong></span> 
     </span>
    </p>
   </div>
   <div class='ocr_carea' id='block_1_114' title="bbox 1899 5244 3485 5314">
    <p class='ocr_par' dir='ltr' id='par_1_114' title="bbox 1899 5244 3485 5314">
     <span class='ocr_line' id='line_1_114' title="bbox 1899 5244 3485 5314; baseline -0.007 -10"><span class='ocrx_word' id='word_1_830' title='bbox 1899 5263 2022 5305; x_wconf 88' lang='lat' dir='ltr'><strong>esse</strong></span> <span class='ocrx_word' id='word_1_831' title='bbox 2050 5246 2398 5310; x_wconf 80' lang='lat' dir='ltr'><strong>censuerunt,</strong></span> <span class='ocrx_word' id='word_1_832' title='bbox 2428 5252 2692 5314; x_wconf 84' lang='lat' dir='ltr'><strong>quatenus</strong></span> <span class='ocrx_word' id='word_1_833' title='bbox 2715 5252 2930 5301; x_wconf 72' lang='lat' dir='ltr'><strong>clunem</strong></span> <span class='ocrx_word' id='word_1_834' title='bbox 2952 5244 3485 5312; x_wconf 64' lang='lat' dir='ltr'><strong>errorem&#39;spomem</strong></span> 
     </span>
    </p>
   </div>
   <div class='ocr_carea' id='block_1_115' title="bbox 1900 5324 3485 5405">
    <p class='ocr_par' dir='ltr' id='par_1_115' title="bbox 1900 5324 3485 5405">
     <span class='ocr_line' id='line_1_115' title="bbox 1900 5324 3485 5405; baseline -0.019 -8"><span class='ocrx_word' id='word_1_835' title='bbox 1900 5349 1983 5396; x_wconf 87' lang='lat' dir='ltr'><strong>tes</strong></span> <span class='ocrx_word' id='word_1_836' title='bbox 2012 5345 2066 5395; x_wconf 92' lang='lat' dir='ltr'><strong>et</strong></span> <span class='ocrx_word' id='word_1_837' title='bbox 2103 5338 2243 5392; x_wconf 88' lang='lat' dir='ltr'><strong>viam</strong></span> <span class='ocrx_word' id='word_1_838' title='bbox 2283 5334 2531 5393; x_wconf 74' lang='lat' dir='ltr'><strong>veritatis</strong></span> <span class='ocrx_word' id='word_1_839' title='bbox 2560 5350 2658 5405; x_wconf 82' lang='lat' dir='ltr'><strong>per</strong></span> <span class='ocrx_word' id='word_1_840' title='bbox 2689 5334 2871 5390; x_wconf 82' lang='lat' dir='ltr'><strong>omnia</strong></span> <span class='ocrx_word' id='word_1_841' title='bbox 2908 5324 3485 5403; x_wconf 31' lang='lat' dir='ltr'><strong>Maian-Iw</strong></span> 
     </span>
    </p>
   </div>
   <div class='ocr_carea' id='block_1_116' title="bbox 1900 5412 3482 5496">
    <p class='ocr_par' dir='ltr' id='par_1_116' title="bbox 1900 5412 3482 5496">
     <span class='ocr_line' id='line_1_116' title="bbox 1900 5412 3482 5496; baseline -0.008 -7"><span class='ocrx_word' id='word_1_842' title='bbox 1900 5420 2156 5489; x_wconf 55' lang='lat' dir='ltr'><strong>actarum</strong></span> <span class='ocrx_word' id='word_1_843' title='bbox 2194 5422 2424 5486; x_wconf 82' lang='lat' dir='ltr'><strong>evadere</strong></span> <span class='ocrx_word' id='word_1_844' title='bbox 2450 5437 2504 5484; x_wconf 86' lang='lat' dir='ltr'><strong>et</strong></span> <span class='ocrx_word' id='word_1_845' title='bbox 2530 5424 2980 5482; x_wconf 64' lang='lat' dir='ltr'><strong>vitam’zeternam</strong></span> <span class='ocrx_word' id='word_1_846' title='bbox 3000 5412 3482 5496; x_wconf 52' lang='lat' dir='ltr'><strong>promerentium</strong></span> 
     </span>
    </p>
   </div>
   <div class='ocr_carea' id='block_1_117' title="bbox 1901 5511 3485 5593">
    <p class='ocr_par' dir='ltr' id='par_1_117' title="bbox 1901 5511 3485 5593">
     <span class='ocr_line' id='line_1_117' title="bbox 1901 5511 3485 5593; baseline -0.008 -12"><span class='ocrx_word' id='word_1_847' title='bbox 1901 5522 2127 5589; x_wconf 77' lang='lat' dir='ltr'><strong>nemus;&#39;</strong></span> <span class='ocrx_word' id='word_1_848' title='bbox 2150 5528 2447 5593; x_wconf 80' lang='lat' dir='ltr'><strong>praestante</strong></span> <span class='ocrx_word' id='word_1_849' title='bbox 2475 5518 2714 5576; x_wconf 76' lang='lat' dir='ltr'><strong>Domino</strong></span> <span class='ocrx_word' id='word_1_850' title='bbox 2742 5527 2934 5575; x_wconf 77' lang='lat' dir='ltr'><strong>nostro</strong></span> <span class='ocrx_word' id='word_1_851' title='bbox 2958 5517 3084 5573; x_wconf 83' lang='lat' dir='ltr'><strong>Jesu</strong></span> <span class='ocrx_word' id='word_1_852' title='bbox 3121 5511 3485 5582; x_wconf 34' lang='lat' dir='ltr'><strong>Christoiqﬂ</strong></span> 
     </span>
    </p>
   </div>
   <div class='ocr_carea' id='block_1_118' title="bbox 1903 5604 3481 5681">
    <p class='ocr_par' dir='ltr' id='par_1_118' title="bbox 1903 5604 3481 5681">
     <span class='ocr_line' id='line_1_118' title="bbox 1903 5604 3481 5681; baseline -0.008 -10"><span class='ocrx_word' id='word_1_853' title='bbox 1903 5628 2025 5671; x_wconf 89' lang='lat' dir='ltr'><strong>cum</strong></span> <span class='ocrx_word' id='word_1_854' title='bbox 2069 5614 2233 5669; x_wconf 78' lang='lat' dir='ltr'><strong>Patre</strong></span> <span class='ocrx_word' id='word_1_855' title='bbox 2273 5618 2329 5668; x_wconf 90' lang='lat' dir='ltr'><strong>et</strong></span> <span class='ocrx_word' id='word_1_856' title='bbox 2370 5606 2575 5681; x_wconf 82' lang='lat' dir='ltr'><strong>Spiritu</strong></span> <span class='ocrx_word' id='word_1_857' title='bbox 2598 5610 2801 5665; x_wconf 53' lang='lat' dir='ltr'><strong>‘sancto</strong></span> <span class='ocrx_word' id='word_1_858' title='bbox 2835 5609 2969 5663; x_wconf 69' lang='lat' dir='ltr'><strong>vivit</strong></span> <span class='ocrx_word' id='word_1_859' title='bbox 2996 5604 3057 5665; x_wconf 79' lang='lat' dir='ltr'><strong>et</strong></span> <span class='ocrx_word' id='word_1_860' title='bbox 3087 5605 3481 5680; x_wconf 65' lang='lat' dir='ltr'><strong>regnat&#39;Douot</strong></span> 
     </span>
    </p>
   </div>
   <div class='ocr_carea' id='block_1_119' title="bbox 1902 5702 3477 5783">
    <p class='ocr_par' dir='ltr' id='par_1_119' title="bbox 1902 5702 3477 5783">
     <span class='ocr_line' id='line_1_119' title="bbox 1902 5702 3477 5783; baseline -0.025 -15"><span class='ocrx_word' id='word_1_861' title='bbox 1902 5716 2001 5783; x_wconf 89' lang='lat' dir='ltr'><strong>per</strong></span> <span class='ocrx_word' id='word_1_862' title='bbox 2025 5706 2206 5763; x_wconf 92' lang='lat' dir='ltr'><strong>omnia</strong></span> <span class='ocrx_word' id='word_1_863' title='bbox 2234 5704 2429 5763; x_wconf 63' lang='lat' dir='ltr'><strong>secula</strong></span> <span class='ocrx_word' id='word_1_864' title='bbox 2461 5703 2799 5761; x_wconf 68' lang='lat' dir='ltr'><strong>saeculorum.</strong></span> <span class='ocrx_word' id='word_1_865' title='bbox 2830 5702 3021 5760; x_wconf 71' lang='lat' dir='ltr'><strong>Amen.</strong></span> <span class='ocrx_word' id='word_1_866' title='bbox 3102 5722 3107 5729; x_wconf 67' lang='grc' dir='ltr'><strong>π</strong></span> <span class='ocrx_word' id='word_1_867' title='bbox 3348 5704 3378 5731; x_wconf 64' lang='grc' dir='ltr'><strong>ιι</strong></span> 
     </span>
    </p>
   </div>
  </div>
