3960 6360
483 315 586 374 385

898 469 900 472 ν
997 434 1278 494 HOMlLlA
1298 433 1532 491 CXXIV.

1135 541 1292 584 FERIA
1321 543 1394 582 νι.
1555 545 1562 559 ‘

582 621 771 680 Lectio
792 623 966 678 sancti
995 621 1282 693 Evangelii
1297 621 1592 677 secundum
1624 619 1965 687 Matthteum.
2063 669 2066 674 λ

555 711 620 768 In
643 713 736 767 illo
760 722 985 784 tempore
1019 713 1147 768 abiit
1171 711 1328 767 Iesus
1349 712 1564 767 sabbato
1589 728 1685 783 per
1707 720 1877 778 sata:
1902 709 2064 764 disci-

472 803 590 874 puli
624 813 797 859 autem
829 805 942 876 ejus
979 805 1262 860 esurientes
1300 815 1563 876 cwperunt
1594 803 1778 874 vellere
1811 805 1983 876 spicas
2011 815 2060 861 et

487 895 825 961 manducare,
849 904 954 951 etc.
1355 949 1358 951 Α
1779 922 1782 923 ν
1800 931 1818 948 μ.
1943 925 1968 954 ι.

477 1002 480 1007 ·
557 985 628 1042 Ut
656 987 711 1042 in
741 988 848 1044 alio
872 1003 1086 1059 quoque
1116 987 1458 1062 Evangelista
1482 988 1721 1061 legimus:
1737 993 1959 1059 propter
1978 985 2063 1042 ni-

487 1079 652 1134 miam
675 1079 1138 1150 importunitatem
1165 1095 1234 1135 ne
1262 1081 1515 1136 vescendi
1545 1079 1763 1150 quidem
1789 1078 2064 1135 habebant

489 1169 688 1237 locum,
720 1178 775 1225 et
801 1170 922 1226 ideo
948 1170 1104 1240 quasi
1138 1171 1385 1228 homines
1416 1171 1762 1237 esuriebant;
1793 1170 1937 1240 quod
1966 1184 2063 1227 au-

486 1270 596 1317 tem
647 1262 825 1333 spicas
873 1273 1112 1334 segetum
1169 1263 1417 1319 manibus
1461 1261 1927 1318 confricabantet
1974 1263 2060 1319 in-

482 1354 660 1410 ediam
688 1353 1108 1410 consolabantur
1133 1396 1148 1422 ,
1201 1355 1325 1411 vitae
1381 1355 1698 1410 austerioris
1751 1355 2010 1411 indicium
2039 1387 2058 1423 ,~

477 1458 585 1498 non
622 1452 954 1516 praeparatas
1000 1444 1216 1515 epulas,
1266 1445 1362 1502 sed
1404 1445 1554 1501 cibos
1605 1444 1880 1514 simplices
1915 1460 2061 1516 quae-

476 1537 731 1593 rentium.
899 1535 901 1537 ’

548 1628 812 1684 ΡΙιανίεωὶ
853 1640 1027 1686 autem
1061 1631 1288 1686 videntes
1319 1631 1564 1686 dixerunt
1605 1632 1653 1686 ei
1681 1647 1700 1686 :
1734 1628 1870 1686 Ecce
1893 1630 2058 1692 disci-3

474 1720 585 1790 puli
628 1723 704 1776 tui
746 1722 947 1792 faciunt
1000 1723 1139 1794 quod
1180 1739 1283 1778 non
1321 1722 1438 1777 licet
1467 1723 1540 1777 eis
1585 1722 1759 1792 facere
1803 1721 2052 1777 sabbatis.

1147 315 1208 372 B.
1249 313 1501 373 RABANI
1539 313 2454 376 MAURFARCHIEPLEOGUN’I‘.
2477 308 2776 371 ’ω’ΕῆοΜ
2811 311 2992 369 PARS
3026 310 3093 369 ll.

2087 436 2140 502 Α
2163 429 2255 486 ubi
2307 427 2752 500 transgressionis
2801 424 3050 497 discipuli
3079 459 3085 463 -
3111 428 3224 482 sui-
3253 431 3409 499 argui
3433 437 3720 501 poterant
3740 475 3755 496 ,

3643 313 3754 372 38b

2161 519 2332 578 David
2366 529 2422 574 et
2448 519 2798 575 Achimelech
2829 518 2962 574 dicit
2990 517 3237 589 exempla
3261 527 3518 576 sectatos.
3555 520 3760 576 Veram

2147 620 2344 672 'autem
2384 617 2443 665 et
2473 611 2678 682 absque
2717 611 3063 668 necessitatis
3090 611 3314 668 obtentu
3353 609 3582 668 Sabbati
3617 627 3763 683 pra:-

2160 704 2553 768 varicationem
2589 703 2648 758 in
2677 703 2829 774 ipsos
2866 701 3055 770 refert,
3100 703 3194 772 qui
3237 702 3570 760 calumniam
3610 703 3761 761 fece-

2164 805 2308 853 rant.

2175 949 2180 956 ,
2234 888 2365 948 Dico
2424 899 2598 944 autem
2644 888 2790 952 vobis
2840 889 2968 960 quia
3022 888 3213 960 templo
3274 888 3453 958 maior
3512 899 3593 945 est
3645 889 3756 944 hic.

2163 981 2268 1042 Hic
2302 996 2410 1039 non
2450 993 2771 1053 pronomen,
2807 979 2903 1036 sed
2943 979 3256 1036 adverbium
3287 977 3391 1035 loci
3437 979 3758 1051 legendum,

2162 1070 2307 1142 quod
2351 1068 2526 1140 major
2563 1069 2763 1141 templo
2801 1068 2873 1128 sit
2907 1069 3061 1126 locus
3098 1069 3191 1141 qui
3229 1068 3521 1124 Dominum
3569 1070 3759 1141 templi

2163 1171 2365 1238 teneat.

2173 1313 2184 1317 ._
2217 1256 2293 1318 .Si
2317 1268 2491 1314 autem
2519 1259 2721 1315 sciretis
2748 1256 2875 1330 quid
2906 1266 2981 1312 est
3021 1269 3040 1309 :
3079 1254 3501 1312 Misericordiae:
3546 1256 3667 1311 colo
3715 1267 3762 1312 et

2162 1367 2268 1422 non
2287 1350 2625 1421 sacriﬁcium,
2657 1365 2926 1420 nunquam
2952 1347 3394 1404 condemnassetis
3425 1349 3758 1403 innocentes.

2160 1438 2300 1517 Quid
2324 1450 2425 1510 est,
2454 1441 2868 1496 misericordiam
2889 1439 3003 1496 volo
3027 1448 3075 1494 et
3105 1455 3209 1494 non
3239 1439 3566 1509 sacri/icium
3593 1455 3762 1510 supra

2167 1534 2412 1591 diximus.
2436 1534 2592 1603 Quod
2617 1543 2797 1590 autem
2827 1533 3095 1604 sequitur,
3120 1550 3389 1604 nunquam
3407 1533 3760 1588 condemnas-

2159 1625 2282 1694 setis
2321 1625 2640 1691 innocentes,
2689 1625 2756 1683 de
2795 1625 3071 1696 Apostolis
3113 1622 3524 1694 intelligendum
3556 1633 3667 1679 est.
3699 1623 3765 1678 Et

2161 1727 2247 1774 est
2269 1733 2481 1784 sensus,
2507 1717 2933 1774 misericordiam
2956 1714 3356 1787 comprobastis
3379 1713 3762 1783 Achimelecb,

477 1811 611 1869 Nota
641 1815 784 1885 quod
813 1816 973 1886 primi
1007 1816 1236 1887 apostoli
1270 1816 1589 1881 Salvatoris,
1646 1816 1882 1871 litteram
1919 1816 2054 1888 legis
2081 1809 2130 1870 Β
2156 1827 2221 1876 eo
2249 1812 2391 1883 quod
2433 1812 2576 1867 fame
2607 1811 2953 1881 periclitante
2979 1811 3149 1867 David
3173 1807 3479 1865 refocillare
3520 1816 3582 1864 et
3631 1824 3766 1878 puc-

477 1905 728 1963 Sabbatis
777 1908 1062 1964 destruunt
1119 1909 1405 1965 adversum
1437 1909 1753 1976 Ebionitas,
1794 1910 1888 1980 qui
1935 1925 2060 1967 cum

475 2008 702 2054 cancros
724 1999 989 2070 recipiant
1009 1999 1315 2070 Apostolos,
1340 1999 1568 2057 Paulum
1581 2002 1737 2072 quasi
1761 2010 2062 2074 transgres-

475 2105 655 2145 sorem
684 2090 818 2162 legis
854 2093 1159 2163 repudiarit.
1869 2100 1872 2104 '
1975 2115 1984 2160 ί
2050 2147 2051 2150 η

544 2182 611 2237 At
648 2183 735 2238 ille
763 2184 899 2239 dixit
946 2186 1021 2242 eis
1061 2201 1080 2239 :
1113 2185 1237 2242 Non
1275 2187 1470 2260 legistis
1496 2189 1626 2259 quid
1651 2189 1832 2260 fecerit
1867 2188 2057 2256 David,

458 2274 685 2344 quando
715 2276 898 2330 esuriit
917 2316 933 2342 ,
963 2288 1011 2331 et
1039 2279 1131 2349 qui
1155 2293 1274 2333 cum
1298 2294 1358 2333 eo
1385 2288 1554 2345 erant,
1597 2278 1855 2350 quomodo
1885 2280 2056 2333 intra-

473 2365 545 2418 vit
570 2365 626 2419 in
654 2365 867 2420 domum
891 2366 1010 2433 Dei,
1036 2377 1083 2421 et
1108 2384 1269 2438 panes
1296 2369 1665 2439 propositionis
1695 2369 2055 2437 manducauit,

451 2471 600 2525 .quos
636 2473 741 2511 non
773 2457 961 2512 licebat
990 2459 1039 2512 ei
1070 2458 1251 2523 edere,
1291 2475 1384 2514 nec
1411 2460 1494 2514 liis
1519 2461 1610 2530 qui
1645 2472 1766 2514 cum
1790 2477 1850 2515 eo
1886 2471 2056 2528 erant,

472 2546 575 2600 nisi
606 2545 732 2603 solis
757 2549 1116 2603 sacerdotibus
1141 2551 1164 2603 ?
1194 2547 1276 2604 Ad
1314 2549 1699 2606 confutandam
1729 2551 2057 2611 calumniam

469 2635 873 2694 Pharisaeorum
909 2641 1110 2695 veteris
1155 2639 1476 2696 recordatur
1521 2641 1796 2709 historiae,
1836 2643 2058 2713 quando
2159 2697 2162 2700 .

447 2726 642 2780 David
671 2727 882 2799 fugiens
909 2728 1130 2786 Saulem
1165 2731 1222 2787 in
1251 2729 1489 2796 Nobaia,
1519 2740 1577 2788 et
1609 2733 1679 2788 ab
1706 2732 2055 2790 Achimelech

471 2818 756 2874 sacerdote
783 2831 1084 2892 susceptus,
1109 2821 1403 2892 postulavit
1425 2822 1600 2889 cibos,
1624 2824 1717 2894 qui
1743 2840 1870 2880 cum
1887 2839 2058 2896 panes
2147 2887 2151 2892 ,

470 2907 639 2964 laicus
667 2926 776 2966 non
804 2911 1053 2979 haberet,
1083 2913 1230 2970 dedit
1256 2914 1307 2970 ei
1333 2925 1698 2981 consecratos,
1725 2916 1921 2988 quibus
1947 2932 2054 2972 non

469 2998 668 3056 licebat
706 3003 852 3058 vesci
891 3004 995 3060 nisi
1041 3004 1170 3061 solis
1213 3006 1585 3063 sacerdotibus
1627 3016 1682 3064 et
1713 3007 1953 3076 Levitis,
1999 3017 2056 3064 et

468 3092 572 3148 hoc
607 3101 815 3149 tantum
846 3095 1228 3167 interrogavit,
1260 3097 1307 3153 si
1343 3098 1530 3154 mundi
1563 3098 1768 3155 fuerint
1789 3115 1821 3156 a
1855 3099 2050 3155 mulie-

2163 1919 2255 1980 ros
2276 1904 2412 1975 ejus,
2444 1919 2615 1974 quare
2640 1903 2804 1959 simili
2841 1903 3004 1960 modo
3035 1903 3170 1958 meis
3193 1901 3471 1972 discipulis
3500 1900 3661 1957 fame
3692 1901 3766 1955 la-

2161 1999 2486 2055 borantibus
2520 2013 2628 2054 non
2669 1998 2936 2068 compassi
2975 1995 3140 2061 estis,
3184 1995 3274 2065 qui
3304 2009 3400 2050 vos
3433 2009 3584 2064 pane
3614 1993 3766 2050 verbi

2163 2089 2402 2158 scelestis
2429 2089 2678 2159 quotidie
2729 2095 2994 2158 pascunt,
3037 2095 3307 2157 quatenus
3345 2085 3464 2156 ejus
3500 2085 3767 2140 satietate

2161 2181 2352 2253 repleti
2379 2181 2448 2237 ad
2470 2182 2637 2236 vitam
2664 2179 2895 2251 possitis
2928 2177 3215 2250 pervenire
3240 2182 3591 2247 perpetuam,
3626 2192 3767 2246 pra:-

2161 2280 2344 2329 stante
2378 2271 2608 2328 Domino
2643 2278 2832 2327 nostro
2859 2267 2988 2325 Jesu
3014 2268 3232 2324 Christo
3256 2307 3271 2333 ,
3309 2265 3403 2337 qui
3437 2281 3567 2321 cum
3601 2263 3769 2321 Patre

2159 2372 2217 2422 et
2271 2362 2478 2435 Spiritu
2506 2372 2694 2420 sancto
2731 2361 2866 2417 vivit
2900 2369 2956 2418 et
2981 2368 3176 2433 regnat
3207 2358 3264 2415 in
3295 2357 3494 2416 saecula
3522 2357 3765 2415 saeculo-

2160 2471 2303 2529 rum.
2326 2454 2522 2512 Amen.

2673 2543 2958 2601 HOMILIA
2994 2543 3208 2601 CXXV.

2431 2657 2749 2698 HEBDOMADA
2798 2655 2855 2695 IX
2896 2655 3026 2694 POS'I‘
3072 2652 3467 2694 PENTECOSTEN.

2372 2732 2562 2788 Lectio
2591 2731 2849 2803 Epistolas
2873 2730 2936 2784 Β.
2962 2729 3114 2786 Pauli
3141 2730 3209 2785 ad
3237 2728 3510 2786 Romanos

2230 2821 2469 2890 Fratres,
2499 2823 2754 2879 debitores
2774 2839 2970 2878 usumus
2999 2838 3102 2877 non
3139 2823 3321 2888 carni,
3357 2831 3412 2875 ut
3461 2824 3764 2876 secundum

2153 2932 2368 2978 carnem
2389 2917 2646 2972 vivamus.
2674 2914 2736 2972 Si
2758 2916 2895 2971 enim
2925 2913 3211 2970 secundum
3250 2929 3458 2968 carnem
3488 2914 3763 2981 viceritis,

2154 3009 2487 3076 moriemini;
2527 3011 2573 3064 si
2602 3017 2777 3065 autem
2805 3009 2997 3080 spiritu
3024 3007 3166 3078 facta
3192 3007 3367 3062 carnis
3403 3007 3766 3076 morti/icore-

2147 3101 2292 3164 ,ritis,
2323 3101 2520 3166 vivetis,
2555 3109 2661 3156 etc.

465 3184 640 3242 ribus.
681 3186 751 3242 Et
772 3185 867 3242 illo
896 3189 1257 3259 respondente
1291 3191 1362 3245 ab
1389 3190 1507 3246 heri
1539 3199 1596 3244 et
1633 3190 2045 3255 nudiustertius,
2079 3172 2123 3235 (Ξ
2229 3190 2586 3270 Apertissime
2616 3207 2716 3247 nos
2742 3191 2932 3248 beatus
2958 3188 3248 3261 Apostolus
3268 3230 3283 3256 ,
3313 3187 3518 3246 fratres
3539 3189 3766 3247 charis-

469 3293 576 3334 non
604 3279 870 3336 dubitavit
887 3296 1058 3352 panes
1069 3283 1222 3349 dare,
1238 3283 1434 3340 melius
1456 3285 1769 3353 arbitratus,
1785 3285 2056 3358 Propheta

471 3371 688 3426 dicente
718 3389 733 3426 :
767 3372 1190 3430 Misericordiam
1228 3376 1344 3432 volo
1375 3387 1423 3432 et
1459 3395 1564 3433 non
1601 3379 1952 3448 sacriﬁcium,
1990 3381 2059 3439 de

443 3513 446 3516 .
474 3459 635 3516 famis
661 3463 903 3532 periculo
939 3464 1186 3520 homines
1224 3466 1488 3531 liberare,
1529 3485 1690 3539 quam
1721 3468 1834 3525 Deo
1861 3469 2058 3528 olferre

474 3549 842 3616 sacriﬁcium;
884 3553 1062 3608 hostia
1105 3555 1251 3610 enim
1293 3555 1574 3626 placabilis
1615 3558 1749 3627 Deo,
1779 3561 2059 3616 hominum

445 3671 449 3676 ι
471 3638 622 3695 salus
644 3649 748 3696 est.
771 3640 1004 3712 Opponit
1027 3659 1158 3716 ergo
1181 3645 1442 3702 Dominus
1469 3657 1524 3702 ct
1551 3649 1704 3716 dicit,
1733 3650 1780 3706 si
1801 3651 2057 3708 et-David

470 3742 690 3787 sanctus
728 3741 814 3790 est
845 3742 902 3790 et
938 3734 1287 3794 Achimelech
1316 3739 1560 3810 pontifex
1589 3756 1620 3796 a
1648 3740 1804 3802 vobis
1839 3757 1948 3798 non
1975 3755 2058 3800 re—

465 3824 840 3893 prehenditur,
883 3826 976 3882 sed
1003 3827 1135 3900 legis
1173 3830 1744 3901 uterquemandatum
1781 3833 2052 3904 probabili

471 3918 816 3975 excusatione
847 3922 1169 3992 transgressi
1198 3932 1348 3990 sunt,
1375 3934 1436 3980 et
1462 3923 1633 3984 fames
1663 3925 1720 3982 in
1747 3941 1914 3984 causa
1939 3935 2046 3993 est,

454 4023 568 4064 .cur
595 4010 838 4066 eamdem
861 4009 1060 4068 famem
1083 4029 1190 4070 non
1210 4016 1452 4085 probatis
1483 4016 1540 4072 in
1567 4016 1858 4087 Apostolis,
1890 4033 2053 4087 quam

441 4101 712 4172 .aprobatis
736 4103 791 4162 in
823 4105 1067 4161 ueteris?
1091 4105 1415 4177 Quanquam
1457 4115 1512 4163 et
1550 4107 1606 4164 in
1636 4107 1739 4163 hoc
1767 4106 1935 4181 multa
1965 4106 2051 4161 di-

442 4194 666 4249 stantia
706 4195 778 4250 sit
809 4214 821 4250 :
853 4196 944 4252 isti
973 4197 1152 4269 spicas
1175 4199 1229 4253 in
1263 4199 1492 4257 sabbato
1518 4214 1684 4258 manu
1715 4197 2048 4268 confricant;

463 4283 540 4340 illi
581 4302 749 4356 panes
776 4288 1130 4344 comederunt
1155 4290 1459 4356 Leviticos,
1501 4293 1662 4355 ct.,ad
1702 4291 1926 4355 Sabbati
1973 4307 2054 4347 so-

446 4377 800 4434 lemnitatem
839 4381 1168 4436 accedebant
1215 4383 1627 4440 ncomcniarum
1670 4383 1804 4446 dies,
1853 4383 2053 4453 quibus

465 4470 521 4526 in
545 4473 812 4528 convivio
849 4475 1143 4543 requisitus
1174 4474 1310 4546 fugit
1348 4491 1417 4531 ex
1449 4476 1572 4532 aula
1600 4476 1772 4547 regia.
1805 4475 2046 4532 Observa

463 4564 609 4632 quod
645 4579 810 4633 panes
847 4565 1230 4635 propositionis
1273 4583 1374 4623 nec
1411 4568 1580 4623 David
1615 4583 1720 4624 nec
1750 4569 1900 4639 pueri
1929 4568 2047 4640 ejus

433 4656 776 4727 acceperint
817 4667 1129 4728 antequam.
1153 4673 1213 4715 se
1252 4675 1283 4716 a
1327 4658 1904 4718 mulieribusmundos
1925 4676 2048 4720 esse

465 4749 882 4816 responderunt.
1311 4789 1314 4798 ε
1755 4801 1758 4808 .

531 4843 635 4897 Aut
672 4859 776 4897 non
809 4841 1002 4914 legistis
1031 4843 1089 4897 in
1120 4847 1228 4914 lege
1255 4845 1388 4915 quia.
1410 4843 1644 4899 sabbatis
1671 4843 2045 4900 sacerdotesin

458 4936 650 5006 templo
677 4935 952 4990 sabbatum
979 4935 1213 5002 violant,
1249 4945 1298 4990 et
1334 4937 1447 4990 sine
1484 4936 1702 4991 crimine
1740 4936 1914 4992 sunt?
1944 4935 2048 4991 Ca-

459 5024 830 5093 lumniamini,
863 5026 1060 5097 inquit,
1101 5027 1394 5096 discipulos
1423 5043 1610 5095 meos,
1648 5044 1746 5084 cur
1771 5044 1868 5099 per
1892 5043 2046 5098 sege-

437 5128 543 5175 Ltes
568 5129 912 5179 transeuntes
939 5123 1118 5194 spicas
1144 5123 1424 5188 triverint,
1469 5132 1524 5178 et
1551 5125 1656 5180 hoc
1685 5123 1931 5179 fecerunt
1961 5123 2046 5178 fa-

434 5213 566 5267 -mis
595 5217 920 5270 necessitate
947 5226 1176 5288 cogente
1207 5235 1220 5271 :
1252 5233 1378 5272 cum
1403 5217 1507 5287 ipsi
1543 5215 1850 5272 Sabbatum
1869 5215 2046 5273 viole-

438 5301 534 5360 tis
557 5303 614 5358 in
643 5305 842 5374 templo
872 5307 1215 5365 immolantes
1241 5309 1512 5375 victimas,
1541 5308 1812 5364 caedentes
1837 5315 2039 5377 tauros,

441 5391 772 5450 holocausta
799 5412 961 5467 super
983 5399 1252 5467 lignorum
1288 5409 1494 5455 struem
1533 5397 1787 5454 incendio
1811 5412 2040 5454 conce-

449 5493 691 5552 mantes,
711 5496 776 5542 .et
799 5488 953 5557 juxta
979 5491 1502 5564 alteriuervangelii
1530 5490 1719 5557 fidem,
1751 5492 2041 5548 circumci-

441 5572 648 5631 dentes
697 5577 946 5648 parvulos
985 5581 1038 5634 iu
1082 5581 1354 5648 Sabbato,
1415 5591 1470 5638 et
1498 5583 1626 5637 dum
1655 5581 1838 5638 aliam
1865 5583 2038 5654 legem

437 5677 678 5724 .servarc
721 5669 915 5739 cupitis
945 5670 1243 5730 Sabbatum
1269 5675 1585 5731 destruatis.
1625 5673 1912 5744 Nunquam
1949 5690 2042 5730 au-

461 5765 571 5814 tem
605 5759 749 5834 leges
784 5763 998 5824 Domini
1021 5768 1124 5825 sibi
1152 5770 1443 5828 contrariae
1466 5777 1627 5839 sunt,
1655 5777 1712 5827 et
1745 5767 2041 5841 prudenter

2162 3284 2308 3350 simi,
2350 3283 2606 3355 praesenti
2637 3283 2871 3341 lectione
2907 3299 3071 3354 quam
3106 3282 3354 3350 audistis,
3398 3284 3583 3339 carnis
3614 3283 3765 3339 desi-

2151 3375 2330 3430 deriis
2357 3390 2464 3430 non
2497 3374 2694 3430 debere
2718 3374 2927 3429 servire
2959 3375 3136 3440 docet,
3178 3372 3366 3428 dicens
3398 3391 3411 3426 :
3445 3371 3619 3444 Ergo,
3656 3373 3768 3443 {rc-

2157 3475 2283 3534 tres,
2309 3466 2566 3522 debitores
2596 3483 2778 3521 sumus
2808 3482 2912 3520 non
2942 3464 3113 3532 carni,
3144 3473 3199 3518 ut
3234 3464 3521 3519 secundum
3538 3481 3765 3520 carnem

2158 3559 2410 3614 vivamus.
2451 3558 2637 3630 Neque
2666 3567 2954 3630 propterea
2990 3574 3091 3614 nos
3121 3556 3250 3614 fecit
3277 3557 3420 3614 Deus
3456 3559 3526 3613 ad
3560 3558 3763 3631 imagi-

2153 3666 2466 3715 nemgsuam
2484 3692 2498 3718 ,
2527 3659 2588 3705 ut
2615 3651 2796 3707 carnis
2825 3650 3073 3707 servituti
3101 3662 3346 3704 essemus
3372 3649 3636 3716 obnoxii,
3666 3650 3762 3706 sed

2155 3743 2336 3816 potius
2365 3752 2426 3798 ut
2450 3742 2682 3800 creatori
2708 3759 2808 3799 suo
2832 3743 3014 3798 anima
3033 3739 3348 3798 deserviens
3371 3740 3490 3810 ipso
3517 3742 3759 3797 servitio

2157 3848 2221 3888 ac
2261 3833 2566 3890 ministerio
2601 3835 2782 3890 carnis
2831 3840 3095 3889 uteretur.
3153 3832 3264 3889 Sed
3315 3831 3550 3888 fortasse
3594 3831 3757 3888 dicat

2157 3923 2361 3996 aliquis,
2383 3925 2657 3996 quomodo
2679 3923 2832 3981 carni
2861 3940 2968 3980 non
3001 3939 3187 3980 sumus
3209 3923 3521 3981 debitores?
3545 3938 3680 3979 cum
3705 3932 3760 3979 et

2154 4015 2358 4071 victum
2382 4015 2432 4071 ei
2459 4024 2513 4070 ct
2544 4016 2921 4071 indumentum
2948 4016 3235 4087 providere
3271 4023 3482 4071 naturae
3507 4017 3763 4072 necessi-

2157 4114 2269 4162 tate
2319 4107 2622 4178 cogamur?
2676 4105 2784 4163 Sed
2837 4114 2896 4162 ut
2953 4107 3266 4162 ostenderet
3306 4105 3598 4177 Apostolus
3642 4123 3758 4162 non

2147 4201 2309 4260 carni
2341 4201 2543 4271 aliquid
2570 4199 2821 4257 conferre
2845 4201 3081 4272 propriae
3119 4198 3459 4256 necessitatis
3478 4199 3758 4270 culpabile

2147 4306 2307 4360 esse,
2342 4293 2438 4347 sed
2475 4291 2648 4362 ipsam
2674 4292 2844 4348 vitam
2873 4290 3057 4348 carnis
3093 4289 3554 4360 concupiscentiis
3586 4305 3754 4345 man-

2153 4388 2373 4460 cipare,
2428 4387 2548 4443 ideo
2601 4384 2846 4451 addidit,
2901 4384 2948 4438 si
2997 4382 3134 4438 enim
3185 4381 3476 4437 secundum
3533 4397 3754 4436 carnem

2153 4478 2407 4544 viceritis,
2444 4475 2756 4531 moriemini.
2805 4473 3116 4530 Secundum
3159 4488 3381 4528 carnem
3431 4472 3614 4527 vivere
3669 4482 3757 4528 est

2143 4569 2470 4627 carnalibus
2509 4566 2792 4623 desideriis
2831 4564 3136 4636 indulgere.
3169 4563 3228 4618 ln
3271 4564 3376 4619 hoc
3414 4577 3549 4634 ergo
3585 4573 3756 4634 negat

2151 4660 2445 4732 Apostolus
2488 4673 2588 4713 nos
2632 4656 2908 4713 debitores
2953 4670 3094 4722 esse,
3140 4655 3282 4711 sicut
3309 4662 3366 4711 et
3403 4653 3532 4734 alibi
3562 4654 3699 4722 dicit
3735 4672 3750 4709 :

2145 4751 2223 4818 Et
2243 4752 2423 4816 carnis
2458 4767 2641 4808 curam
2673 4766 2777 4808 non
2799 4747 3027 4820 feceritis
3061 4748 3116 4802 in
3146 4746 3579 4817 concupiscentiis
3603 4746 3748 4817 ejus.

2137 4844 2271 4900 .Non
2315 4845 2502 4914 utique
2525 4842 2776 4913 denegat,
2815 4849 2868 4896 et
2898 4839 2974 4896 ibi
3005 4839 3187 4902 carnis
3219 4853 3410 4894 curam
3437 4836 3750 4914 habendam

2155 4936 2211 4994 in
2243 4934 2569 4995 necessariis
2610 4932 2736 4987 vitae
2765 4930 2973 4996 usibus,
3006 4929 3102 4986 sed
3138 4928 3254 5000 ejus
3286 4927 3749 4999 concupiscentiis

2147 5028 2470 5086 consentire.
2516 5024 2774 5094 Sequitur
2804 5037 2819 5076 :
2853 5021 2912 5077 Si
2939 5029 3114 5078 autem
3153 5020 3342 5090 spiritu
3389 5019 3530 5088 facta
3565 5019 3746 5087 carnis

2146 5115 2582 5188 mortiﬁcaveritis
2611 5114 2807 5170 vivetis.
2846 5111 2949 5181 Qui
2972 5127 3103 5184 ergo
3147 5107 3445 5167 secundum
3473 5108 3744 5178 spiritalia

2141 5211 2280 5268 vivit
2310 5209 2598 5275 desideria,
2633 5215 2688 5263 et
2725 5204 3023 5261 mortificat
3055 5212 3208 5260 actus
3235 5201 3417 5258 carnis
3457 5215 3591 5266 suae,
3622 5199 3743 5271 ipse

2137 5303 2280 5362 ,vivit
2319 5310 2560 5373 propter
2617 5297 3012 5360 inhabitantem
3065 5295 3120 5352 in
3171 5310 3230 5352 se
3272 5293 3541 5369 Spiritum
3590 5292 3736 5376 vitae.

2130 5395 2256 5464 .lsto
2299 5395 2443 5449 enim
2492 5392 2652 5448 modo
2691 5391 2814 5461 quis
2853 5384 3008 5446 actus
3051 5387 3230 5445 carnis
3263 5383 3596 5462 mortiﬁcare
3639 5397 3740 5453 po-

2135 5485 2287 5553 test?
2310 5484 2458 5541 Nam.
2486 5484 2694 5538 fructus
2717 5481 2939 5552 spiritus
2965 5487 3049 5536 est
3077 5476 3336 5540 charitas,
3361 5475 3547 5531 odium
3574 5481 3735 5528 actus

2148 5587 2240 5634 estv
2267 5578 2466 5644 carnis.
2501 5575 2699 5630 Odium
2727 5587 2855 5642 ergo
2893 5587 2991 5642 per
3011 5569 3333 5633 charitatem
3373 5563 3740 5650 mortiﬁcatur

2147 5681 2206 5736 et
2241 5669 2625 5744 exstinguitur.
2679 5665 2960 5736 Gaudium.
2988 5662 3046 5718 in
3084 5663 3197 5743 Deo
3232 5659 3485 5717 similiter
3522 5657 3735 5733 fructus

2147 5773 2235 5823 est
2281 5755 2521 5838 spiritus.
2581 5759 2823 5817 Tristitia
2883 5755 3043 5829 hujus
3099 5750 3283 5812 saeculi
3331 5764 3452 5824 quae
3494 5756 3736 5816 mortem
