3960 6360
629 312 675 329 κ.
694 322 746 338 ‹-ι

503 376 614 442 887

1138 380 1199 437 Β.
1236 379 1493 439 RABANI
1532 374 1758 443 MAURl
1798 372 2123 442 ARCHIEP.
2162 327 2473 442 MOGUDT.
2515 374 2802 442 OPERUM
2836 382 3018 440 PARS
3054 381 3122 439 ll.

3691 374 3790 441 388

570 495 744 571 Igitur
767 512 833 551 ea:
860 492 1118 567 fructibus
1149 496 1329 551 eorum
1354 496 1672 570 cognoscetis
1705 513 1811 553 eos.
1837 494 1940 567 Qui
1967 505 2095 555 sunt
2118 501 2172 566 Α
2198 514 2329 556 sane
2359 493 2504 570 quod
2532 496 2704 555 otiosa
2727 499 2800 555 sit
2831 500 2971 571 apud
2997 492 3224 557 Paulum
3254 496 3495 556 varietas
3520 494 3644 571 ipsa
3677 514 3791 556 ver-

497 604 631 666 ergo
658 588 888 656 fructus,
916 584 1111 659 quibus
1148 586 1382 643 inventis
1424 604 1816 660 cognoscamus
1844 587 2095 647 arborem

496 683 699 740 malam
720 701 732 737 :
756 678 887 738 dicit
910 678 1230 753 Apostolus:
1253 670 1539 750 Manifesta
1569 698 1725 753 opera
1750 682 1949 751 carnis,
1976 698 2095 755 quis

488 784 619 839 sunt
659 766 1057 846 fornicationes,
1098 768 1477 837 immunditiis,
1531 770 1787 839 luxuriat,
1829 771 2093 827 idolorum

496 865 739 933 servitus,
761 863 1031 934 veneﬁcia,
1059 861 1374 932 inimicitiw,
1400 862 1778 930 contentiones,
1800 861 2095 918 cumulatio-

496 973 606 1023 nes,
631 950 1011 1022 animositates,
1033 951 1401 1021 dissensiones,
1420 948 1660 1020 haereses,
1687 950 1917 1020 invidiae,
1933 954 2095 1009 ebrie-

493 1054 627 1102 tates
650 1088 667 1114 ,
707 1045 1129 1111 comessationes,
1150 1053 1197 1100 et
1226 1044 1305 1100 his
1343 1042 1538 1100 similia
1570 1061 1687 1116 quae
1734 1044 1966 1116 prtedico
2008 1061 2094 1100 vo-

493 1136 593 1203 bis,
633 1138 769 1193 sicut
805 1134 1051 1210 prwdixi,
1076 1132 1326 1210 quoniam
1361 1136 1450 1209 qui
1493 1134 1625 1191 talia
1664 1144 1829 1213 agunt
1875 1151 2091 1207 regnum

490 1228 591 1287 Dei
632 1248 736 1287 non
769 1239 1167 1303 consequentur.
1211 1225 1277 1285 Et
1302 1228 1393 1302 qui
1431 1235 1559 1284 sunt
1592 1244 1693 1301 per
1730 1242 1867 1299 quos
1894 1242 2095 1301 cogno-

491 1322 694 1381 scimus
736 1322 990 1381 arborem
1031 1324 1256 1390 bonam,
1287 1324 1430 1380 idem
1466 1324 1583 1398 ipse
1629 1320 1922 1393 Apostolus
1963 1338 2092 1379 con-

492 1423 783 1485 sequenter
810 1414 978 1473 dicit:
1008 1410 1242 1469 Fructus
1284 1424 1459 1469 autem
1493 1415 1711 1485 spiritus
1736 1423 1809 1467 est
1834 1413 2087 1481 charitas,

488 1508 765 1581 gaudium,
799 1526 926 1580 pax,
963 1507 1356 1580 longanimitas,
1401 1502 1714 1579 benignitas,
1756 1502 1977 1572 bonitas,
2017 1506 2088 1576 ﬁ-

489 1596 602 1667 des,
629 1599 1001 1665 mansuetudo,
1026 1596 1371 1667 continentia,
1403 1607 1513 1656 etc.

560 1688 685 1746 Non
714 1688 884 1746 omnis
910 1689 1000 1761 qui
1024 1686 1150 1744 dicit
1178 1686 1306 1742 mihi
1329 1702 1349 1741 :
1382 1678 1627 1756 Domine,
1654 1686 1891 1754 Domine,
1916 1687 2086 1742 intra-

488 1785 561 1839 bit
585 1786 642 1840 in
663 1801 880 1856 regnum
904 1781 1186 1850 calorum;
1222 1781 1314 1837 sed
1345 1784 1435 1854 qui
1476 1774 1605 1854 facit
1630 1781 1948 1838 voluntatem
1976 1777 2087 1834 Pa-

2196 593 2412 660 borum,
2444 591 2588 664 quod
2622 586 2914 663 aliquando
2949 590 3217 661 inﬁmos,
3249 590 3545 665 aliquando
3574 593 3790 664 impios,

2196 683 2483 755 aliquando
2510 692 2826 755 peccatores
2854 685 3117 752 nominat,
3145 699 3247 757 pro
3280 684 3479 756 quibus
3513 681 3792 740 Christum

2195 784 2468 831 mortuum
2499 775 2647 843 dicit,
2677 785 2733 832 et
2759 777 3006 847 quamvis
3044 776 3355 848 imperitum
3383 793 3444 833 se
3468 775 3720 833 fateatur
3740 774 3794 834 ὴ

2195 882 2468 936 sermone,
2512 885 2620 925 non
2647 877 2828 926 tamen
2855 862 3093 926 arbitror
3113 870 3257 941 quod
3299 867 3356 926 in
3387 869 3477 926 bis
3502 867 3598 927 ille
3623 868 3795 942 imp'b-

2196 958 2362 1027 ritia,
2409 959 2503 1017 sed
2546 960 2728 1031 potius
2775 954 3099 1031 profundam
3148 960 3432 1019 scientiam
3473 962 3793 1021 variaverit.

2193 1047 2297 1107 Per
2323 1051 2441 1107 haec
2468 1068 2701 1123 namque
2728 1052 2832 1107 tria
2857 1068 3017 1109 omne
3040 1050 3251 1126 peccati
3277 1046 3555 1127 colligitur
3580 1070 3793 1129 genus:

2192 1155 2288 1201 aut
2311 1145 2456 1201 enim
2480 1140 2736 1218 ignorans
2758 1136 2926 1202 Deum
2950 1145 3072 1218 quis
3096 1156 3152 1204 et
3173 1145 3362 1204 nolens
3384 1163 3615 1205 servare
3642 1164 3798 1204 man-

2194 1236 2399 1307 datum,
2432 1237 2668 1295 vincitur
2701 1234 2993 1313 fragilitate
3033 1240 3237 1309 carnis,
3263 1250 3318 1299 et
3348 1234 3625 1299 illecebris
3657 1254 3798 1315 pra-

2191 1331 2363 1386 sentis
2407 1330 2533 1386 vita:
2578 1330 2868 1402 decipitur,
2911 1338 2969 1388 et
3006 1330 3256 1389 inﬁrmus
3301 1326 3647 1405 appellatur;
3705 1344 3799 1391 aut

2192 1421 2370 1477 sciens
2395 1420 2688 1492 volensque
2728 1423 3032 1479 contemnit
3049 1422 3366 1480 mandatum
3403 1430 3464 1481 et
3485 1425 3611 1481 odit
3638 1423 3797 1481 disci-

2192 1508 2395 1581 plinam
2424 1500 2540 1578 Dei,
2568 1529 2631 1568 ac
2655 1510 2871 1583 proiicit
2896 1519 3175 1570 sermObes
3202 1513 3320 1585 ejus
3340 1512 3467 1587 post
3492 1530 3577 1582 se,
3600 1525 3657 1571 et
3673 1528 3797 1587 pee-

2194 1605 2345 1653 cator
2373 1598 2717 1665 nominatur;
2744 1608 2912 1671 atque
2931 1600 3008 1655 ita
3027 1598 3230 1657 Paulus
3256 1601 3349 1671 qui
3373 1615 3432 1657 se
3455 1601 3798 1674 imperitum,

2191 1694 2253 1742 ut
2274 1687 2529 1755 diximus,
2571 1689 2624 1742 in
2657 1698 2909 1745 sermone
2938 1688 3239 1759 profitetur,
3281 1688 3337 1745 in
3377 1691 3560 1746 tribus
3594 1690 3684 1748 his
3714 1692 3799 1748 ὥς

2193 1779 2543 1837 versitatihus’
2589 1774 2841 1838 universa
2887 1792 2990 1854 pro
3024 1782 3225 1855 quibus
3243 1772 3499 1841 Christus
3526 1782 3800 1856 pradica-

486 1878 582 1932 tris
604 1878 707 1933 mei
735 1876 827 1949 qui
846 1876 902 1932 in
937 1872 1078 1930 cadis
1100 1885 1202 1942 est,
1239 1876 1349 1946 ipse
1378 1873 1593 1929 intrabit
1616 1875 1673 1927 in
1694 1889 1906 1945 regnum
1935 1870 2090 1927 caelo—
2114 1862 2163 1929 Β
2193 1874 2282 1937 tur
2308 1876 2556 1929 mortuus
2586 1882 2706 1931 esse
2753 1870 3069 1946 complexos
3104 1880 3208 1933 est.
3246 1875 3402 1946 Quod
3435 1878 3484 1934 si
3521 1866 3798 1937 interdum

486 1984 625 2024 rum.
670 1962 916 2041 Regnum
953 1966 1220 2024 oculorum
1263 1964 1377 2022 sola
1422 1962 1715 2022 verborum
1752 1960 1926 2020 ofﬁcia
1979 1978 2089 2019 non

485 2059 751 2127 obtinent,
770 2072 945 2130 neque
958 2056 1053 2130 qui
1067 2055 1327 2124 diserint,
1340 2054 1583 2124 Domine,
1597 2054 1841 2121 Domine,
1855 2050 2090 2111 cohaere-

486 2154 583 2210 des
601 2150 745 2209 illius
769 2161 951 2209 erunt.
970 2150 1283 2221 Quidenim
1314 2148 1492 2206 meriti
1518 2156 1603 2204 est
1624 2145 1853 2203 Domino
1883 2145 2085 2214 dicere,

481 2238 750 2305 Domine?
778 2246 1022 2318 nunquid
1046 2243 1309 2302 Dominus
1334 2258 1443 2299 non
1467 2242 1595 2310 erit,
1622 2241 1729 2297 nisi
1755 2240 1933 2296 dictus
1963 2236 2084 2295 fue-

483 2340 611 2396 rita
637 2339 915 2396 nobisi-et
940 2344 1061 2411 Quae
1090 2334 1247 2394 oﬂicii
1280 2335 1540 2392 sanctitas
1570 2342 1654 2390 est
1689 2332 1926 2388 nominis
1948 2348 2087 2386 nun-

481 2433 719 2507 cupatio,
757 2436 886 2487 cum
929 2424 1166 2488 caelestis
1210 2428 1364 2501 regni
1400 2424 1504 2482 iter
1548 2425 1729 2498 potius
1776 2414 2085 2481 obcdientia

462 2516 775 2580 voluntatis
800 2537 913 2578 non
952 2510 1050 2576 Dei
1089 2518 1424 2590 nuncupatio
1451 2518 1734 2589 rcperlura
1776 2514 1882 2571 sit?
1908 2515 2083 2587 Ergo,

483 2615 626 2672 sicut
648 2629 813 2686 supra
842 2612 1075 2677 dixerat,
1114 2626 1208 2666 eos
1246 2606 1339 2683 qui
1381 2608 1646 2664 baberent
1682 2612 1885 2663 vestem
1932 2608 2084 2661 bona:

458 2708 608 2779 _vitae
651 2722 760 2763 non
788 2705 1127 2778 recipiendos
1153 2714 1379 2777 propter
1406 2700 1719 2776 dogmatum
1759 2696 2082 2768 nequitiam,

481 2800 557 2859 ita
586 2814 733 2855 nunc
750 2813 783 2854 e
801 2798 1077 2856 contrario
1093 2796 1311 2866 asserit,
1339 2811 1410 2852 ne
1426 2794 1511 2851 bis
1534 2793 1750 2866 quidem
1777 2806 2085 2847 accommo-

481 2893 718 2951 dandam
760 2892 943 2958 tidem,
992 2892 1087 2965 qui
1133 2907 1258 2948 cum
1300 2880 1539 2962 polleant
1592 2884 1906 2959 integritate
1957 2880 2083 2940 ﬁdei

478 2987 712 3058 turpiter
748 2987 955 3052 vivant,
984 2994 1040 3040 et
1066 2985 1327 3041 doctrina:
1351 2978 1719 3054 integritatem
1762 2978 1921 3035 malis
1947 2993 2081 3049 ope-

454 3080 632 3143 ribus
657 3079 959 3137 destruant.
994 3076 1297 3147 Utrumque
1329 3074 1476 3130 enim
1507 3072 1604 3129 Dei
1632 3068 1803 3128 servis
1824 3078 2079 3125 necessa-

2192 1963 2358 2021 etiam
2381 1965 2437 2021 hi
2470 1966 2561 2037 qui
2584 1964 2685 2022 sub
2712 1964 2831 2038 lege
2852 1970 3000 2035 Sunt,
3024 1968 3080 2023 et
3107 1956 3279 2024 Deum
3304 1968 3486 2025 colere
3503 1966 3798 2037 videntur,

2190 2059 2341 2130 impii
2380 2061 2437 2115 in
2486 2060 2780 2132 Scripturis
2809 2060 3019 2119 divinis
3063 2060 3438 2130 nominantur,
3487 2063 3703 2121 ideirco
3743 2062 3801 2121 dt

2189 2148 2318 2221 quia
2360 2146 2727 2223 relinquentes
2760 2152 2933 2208 Deum
2973 2160 3193 2223 patrum
3229 2162 3475 2221 suorum,
3508 2154 3652 2211 deos
3679 2168 3801 2228 gen»

2190 2245 2331 2301 tiunt
2360 2244 2543 2302 colunt
2566 2263 2582 2303 :
2613 2246 2757 2318 quod
2780 2252 2911 2305 vero
2943 2242 3147 2303 Paulus
3174 2252 3236 2304 se
3264 2256 3388 2303 cum
3409 2244 3799 2320 peecitmibus

2188 2345 2457 2403 numerat,
2485 2335 2575 2409 qui
2610 2336 2729 2394 aliis
2769 2336 2902 2393 dicit
2929 2340 2945 2393 :'
2979 2338 3093 2395 Nos
3140 2344 3334 2395 natura
3373 2328 3559 2395 Πιάωί
3609 2346 3665 2395 et
3700 2344 3799 2395 non

2186 2438 2251 2486 ex
2298 2431 2537 2503 gentibus
2577 2440 2896 2502 peccatores,
2925 2430 3247 2489 humilitatis
3284 2428 3402 2502 ejus
3443 2439 3530 2488 est
3579 2430 3795 2497 virtus;

2186 2521 2433 2578 imitatur
2457 2522 2603 2578 enim
2630 2522 2780 2578 illum
2806 2522 2921 2595 qui,
2945 2534 3069 2579 cum
3094 2532 3377 2596 peccatum
3405 2534 3514 2580 non
3540 2522 3796 2590 fecisset,

2184 2624 2468 2685 peccatum
2511 2626 2615 2687 pro
2663 2616 2822 2673 nobis
2869 2615 3045 2673 factus
3080 2624 3183 2683 est,
3214 2620 3272 2673 et
3313 2630 3432 2674 cum
3460 2615 3616 2673 Deus
3653 2624 3800 2673 esset

2185 2704 2330 2762 inter
2386 2706 2635 2763 homines
2687 2712 3043 2765 conversatus
3098 2717 3201 2766 est.
3266 2706 3622 2764 Comnrendat
3677 2724 3799 2782 ergo

2182 2812 2335 2851 suam
2374 2798 2686 2853 charitatem
2727 2798 2871 2855 Deus
2918 2801 2974 2856 in
3001 2800 3163 2872 [nobis
3189 2814 3209 2855 :
3237 2800 3325 2856 hic
3357 2799 3721 2858 commendat
3746 2810 3799 2857 et

2184 2887 2491 2955 confirmat,
2522 2897 2579 2944 et
2600 2887 2889 2944 amabilem
2916 2886 3047 2946 facit
3075 2902 3176 2960 pro
3200 2886 3478 2947 beneﬁciis
3499 2889 3796 2961 prastitis.

2188 2976 2342 3046 Quod
2370 2979 2517 3034 enim
2536 2976 2805 3047 Christus,
2837 2986 2962 3036 cum'
2990 2980 3169 3036 adhuc
3194 2986 3509 3052 peccatores
3536 2982 3799 3038 Mus

2182 3085 2282 3144 pro
2324 3071 2480 3126 nobis
2520 3076 2767 3127 mortuus
2797 3078 2904 3138 est,
2937 3084 3089 3143 spem
3118 3069 3275 3127 nobis
3304 3070 3397 3126 dat
3435 3069 3589 3141 quod
3616 3068 3799 3127 multo

452 3172 631 3241 rium“
654 3179 758 3239 est,
794 3176 855 3226 ut
905 3177 961 3225 et
990 3183 1128 3238 opus
1170 3181 1443 3235 sermone,
1486 3174 1544 3223 et
1591 3179 1771 3220 sermo
1824 3160 2081 3233 operibus
2154 3162 2357 3241 imagis
2391 3176 2491 3218 nos
2524 3175 2556 3217 a
2585 3166 2809 3233 peCcato
2832 3162 3090 3234 purgatos
3128 3158 3183 3217 et
3217 3156 3566 3230 jusﬁlicatos,
3606 3152 3689 3216 ab
3720 3161 3799 3217 ira

478 3264 882 3335 comprobetur,
908 3259 1036 3317 huic
1061 3261 1346 3317 sententiae
1374 3265 1554 3330 potest
1585 3243 1716 3310 illud
1744 3252 1919 3309 videri
1954 3267 2085 3308 con-
2111 3240 2161 3308 C
2190 3268 2309 3322 qute
2339 3251 2589 3308 imminet
2611 3253 2991 3323 peccatoribus
3012 3250 3241 3308 salvavit
3260 3264 3357 3324 per
3385 3250 3686 3335 ipsum,et
3706 3252 3798 3324 qui

479 3352 752 3408 uarium:
781 3350 953 3406 Nemo
981 3359 1148 3421 potest
1195 3348 1367 3403 dicere
1402 3346 1662 3403 Dominus
1694 3344 1849 3402 Iesus
1888 3338 1991 3399 nisi
2025 3344 2084 3398 in

480 3440 685 3515 Spiritu
708 3452 911 3497 sancto.
932 3441 1039 3498 Sed
1062 3442 1231 3498 moris
1264 3450 1347 3496 est
1376 3436 1781 3512 Scripturarunt
1810 3432 1952 3492 dicta
1982 3452 2083 3508 pro

478 3531 637 3589 factis
682 3531 952 3604 accipere,
996 3537 1056 3587 ut
1088 3531 1272 3587 statim
1304 3526 1359 3584 in
1388 3526 1846 3599 consequentibus
1880 3542 2079 3598 appro-

477 3618 659 3690 batur,
704 3623 930 3680 refutari
973 3638 1069 3681 eos
1106 3616 1199 3696 qui
1220 3619 1430 3693 jactant
1456 3621 1568 3676 sive
1612 3618 1867 3691 operibus
1907 3616 2075 3675 scien-

480 3717 613 3773 tiam
644 3715 885 3782 Domini,
916 3724 971 3770 et
995 3714 1217 3771 audiant
1242 3730 1274 3768 a
1296 3709 1581 3768 Salvatore
1608 3729 1620 3764 :
1649 3709 1886 3779 Reccqite
1911 3728 1943 3764 a
1975 3726 2078 3776 me,

478 3810 706 3882 operarii
756 3808 1068 3880 iniquitatis,
1120 3806 1294 3865 nescio
1333 3825 1443 3862 vos.
1487 3804 1560 3862 Et
1594 3802 1881 3878 ApOsloius
1937 3804 2081 3859 hunc

478 3919 699 3962 sensum
719 3888 963 3974 loquitur
985 3921 999 3957 :
1018 3894 1348 3973 Conﬁtentur
1367 3918 1421 3956 se
1443 3891 1725 3955 Dominum
1745 3900 1898 3965 scire,
1924 3894 2078 3968 factis

479 4005 656 4053 autem
702 4003 911 4067 negant.
963 3993 1229 4064 Quoniam
1277 3992 1575 4049 secundum
1619 3982 1915 4047 Saivatoris
1957 4004 2080 4043 sen~

480 4087 729 4153 tentiam,
754 4087 845 4158 qui
865 4086 1115 4142 mandata
1142 4082 1239 4140 Dei
1268 4094 1401 4141 recte
1428 4080 1642 4139 credens
1668 4081 1908 4153 operibus
1931 4080 2078 4136 bonis

478 4181 913 4239 consummaverit
932 4189 1003 4260 _et
1051 4178 1289 4234 docuerit
1326 4177 1399 4233 sic
1439 4174 1696 4243 homines,
1727 4173 1810 4228 hic
1855 4190 2077 4245 magnus

479 4274 748 4332 vocabitur
788 4276 847 4330 in
895 4290 1053 4345 regno
1097 4272 1377 4337 cwlorum;
1429 4273 1518 4344 qui
1549 4282 1724 4325 autem
1760 4268 1995 4323 docuerit
2025 4278 2077 4323 et

481 4384 588 4424 non
610 4366 817 4437 fecerit,
848 4367 1095 4421 minimus
1128 4363 1396 4419 vocabitur
1425 4364 1482 4418 in
1514 4379 1669 4434 regno
1702 4360 1969 4417 ccclorum.

982 4475 1273 4535 HW
1316 4474 1575 4533 CXXVII.

466 4610 475 4619 ,
1136 4563 1298 4603 unum
1336 4563 1409 4601 tv.

550 4642 735 4701 Lectio
758 4640 1013 4717 Epistolas
1030 4640 1176 4697 beati
1200 4638 1350 4694 Pauli
1373 4637 1598 4709 apostoli
1623 4634 1689 4692 ad
1713 4632 2003 4694 Romanos.

553 4736 802 4805 Fratres,
818 4738 867 4793 si
893 4753 1013 4795 cum
1034 4737 1208 4792 adhuc
1234 4743 1531 4809 peccatores
1556 4751 1802 4800 essemus,
1837 4734 2076 4789 Christus

472 4846 576 4905 pro
605 4829 752 4885 nobis
782 4836 1019 4889 mortuus
1059 4821 1156 4892 est,
1190 4825 1354 4882 multo
1394 4826 1579 4897 magis,
1619 4825 1903 4897 justi/icati
1940 4841 2077 4880 nunc

479 4923 537 4981 in
562 4923 821 4994 sanguine
843 4921 1029 4992 ipsius,
1055 4912 1188 4974 salvi
1208 4920 1403 4975 erimus
1429 4918 1494 4973 ab
1524 4919 1604 4972 ira
1628 4935 1721 4989 per
1748 4920 1938 4989 ipsum,
1966 4929 2073 4975 etc.

552 5012 670 5070 Hoc
699 5012 850 5078 dicit,
881 5010 1010 5085 quia
1050 5010 1097 5065 si
1134 5023 1238 5080 pro
1282 5007 1660 5078 peccatoribus
1700 5006 1870 5062 ﬁlium
1916 5022 2073 5061 suum

479 5101 629 5163 Deus
645 5103 820 5161 occidi
844 5100 1113 5175 permisit,
1138 5096 1268 5171 quid
1292 5096 1459 5154 faciat
1484 5113 1582 5170 pro
1604 5098 1935 5170 iustiﬁcatis,
1967 5097 2073 5152 nisi

483 5203 666 5252 servet
694 5208 787 5251 eos
814 5194 883 5250 ab
923 5193 1035 5258 ira,
1066 5190 1125 5248 id
1148 5197 1252 5257 est,
1284 5197 1428 5245 tutos
1456 5189 1577 5245 illos
1604 5198 1822 5260 prmstct
1860 5188 1927 5243 ab
1953 5188 2073 5243 illa—

484 5287 640 5345 sione
659 5284 890 5342 diaboli?
916 5292 978 5341 ut
995 5281 1177 5341 securi
1201 5281 1313 5338 sint
1334 5283 1391 5339 in
1420 5282 1507 5338 die
1531 5280 1723 5352 iudicii
1744 5296 1866 5336 cum
1896 5290 2075 5349 coepe—

485 5380 558 5435 rit
583 5376 819 5450 perfidos
844 5376 979 5434 ultio
1019 5375 1303 5434 devastaro
1324 5415 1345 5442 ,
1371 5373 1630 5446 quoniam
1668 5373 1814 5428 enim
1860 5362 2075 5428 bonitas

484 5468 584 5526 Dei
614 5466 818 5525 nullum
843 5467 1021 5538 perire
1056 5462 1194 5534 vult,
1232 5474 1464 5522 mortem
1501 5452 1870 5534 dignissimam
1902 5462 2071 5529 dedit,

486 5572 549 5619 ut
574 5561 996 5635 intelligentibus
1038 5561 1136 5620 Dei
1179 5561 1408 5633 gratiam
1455 5559 1599 5614 circa
1641 5572 1698 5613 se
1734 5555 1957 5612 adderet
1990 5552 2074 5611 di-

485 5654 748 5729 gnitatem
789 5660 846 5707 et
880 5652 1131 5726 gloriam.
1172 5652 1377 5723 ingrati
1424 5650 1481 5707 hi
1527 5652 1656 5705 sunt
1696 5650 1807 5719 qui,
1845 5646 1952 5704 Deo
1978 5660 2072 5704 vo-

488 5751 663 5810 cante,
691 5742 1035 5810 dissentiunt,
1064 5742 1160 5799 Dei
1193 5742 1422 5813 gratiam
1449 5740 1748 5795 abnuentes
1783 5746 1841 5794 ut
1870 5738 1922 5793 in
1945 5753 2071 5809 pro-

486 5836 662 5909 posito
687 5836 892 5896 erroris
917 5845 973 5893 et
999 5835 1350 5906 malignitatis
1377 5841 1747 5906 permaneant.
1786 5826 1899 5889 Non
1939 5842 2070 5904 puto

2185 3344 2390 3401 alienos
2434 3353 2491 3400 et
2514 3344 2764 3401 inimicos
2800 3345 2876 3399 ita
2906 3343 3112 3411 dilexit,
3145 3348 3203 3398 ut
3231 3350 3335 3415 pro
3358 3342 3516 3399 nobis
3536 3334 3615 3399 ad
3649 3352 3799 3403 mor-

2187 3445 2296 3494 tem
2321 3436 2539 3493 unicum
2568 3450 2725 3493 suum
2767 3436 2938 3503 daret,
2976 3435 3147 3492 multo
3176 3436 3351 3510 magis
3391 3444 3518 3493 suos
3559 3424 3798 3497 metas

2183 3538 2238 3586 et
2289 3528 2666 3587 reconciliatos
2714 3522 2819 3586 sibi
2862 3536 3066 3586 aeterna
3111 3529 3287 3586 Salute
3321 3528 3566 3587 donabit.
3611 3528 3796 3589 ιαιω

2182 3640 2326 3695 ergo,
2355 3623 2554 3695 inquit,
2582 3623 2751 3696 magis
2769 3622 3055 3695 justiﬁcati
3089 3632 3227 3679 nunc
3252 3622 3309 3679 in
3334 3624 3591 3695 sanguine
3621 3624 3793 3696 ipsius

2181 3714 2369 3769 salvati
2395 3714 2591 3770 erimus
2626 3712 2691 3768 ab
2714 3714 2797 3769 ira
2822 3732 2916 3786 per
2937 3715 3127 3788 ipsum.
3158 3713 3216 3770 In
3245 3714 3622 3786 superioribus
3665 3714 3793 3789 qni-

2181 3806 2303 3863 dem
2333 3807 2581 3864 dixerat:
2614 3806 2905 3879 Justiﬁcati
2944 3806 3107 3881 igitur
3140 3825 3205 3873 ea:
3241 3806 3349 3878 fide
3366 3825 3548 3879 pacem
3580 3807 3793 3871 habea-

2182 3918 2297 3956 mus
2340 3898 2412 3957 ad
2448 3890 2655 3968 Deum;
2681 3904 2738 3956 et
2761 3906 2906 3957 nunc
2928 3896 3094 3957 dicit:
3133 3892 3303 3956 Multo
3331 3900 3497 3973 magis
3525 3919 3674 3957 nunc
3694 3904 3792 3974 jn-

2179 3990 2395 4062 stiﬁcati
2437 3992 2493 4047 in
2539 3993 2795 4065 sanguine
2840 3990 3004 4065 ipsius
3050 3986 3185 4047 salvi
3234 3992 3431 4048 erimus
3468 3983 3543 4047 αὐ·
3577 3992 3669 4048 ira
3696 4010 3793 4067 per

2180 4088 2370 4157 ipsum.
2394 4084 2472 4141 Ex
2500 4101 2606 4156 quo
2633 4084 2873 4142 ostendit
2894 4082 3038 4158 quod
3062 4099 3237 4156 neque
3264 4078 3397 4142 ﬁdes
3421 4092 3633 4154 nostra,
3668 4087 3792 4145 sine

2179 4174 2379 4233 Christi
2406 4177 2687 4249 sanguine,
2714 4192 2890 4249 neque
2921 4177 3141 4250 sanguis
3169 4172 3375 4233 Christi
3403 4190 3503 4233 nos
3529 4177 3653 4234 sine
3680 4178 3788 4235 ﬁde

2179 4279 2363 4327 nostra
2381 4266 2678 4340 justiﬁcat;
2704 4284 2771 4325 ex
2795 4278 3025 4342 utroque
3056 4275 3236 4325 tamen
3263 4265 3435 4325 multo
3460 4269 3636 4343 magis
3664 4287 3791 4328 san-

2177 4362 2298 4432 guis
2320 4360 2523 4418 Christi
2555 4374 2654 4416 nos
2678 4376 2840 4431 quam
2871 4359 3005 4417 fides
3043 4370 3231 4417 nostra
3254 4352 3546 4433 justiﬁeat,
3575 4370 3631 4418 et
3658 4363 3786 4421 ideo

2178 4451 2311 4506 mihi
2339 4452 2555 4508 videtur
2582 4468 2706 4508 cum
2733 4452 2790 4507 in
2817 4451 3189 4522 superioribus
3213 4451 3541 4523 simpliciter
3555 4454 3780 4523 dixerit,

2168 4541 2454 4616 justiﬁcati
2488 4562 2552 4605 tua
2589 4544 2716 4616 ﬁde,
2756 4540 2848 4600 hic
2887 4538 3181 4612 addidisse,
3226 4543 3392 4600 multo
3431 4544 3601 4618 magis
3654 4566 3783 4619 ergo

2100 4616 2159 4677 Β
2183 4653 2319 4692 nunc
2336 4635 2622 4708 justiﬁcati
2652 4638 2707 4691 in
2741 4634 2995 4707 sanguine
3031 4633 3171 4706 ejus,
3208 4643 3268 4691 ut
3291 4616 3669 4709 dederet-quia
3712 4616 3781 4695 ab

2182 4724 2265 4783 ira
2291 4736 2539 4794 ventura,
2572 4727 2784 4783 etiamsi
2809 4722 2943 4782 fides
2966 4733 3157 4782 nostra
3189 4742 3289 4783 nos
3330 4725 3524 4795 saivet,
3561 4723 3778 4785 etiamsi

2179 4835 2343 4890 opera
2363 4818 2609 4889 iustitiae,
2638 4832 2801 4890 super
2827 4818 2945 4874 haec
2982 4828 3162 4875 tamen
3193 4818 3375 4874 omnia
3400 4818 3576 4876 multo
3600 4818 3777 4893 magis

2181 4913 2402 4985 sanguis
2426 4911 2630 4968 Christi
2669 4910 2847 4967 salvos
2881 4926 2981 4967 nos
3018 4909 3184 4968 faciat
3203 4908 3272 4968 ab
3310 4910 3392 4967 ira
3433 4916 3684 4968 ventura.
3715 4911 3775 4969 Si

2178 5007 2315 5061 enim
2334 5021 2452 5059 cum
2478 5018 2705 5058 essemus
2736 4998 3077 5071 reconciliati,
3100 5017 3281 5057 sumus
3312 5001 3420 5057 Deo
3439 5019 3524 5073 per
3553 5013 3772 5058 mortem

2174 5086 2304 5148 Filii
2328 5093 2466 5165 ejus,
2488 5088 2654 5147 multo
2673 5089 2843 5163 magis
2871 5088 3192 5148 reconciliati
3210 5089 3341 5147 salvi
3367 5091 3566 5147 erimus
3584 5091 3639 5145 in
3664 5092 3771 5145 vita

2175 5184 2357 5256 ipsius.
2394 5182 2736 5238 Manifestum
2775 5191 2861 5237 est
2895 5182 3020 5253 quia
3052 5181 3098 5238 si
3141 5190 3199 5239 ut
3243 5176 3626 5238 reconciliaret
3670 5197 3768 5237 nos

2176 5276 2277 5333 sibi
2305 5276 2466 5341 Deus,
2498 5270 2666 5330 lilium
2694 5289 2852 5330 suum
2886 5268 3047 5329 morti
3073 5268 3330 5329 tradidit:
3363 5278 3569 5344 quanto
3596 5272 3767 5343 magis

2178 5360 2552 5421 reconciliatos
2600 5360 2779 5419 salvos
2820 5354 2985 5419 faciet
3026 5360 3081 5418 in
3120 5363 3232 5418 vita
3279 5362 3469 5434 ipsius.
3520 5356 3581 5417 Si
3622 5375 3763 5416 enim

2180 5464 2329 5515 mors
2368 5450 2665 5511 Salvatoris
2710 5444 2915 5526 profuit
2963 5446 3140 5521 nobis,
3187 5460 3391 5525 quanto
3436 5452 3613 5525 magis
3652 5449 3759 5506 vita

2180 5548 2350 5624 ipsius
2373 5563 2497 5604 cum
2520 5546 2754 5618 resurgit
2775 5563 2808 5603 a
2834 5547 3083 5614 mortuis,
3111 5548 3236 5620 quia
3278 5546 3421 5604 sicut
3460 5562 3612 5603 mors
3646 5542 3759 5617 eius

2182 5662 2212 5701 a
2235 5640 2445 5699 diabolo
2471 5657 2569 5699 nos
2594 5643 2757 5710 eruit,
2784 5642 2858 5697 ita
2882 5646 2936 5699 et
2963 5636 3075 5697 vita
3093 5641 3212 5713 ejus
3239 5638 3306 5698 de
3338 5641 3426 5698 die
3445 5634 3636 5711 iudicii
3662 5650 3762 5693 um
3798 5710 3816 5723 ⁸

2178 5732 2425 5792 liberabit
2458 5754 2470 5790 :
2506 5751 2636 5807 ergo
2671 5735 2918 5792 Christus
2954 5736 3052 5806 pro
3088 5732 3271 5805 impiis
3296 5736 3543 5791 mortuus
3570 5730 3671 5799 est,
3700 5738 3757 5786 et

2177 5833 2424 5889 Christus
2455 5830 2598 5887 Deus
2622 5840 2734 5899 est;
2765 5830 3031 5902 quomodo
3077 5846 3184 5886 non
3223 5829 3468 5902 regnabit
3511 5818 3760 5885 iuventus
