3960 6360
245 404 358 462 389

1227 389 1230 392 ’
1275 391 1281 412 ‘
1342 401 1646 466 HOMILIIE
1687 401 1755 461 [Ν
1785 385 2044 464 EVAN’ci
2081 395 2176 462 Er
2217 349 2434 464 Erts'r.

3418 401 3522 460 590

239 520 309 578 in
335 519 440 576 vita
465 515 558 576 Dei
574 518 775 588 justus,
802 517 1018 589 quando
1040 521 1112 574 ne
1130 518 1354 588 periret,
1374 532 1550 575 morte
1575 521 1670 575 Dei
1693 501 1916 590 quae-1A
1940 518 2192 586 micitias,
2226 529 2281 576 et
2323 535 2484 592 agere
2505 515 2569 576 ea
2598 535 2719 592 quae
2741 519 2854 577 odit
2892 521 3000 588 ille,
3042 535 3200 594 quem
3234 519 3391 578 nobis
3417 534 3528 577 non

197 641 204 650 -
247 612 391 666 situs
420 609 634 680 impius.
666 611 724 664 ln
752 610 862 664 vita
888 607 1039 666 enim
1068 609 1164 666 Dei
1190 610 1322 664 salvi
1364 597 1587 674 eiimus,
1619 609 1744 680 quia
1779 609 1833 663 in
1903 603 2557 684 “nisi'ellitsio'sanguinis
2587 601 2728 668 sacri
2763 614 3225 670 reconciliaverat.

195 705 366 761 "Vita
401 697 586 759 nostra
607 705 980 774 perieramus.
1013 703 1547 760 Sed‘cum'audimus
1575 711 1630 759 et
1655 699 1833 758 Vitam

248 797 376 865 Dei,
403 805 457 854 et
497 805 730 854 mortem
770 796 865 851 Dei
899 795 1269 852 discernamus
1295 789 1424 867 quid
1453 795 1610 853 unde
1633 797 1722 863 Sit,
1757 791 1838 852 vi-

201 902 210 910 '
247 897 370 947 tam
394 892 591 962 quippe
614 887 794 944 attulit
829 889 1004 954 nobis,
1031 897 1262 944 mortem
1295 888 1711 958 vero'a‘ceepita
1742 895 1837 943 ne-

193 1006 205 1016 τ
243 982 360 1049 bis,
387 996 490 1038 nec
525 991 705 1036 tamen
732 990 832 1052 pro
864 995 963 1036 suo
987 981 1200 1045 merito,
1237 979 1331 1036 sed
1361 976 1464 1049 pro
1495 989 1704 1044 nostro,
1734 975 1839 1048 fui-

241 1091 396 1142 msts,
428 1075 620 1145 inquit,
668 1083 716 1128 et
754 1090 848 1129 nos
892 1083 1086 1128 natura
1129 1073 1228 1143 ﬁlii
1261 1075 1356 1128 ira:
1396 1073 1528 1128 sicut
1563 1081 1611 1126 et
1644 1069 1835 1126 creteri.

193 1185 198 1189 ·
225 1165 313 1220 -Ιιι
350 1167 453 1220 hac
473 1166 555 1219 ira
584 1178 709 1219 cum
732 1171 915 1219 essent
940 1164 1188 1219 homines
1223 1171 1322 1234 per
1345 1162 1606 1234 originale
1650 1176 1838 1232 pecca-

195 1281 206 1285 -
246 1265 372 1310 tum
399 1265 548 1311 tanto
575 1255 794 1325 gravius
815 1263 870 1309 et
893 1254 1265 1324 perniciosius,
1295 1261 1499 1324 quanto
1525 1253 1729 1324 majdra
1753 1252 1840 1307 vel

186 1383 194 1389 -μ
245 1348 411 1418 plura
433 1347 653 1417 insuper
673 1346 998 1401 addiderunt
1015 1364 1040 1398 ε·
1058 1345 1400 1399 Necessarias
1427 1354 1537 1399 erat
1561 1344 1836 1409 mediator,

247 1440 363 1496 hoc
387 1447 471 1493 est
503 1435 899 1502 reconciliator,
927 1437 1017 1506 qui
1035 1437 1186 1492 hanc
1220 1438 1354 1490 iram
1382 1437 1633 1504 sacriﬁcii
1662 1439 1843 1507 singu-

247 1531 409 1596 laris,
459 1529 612 1600 cujus
657 1537 806 1583 erant
855 1528 1051 1583 umbra:
1097 1529 1273 1582 omnia
1311 1528 1571 1597 sacriﬁcia
1623 1527 1749 1598 tegis
1789 1535 1842 1581 et

193 1644 196 1646 ·
243 1623 645 1692 prophetarum,
687 1618 948 1674 oblatione
996 1618 1246 1689 placaret.
1291 1617 1430 1673 Cum
1475 1625 1656 1672 autem
1701 1619 1843 1672 Deus

191 1723 204 1728 “
249 1717 421 1773 irasci
439 1715 660 1781 dicitur,
687 1730 795 1770 non
821 1714 939 1784 eius
964 1713 1300 1781 signiﬁcatur
1323 1713 1678 1784 perturbatio,
1710 1726 1844 1780 qua-

245 1809 324 1865 lis
351 1816 436 1864 est
461 1807 516 1861 in
539 1807 719 1862 animo
747 1805 1034 1860 irascentis
1073 1803 1330 1868 hominis,
1375 1804 1470 1858 sed
1499 1816 1566 1856 ex
1589 1802 1843 1856 humanis

193 1925 198 1929 -
248 1901 494 1955 motibus
532 1897 795 1953 translato
837 1895 1118 1961 vocabulo,
1153 1896 1386 1950 vindicta
1409 1895 1547 1964 ejus,
1573 1891 1694 1963 quae
1732 1881 1919 1947 noni}

245 1991 362 2048 nisi
389 1989 535 2058 iusta
570 1996 678 2053 est,
721 1987 818 2041 irae
857 1999 1053 2042 nomen
1095 1986 1321 2054 accepit.
1381 1984 1537 2051 Quod
1575 1998 1704 2053 ergo
1749 1997 1845 2052 per

189 2113 202 2120 -
245 2083 612 2140 mediator-em
660 2078 1077 2136 recenciliamur
1103 2078 1214 2132 Deo
1247 2083 1307 2131 et
1334 2074 1632 2146 accipimus
1674 2072 1846 2144 Spiri-

247 2184 394 2242 tum,
418 2184 480 2229 ut
503 2189 571 2230 ex
595 2172 832 2228 inimicis
849 2170 1150 2228 eliieiamur
1171 2169 1265 2224 lilii
1291 2169 1408 2235 Dei,
1429 2177 1677 2240 quotquot
1705 2167 1845 2222 enim

242 2267 444 2338 spiritu
461 2265 564 2320 Dei
593 2275 844 2335 aguntur,
887 2264 943 2317 hi
981 2262 1080 2331 ﬁlii
1110 2272 1230 2316 sunt
1257 2261 1376 2326 Dei,
1417 2261 1528 2315 haec
1554 2267 1630 2314 est
1673 2257 1843 2329 "gratia

242 2358 356 2413 Dei
373 2373 466 2428 per
485 2355 672 2410 Iesum
695 2353 964 2409 Christum
994 2353 1276 2408 Domitium
1311 2361 1567 2406 nostrum.
1591 2349 1649 2404 Si
1682 2349 1838 2412 enim,

203 2491 210 2496 ε
247 2449 454 2519 inquit,
479 2461 598 2502 cum
619 2446 817 2501 inimici
846 2461 1096 2511 essemus,
1147 2444 1470 2500 reconciliati
1514 2459 1693 2498 sumus
1732 2441 1844 2496 Deo

201 2572 204 2580 -
245 2557 348 2613 per
371 2549 588 2595 nionem
621 2538 723 2608 ﬁlii
756 2539 892 2608 ejus,
943 2538 1110 2592 multo
1131 2539 1304 2608 magis
1339 2536 1682 2601 reconciliati,
1714 2535 1844 2590 salvi

243 2637 450 2690 erimus
470 2633 524 2688 in
547 2634 654 2688 sita
879 2631 950 2686 Et
973 2632 1201 2703 reliqua.
1228 2632 1428 2688 Eviden
1437 2641 1517 2686 ter
1543 2632 1847 2688 ostenditur

245 2741 365 2781 non
409 2740 530 2782 esse
578 2725 811 2795 aliquam
848 2726 1205 2781 substantiam
1246 2739 1387 2795 quin,
1433 2725 1730 2780 secundum
1757 2725 1846 2779 de-

197 2846 200 2850 π
247 2817 554 2872 litationem
601 2815 892 2872 Marcionis
932 2823 992 2872 et
1051 2815 1353 2882 Valentini,
1403 2815 1722 2872 naturaliter
1775 2818 1845 2873 sit

246 2905 478 2960 inimica
503 2906 631 2960 Deo.
655 2904 910 2975 Alioquin
950 2906 1000 2961 si
1031 2907 1175 2976 quod
1199 2907 1476 2962 inimicum
1501 2914 1604 2971 est,
1635 2915 1843 2963 netnrt'e

243 3006 402 3054 esset
420 3005 474 3053 et
500 3011 611 3052 non
639 2997 949 3065 voluntatis,
973 2999 1068 3068 qui
1113 2999 1321 3054 inimici
1363 3009 1488 3055 sunt
1515 3002 1625 3056 Deo
1655 3013 1844 3056 tecon-

241 3089 582 3146 ciliationem
609 3089 794 3160 utique
819 3101 928 3146 non
975 3089 1260 3156 baberent,
1301 3093 1393 3147 ubi
1423 3100 1604 3147 autem
1644 3102 1712 3148 ex
1743 3093 1845 3148 inl-

242 3183 396 3239 mico
413 3184 538 3253 quis
563 3183 773 3238 amicus
805 3182 1057 3250 edicitur,
1087 3192 1296 3239 certum
1333 3193 1419 3240 est
1456 3185 1598 3255 quod
1626 3186 1752 3241 dum
1779 3197 1862 3243 ea,

243 3292 418 3348 opera
439 3277 573 3348 agit,
603 3289 724 3348 quae
747 3293 858 3332 non
897 3283 1046 3333 amat
1071 3279 1234 3344 Deus,
1263 3279 1514 3334 inimicus
1536 3288 1621 3336 est
1641 3280 1758 3346 Del,
1789 3289 1844 3335 et

241 3369 370 3440 ejus
387 3371 620 3441 quisque
655 3377 765 3424 tam
806 3371 990 3441 gravis
1021 3379 1077 3426 et
1111 3380 1222 3426 tam
1243 3371 1460 3428 adibitis
1489 3369 1718 3428 edicitur
1743 3372 1846 3426 ini-

243 3463 446 3529 micus,
473 3475 637 3533 quem
667 3461 1108 3532 multiplicarerit
1140 3476 1304 3533 opera
1335 3463 1636 3519 inimicitiis
1661 3464 1840 3534 digna.

243 3556 392 3612 Sunt
413 3570 542 3626 ergo
579 3559 846 3611 nte-suta:
880 3563 938 3609 et
963 3555 1163 3625 gradus
1193 3557 1414 3626 quidam
1439 3557 1496 3611 in
1526 3555 1610 3612 his
1643 3567 1842 3626 pecca-

241 3660 428 3706 torum
471 3648 733 3718 qualitate
765 3657 822 3704 et
855 3650 1156 3719 quantitate
1187 3649 1450 3716 distincti,
1495 3650 1587 3720 qui
1638 3649 1841 3704 inimici

242 3754 374 3800 sunt
416 3744 544 3810 Deo,
587 3745 727 3801 unde
752 3747 808 3800 et
851 3744 943 3800 ille
966 3743 1056 3814 qui
1105 3755 1266 3815 supra
1301 3757 1491 3802 omnes
1526 3747 1767 3816 peccavit
1810 3761 1840 3800 a

207 3844 222 3852 ‘
244 3837 416 3894 Paulo
437 3837 662 3893 ultimus
681 3836 934 3892 inimicus
955 3836 1316 3892 destruendus
1340 3848 1462 3892 esse
1483 3845 1836 3892 memoratur.

248 3930 419 3983 Versa
451 3937 630 3984 autem
673 3927 792 3982 vice
819 3933 876 3980 et
903 3925 1111 3991 ordine,
1139 3928 1308 3982 etiam
1337 3936 1434 3982 eos
1456 3927 1548 3996 qui
1595 3927 1838 3982 reconci-

247 4019 368 4075 tiati
411 4026 540 4074 sunt
574 4029 673 4089 per
709 4025 942 4072 mortem
983 4015 1102 4072 Fllll
1138 4015 1276 4086 ejus,
1324 4018 1378 4072 in
1417 4015 1608 4074 amicis
1649 4017 1841 4072 haberi

199 4133 208 4142 --
245 4119 462 4164 certum
503 4117 608 4175 est,
635 4116 692 4163 et
715 4113 840 4164 esse
871 4108 1104 4179 aliquem
1135 4109 1209 4163 ita
1235 4109 1492 4175 amicum,
1523 4111 1661 4165 sicut
1687 4109 1837 4176 Μογ-

200 4209 206 4212 ’
242 4217 342 4256 ses
386 4201 590 4255 amicus
631 4201 723 4256 Dei
760 4201 1054 4272 appellatus
1097 4210 1214 4267 est;
1263 4213 1384 4257 esse
1421 4219 1636 4273 quoque
1683 4203 1836 4270 alios,

243 4295 450 4366 quibus
480 4293 610 4349 dicit
648 4291 930 4349 Salvator:
960 4293 1085 4347 Jam
1114 4309 1217 4347 non
1253 4293 1370 4348 dico
1399 4310 1488 4348 vos
1522 4308 1713 4361 servos,
1749 4295 1839 4348 sed

239 4385 467 4440 amicos.
509 4382 682 4441 Credo
724 4392 905 4439 autem
949 4399 1068 4440 esse
1106 4385 1279 4440 adlmc
1325 4387 1500 4457 magis
1525 4385 1840 4442 'familiares

238 4475 461 4544 aliquos
500 4475 554 4528 in
586 4473 897 4530 coelestibus
942 4475 1147 4530 amicos
1194 4473 1334 4546 apud
1379 4473 1572 4542 Deum,
1608 4476 1688 4532 vel
1719 4475 1842 4534 illos

1914 699 1920 718 ‘
1953 705 1955 710 “
2006 702 2128 758 Non
2157 703 2326 759 solum
2352 716 2524 760 autem
2563 693 2794 772 hoc,sed
2835 715 2880 760 et
2907 703 3198 777 gloriamur
3224 709 3277 760 in
3303 705 3411 761 Deo
3434 719 3529 776 per

1931 796 2219 852 Dominum
2269 797 2500 853 uestrum
2531 797 2714 854 Iesum
2759 795 3050 865 Christum,
3073 815 3162 869 per
3207 813 3359 870 quem
3387 811 3528 852 nunc

1909 889 2410 944 reconciliationem
2446 893 2759 961 accepimus.
2791 890 2906 945 Non
2936 899 3145 945 tantum
3181 903 3281 960 pro
3305 895 3527 958 accepta

1937 973 2118 1035 salute
2136 992 2190 1036 et
2215 975 2503 1037 securitate
2528 983 2638 1038 Deo
2660 984 2861 1054 gratias
2887 978 3122 1053 agendas
3149 981 3323 1046 docet,
3355 981 3450 1037 sed
3476 988 3532 1036 et

1939 1069 2272 1142 gloriandum
2301 1079 2400 1143 per
2417 1072 2602 1128 Jesum
2632 1073 2909 1128 Christum
2940 1072 2995 1126 in
3022 1072 3132 1127 Deo
3155 1072 3247 1142 qui
3279 1071 3531 1140 dignatus

1937 1169 2022 1216 est
2063 1171 2131 1216 ex
2179 1155 2358 1232 impiis
2405 1172 2462 1217 et
2505 1163 2738 1217 inimicis
2775 1163 2880 1218 dici
2917 1171 3016 1218 nos
3050 1175 3176 1216 suos
3213 1161 3435 1225 amicos,
3472 1168 3530 1214 ut

1931 1251 2123 1309 'omnl'a
2169 1243 2429 1310 beneficia
2470 1267 2568 1324 per
2613 1247 2888 1310 Christum
2925 1259 3248 1308 consecutos
3275 1266 3375 1307 nos
3401 1263 3533 1322 gau-

1934 1337 2182 1410 deamus,
2204 1335 2273 1401 et
2296 1355 2354 1400 ut
2386 1347 2512 1416 quia
2538 1357 2638 1417 per
2661 1347 2839 1417 ipsum
2867 1345 3216 1417 cognovimus
3245 1342 3532 1399 Dominum

1941 1435 2236 1508 gloriantes
2263 1439 2317 1492 in
2354 1453 2420 1493 eo
2449 1439 2736 1494 reddamus
2767 1437 2818 1494 ei
2855 1436 3322 1493 honorificentiam
3343 1450 3530 1507 parem

1944 1527 2054 1584 Deo
2079 1521 2230 1584 Patri
2257 1530 2372 1600 ipso
2400 1530 2499 1585 sibi
2536 1530 2726 1586 idoneo
2753 1536 2891 1586 teste
2916 1529 3268 1600 prtedicante,
3297 1536 3350 1582 ut
3370 1528 3534 1582 hono-

1945 1620 2170 1688 riﬁcent,
2222 1621 2415 1691 inquit,
2453 1619 2683 1686 Filium”,
2718 1622 2854 1676 sicut
2882 1621 3229 1690 honoriﬁcam
3274 1616 3532 1673 Patrem:

1943 1705 2183 1780 quicum
2203 1709 2367 1766 Patre
2397 1719 2450 1767 et
2473 1709 2678 1782 Spiritu
2706 1719 2892 1768 sancto
2912 1712 3044 1767 vivit
3076 1709 3131 1766 et
3155 1718 3344 1783 regnat
3370 1708 3530 1776 Deus,

1947 1813 2044 1873 per
2071 1789 2253 1858 omnia
2285 1803 2478 1859 saecula
2509 1804 2849 1859 saeculorum.
2877 1799 3071 1858 Anien.

2445 1913 2727 1974 IIOMILIA
2775 1913 3053 1972 CXXVIII.

2517 2025 2646 2064 ITEII
2685 2024 2842 2063 FERIA
2885 2023 2960 2061 ιν.

2087 2087 2275 2155 Lectio
2306 2099 2480 2155 sancti
2502 2097 2774 2172 Evangelii
2808 2093 3101 2152 secundum
3125 2092 3387 2149 Marcum.

1954 2175 1956 2178 l
2020 2191 2085 2246 In
2109 2189 2197 2246 illo
2221 2203 2445 2262 tempore
2469 2189 2599 2245 dixit
2628 2183 2858 2244 Joannes
2900 2189 2967 2242 ad
3007 2187 3191 2243 Iesum
3239 2204 3251 2238 :
3301 2183 3539 2244 Vidimus

1946 2285 2225 2358 quemdam
2255 2285 2309 2337 in
2332 2285 2538 2338 nomine
2561 2291 2648 2336 tuo
2678 2281 2965 2352 ejicientem
2989 2267 3274 2346 du'monia,
3306 2279 3396 2350 qui
3435 2295 3543 2337 non

1947 2377 2180 2451 sequitur
2202 2395 2314 2444 nos,
2343 2387 2389 2431 et
2409 2375 2770 2448 prohibuimus
2799 2391 2938 2440 eum,
2963 2375 3067 2428 etc.

2018 2467 2253 2524 Joannes
2303 2466 2574 2537 prmcipua
2637 2464 2922 2520 devotione
2985 2461 3273 2518 Dominum
3324 2478 3539 2534 amans,

1951 2563 2175 2632 ideoque
2199 2559 2468 2616 redamari
2494 2559 2707 2630 dignus,
2732 2553 3122 2613 excludendum
3151 2551 3410 2611 beneﬁcio
3437 2571 3539 2626 pu-

1952 2655 2086 2710 tavit
2115 2669 2236 2708 eum
2264 2651 2355 2723 qui
2383 2666 2489 2705 non
2519 2659 2705 2704 utatur
2745 2645 2940 2704 oliicio.
2973 2643 3077 2701 Sed
3101 2638 3360 2700 Dominus
3387 2647 3546 2702 docet

1950 2745 2219 2802 neminem
2252 2755 2282 2798 a
2310 2742 2452 2797 bono
2485 2741 2626 2812 quod
2649 2757 2714 2797 ex
2741 2749 2897 2812 parte
2921 2739 3084 2794 habet
3110 2733 3422 2804 arcendum,
3447 2741 3543 2795 sed

1951 2836 2145 2892 adhoc
2195 2833 2373 2905 potius
2413 2834 2554 2904 quod
2593 2831 2830 2887 nondum
2878 2827 3042 2886 habet
3086 2843 3207 2885 esse
3241 2844 3544 2900 provocan-

1950 2924 2098 2982 dum.
2130 2923 2265 2980 Nam
2295 2923 2540 2993 Sequitur
2568 2941 2580 2976 :

1967 3007 1970 3010 ’
2020 3013 2175 3072 Jesus
2206 3023 2378 3069 autem
2409 3013 2481 3067 ait
2514 3025 2531 3064 :
2569 3009 2746 3067 Nolite
2783 3009 3051 3082 prohibere
3091 3026 3233 3075 eum,
3278 3024 3428 3063 nemo
3466 3017 3542 3063 est

1951 3111 2087 3165 enim
2116 3107 2204 3182 qui
2232 3107 2392 3177 {acim
2418 3105 2652 3160 virtutem
2684 3105 2738 3158 in
2779 3105 2986 3158 neruine
3012 3118 3144 3169 meo,
3181 3111 3226 3156 et
3251 3102 3412 3172 possit
3441 3099 3544 3157 cito

1953 3199 2089 3254 male
2110 3198 2252 3271 loqui
2277 3197 2340 3252 de
2365 3215 2465 3252 me.
2494 3196 2597 3262 Qui
2627 3195 2762 3250 enim
2789 3212 2892 3248 non
2917 3204 2992 3249 est
3015 3194 3290 3248 adversum
3320 3209 3427 3259 vos,
3451 3210 3546 3264 pro

1950 3283 2089 3348 vobis
2112 3301 2206 3346 est.
2237 3289 2351 3346 Hac
2379 3291 2568 3346 doctus
2604 3289 2869 3344 sententia
2907 3287 3038 3342 dicit
3078 3285 3367 3356 Apostolus
3393 3301 3406 3340 :
3435 3285 3541 3342 Sed

1947 3388 2052 3442 sive
2076 3387 2367 3450 occasione,
2395 3385 2497 3438 sive
2520 3383 2730 3438 veritate
2756 3379 2993 3435 Christus
3024 3379 3384 3445 annuntietur,
3415 3388 3460 3432 et
3488 3377 3545 3432 in

1947 3481 2043 3534 hoc
2072 3480 2296 3550 gaudeo,
2337 3477 2426 3531 sed
2469 3487 2518 3531 ct
2560 3473 2819 3547 gaudebo.
2845 3471 2951 3528 Sed
2997 3471 3124 3528 licet
3164 3472 3250 3528 ille
3283 3472 3536 3544 gaudeat,

1947 3573 2110 3627 etiam
2138 3570 2203 3626 de
2248 3570 2332 3625 his
2361 3569 2453 3640 qui
2492 3566 2766 3623 Christum
2796 3564 3117 3619 annuutiant
3159 3577 3264 3618 non
3306 3563 3541 3628 sincere,

1944 3674 2000 3720 et
2029 3663 2164 3720 tales
2193 3661 2481 3734 aliquando
2533 3660 2583 3714 in
2628 3658 2842 3714 nomine
2891 3655 3090 3712 Christi
3145 3653 3295 3728 signa
3338 3653 3544 3710 facien-

1947 3767 2050 3823 tes,
2082 3756 2150 3810 ab
2197 3755 2426 3810 aliorum
2469 3749 2638 3808 salute
2688 3743 2994 3806 sentiantur
3041 3765 3145 3804 non
3193 3763 3311 3803 esse
3352 3745 3540 3818 prohi-

1943 3833 2146 3912 bendi,
2211 3862 2318 3902 non
2388 3852 2566 3899 tamen
2621 3841 2752 3913 ipsis
2801 3856 2897 3911 per
2955 3838 3080 3894 talia
3129 3838 3285 3910 signa
3346 3851 3541 3893 secura

1946 3953 2042 3993 sua
2066 3935 2395 3993 conscientia
2423 3931 2666 3989 redditur
2691 3931 2820 4003 quin
2847 3931 3027 4002 potius
3059 3930 3112 3984 in
3148 3925 3238 3983 illa
3269 3926 3380 3995 die,
3417 3943 3542 3984 cum

1923 4017 2217 4093 dixerunt,
2255 4027 2497 4093 Domine,
2542 4021 2785 4091 Domine,
2823 4025 2877 4078 in
2911 4025 3118 4078 nomine
3147 4031 3235 4076 tuo
3267 4023 3544 4092 prepheta-

1943 4122 2132 4187 vimus,
2163 4132 2208 4176 et
2246 4122 2298 4174 in
2329 4130 2417 4173 tuo
2461 4119 2668 4172 nomine
2700 4118 2961 4172 darmonia
2991 4115 3261 4186 ejecimus,
3297 4124 3345 4169 et
3373 4117 3426 4170 in
3451 4125 3542 4170 tuo

1946 4213 2151 4268 nomine
2174 4211 2382 4270 virtutes
2406 4207 2597 4263 multas
2620 4207 2868 4278 fecimus,
2905 4219 3226 4276 responsum
3251 4205 3538 4276 accipient,

1944 4305 2068 4376 quia
2097 4319 2362 4374 nunquam
2393 4301 2508 4355 novi
2536 4317 2640 4366 vos,
2674 4297 2920 4353 discedite
2942 4315 2974 4351 a
3001 4313 3104 4362 me,
3133 4298 3223 4367 qui
3251 4297 3542 4364 operamini

1945 4391 2292 4466 iniquitatem.
2324 4391 2510 4462 Itaque
2556 4390 2611 4445 in
2653 4389 2924 4445 haereticis
2957 4396 3012 4444 et
3043 4387 3201 4443 malis
3254 4385 3542 4444 catholicis

1947 4500 2053 4540 non
2085 4492 2426 4554 sacramenta
2454 4477 2760 4536 communia
2791 4479 2846 4534 in
2875 4478 3073 4549 quibus
3103 4475 3386 4534 nobiscum
3415 4486 3545 4534 sunt

235 4569 340 4640 qui
381 4579 594 4638 semper
620 4567 805 4622 vident
839 4565 1036 4622 ihcicm
1072 4566 1190 4634 Dei,
1233 4565 1317 4623 vel
1366 4581 1459 4624 eos
1496 4570 1587 4638 qui
1629 4571 1840 4639 semper

1947 4583 2001 4632 et
2027 4576 2311 4630 adversum
2338 4590 2438 4629 nos
2477 4589 2584 4629 non
2619 4580 2763 4637 sunt,
2803 4563 2896 4626 sed
2932 4571 3254 4626 divisionem
3293 4569 3414 4640 paci
3439 4585 3540 4650 ve-

236 4655 517 4717 astant'in
548 4661 841 4727 conspectu
869 4655 1155 4724 Altissimi,
1182 4665 1242 4712 ut
1269 4669 1432 4728 supra
1458 4659 1692 4715 diximus
1719 4676 1838 4716 esse

236 4751 550 4824 quemdam
579 4749 933 4804 novissimum
969 4749 1270 4816 inimicum,
1307 4746 1382 4804 ita
1413 4757 1474 4803 ut
1521 4757 1574 4805 et
1615 4749 1692 4806 ibi
1738 4763 1838 4822 pro

234 4846 506 4899 virtutem
534 4841 744 4898 meritis
763 4841 1074 4897 habeantur
1096 4839 1260 4910 aliqui
1286 4837 1504 4906 summi,
1535 4837 1700 4911 aliqui
1736 4853 1838 4912 po-

233 4929 512 4993 s'terie‘re’s'
527 4935 723 5010 amici;
753 4943 876 4989 cum
909 4935 1024 4989 haec
1053 4941 1234 5005 autem
1261 4934 1332 4988 ita
1364 4933 1473 4989 sint
1500 4932 1701 4999 nescio,
1721 4935 1767 4990 si
1791 4935 1838 4990 is

235 5027 334 5095 qui
363 5025 537 5082 adhuc
562 5027 847 5097 permanet
891 5023 948 5080 in
992 5023 1078 5080 his
1104 5023 1357 5096 operibus
1385 5025 1642 5094 quat'odit
1672 5023 1835 5091 Deus,

234 5125 292 5178 et
329 5115 432 5191 pro
451 5115 648 5190 quibus
665 5112 967 5174 inimicitiae
1002 5111 1128 5173 ‘sun‘t
1156 5119 1297 5174 inter
1317 5115 1488 5174 Deum
1512 5126 1566 5174 et
1593 5113 1841 5174 homines

233 5203 629 5269 recusemus
657 5213 777 5266 esse
800 5199 912 5265 Dte
930 5201 1378 5280 'per'sanguinem'
1417 5205 1619 5266 Christi
1645 5203 1840 5264 merito

233 5293 480 5380 meatur.
501 5293 785 5370 nummus
814 5299 957 5357 enim
985 5301 1344 5359 recencilatus
1371 5305 1474 5368 est,
1505 5304 1596 5374 qui
1629 5303 1712 5360 est
1738 5301 1840 5357 lui-

232 5383 718 5478 imi'cus‘i'Puulu's'r'
742 5387 874 5468 ergo
906 5395 1101 5452 merito
1130 5403 1184 5453 et
1219 5399 1284 5453 de
1320 5413 1396 5463 se,
1430 5387 1488 5454 et
1524 5395 1627 5452 sibi
1651 5393 1839 5452 simili-

235 5477 354 5546 1)υέ
387 5477 553 5542 dicit:
595 5477 702 5554 Qui
729 5479 849 5542 c‘t'tm
886 5485 1084 5542 inimici
1124 5497 1369 5552 essemus,
1405 5477 1726 5542 resonciliati
1752 5504 1841 5541 su-

241 5569 369 5638 ititts
390 5589 479 5653 per
498 5577 808 5651 sanguinem
837 5573 969 5634 Filii
991 5581 1126 5652 ejus.
1159 5567 1392 5636 Grandis
1429 5577 1601 5649 pudor
1624 5579 1726 5646 est,
1749 5579 1840 5635 ubi

241 5665 800 5731 talis'reconciliatio
845 5669 989 5726 facta
1036 5675 1137 5734 cst,
1192 5671 1282 5726 ubi
1337 5663 1646 5725 inimicitias
1699 5671 1842 5726 inter

242 5767 426 5822 Deum
453 5771 506 5820 et
530 5762 799 5831 homines,
826 5779 933 5821 non
962 5779 1140 5821 sermo
1167 5761 1486 5835 peccatoris,
1513 5764 1603 5819 scd
1630 5764 1842 5834 sanguis

241 5853 634 5924 intorcéssoris
663 5857 912 5929 absolvit,
959 5857 1153 5919 iterum
1193 5875 1300 5914 non
1347 5857 1584 5914 converti
1633 5857 1696 5911 ad
1742 5855 1844 5911 ini-

1945 4661 2218 4735 ritatiquc'
2247 4663 2574 4719 contrariam
2605 4677 2710 4732 qua
2742 4660 3030 4716 adversum
3061 4675 3158 4715 nos
3185 4667 3311 4715 sunt
3347 4668 3397 4715 et
3431 4658 3541 4715 Do-

1943 4763 2147 4820 minum
2183 4777 2289 4815 non
2326 4766 2646 4829 sequuntur.
2703 4755 2988 4812 nobiccum
3025 4753 3284 4810 detestari
3324 4759 3378 4808 et
3413 4765 3546 4823 pro-

1942 4845 2132 4908 hibere
2161 4850 2437 4906 debemus.

2016 4935 2262 5011 Quisquis
2294 4939 2430 4994 enim
2459 4947 2638 5009 potum
2660 4937 2860 4993 dederit
2890 4934 3030 4992 vobis
3052 4932 3265 4988 calicem
3293 4949 3444 5004 aqua:
3483 4935 3542 4989 in

1944 5031 2159 5087 nomine
2176 5048 2310 5097 meo,
2341 5030 2462 5102 quia
2487 5027 2683 5084 Christi
2725 5031 2844 5084 estis
2872 5045 2890 5082 :
2914 5045 3086 5092 amen,
3110 5025 3229 5080 dico
3252 5025 3412 5092 vobis,
3437 5044 3543 5082 non

1942 5121 2118 5196 perdet
2159 5121 2444 5176 mercedem
2475 5137 2648 5176 suam.
2680 5113 2932 5192 Legimus
2975 5118 3029 5172 in
3062 5117 3323 5188 propheta
3372 5120 3542 5175 David

1944 5209 2010 5267 ad
2038 5209 2377 5267 cKCuSandas
2418 5209 2798 5268 ekcusationes
2825 5210 2878 5263 in
2921 5207 3182 5278 peccatis,
3211 5209 3336 5278 quia
3383 5208 3541 5265 multi

1943 5309 2290 5374 peccatorum
2335 5299 2741 5370 suorum‘quasi
2763 5297 2938 5368 justas
2990 5293 3331 5368 praetendunt
3374 5315 3539 5357 occa-

1943 5398 2148 5462 siones,
2179 5393 2412 5464 ut'quod
2440 5393 2720 5450 voluntate
2747 5390 3085 5459 delinquunt,
3118 5389 3405 5448 videantur
3444 5407 3542 5448 nea

1944 5473 2200 5546 cessitate
2213 5500 2442 5558 peccare
2467 5499 2480 5539 :
2504 5485 2764 5541 Dominus
2787 5490 2968 5538 autem
2991 5495 3262 5540 scrutator
3281 5485 3461 5541 cordis
3483 5492 3540 5539 et

1946 5591 2158 5647 renum,
2177 5589 2230 5634 et
2247 5580 2348 5650 qui
2371 5578 2578 5632 futuras
2601 5575 2954 5644 cogitationes
2987 5577 3041 5631 in
3067 5577 3292 5648 singulis
3315 5585 3538 5632 contue-

1949 5682 2058 5738 tur,
2083 5671 2293 5728 dixerat
2320 5690 2331 5724 :
2363 5670 2612 5741 Quisquis
2640 5684 2800 5721 unum
2820 5669 3094 5738 parvulum
3113 5671 3358 5739 receperit
3373 5670 3427 5722 in
3444 5684 3539 5722 no-

1947 5768 2085 5820 mine
2113 5782 2246 5829 meo,
2277 5781 2356 5818 me
2400 5763 2600 5831 recipit.
2628 5761 2850 5816 Poterat
2897 5761 3090 5830 aliquis
3135 5761 3346 5816 causari
3381 5768 3436 5815 et
3461 5760 3539 5815 di;

1950 5869 2096 5923 cere,
2126 5854 2449 5928 Paupertate
2478 5855 2790 5923 prehibcor,
2829 5853 3064 5909 tenuitas
3101 5867 3187 5908 me
3212 5852 3438 5924 _retinet,
3473 5860 3539 5908 ut
