3960 6360
455 278 556 336 391

1083 273 1146 331 Β.
1185 273 1438 332 RABANI
1474 273 1696 334 MAURI
1727 268 2042 332 ARCHIEP.
2085 267 2392 327 MOGUNT.
2433 267 2718 329 OPERUM
2751 268 2930 326 PARS
2969 268 3034 326 Il.

451 385 735 457 hospitalis
763 397 883 440 esse
927 398 1037 441 non
1076 385 1302 456 possim,
1347 395 1403 440 et
1442 387 1583 440 hanc
1628 383 2028 440 excusationem
2055 386 2104 443 Α
2133 382 2357 434 credunt
2386 380 2442 435 in
2478 395 2622 447 eum,
2649 396 2790 436 nunc
2813 390 3206 453 consequenter
3229 382 3506 450 admonet,
3537 399 3718 456 quan-

449 476 721 533 levissimo
759 484 1029 547 prmeepto
1071 477 1246 544 diluit,
1277 485 1336 531 ut
1372 477 1596 532 calicem
1639 491 1790 546 aquae
1825 483 1882 530 et
1920 473 2024 530 hoc

448 565 654 636 frigidae
693 566 848 636 juxta
892 566 1201 622 Matthmum
1251 574 1362 621 toto
1406 567 1587 621 animo
1628 564 1966 636 porrigamus
2005 577 2022 618 :

369 690 378 695 -
449 659 680 729 frigidm,
728 658 918 728 inquit,
963 675 1135 730 aquce,
1178 675 1286 714 non
1317 657 1524 723 calidae,
1566 672 1640 716 ne,
1674 663 1728 710 et
1767 656 1820 710 in
1852 653 2024 710 calida

448 752 784 822 paupertatis
801 759 856 806 et
876 751 1115 822 penuriae
1132 751 1400 822 lignorum
1435 748 1652 804 occasio
1672 752 2022 818 quaereretur.

452 841 580 896 Tale
607 839 734 910 quid
761 847 816 895 et
843 840 1129 912 Apostolus
1157 841 1223 895 ad
1248 839 1468 896 Galatas
1495 837 1762 910 praecipit,
1779 834 2028 892 Commu-

449 933 581 986 nicet
613 931 658 984 is
686 930 775 1001 qui
805 932 1156 986 catecltisatur
1183 931 1353 996 verbo,
1376 931 1422 985 ei
1459 930 1549 1000 qui
1569 945 1623 983 se
1660 927 1946 982 catechizat
1969 926 2028 982 in

449 1023 688 1078 omnibus
726 1022 892 1077 bonis.
918 1023 986 1077 Et
1024 1021 1315 1092 discipulos
1337 1022 1403 1076 ad
1440 1021 1825 1093 magistrorum
1863 1016 2027 1074 refri—

450 1113 597 1184 geria
639 1113 954 1168 cohortatur
983 1129 997 1165 ;
1037 1120 1092 1166 et
1133 1112 1258 1183 quia
1293 1118 1508 1182 poterat
1541 1109 1781 1181 qualibet
1807 1107 2028 1164 tendere

453 1202 660 1276 [Forte,
690 1201 1044 1274 praetendere]
1073 1209 1446 1273 paupertatem
1473 1209 1530 1255 et
1561 1207 1888 1270 praeceptum
1915 1196 2029 1254 elu-

448 1297 600 1361 dere,
640 1297 953 1366 priusquam
984 1293 1113 1349 illud
1153 1301 1414 1364 proponat
1456 1293 1824 1348 imminentem
1868 1290 2031 1346 solvit

451 1389 824 1458 quaestionem,
857 1387 1042 1443 dicens
1068 1404 1082 1441 :
1110 1385 1290 1441 Nolite
1310 1401 1508 1449 errare,
1539 1384 1681 1439 Deus
1706 1400 1810 1438 non
1834 1381 2027 1437 irride-

447 1490 553 1534 tur.
581 1479 712 1545 Qute
734 1479 870 1534 enim
897 1479 1225 1534 seminaverit
1247 1479 1420 1544 homo,
1446 1477 1556 1532 Iure
1585 1485 1632 1532 et
1656 1483 1831 1531 metet.

519 1571 588 1626 Et
609 1572 842 1645 quisquis
887 1570 1320 1627 scandalizaverit
1373 1585 1537 1624 unum
1585 1583 1649 1622 ea:
1694 1565 1775 1621 his
1823 1559 2028 1636 pusillis

447 1663 770 1719 credentibus
798 1663 852 1718 in
875 1679 979 1728 me,
1010 1661 1198 1716 bonum
1229 1669 1303 1714 est
1331 1659 1379 1714 ei
1406 1659 1592 1729 magis,
1639 1657 1684 1711 si
1736 1654 2030 1711 circumda-

2129 483 2242 528 tum
2276 489 2467 531 cavere
2497 476 2785 532 debeamus
2811 491 2904 531 eos
2933 477 3022 546 qui
3069 479 3442 533 scandalizare
3484 494 3610 541 nos,
3667 480 3718 535 id

2125 574 2228 631 est,
2261 568 2425 622 verbo
2451 566 2537 622 vel
2563 567 2808 635 exemplo
2836 581 2934 622 suo
2957 568 3021 620 ad
3064 567 3275 621 ruinam
3327 569 3541 637 peccati
3593 583 3720 637 pro-

2126 657 2322 730 pellere
2367 666 2597 715 certant.
2650 659 2863 713 Manum
2913 659 3110 729 quippe
3160 667 3405 714 nostram
3457 660 3720 730 appellat,

2126 749 2494 805 necessarium
2517 750 2769 806 amicum.
2801 749 2966 821 Cujus
2988 765 3151 820 opere
3173 758 3336 820 atque
3357 751 3563 805 auxilio
3583 767 3720 822 quo-

2125 840 2330 896 tidiano
2355 855 2491 912 opus
2519 841 2801 898 habemus.
2851 841 2959 898 Sed
2984 839 3129 896 'talis
3167 843 3214 896 si
3255 857 3358 898 nos
3401 842 3609 898 laedere
3662 845 3718 899 in

2127 947 2291 990 causa
2311 933 2504 989 animat
2524 932 2767 997 voluerit,
2788 933 3154 989 excludendus
3176 941 3260 988 est
3280 948 3312 987 a
3332 942 3526 988 nostra
3548 934 3724 989 socie-

2131 1030 2267 1090 tate,
2296 1038 2364 1079 ne
2387 1023 2434 1078 si
2456 1037 2578 1079 cum
2591 1021 2804 1094 perdito
2819 1021 2877 1077 in
2900 1023 3003 1078 hac
3021 1024 3130 1077 vita
3156 1016 3372 1106 pqrtem
3393 1023 3602 1079 habere
3625 1039 3720 1079 vo-

2127 1113 2328 1179 lumus,
2355 1111 2514 1168 simul
2536 1112 2592 1166 in
2615 1111 2796 1168 futuro
2815 1127 2939 1168 cum
2960 1112 3078 1182 ipso
3099 1107 3421 1183 pereamus;
3450 1113 3599 1184 quod
3625 1128 3721 1167 au-

2130 1212 2240 1260 tem
2265 1204 2607 1276 subiungitur
2633 1218 2649 1258 :

2200 1293 2302 1350 Ubi
2326 1297 2514 1350 vermis
2544 1311 2722 1350 eorum
2745 1311 2850 1350 non
2867 1297 3108 1363 moritur,
3141 1305 3189 1350 et
3220 1296 3356 1367 ignis
3386 1312 3498 1351 non
3521 1297 3719 1351 exstin-

2128 1389 2325 1460 guitur,
2348 1389 2404 1443 in
2439 1402 2622 1443 verme
2654 1387 2991 1457 putredinem
3022 1389 3303 1458 gehennae,
3336 1389 3484 1444 sicut
3513 1389 3569 1443 in
3595 1389 3720 1459 igne

2133 1481 2376 1537 ardorem
2408 1480 2672 1553 designat,
2711 1480 2826 1536 sive
2850 1495 3087 1536 vermem
3121 1481 3290 1536 dicit:
3319 1496 3502 1537 seram
3551 1482 3723 1538 scele-

2131 1587 2250 1626 rum
2279 1571 2688 1641 paenitudinem,
2721 1586 2841 1642 qua:
2865 1587 3137 1642 nunquam
3166 1572 3220 1627 in
3245 1573 3536 1628 tormentis
3584 1588 3722 1628 con-

2131 1662 2412 1718 scientiam
2435 1660 2754 1717 aﬁlictorum
2781 1661 3031 1718 mordere
3054 1662 3309 1718 cessabit.
3353 1661 3426 1718 Ut
3453 1663 3602 1734 ignis
3651 1665 3723 1719 sit

447 1764 593 1810 retur
613 1753 754 1808 mola
779 1753 1014 1808 asinaria
1041 1750 1173 1805 collo
1194 1750 1328 1820 ejus,
1358 1759 1405 1804 et
1431 1749 1486 1804 in
1524 1763 1670 1802 mare
1714 1746 2023 1801 mitteretur.
2054 1746 2102 1806 B
2129 1768 2287 1824 pugna
2312 1754 2650 1811 extrinsecus
2677 1754 2943 1821 serviens,
2972 1763 3027 1810 ει
3071 1756 3272 1811 vermis
3305 1755 3462 1811 dolor
3481 1757 3724 1812 interius

447 1847 764 1916 Quanquam
798 1844 912 1899 haec
939 1841 1212 1914 generalis
1240 1839 1410 1912 possit
1457 1853 1577 1895 esse
1618 1835 1885 1894 sententia
1933 1833 2030 1889 ad-

446 1951 663 1992 versum
690 1949 877 1990 omnes
899 1934 988 2003 qui
1007 1932 1239 2001 aliquem
1259 1929 1647 1995 scandalizant,
1674 1935 1854 1982 tamen
1869 1923 2028 1994 juxta

449 2025 889 2097 consequentiam
934 2023 1230 2088 sermonis,
1273 2021 1437 2076 etiam
1506 2026 1693 2076 contra
1742 2014 2028 2086 Apostolos

451 2121 650 2179 dictum
675 2115 895 2186 intelligi
923 2122 1120 2187 potest,
1150 2113 1241 2184 qui
1269 2113 1412 2167 inter
1433 2125 1495 2167 se
1525 2110 1882 2180 disputantes,
1909 2104 2032 2176 quis

449 2219 595 2268 esset
620 2208 832 2264 illorum
857 2207 1051 2278 major,
1098 2204 1420 2260 videbantur
1470 2201 1698 2256 invicem
1750 2198 1816 2253 de
1853 2194 2028 2266 digni-

448 2310 561 2359 tate
586 2299 925 2363 contendere,
954 2305 1010 2353 et
1035 2297 1080 2353 si
1108 2297 1163 2352 in
1185 2296 1289 2350 hoc
1310 2293 1443 2349 vitio
1465 2290 1907 2364 permansissent,
1936 2301 2033 2357 po-

449 2399 771 2457 terant'eos,
797 2405 933 2462 quos
961 2390 1030 2446 ad
1058 2389 1218 2444 ﬁdem
1241 2387 1524 2450 vocabant,
1553 2398 1651 2455 per
1679 2396 1834 2438 suum
1878 2395 2030 2435 scan-

450 2484 630 2542 dalum
658 2485 904 2554 perdere,
929 2483 1055 2538 dum
1079 2479 1363 2552 Apostolos
1386 2478 1569 2533 vident
1595 2476 1736 2530 inter
1767 2488 1826 2529 se
1851 2473 1916 2528 de
1936 2473 2034 2527 bo-

451 2590 584 2630 nore
608 2589 868 2646 pugnare.
901 2572 1056 2641 Quod
1078 2580 1258 2627 autem
1300 2570 1435 2625 dixit
1468 2568 1716 2623 :Bonum
1749 2574 1824 2620 est
1849 2565 1896 2620 ei
1924 2581 2034 2618 ma-

453 2667 530 2737 gis
559 2667 604 2720 si
624 2659 1037 2720 circumdaretur
1059 2662 1200 2717 mola
1223 2661 1460 2716 asinaria
1490 2659 1623 2715 collo
1661 2658 1800 2729 ejus,
1844 2671 2035 2712 secun-

453 2755 579 2812 dum
607 2755 771 2810 ritum
797 2755 1090 2827 provinciae
1135 2754 1390 2823 loquitur,
1445 2751 1586 2822 quod
1619 2749 1882 2818 majorum
1928 2746 2036 2802 cri-

454 2848 660 2902 minum
684 2847 788 2901 ista
817 2847 960 2918 apud
979 2854 1190 2902 veteres
1210 2843 1424 2900 Iudaeos
1445 2857 1607 2914 poena
1631 2841 1814 2908 fuerit,
1865 2848 1926 2894 ut
1980 2840 2035 2893 in

456 2937 782 3010 profundum
829 2937 994 3009 ligato
1050 2952 1182 2993 saxo
1229 2937 1677 3008 dimergerentur.
1727 2933 1798 2990 Et
1845 2945 2037 2988 revera

454 3029 646 3085 melius
668 3036 750 3085 est
794 3029 1094 3096 innoxium,
1143 3044 1325 3100 paena,
1377 3027 1625 3099 quamvis
1674 3025 2034 3092 atrocissima,

2129 1858 2407 1900 accusans.

2200 1933 2270 1989 Et
2297 1935 2583 2006 sipestuus
2609 1943 2659 1990 te
2684 1934 3031 1998 scandalizat,
3062 1948 3278 2005 amputa
3296 1934 3450 1990 illum
3472 1948 3493 1987 :
3523 1935 3724 1992 bonum

2129 2034 2204 2081 est
2225 2025 2319 2080 tibi
2333 2025 2582 2081 claudum
2603 2027 2821 2081 introire
2840 2025 2896 2080 in
2917 2027 3076 2081 vitam
3097 2035 3369 2092 teternam,
3398 2043 3570 2097 quam
3589 2027 3724 2081 duos

2130 2117 2284 2187 pedes
2306 2117 2577 2173 habentem
2602 2119 2739 2173 mitti
2758 2120 2814 2172 in
2835 2119 3120 2190 gehennam
3153 2119 3290 2188 ignis
3308 2118 3724 2188 inextinguibi-

2132 2209 2216 2264 lis.
2256 2208 2315 2263 In
2357 2208 2492 2278 pede
2517 2208 2660 2264 sicut
2688 2217 2745 2264 et
2767 2209 2822 2264 in
2847 2223 3030 2275 manu,
3065 2208 3259 2264 charos
3285 2207 3726 2263 inemendabiles

2131 2301 2290 2356 docet
2313 2299 2622 2355 alienandos
2644 2313 2677 2352 a
2705 2299 2881 2364 nobis,
2923 2311 2992 2353 ne
3044 2312 3142 2368 per
3188 2297 3601 2353 immunditiam
3639 2306 3752 2353 θοι

2131 2405 2272 2456 rum,
2301 2405 2433 2462 quos
2455 2389 2724 2460 castigare
2771 2389 3076 2458 nequimus,
3109 2388 3301 2459 et'ipsi
3351 2387 3550 2458 polluti
3607 2403 3732 2459 per-

2131 2497 2337 2538 eamus.
2376 2481 2485 2538 Sed
2529 2496 2724 2536 manus
2769 2489 2992 2551 propter
3034 2495 3171 2550 opus
3207 2479 3591 2535 necessarium
3635 2495 3733 2534 no-

2132 2575 2248 2631 bis:
2276 2589 2396 2646 pes,
2418 2583 2544 2629 sunt
2573 2573 2702 2629 dicti
2719 2573 2858 2628 tales
2884 2580 3107 2643 propter
3128 2571 3488 2627 ministerium
3508 2571 3735 2628 discur-

2134 2667 2318 2736 sisque
2350 2664 2550 2719 nostris
2578 2663 2768 2719 usibus
2799 2663 3198 2718 accommodos.

2207 2755 2359 2822 Quod
2379 2755 2425 2810 si
2447 2753 2625 2810 oculus
2655 2763 2776 2808 tuus
2797 2752 3124 2809 scandalth
3143 2763 3210 2819 te,
3250 2768 3372 2809 erue
3415 2769 3538 2809 eum
3557 2772 3582 2819 ;
3641 2756 3734 2808 bo-

2135 2863 2262 2901 num
2280 2854 2356 2900 est
2377 2846 2469 2899 tibi
2489 2845 2692 2901 luscum
2719 2844 2936 2900 introire
2955 2845 3009 2900 in
3039 2861 3255 2916 regnum
3273 2844 3392 2912 Dei,
3407 2862 3578 2916 quam
3597 2847 3737 2901 duos

2135 2941 2312 2996 oculos
2338 2942 2610 2996 habentem
2651 2940 2788 2995 mitti
2824 2940 2882 2996 in
2922 2940 3208 3010 gehennam
3252 2940 3405 3010 ignis.
3456 2937 3514 2994 In
3569 2941 3738 2996 oculo

2138 3046 2352 3104 quoque
2371 3039 2592 3104 propter
2610 3029 2924 3088 scandalum
2949 3030 3210 3098 emendo,
3233 3029 3395 3086 iidem
3413 3031 3598 3086 nostri
3613 3045 3740 3086 car-

454 3119 735 3192 temporali
765 3129 966 3187 tamen,
996 3121 1160 3175 vitam
1194 3120 1349 3174 ﬁnire
1371 3133 1706 3191 corpoream,
1731 3131 1895 3187 quam
1939 3117 2034 3173 la:-
2063 3109 2110 3174 C
2139 3123 2334 3180 naliter
2345 3123 2854 3194 amici,spiritaliter
2879 3137 3011 3179 vero
3033 3123 3326 3178 adversarii
3346 3122 3739 3192 designantur.

454 3217 631 3272 dendo
656 3215 880 3271 fratrem
929 3224 1161 3270 mortem
1212 3215 1405 3269 animae
1453 3213 1652 3267 mereri
1695 3219 2034 3282 perpetuam.

455 3306 622 3362 Recte
648 3313 850 3371 autem,
880 3305 970 3374 qui
999 3305 1355 3360 scandalizari
1383 3311 1564 3376 potest
1593 3301 1819 3372 pusillus
1859 3301 2042 3372 appel-

456 3400 617 3452 latur.
659 3396 759 3464 Qui
807 3397 951 3450 enim
1004 3410 1228 3468 magnus
1285 3405 1370 3451 est
1420 3395 1778 3465 quodcunque
1819 3392 2034 3459 viderit,

456 3491 830 3561 quodcumque
866 3503 1058 3558 passus
1093 3488 1255 3543 fuerit
1300 3504 1409 3543 non
1461 3487 1746 3543 declinata
1773 3485 1914 3553 ﬁde;
1945 3487 2040 3558 qui

457 3591 636 3635 autem
660 3578 882 3650 pusillus
903 3587 986 3634 est
1012 3578 1194 3633 animo
1221 3587 1275 3633 et
1302 3593 1502 3648 parvus
1531 3577 1843 3634 occasiones
1889 3592 2037 3647 qum-

458 3671 530 3726 rit
557 3668 823 3738 quomodo
848 3667 1260 3724 scandalizetur.
1302 3668 1596 3738 Propterea
1636 3669 1864 3738 denique
1883 3681 2042 3737 opor-

459 3767 537 3814 tet
562 3774 659 3813 nos
686 3757 920 3812 maxime
944 3757 1028 3812 bis
1057 3757 1338 3813 consulere
1358 3757 1450 3826 qui
1474 3757 1627 3828 parvi
1653 3765 1779 3813 sunt
1808 3757 1865 3812 in
1913 3757 2040 3822 ﬁde,

457 3867 527 3907 ne
546 3851 830 3906 occasione
862 3852 1030 3906 nostri
1055 3850 1394 3906 oﬁ‘endantur
1419 3861 1475 3908 et
1496 3852 1750 3911 recedant
1773 3867 1805 3906 a
1830 3851 1954 3918 ﬁde,
1975 3865 2042 3908 ac

459 3940 708 3996 decidant
732 3955 763 3994 a
787 3940 978 3996 salute.
1010 3939 1316 3996 Notandum
1368 3956 1517 4007 sane,
1575 3941 1718 4011 quod
1745 3940 1800 3995 in
1856 3950 2041 3996 nostro

455 4033 602 4088 bono
626 4045 787 4102 opere
819 4031 1107 4101 aliquando
1130 4031 1430 4086 cavendum
1459 4039 1544 4087 est
1577 4030 1889 4086 scandalum
1917 4044 2043 4100 pro-

458 4121 609 4186 ximi,
635 4121 922 4192 aliquando
948 4136 1077 4176 vero
1110 4137 1210 4192 pro
1236 4121 1404 4176 nihilo
1458 4120 1934 4177 contemnendum.
1984 4119 2042 4175 In

465 4221 727 4282 quantum
755 4211 899 4267 enim
925 4212 1040 4267 sine
1061 4220 1284 4282 peccato
1303 4226 1613 4281 possumus,
1639 4213 1814 4267 vitare
1855 4210 2044 4283 proxi-

468 4319 678 4359 morum
712 4303 1026 4358 scandalum
1057 4303 1334 4358 debemus.
1383 4302 1442 4359 Si
1483 4313 1660 4360 autem
1705 4305 1771 4360 de
1815 4304 2046 4360 veritate

466 4392 779 4448 scandalum
803 4393 1038 4462 ponitur,
1057 4393 1241 4449 utilius
1259 4395 1591 4464 permittitur
1615 4395 1926 4450 scandalum
1948 4410 2044 4450 na-

2142 3215 2250 3272 Sed
2273 3231 2396 3272 cum
2419 3230 2518 3272 nos
2539 3230 2728 3271 eorum
2755 3214 3018 3272 consultis
3046 3229 3111 3270 ac
3128 3215 3438 3284 provisione
3459 3229 3607 3285 opus
3634 3216 3738 3270 ha-

2138 3311 2352 3376 bemus,
2375 3309 2454 3364 illi
2485 3323 2614 3366 vero
2633 3306 2858 3364 consilio
2905 3321 3005 3363 nos
3045 3321 3215 3378 pravo
3261 3306 3512 3378 decipere
3565 3316 3742 3378 atque

2140 3400 2196 3457 in
2225 3401 2329 3457 iter
2359 3401 2563 3456 erroris
2587 3397 2870 3457 deﬂectere
2892 3407 3170 3470 quaerunt;
3195 3397 3506 3454 scandalum
3528 3399 3739 3470 quippe

2141 3505 2322 3548 sermo
2347 3491 2588 3560 Graecus,
2619 3491 2761 3561 quod
2789 3504 2890 3546 nos
2917 3487 3299 3545 oﬁ'endiculum
3327 3495 3384 3544 et
3407 3489 3634 3543 ruinam
3686 3501 3740 3545 et

2142 3583 2522 3653 impactionem
2544 3582 2696 3652 pedis
2715 3581 2899 3638 dicere
2919 3595 3229 3651 possumus,
3280 3579 3426 3650 quod
3465 3589 3738 3651 quantum

2140 3687 2446 3744 possumus,
2502 3671 2745 3728 devitarc
2781 3672 3042 3728 debemus
3068 3677 3334 3740 quatenus
3370 3682 3593 3739 poenam
3648 3685 3741 3740 ge-

2141 3767 2333 3822 hennae
2348 3765 2641 3821 evadentes
2667 3764 2736 3821 ad
2756 3765 2923 3820 vitam
2951 3763 3224 3834 possimus
3264 3762 3552 3832 pervenire
3593 3777 3739 3817 sem-

2141 3860 2432 3930 piternam,
2484 3863 2775 3930 praestante
2825 3857 3052 3913 Domino
3092 3863 3277 3912 nostro
3324 3854 3453 3911 Jesu
3491 3854 3736 3922 Chn‘sto,

2150 3951 2242 4021 qui
2292 3965 2415 4005 cum
2459 3948 2620 4005 Patre
2670 3957 2726 4004 et
2773 3946 2977 4018 Spiritu
3020 3956 3210 4003 sancto
3267 3946 3401 4001 vivit
3441 3955 3501 4002 et
3543 3953 3740 4018 regnat

2144 4039 2285 4094 Deus
2307 4051 2405 4108 per
2428 4037 2607 4093 omnia
2631 4035 2822 4094 saecula
2855 4034 3191 4092 saeculorum.
3231 4033 3425 4090 Amen.

2649 4169 2933 4229 HOMILIA
2978 4167 3215 4225 CXXIX.
3319 4227 3325 4234 η

2808 4276 2962 4316 FERIA
2999 4274 3073 4314 VI.

2253 4376 2437 4433 Lectio
2454 4374 2629 4432 sancti
2643 4373 2919 4445 Evangelii
2942 4371 3236 4427 secundum
3255 4369 3591 4428 Matthmum.

465 4485 567 4549 sci,
607 4497 770 4554 quam
792 4483 996 4538 veritas
1031 4483 1383 4553 relinquatur.
1416 4484 1551 4538 ltem
1574 4499 1674 4553 per
1695 4485 1893 4539 molam
1938 4483 2043 4538 asi—
2068 4467 2122 4527 Π
2219 4486 2398 4542 Inillo
2421 4495 2647 4556 tempore
2668 4483 2802 4539 dixit
2822 4481 2978 4538 Iesus
2997 4482 3164 4536 turbis
3182 4481 3498 4536 Iudaeorum
3523 4495 3572 4536 et
3593 4484 3741 4552 prin-

467 4577 678 4632 nariam
707 4574 980 4631 saecularis
1002 4575 1125 4630 vitae
1148 4576 1406 4631 circuitus
1430 4591 1494 4631 ac
1519 4575 1672 4630 labor
1706 4575 2043 4646 exprimitur,

465 4677 520 4724 et
542 4683 641 4739 per
663 4667 988 4738 profundum
1023 4667 1190 4723 maris
1217 4675 1460 4722 extrema
1489 4667 1765 4721 damnatio
1801 4666 2049 4737 designa-

467 4772 587 4818 tur:
610 4762 702 4832 qui
727 4768 906 4816 autem
942 4760 1010 4815 ad
1050 4760 1354 4814 sanctitatis
1381 4759 1617 4829 speciem
1651 4758 1929 4821 deductus,
1968 4756 2053 4811 vel

465 4855 632 4910 verbo
660 4860 886 4908 caeteros
912 4851 1143 4906 destruit
1170 4849 1258 4904 vel
1281 4848 1545 4920 exemplo,
1578 4847 1772 4903 melius
1803 4846 2048 4918 profecto

465 4959 604 5015 erat,
630 4957 691 5004 ut
719 4949 862 5003 hunc
910 4945 976 4998 ad
1009 4949 1237 4998 mortem
1287 4940 1388 4995 sub
1431 4940 1685 4995 exteriori
1715 4939 1902 4994 habitu
1935 4946 2047 4992 ter-

468 5056 598 5098 rena
623 5049 743 5096 acta
766 5037 1218 5105 constringerent,
1249 5047 1412 5102 quam
1434 5046 1588 5085 sacra
1613 5029 1788 5086 otiicia
1815 5031 1869 5085 in
1892 5029 2061 5100 culpa

472 5132 680 5188 caeteris
715 5129 1044 5183 invitabilem
1097 5125 1548 5187 demonstrarent,
1603 5123 1729 5191 quia
1792 5120 2050 5174 nimirum

473 5225 518 5279 si
546 5220 690 5277 solus
723 5221 954 5284 caderet,
978 5225 1251 5286 utcunque
1293 5213 1438 5267 hunc
1481 5211 1816 5267 tolerabilior
1857 5209 2054 5267 inferni

472 5327 632 5384 poena
663 5311 950 5365 cruciaret.

548 5401 614 5454 Et
640 5401 685 5453 si
712 5397 1142 5452 scandalizauerit
1177 5405 1224 5451 te
1251 5411 1437 5450 manus
1467 5401 1579 5457 tua,
1611 5393 1854 5447 abscinde
1880 5391 2048 5460 illam,

477 5495 666 5548 bonunt
692 5491 876 5560 quippe
900 5498 972 5543 est
1001 5489 1090 5540 tibi
1116 5487 1334 5541 debilem
1354 5487 1567 5540 introire
1590 5485 1644 5538 in
1673 5485 1854 5550 vitam,
1895 5501 2051 5556 quam

477 5585 609 5638 duas
634 5597 818 5636 manus
855 5579 1122 5632 habentem
1165 5578 1240 5631 ire
1267 5579 1323 5631 in
1351 5577 1634 5646 gehennam
1661 5575 2052 5645 inexstinguibi-
2085 5574 2109 5637 “,

477 5675 597 5736 lem.
638 5674 774 5742 Quia
796 5684 954 5741 supra
988 5671 1242 5724 docuerat
1269 5684 1337 5723 ne
1376 5665 1799 5722 scandalizemus
1823 5680 1936 5730 eos,
1961 5666 2052 5736 qui

2148 4580 2345 4652 cipibus
2371 4578 2732 4633 sacerdotum:
2768 4575 2861 4632 Vat
2882 4576 3044 4641 vobis,
3063 4573 3260 4630 Scriba:
3283 4583 3331 4628 et
3368 4574 3630 4630 Pharisai
3643 4576 3740 4644 hy-

2150 4673 2385 4743 pocritaz,
2419 4670 2543 4740 quia
2564 4667 2810 4723 clauditis
2837 4683 3050 4737 regnum
3068 4664 3315 4720 ctelorum
3333 4675 3456 4719 ante
3481 4667 3736 4720 homines.

2161 4761 2264 4816 Vos
2291 4760 2473 4832 quippe
2522 4774 2628 4812 non
2663 4758 2895 4825 intratis,
2941 4773 3032 4811 nec
3068 4757 3386 4810 introeuntes
3435 4758 3606 4811 sinitis
3659 4759 3740 4811 in-

2151 4861 2311 4914 trare,
2339 4858 2446 4904 etc.

2221 4939 2434 4996 Habent
2463 4937 2668 4993 Scriba;
2693 4943 2748 4992 et
2779 4935 3038 4992 Pharisaei
3081 4935 3213 5006 legis
3237 4933 3738 5006 Prophetarumque

2149 5032 2421 5096 notitiam,
2451 5029 2630 5085 sciunt
2651 5042 2773 5084 esse
2799 5027 3074 5083 Christum
3101 5025 3268 5081 ﬁlium
3290 5025 3410 5091 Dei,
3445 5041 3558 5081 non
3590 5029 3736 5097 igno-

2152 5130 2276 5176 rant
2299 5129 2485 5174 natum
2507 5133 2627 5175 esse
2647 5119 2714 5173 de
2739 5118 2970 5187 virgine,
3001 5117 3098 5172 sed
3123 5117 3253 5171 dum
3287 5116 3583 5171 adventum
3621 5115 3736 5184 dus

2152 5224 2475 5280 corporeum
2513 5223 2546 5262 a
2592 5206 2878 5278 Prophetis
2921 5205 3293 5275 praedicatum,
3366 5207 3628 5261 doctrinas
3664 5207 3737 5260 si-

2153 5300 2448 5354 mulatione
2496 5297 2850 5361 abscondunt,
2871 5305 2926 5351 et
2955 5295 3193 5365 przedam
3234 5296 3302 5350 de
3347 5296 3596 5366 subjecta
3633 5296 3734 5351 sibi

2153 5392 2308 5461 plebe
2336 5397 2610 5461 appetunt,
2635 5403 2735 5444 nec
2763 5388 2864 5458 ipsi
2891 5390 3164 5442 introeunt
3185 5387 3240 5442 in
3265 5402 3429 5459 regna
3452 5389 3734 5452 caelorum,

2155 5499 2256 5540 nec
2275 5497 2371 5538 eos
2414 5482 2506 5552 qui
2556 5487 2803 5552 poterant
2845 5479 3052 5534 intrare
3098 5477 3437 5549 permittunt.
3499 5477 3616 5532 Hoc
3653 5487 3736 5532 est

2155 5577 2298 5647 quod
2329 5576 2382 5629 in
2415 5573 2554 5630 Osee
2581 5574 2839 5643 propheta
2870 5572 3130 5628 Dominus
3155 5571 3334 5642 arguit
3353 5571 3539 5626 dicens
3569 5589 3582 5622 :
3609 5570 3735 5623 Abs-

2159 5668 2444 5722 conderunt
2467 5665 2760 5720 sacerdotes
2785 5665 2940 5729 viam,
2965 5662 3334 5731 interfecerunt
3371 5663 3631 5718 sicimam.
3667 5658 3733 5714 Et

3917 633 3921 740 ι
