3960 6360
181 348 298 407 ωδ
351 311 364 318 -

1256 348 1565 410 ΗΟΜΠᾸᾸΞ
1602 346 1676 404 IN
1711 343 1970 405 EVANG.
2010 346 2098 402 ET
2135 345 2354 403 EPIST.
2455 337 2466 343 ’

3347 347 3453 404 39$

183 477 383 521 rursus
407 461 718 522 sacerdotes
735 477 844 520 non
870 462 1144 532 dixerunt,
1165 465 1257 521 ubi
1277 474 1362 522 est
1389 465 1670 530 Dominus,
1687 463 1772 519 vel
1799 469 1849 531 Α
1876 461 2137 516 Dominus
2171 461 2328 527 dixit,
2356 460 2481 532 quid
2507 460 2644 516 enim
2664 461 2838 532 majus
2859 471 2935 518 est
2974 479 3162 519 aurum
3213 482 3282 520 an
3324 473 3460 523 tem-

181 563 340 612 eerte
360 555 538 612 omnis
565 555 822 627 magister
843 555 935 625 qui
961 557 1126 611 verbo
1153 556 1400 620 aediﬁcat,
1443 565 1498 611 et
1544 555 1774 610 scanda-

181 645 320 714 lizet
342 645 501 701 malis
521 644 776 716 operibus
800 645 1095 718 discipulos
1121 661 1270 713 suos,
1289 646 1494 704 claudit
1511 654 1638 702 ante
1678 660 1774 703 eos

180 751 416 810 regnum
432 737 714 794 calorum.

268 827 361 883 γω
391 827 550 892 nobis,
577 827 762 882 scriba:
785 837 836 882 et
875 824 1138 883 Phariswi
1165 829 1468 899 hypocrita,
1505 828 1629 899 quia
1665 827 1770 880 cir-

179 920 344 974 cuitis
368 927 584 973 marcet
623 918 832 972 aridam
867 929 922 972 ut
961 919 1171 988 faciatis
1216 937 1376 975 unum
1421 919 1773 991 proselytum;

177 1017 234 1063 et
262 1024 385 1062 cum
413 1007 571 1076 fuerit
595 1007 789 1078 (actus,
813 1007 988 1078 facitis
1013 1025 1131 1063 eum
1155 1009 1325 1078 ﬁlium
1345 1010 1591 1080 gehennat
1611 1009 1772 1080 duplo

176 1118 348 1172 quam
376 1117 488 1157 vos.
517 1099 634 1156 Non
653 1116 721 1157 eo
745 1103 923 1158 studio
957 1118 1239 1161 servamus
1257 1106 1479 1175 quaesita
1501 1121 1608 1176 quo
1633 1121 1775 1175 qua:-

182 1195 384 1250 rimus.
414 1193 618 1250 Scriba:
641 1203 697 1250 et
723 1194 979 1252 Pharisaei
1024 1204 1195 1252 totum
1241 1197 1536 1253 lustrantes
1583 1199 1772 1254 orbem

179 1291 412 1355 propter
444 1283 836 1354 negotiationes
856 1292 912 1340 et
939 1285 1154 1340 diversa
1181 1286 1354 1352 lucra,
1406 1295 1516 1342 tam
1548 1303 1578 1342 a
1605 1287 1771 1343 disci-

179 1373 330 1443 pulis
375 1373 658 1443 captanda,
691 1389 855 1444 quam
899 1390 998 1446 per
1047 1377 1306 1448 imagines
1347 1378 1673 1443 sanctitatis,
1720 1379 1774 1434 id

181 1467 351 1522 studii
381 1467 654 1524 habebant
687 1469 754 1524 de
804 1470 1054 1541 gentibus
1096 1469 1278 1526 facere
1321 1471 1682 1543 proselytum,
1719 1471 1775 1528 id

177 1565 292 1623 est,
321 1559 604 1623 advenam,
636 1565 693 1612 et
716 1559 1150 1616 incircumcisum
1186 1561 1414 1616 miscere
1437 1561 1633 1632 popqu
1654 1562 1770 1618 Dei.

181 1647 303 1703 Sed
327 1648 417 1718 qui
447 1656 572 1704 ante
589 1648 716 1703 dum
737 1657 882 1705 esset
905 1651 1176 1716 ethnicus,
1211 1651 1532 1722 simpliciter
1555 1652 1775 1707 errabat

181 1746 244 1795 et
266 1748 386 1796 erat
431 1740 599 1796 semel
646 1739 788 1797 ﬁlius
840 1741 1118 1812 gehennae,
1161 1743 1350 1799 videns
1389 1744 1773 1814 magistrorum

1872 552 2015 622 plum
2044 552 2184 622 quod
2216 552 2511 621 sanctiﬁcat
2547 568 2734 606 aurum
2758 569 2779 617 ;
2803 561 2858 608 et
2891 553 3090 608 iterum
3123 573 3136 609 :
3169 556 3295 627 quid
3323 557 3466 614 enim

1872 642 2047 712 majus
2075 652 2150 697 est
2187 643 2383 697 denunt
2424 660 2492 698 an
2528 642 2695 698 altare
2723 644 2864 715 quod
2900 646 3193 715 sanctiﬁcat
3221 649 3416 704 donum
3443 664 3462 705 :

1875 732 1948 787 ita
1975 732 2376 804 intelligendum
2402 742 2508 800 est,
2535 735 2792 804 templum
2826 745 2882 792 et
2905 737 3074 792 altare
3101 739 3274 808 ipsum
3302 739 3466 795 Chri-

1874 831 2037 887 stum,
2064 839 2255 878 aurum
2288 833 2344 879 et
2375 825 2574 880 donum
2602 824 2790 882 laudes
2827 835 2882 880 et
2919 826 3182 882 sacriﬁcia
3218 842 3462 898 precum,

1874 928 1995 983 qua:
2032 914 2084 968 in
2129 931 2194 970 eo
2241 929 2339 986 per
2370 930 2497 971 eum
2544 915 2819 973 offerimus
2853 935 2866 972 :
2897 934 3004 974 non
3047 921 3192 976 enim
3235 921 3322 977 ille
3367 938 3468 994 per

1874 1004 1991 1062 hzec
2041 1007 2136 1061 sed
2187 1007 2289 1062 ista
2344 1021 2442 1077 per
2483 1007 2630 1062 illum
2665 1009 3095 1066 sanctiﬁcantur.

1955 1095 2045 1152 Va:
2067 1105 2247 1152 autem
2270 1098 2427 1164 vobis,
2449 1100 2634 1154 scribto
2661 1110 2710 1154 et
2748 1099 3006 1158 Pharistei
3039 1104 3345 1176 hypocrita’,
3377 1106 3468 1178 qui

1875 1187 2144 1241 decimatis
2168 1190 2449 1259 mentitam,
2475 1202 2522 1245 et
2551 1192 2820 1258 anethum,
2849 1204 2896 1247 et
2930 1196 3210 1264 cyminum,
3258 1210 3302 1252 et
3339 1198 3478 1252 reli-

1875 1277 2059 1347 quistis
2083 1296 2199 1350 qua:
2232 1281 2475 1350 graviora
2503 1291 2622 1336 sunt
2645 1281 2790 1353 legis,
2806 1283 3072 1354 judicium
3100 1297 3147 1340 et
3170 1288 3466 1342 misericor-

1875 1367 2042 1433 diam,
2065 1377 2113 1422 et
2133 1369 2293 1438 ﬁdem
2320 1383 2339 1421 :
2365 1370 2478 1424 hwc
2501 1373 2729 1442 Oportuit
2753 1373 2925 1443 facere
2961 1385 3009 1429 et
3041 1375 3134 1429 illa
3170 1393 3274 1430 non
3317 1378 3472 1432 omit-

1875 1468 2002 1513 tere.
2031 1459 2194 1516 Multa
2225 1460 2279 1515 in
2309 1461 2424 1533 lege
2450 1473 2718 1536 praecepta
2745 1475 2892 1532 sunt,
2925 1482 3045 1536 qua:
3087 1477 3244 1539 typos
3284 1470 3467 1540 profe-

1876 1559 2004 1606 runt
2037 1551 2340 1608 futurorum
2379 1571 2393 1610 :
2425 1555 2529 1610 alia
2553 1572 2682 1612 vero
2713 1573 2832 1628 qua:
2866 1569 3051 1631 aperta
3079 1571 3224 1630 sunt,
3250 1573 3305 1618 et
3339 1563 3464 1620 illu-

1877 1640 2084 1695 minant
2108 1643 2296 1699 oculos
2352 1643 2508 1712 juxta
2537 1646 2880 1703 Psalmistam
2910 1650 3198 1718 dicentem,
3245 1656 3470 1710 manda-

1876 1741 1986 1784 tum
2015 1731 2224 1786 Domini
2245 1732 2497 1807 lucidum
2527 1736 2832 1794 illuminans
2869 1741 3068 1808 oculos,
3118 1759 3239 1813 qua:
3285 1746 3470 1801 statim

181 1830 320 1884 vim
348 1830 722 1902 “intelligens
747 1809 1024 1888 desimere
1049 1847 1145 1888 eos
1171 1832 1444 1903 operibus,
1472 1809 1614 1904 (ξιιοά
1653 1850 1775 1890 γει..
1802 1809 1849 1868 Β
1876 1835 2040 1888 opera
2067 1820 2398 1892 desiderant,
2421 1827 2570 1880 verbi
2597 1829 2768 1897 gratia
2806 1848 2818 1884 :
2849 1845 2956 1884 non
2983 1833 3331 1902 adulterabis,
3363 1852 3470 1893 non

177 1917 273 1972 bis
299 1916 584 1984 docebant,
612 1920 904 1974 revertitur
923 1920 990 1974 ad
1025 1922 1284 1976 vomitum
1314 1937 1493 1988 suum,
1515 1932 1571 1978 et
1597 1925 1773 1995 genti-

182 2007 257 2063 lis
290 2007 486 2074 l‘actus,
515 2009 669 2078 quasi
700 2011 1100 2079 praevaricator,
1139 2010 1342 2080 majore
1386 2026 1544 2083 plena
1584 2014 1778 2084 dignus

179 2099 314 2163 erit,
346 2099 486 2154 ﬁlius
514 2109 694 2155 autem
722 2111 947 2158 vocatur
968 2102 1228 2173 gehennae
1254 2141 1272 2169 ,
1323 2105 1592 2174 quomodo
1636 2106 1777 2162 ﬁlius

183 2189 527 2259 perditionis,
559 2196 614 2243 et
643 2188 782 2244 ﬁlius
808 2189 967 2260 hujus
996 2191 1200 2248 saeculi.
1230 2191 1469 2248 Vocatur
1501 2193 1643 2250 ﬁlius
1686 2210 1777 2266 ge-

182 2282 406 2346 heume,
438 2282 506 2335 ad
532 2280 677 2334 illam
699 2289 1052 2350 praeparatus,
1079 2299 1186 2339 non
1213 2300 1282 2338 ex
1323 2283 1412 2338 illa
1459 2294 1774 2357 generatus;

181 2370 557 2440 unusquisque
581 2370 724 2426 enim
753 2369 904 2441 cujus
932 2385 1098 2443 opera
1147 2373 1276 2445 agit,
1331 2373 1450 2445 ejus
1502 2374 1644 2432 ﬁlius
1685 2392 1779 2448 ap-

182 2461 440 2531 pellatur.
779 2504 782 2507 -
807 2500 837 2510 .-
861 2495 864 2498 ~
906 2489 910 2509 ε
1323 2533 1332 2544 ἡ

275 2549 362 2605 Va:
403 2551 560 2616 nobis,
586 2553 743 2610 duces
770 2555 920 2622 caci,
961 2557 1086 2628 quia
1113 2558 1286 2614 dicitis
1313 2575 1332 2614 :
1361 2559 1668 2634 Quicunque
1684 2563 1780 2634 ju-

185 2644 382 2698 raverit
400 2661 492 2714 per
509 2645 778 2716 templum,
809 2649 940 2703 nihil
960 2659 1070 2715 est;
1097 2652 1187 2722 qui
1226 2660 1399 2707 autem
1418 2653 1678 2729 juraverit
1723 2658 1778 2710 in

183 2749 326 2786 auro
353 2735 548 2805 templi,
571 2737 735 2790 debet.
767 2737 930 2794 Stulti
956 2749 1010 2796 et
1039 2741 1188 2806 (χερὶ,
1241 2743 1370 2812 quid
1415 2745 1559 2800 enim
1607 2746 1778 2816 majus

183 2823 317 2879 est?
344 2838 533 2878 aurum
559 2841 628 2880 an
657 2828 911 2899 templum
938 2832 1082 2900 quod
1109 2833 1412 2889 sanctiﬁcat
1453 2837 1679 2891 aurum?
1723 2845 1779 2893 et

185 2915 501 2987 quicunque
517 2916 780 2986 juraverit
799 2920 854 2974 in
877 2920 1033 2977 altari
1063 2923 1198 2978 nihil
1225 2933 1326 2989 est,
1353 2926 1659 2996 quicunque
1685 2943 1780 2982 au-

186 3015 310 3062 tem
331 3004 596 3075 juraverit
623 3009 677 3064 in
699 3009 841 3066 dono
865 3012 1009 3081 quod
1029 3020 1112 3068 est
1140 3028 1302 3084 super
1326 3015 1478 3082 illud,
1508 3018 1686 3074 debet.

263 3097 407 3155 ϐαξσὶ
432 3115 450 3152 :
471 3102 598 3172 quid
623 3103 760 3156 enim
787 3104 960 3174 majus
980 3115 1076 3170 est,
1098 3105 1296 3160 donum
1330 3125 1403 3162 an
1431 3107 1597 3164 altare
1639 3111 1779 3181 quod

185 3191 489 3259 sanctiﬁcat
517 3193 754 3247 donum?
781 3193 885 3260 Qui
907 3211 1029 3266 ergo
1044 3195 1195 3264 jurat
1227 3199 1282 3250 in
1318 3197 1498 3265 altari,
1530 3199 1682 3270 jurat
1727 3203 1783 3256 in

184 3299 250 3337 eo
282 3295 332 3337 et
362 3284 416 3338 in
437 3286 676 3339 omnibus
703 3303 821 3356 quw
847 3297 967 3341 sunt
998 3304 1154 3358 super
1182 3288 1335 3346 illud.
1382 3291 1451 3346 Et
1496 3294 1587 3363 qui
1621 3293 1781 3364 jura-

184 3376 323 3428 eerit
354 3376 407 3428 in
427 3376 636 3446 templo,
656 3378 806 3448 jurat
837 3378 890 3432 in
942 3378 1034 3434 illo
1073 3390 1123 3434 et
1165 3382 1220 3436 in
1242 3399 1302 3437 eo
1339 3384 1432 3454 qui
1479 3385 1679 3440 habitat
1727 3389 1784 3443 in

189 3464 331 3532 ipso.
369 3461 434 3516 Et
457 3465 546 3534 qui
563 3464 715 3534 jurat
738 3466 793 3524 in
816 3465 959 3530 calo,
977 3467 1127 3536 jurat
1155 3470 1208 3523 in
1236 3470 1420 3526 throno
1462 3472 1560 3528 Dei
1580 3484 1627 3529 et
1648 3477 1702 3529 in
1723 3492 1783 3530 eo

183 3556 282 3626 qui
308 3555 447 3608 sedet
472 3572 626 3626 super
651 3573 790 3610 eum.
827 3556 1023 3628 Supra,
1059 3569 1120 3614 ut
1141 3561 1309 3616 visum
1348 3564 1508 3638 nobis
1537 3573 1642 3632 est,
1692 3581 1787 3622 ex—

184 3647 474 3717 posuimus
493 3648 622 3716 quid
651 3647 984 3719 signiﬁcaret
1008 3653 1225 3708 traditio
1264 3653 1660 3712 Pharisaeorum
1706 3659 1787 3715 di-

183 3740 457 3805 centium,
486 3741 687 3796 donum
723 3741 1081 3812 quodcunque
1115 3755 1289 3801 estex
1316 3763 1402 3803 me
1444 3750 1541 3805 tibi
1588 3753 1786 3822 prode-

187 3831 316 3894 rit,
353 3846 496 3885 nunc
541 3831 734 3900 duplex
779 3843 834 3886 et
852 3834 920 3888 ad
959 3851 1121 3890 unam
1165 3839 1407 3894 avaritia:
1449 3843 1786 3899 occasionem

188 3922 421 3976 trahens
446 3921 840 3976 Pharisceorum
887 3923 1106 3980 traditio
1143 3927 1554 3997 condemnatur,
1596 3941 1656 3986 ut
1694 3947 1786 3986 ar-

186 4021 432 4080 guantur
451 4021 646 4066 cuncta
676 4027 774 4082 pro
805 4012 954 4069 lucro
981 4012 1160 4072 facere
1195 4026 1249 4072 et
1293 4034 1398 4074 non
1444 4035 1544 4090 pro
1596 4023 1790 4080 timore

187 4100 320 4154 Dei.
350 4099 662 4156 Sicutcnim
702 4102 754 4157 in
806 4104 1140 4173 pbilacteriis
1184 4117 1240 4163 et
1288 4108 1516 4170 ﬁmbriis
1554 4113 1789 4172 dilatatis

183 4193 458 4262 Opinione
486 4193 781 4250 sanctitatis
805 4199 1098 4266 captabant
1121 4197 1365 4270 gloriam,
1396 4211 1450 4258 et
1490 4218 1589 4274 per
1634 4221 1789 4262 oeca-

183 4287 410 4343 sionem
438 4285 618 4357 gloriae
644 4288 956 4356 qurerebant
992 4290 1160 4358 lucra,
1209 4293 1286 4349 sic
1334 4293 1437 4350 alia
1486 4297 1790 4354 traditionis

186 4377 423 4432 inventa
479 4375 694 4446 stropha
743 4378 1032 4447 impietatis
1075 4383 1252 4452 arguit
1297 4395 1674 4456 praeceptores.
1731 4387 1788 4445 Si

187 4469 326 4539 quis
351 4467 402 4522 in
429 4468 772 4523 contentione
795 4487 891 4524 seu
908 4471 960 4525 in
977 4471 1158 4542 aliquo
1178 4470 1357 4546 jurgio
1385 4476 1468 4532 vel
1516 4478 1568 4532 in
1621 4494 1782 4536 causa

189 4558 453 4629 ambigua
470 4557 710 4626 jurasset
731 4560 785 4615 in
815 4562 1036 4632 templo,
1059 4572 1115 4618 et
1133 4575 1318 4634 postea
1344 4569 1622 4626 convictus
1643 4582 1788 4628 esset

192 4649 492 4715 mendacii,
543 4665 650 4704 non
694 4652 979 4706 tenebatur
1020 4653 1264 4711 criminis
1306 4672 1451 4714 reus.
1500 4658 1559 4714 Si
1606 4672 1787 4718 autem

183 4741 437 4811 jurasset
457 4742 508 4796 in
533 4758 666 4798 auro
683 4752 738 4798 et
760 4745 990 4815 pecunia
1021 4761 1141 4816 quae
1166 4748 1220 4802 in
1251 4751 1450 4822 templo
1495 4755 1788 4810 sacerdoti-

192 4834 305 4888 bus
327 4831 716 4898 oll‘erebantur,
739 4834 921 4888 statim
952 4834 1004 4888 in
1033 4850 1140 4904 quo
1177 4837 1457 4905 juraverat
1498 4844 1792 4913 cogebatur

191 4922 500 4978 exsolvere.
533 4923 768 4978 Rursum
796 4924 842 4980 si
872 4925 994 4995 quis
1012 4923 1250 4994 jurasset
1270 4929 1324 4984 in
1348 4929 1526 4997 altari,
1566 4935 1791 5004 perjurii

197 5027 360 5068 reum
390 5028 549 5069 nemo
588 5015 832 5081 tenebat;
867 5015 914 5070 si
961 5024 1141 5072 autem
1198 5020 1529 5090 perjurassct
1549 5022 1603 5078 in
1650 5026 1791 5082 dono

195 5099 290 5155 vel
315 5100 370 5154 in
392 5100 774 5168 oblationibus,
803 5104 907 5160 hoc
934 5113 1039 5171 est,
1067 5107 1119 5161 in
1145 5109 1344 5176 hostia,
1373 5111 1427 5166 in
1455 5113 1710 5180 victimis,
1736 5118 1790 5172 in

160 5255 164 5257 ἓ
195 5190 407 5257 simila,
433 5199 491 5246 et
513 5193 744 5258 ameris,
771 5210 891 5264 quae
918 5195 1220 5255 oﬁ'eruntur
1251 5203 1362 5257 Deo
1401 5218 1564 5275 super
1599 5206 1789 5275 altare,

197 5285 326 5340 lucc
346 5285 740 5343 studiosissime
763 5291 1096 5359 repetebant.
1123 5293 1312 5366 Arguit
1333 5313 1464 5370 ergo
1492 5317 1584 5356 eos
1611 5301 1794 5358 Domi.

197 5387 314 5430 nus
333 5381 389 5426 et
406 5375 644 5432 stultitia:
665 5386 720 5432 et
752 5378 1142 5447 fraudulentae,
1172 5387 1315 5454 quod
1338 5389 1507 5446 multo
1537 5390 1712 5462 majus
1733 5394 1805 5448 sit

200 5463 492 5535 templum,
520 5481 682 5536 quam
713 5483 905 5524 aurum
940 5473 1082 5541 quod
1124 5475 1495 5534 sanctiﬁcatur
1523 5496 1553 5535 a
1585 5483 1798 5553 templo,

202 5566 267 5613 et
287 5556 482 5622 altare,
509 5575 669 5629 quam
697 5560 886 5616 hostiae
929 5578 1047 5633 qua:
1069 5567 1476 5626 sanctiﬁcantur
1528 5573 1596 5629 ab
1623 5575 1802 5642 altari,

206 5654 388 5702 totum
425 5655 602 5703 autem
658 5648 928 5706 faciebant
971 5669 1076 5709 non
1117 5654 1189 5710 ob
1237 5656 1331 5713 Dei
1380 5660 1651 5729 timorem,
1709 5666 1803 5720 sed

204 5739 282 5793 ob
307 5738 618 5795 divitiarum
647 5742 1018 5811 cupiditatem.
1051 5746 1381 5818 Spiritaliter
1429 5761 1608 5810 autem
1656 5756 1800 5826 quod

583 5831 852 5895 Ριτιοιι.
899 5835 1035 5898 CX.

1877 1907 2078 1964 furtum
2105 1911 2290 1979 facies,
2323 1929 2427 1968 non
2455 1914 2648 1971 falsum
2671 1919 3036 1975 testimonium
3077 1921 3224 1977 dices
3249 1965 3263 1989 ,
3288 1933 3341 1980 et
3365 1941 3472 1982 caa-

1877 2006 2014 2063 tera,
2049 1998 2305 2056 Pharisaﬁ
2343 2011 2525 2058 autem
2555 2005 2681 2076 quia
2710 2018 3047 2079 praeceperat
3068 2011 3350 2081 Dominus,
3390 2016 3474 2071 iu-

1877 2093 2035 2146 terim
2079 2102 2140 2148 ut
2186 2093 2491 2151 intellectus
2537 2099 2794 2169 mysticos
2851 2101 3202 2170 dimittamus,
3251 2116 3476 2179 propter

1877 2182 2190 2238 alimoniam
2221 2186 2564 2242 sacerdotum
2600 2196 2654 2244 et
2697 2188 3029 2259 Levitarum,
3068 2209 3299 2264 quorum
3341 2212 3474 2269 pars

1876 2282 1998 2328 erat
2021 2275 2300 2342 Dominus,
2330 2279 2572 2334 omnium
2601 2296 2785 2336 rerum
2805 2281 2989 2338 οϐ’εηί
3023 2285 3079 2340 in
3130 2289 3330 2358 templo
3381 2292 3473 2348 de-

1877 2362 2067 2430 cimas,
2097 2365 2200 2420 hoc
2226 2381 2394 2422 unum
2419 2368 2692 2425 habebant
2721 2373 2904 2439 studii,
2935 2381 2996 2429 ut
3024 2390 3146 2446 quae
3166 2375 3321 2446 jussa
3348 2379 3469 2437 lue-

1878 2462 2000 2509 rant
2047 2464 2564 2526 comportarentur,
2630 2470 2826 2517 caetera
2878 2478 2999 2533 quae
3045 2475 3206 2522 erant
3267 2469 3475 2541 majora

1876 2554 2060 2602 utrum
2087 2548 2209 2618 quis
2251 2546 2457 2605 iaceret
2499 2565 2568 2606 an
2613 2568 2720 2608 non
2759 2556 2909 2622 parvi
2937 2556 3262 2625 pendebant.
3314 2561 3381 2614 Et
3409 2577 3477 2617 ex

1877 2639 1982 2695 hoc
2001 2640 2184 2710 itaque
2207 2642 2443 2714 capitulo
2466 2645 2644 2715 arguit
2665 2660 2760 2701 eos
2780 2648 3039 2714 avaritize,
3070 2651 3212 2719 quod
3239 2653 3479 2708 studiose

1877 2731 2041 2786 etiam
2071 2733 2262 2789 vilium
2292 2736 2502 2792 olerum
2530 2738 2768 2794 decimas
2789 2739 3026 2811 exigant,
3056 2751 3113 2798 et
3131 2743 3395 2812 judicium
3416 2746 3476 2802 in

1878 2821 2266 2894 disceptatione
2288 2828 2651 2898 negotiorum,
2681 2830 3216 2903 misericordiamque
3255 2833 3310 2889 in
3341 2850 3476 2906 pau-

1877 2926 2042 2980 peres
2065 2914 2294 2986 pupillos
2321 2924 2376 2971 et
2403 2918 2615 2984 viduas,
2650 2926 2706 2973 et
2728 2919 2888 2976 ﬁdem
2916 2922 2970 2976 in
2999 2921 3189 2988 Deum,
3219 2939 3338 2993 qua:
3363 2940 3477 2979 ma-

1879 3015 1982 3071 gna
1997 3010 2142 3068 sunt,
2164 3005 2584 3072 praetermittam
2607 3025 2620 3060 :
2647 3007 2800 3074 ch,
2817 3009 3010 3079 inquit,
3031 3013 3258 3082 oportuit
3278 3013 3477 3082 facere,

1881 3087 2058 3159 idest,
2084 3094 2370 3165 judicium,
2399 3097 2850 3166 misericordiam,
2874 3109 2928 3155 et
2953 3101 3135 3168 ﬁdem,
3179 3113 3238 3160 ut
3275 3113 3331 3160 et
3370 3122 3471 3162 nos

1885 3187 2154 3242 veraciter
2188 3189 2255 3244 de
2285 3197 2472 3246 nostra
2499 3190 2715 3246 miseria
2736 3192 3063 3263 judicantes,
3093 3205 3146 3250 et
3170 3196 3263 3251 Dei
3291 3198 3474 3254 chari-

1887 3283 2055 3331 tatem
2089 3292 2251 3347 quam
2301 3279 2521 3336 donavit
2579 3281 2694 3352 ipse
2739 3282 3041 3353 diligentes,
3096 3285 3183 3355 pie
3224 3294 3482 3360 recteque

1885 3365 2149 3422 vivamus.
2177 3366 2391 3425 iustum
2411 3370 2528 3442 ejus
2563 3372 2826 3444 judicium
2862 3374 3185 3432 conﬁtentes
3218 3392 3326 3448 quo
3374 3379 3479 3434 mi-

1877 3459 1995 3534 seri
2021 3458 2197 3516 eﬂ‘ecti
2221 3475 2425 3530 sumus,
2457 3463 2524 3519 de
2557 3479 2664 3534 quo
2685 3465 2814 3520 dicit
2848 3466 3138 3536 Apostolus
3163 3483 3178 3522 :
3203 3467 3479 3525 Iudicium

1886 3549 2094 3621 quidem
2114 3568 2180 3606 ea:
2205 3569 2309 3608 uno
2345 3553 2401 3608 in
2438 3555 2956 3622 condemnationem;
2988 3566 3044 3612 et
3065 3575 3272 3630 magum
3300 3561 3480 3616 chari-

1888 3641 1985 3695 tati
2011 3641 2127 3711 ejus
2157 3645 2357 3714 gratias
2399 3654 2642 3716 agentes,
2692 3646 2759 3702 de
2805 3663 2911 3717 qua
2968 3649 3083 3719 ipse
3131 3651 3273 3707 idem
3323 3651 3479 3718 dicit.

1889 3731 2076 3802 gratim
2103 3734 2448 3802 prmdicator,
2473 3737 2800 3790 commendat
2843 3749 3016 3794 autem
3051 3757 3202 3795 suam
3245 3743 3476 3798 chama-

1889 3829 1991 3877 tem
2016 3821 2160 3877 Deus
2189 3823 2244 3877 in
2272 3825 2417 3880 nobis
2446 3828 2694 3897 quoniam
2719 3844 2836 3881 cum
2857 3830 3029 3884 adhuc
3056 3843 3350 3900 peccatores
3393 3851 3475 3890 es-

1887 3925 2061 3966 semus
2097 3912 2338 3968 Christus
2381 3931 2477 3985 pro
2503 3915 2648 3970 nobis
2699 3927 2936 3972 mortuus
2982 3929 3077 3974 est.
3127 3919 3379 3991 Oportuit
3423 3933 3481 3980 ct

1890 4001 1980 4061 illa
2012 4019 2121 4060 non
2148 4005 2420 4072 omittere,
2452 4006 2506 4062 id
2534 4016 2639 4073 est,
2664 4008 3037 4080 eleemosynas
3059 4011 3331 4068 fructuum
3365 4023 3472 4070 ter-

1891 4107 2167 4160 renorum,
2197 4095 2322 4164 quia
2353 4111 2454 4168 per
2479 4106 2686 4153 rectam
2716 4097 2875 4154 ﬁdem
2901 4108 2956 4154 ct
2981 4117 3262 4158 sacrarum
3312 4105 3480 4160 virtu—
3556 4107 3572 4117 ’

1893 4194 2005 4240 tum
2031 4187 2400 4256 operationem
2418 4187 2578 4243 simul
2609 4204 2733 4244 cum
2757 4189 3196 4262 elemosynarum
3223 4192 3477 4265 largitate

1891 4275 2054 4332 debet
2077 4278 2306 4348 quisque
2332 4278 2550 4334 studere
2579 4287 2636 4333 ut
2676 4279 2744 4335 ad
2783 4280 2951 4334 vitam
2991 4283 3272 4350 perveniat
3320 4293 3482 4340 aeter-

1893 4385 2040 4436 nam,
2079 4371 2342 4442 largiente
2365 4372 2481 4443 ipso
2503 4373 2800 4428 mediatore
2827 4372 2920 4454 Dei
2947 4383 3001 4429 et
3025 4375 3324 4441 hominum,
3376 4377 3480 4434 Do-

1894 4464 2042 4520 mino
2068 4472 2256 4523 nostro
2278 4463 2406 4521 Jesu
2429 4465 2664 4529 Christo,
2706 4466 2799 4536 qui
2827 4482 2949 4522 cum
2976 4467 3138 4524 Patre
3182 4478 3240 4524 et
3272 4469 3480 4540 Spiritu

1889 4564 2080 4612 sancto
2131 4557 2266 4614 vivit
2291 4565 2349 4615 et
2373 4565 2566 4632 regnat
2611 4557 2754 4614 Deus
2799 4575 2898 4630 per
2919 4560 3099 4617 omnia
3149 4563 3343 4618 saecula
3383 4579 3480 4620 sae-

1891 4645 2161 4701 culorum.
2186 4645 2384 4702 Amen.

2417 4756 2699 4815 HOMILIA
2740 4758 2951 4815 CXXX.

2207 4864 2522 4904 IISBDOIADA
2551 4865 2585 4902 Χ
2609 4866 2738 4906 ροετ
2767 4864 3156 4906 PENTECOSTEN.

2250 4941 2437 4997 Lectio
2457 4941 2708 5012 Epistolas
2735 4945 2803 4997 ad
2827 4943 3154 4999 Corinthios.

1964 5029 2199 5092 Fratres.
2234 5048 2337 5086 non
2358 5033 2523 5087 simus
2547 5035 2964 5104 concupiscentes
3020 5032 3299 5098 malorum,
3345 5031 3483 5087 sicut

1892 5128 1938 5174 et
1974 5119 2054 5174 illi
2080 5123 2474 5191 concupierunt,
2504 5132 2610 5178 etc.

1966 5211 2106 5267 Ecce
2139 5227 2302 5282 quam
2329 5213 2536 5282 peritus
2574 5213 2818 5268 medicus
2841 5212 3115 5284 apostolus
3143 5201 3352 5269 Paulus
3371 5228 3484 5269 cm-

1893 5302 2045 5358 lestis
2066 5304 2262 5359 medici
2292 5303 2496 5361 Christi
2545 5306 2662 5362 veri
2707 5319 2980 5374 verasque
3024 5305 3339 5378 discipulus,
3389 5306 3485 5377 qui

1905 5397 1973 5452 ad
2021 5397 2402 5453 removendam
2442 5397 2750 5454 diuturnam
2805 5396 3172 5454 inﬁrmitatem
3218 5406 3485 5464 nostram,

1903 5493 1959 5541 et
1979 5485 2048 5540 ad
2068 5486 2472 5542 instaurandam
2503 5487 2558 5540 in
2588 5485 2742 5541 nobis
2765 5486 3009 5557 corporis
3036 5495 3091 5543 et
3117 5487 3310 5542 animae
3331 5485 3482 5541 sani-

1905 5583 2073 5630 tatem
2104 5576 2258 5632 nobis
2284 5592 2314 5630 a
2345 5575 2576 5632 Domino
2599 5575 2918 5641 destinatus,
2967 5577 3204 5632 ostendit
3249 5573 3481 5631 salubria

1905 5681 2024 5734 qua:
2054 5667 2286 5721 tenenda
2333 5673 2480 5731 sunt,
2515 5665 2713 5735 ubique
2745 5666 2800 5722 in
2854 5669 3235 5740 praedicatione
3262 5683 3358 5722 sua
3393 5665 3485 5719 dc-

1905 5758 2365 5828 moustravitquze
2407 5758 2590 5825 noxia,
2632 5773 2750 5830 quae
2793 5762 3033 5820 cavenda
3067 5769 3210 5826 sunt,
3248 5757 3386 5813 unde
3432 5755 3483 5806 in

2937 5853 3013 5914 13
