3960 6360
523 376 630 433 395

1155 370 1218 425 B.
1252 368 1506 424 RABANI
1543 366 1760 424 MAURI
1798 363 2112 421 ARClllEP.
2155 362 2464 422 MOGUNT.
2504 349 2788 420 OPERUM
2824 361 3002 417 PARS
3040 361 3102 416 ll.

3681 359 3790 416 396

518 482 771 556 przesenﬁ
803 478 1031 539 lectione
1058 491 1221 551 quam
1250 477 1496 542 audistis,
1528 479 1627 532 sub
1673 477 1840 546 ﬁgura
1868 475 2097 530 inﬁdelis
2126 482 2172 542 Α
2201 477 2328 531 dum
2356 475 2510 530 valde
2534 484 2637 542 est,
2669 489 2792 532 cum
2826 474 2912 530 vel
2960 474 3013 529 iu
3050 472 3394 529 infirmitates
3421 474 3678 544 corporis
3703 477 3787 530 vel

519 571 800 630 Israelitiei
840 569 1021 640 populi
1063 583 1160 622 nos
1185 568 1440 622 admonet
1466 565 1650 621 dicens
1681 582 1693 617 :
1732 562 1963 627 Fratres,
1995 580 2098 616 non

519 665 681 718 simus
712 661 1129 730 concupiscentes
1158 657 1440 721 malorum,
1471 657 1604 710 sicut
1630 663 1676 708 et
1720 653 1800 707 illi
1830 653 2100 723 concupie-

519 762 664 809 runt.
696 751 829 806 Nam
865 752 939 806 illi
965 757 1185 822 propter
1207 748 1402 804 malam
1427 747 1773 817 cupiditatem
1799 746 1850 800 in
1885 745 2099 800 deserto

517 844 774 914 prostrati
811 851 958 907 sunt,
981 843 1052 895 ita
1081 849 1140 895 ut
1168 840 1345 894 nullus
1370 854 1437 893 ex
1471 838 1556 892 illa
1586 836 1964 891 innumerabili
1991 835 2100 905 ple-

518 933 585 988 be
607 934 697 1003 qui
719 932 786 987 de
815 930 1044 1002 )Egypto
1059 929 1304 983 exierant
1327 927 1429 981 nisi
1459 927 1564 980 duo
1589 935 1785 980 terram
1815 924 2101 995 repromis-

518 1017 686 1078 sionis
715 1022 997 1085 intrarent,
1026 1020 1167 1089 quod
1189 1018 1343 1072 nobis
1366 1018 1417 1070 in
1449 1031 1637 1072 eorum
1684 1015 1852 1085 ﬁgura
1901 1018 2098 1070 caven-

519 1113 648 1167 dum
680 1121 797 1178 est;
827 1110 1090 1182 Egyptus
1137 1109 1281 1163 enim
1329 1109 1472 1161 hunc
1506 1107 1764 1160 mundum
1805 1105 2093 1176 signiﬁcat,

518 1206 662 1259 unde
698 1220 797 1258 nos
839 1217 1023 1257 sumus
1071 1216 1168 1270 per
1215 1197 1737 1253 abrenuntiationem
1797 1196 1994 1250 diaboli
2047 1203 2102 1250 et

517 1295 760 1350 omnium
783 1309 1001 1363 operum
1036 1293 1153 1362 ejus
1197 1290 1423 1362 egressi,
1467 1298 1521 1343 et
1554 1289 1803 1344 omnibus
1849 1287 2100 1358 concupi-

520 1386 739 1442 scentiis
763 1383 942 1440 carnis
972 1385 1319 1453 abnegantes,
1349 1380 1460 1434 Deo
1499 1395 1597 1434 nos
1634 1379 1927 1434 servituros
1975 1391 2102 1446 pro-

519 1477 787 1539 misimus,
810 1483 869 1528 ut
895 1483 1092 1528 terram
1117 1470 1572 1543 repromissionis,
1599 1470 1741 1540 quod
1766 1479 1848 1524 est
1874 1481 2100 1537 regnum

520 1565 764 1628 caeleste,
795 1564 908 1618 sive
928 1571 1124 1615 terram
1155 1560 1468 1624 viventium,
1491 1574 1796 1613 mereamur
1821 1558 1874 1611 in
1925 1558 2100 1612 luere-

519 1658 739 1712 ditatem
765 1655 1078 1724 percipere;
1114 1652 1156 1706 si
1186 1659 1361 1704 autem
1396 1651 1448 1704 in
1503 1650 1740 1714 deserto,
1776 1649 1879 1703 hoc
1922 1655 2006 1702 est
2046 1647 2100 1700 in

518 1753 669 1800 vasta
699 1742 881 1798 tnuudi
915 1741 1199 1796 solitudine
1248 1747 1370 1809 post
1401 1739 1744 1808 sponsionem
1775 1753 1936 1808 quam
1989 1738 2099 1792 Do-

2200 567 2252 621 in
2300 566 2432 621 alias
2480 565 2827 636 hujusmundi
2855 566 3130 634 angustias
3173 581 3272 635 pro
3303 565 3546 635 peceatis
3575 567 3788 622 nostris

2199 657 2566 723 ineiderimns,
2626 671 2695 711 ne
2753 666 2941 710 contra
3006 655 3291 708 Dominum
3346 663 3785 723 murmuremus,

2197 749 2323 819 quia
2343 748 2424 802 vel
2448 756 2669 818 propter
2693 746 2831 800 mala
2858 747 3049 801 merita
3072 755 3253 801 nostra
3285 747 3350 800 ad
3373 749 3786 817 correptionem

2199 848 2437 894 nostram
2485 838 2600 894 hate
2647 839 2917 907 patimur,
2984 836 3068 892 vel
3125 839 3190 891 ad
3250 840 3633 908 probationem
3662 879 3680 905 ,
3729 852 3790 895 ut

2194 928 2452 1000 iustiores
2483 931 2647 983 etiam
2679 943 2862 983 coram
2902 928 3128 983 Domino
3147 929 3318 983 simus
3345 927 3523 984 el'f‘ecti
3556 931 3601 984 si
3631 941 3786 984 tanta

2200 1038 2262 1078 ac
2293 1023 2417 1077 talia
2455 1023 2722 1092 patienter
2748 1022 2800 1075 in
2829 1022 3044 1076 nomine
3087 1021 3298 1078 Domini
3323 1038 3446 1077 cum
3475 1023 3785 1093 gratiarum

2199 1115 2409 1169 actione
2440 1122 2736 1183 portemus.

2269 1203 2398 1258 11αό
2445 1205 2620 1257 omnia
2665 1203 2721 1256 in
2776 1201 2948 1273 ﬁgura
2998 1200 3361 1272 contingebant
3393 1201 3502 1257 illis
3535 1216 3555 1255 :
3584 1205 3788 1274 scripta

2199 1303 2318 1348 sunt
2345 1302 2518 1346 autem
2549 1292 2618 1346 ad
2642 1293 3016 1362 correptioncm
3039 1304 3288 1346 nostram.
3323 1293 3520 1349 Omnia
3542 1311 3672 1364 qua:
3701 1297 3786 1349 in-

2200 1383 2432 1440 credulis
2474 1381 2674 1438 Iudaeis
2707 1384 3069 1454 contigerunt,
3109 1385 3404 1438 secundum
3433 1385 3633 1439 merita
3689 1400 3786 1440 sn:

2200 1481 2536 1543 receperunt,
2588 1473 2682 1527 sed
2711 1480 2890 1527 tamen
2941 1471 3064 1527 ideo
3107 1473 3309 1542 scripta
3357 1481 3505 1538 sunt,
3563 1488 3637 1528 ne
3691 1491 3790 1529 nos

2200 1567 2571 1620 existimemus
2599 1566 2815 1634 impune
2840 1578 2936 1619 nos
2965 1578 3123 1633 posse
3148 1579 3394 1634 peccare.

2273 1655 2461 1727 Itaque
2486 1658 2576 1728 qui
2590 1674 2644 1711 se
2656 1657 2916 1711 existimat
2938 1667 3076 1710 stare
3089 1657 3141 1710 in
3155 1656 3486 1726 perfectione
3511 1657 3788 1713 bonorum

2201 1762 2450 1818 Operum,
2480 1748 2648 1802 videat
2672 1763 2734 1800 ne
2759 1761 2856 1816 per
2876 1746 3090 1801 inanem
3117 1746 3343 1817 gloriam
3375 1749 3561 1800 cadat.
3598 1748 3792 1802 Tenta-

517 1832 665 1886 mino
695 1829 919 1886 fecimus
947 1830 1142 1883 iterum
1163 1827 1228 1882 ad
1252 1827 1744 1897 concupiscentiam
1793 1827 1977 1880 mundi
2020 1827 2100 1881 la-
2126 1841 2274 1902 Bm,
2333 1855 2421 1892 υο,
2477 1855 2580 1892 non
2633 1837 2984 1908 ηρριτιιεηάαι
3015 1876 3030 1902 ,
3081 1837 3181 1890 nisi
3229 1846 3488 1906 quantum
3549 1839 3791 1892 ιιηηιηυ

518 1925 716 1988 himur,
742 1921 1034 1976 timendum
1057 1930 1141 1974 est
1163 1921 1338 1986 nobis,
1367 1935 1435 1973 ne
1461 1919 1744 1974 claudatur
1765 1917 1938 1972 subita
1959 1933 2104 1972 mor-

518 2015 590 2068 tis
611 2013 1012 2082 interruptione,
1055 2018 1209 2080 porta
1267 2009 1418 2080 regni
1470 2008 1724 2074 cmlestis,
1782 2023 1902 2078 qum
1951 2009 2105 2064 no‘bis

519 2117 706 2176 aperta
731 2113 832 2169 est,
859 2118 966 2174 quo
1003 2118 1172 2172 usque
1210 2103 1262 2156 in
1293 2101 1443 2172 justo
1493 2113 1872 2171 permanemus
1917 2115 2100 2170 opere,

516 2207 574 2254 et
596 2197 871 2252 voluntate
892 2194 1139 2265 fugienda
1184 2201 1288 2259 est,
1342 2192 1538 2248 fratres
1560 2191 1889 2258 charissimi,
1920 2207 2100 2248 rerum

518 2287 891 2357 temporalium
923 2285 1110 2339 insana
1133 2284 1418 2355 cupiditas,
1451 2298 1571 2352 qua:
1607 2280 1897 2337 mortiferis
1929 2282 2102 2336 homi-

513 2376 873 2446 nem-laqueis
899 2375 1164 2429 irretitum
1184 2374 1236 2427 iu
1268 2375 1371 2428 hoc
1395 2371 1592 2428 szeeulo
1621 2381 1681 2425 ut
1712 2381 1964 2426 exerceat
1993 2373 2101 2426 dis-

520 2477 712 2533 tentat,
747 2476 802 2521 et
845 2466 1075 2532 cruciat,
1109 2467 1162 2521 in
1185 2464 1368 2520 futuro
1399 2472 1580 2519 autem
1604 2462 2099 2533 inextinguibilibus

528 2560 800 2627 mancipat
823 2559 1072 2612 flammis.

595 2647 778 2718 Neque
798 2647 1093 2702 idololatra:
1121 2648 1437 2718 e/ﬁciamini,
1471 2650 1603 2703 sicut
1624 2649 1834 2720 quidam
1860 2665 1924 2704 ea:
1952 2650 2094 2719 ipsis,

515 2741 967 2810 quemadmodum
992 2740 1250 2810 scriptum
1264 2751 1369 2807 est,
1390 2744 1520 2797 sedit
1535 2743 1757 2814 populus
1779 2743 2098 2798 manducare

517 2841 566 2885 et
596 2831 788 2897 bibere,
837 2841 887 2886 et
932 2843 1270 2888 surrexerunt
1307 2833 1505 2888 ludere.
1547 2833 1762 2888 Scimus
1789 2833 1934 2888 enim
1965 2832 2094 2903 quia

521 2923 724 2978 idolum
771 2923 903 2978 nihil
932 2931 1016 2978 est
1049 2925 1152 2979 nisi
1208 2940 1344 2978 vana
1399 2924 1714 2994 superstitio
1761 2932 1815 2980 et
1869 2924 2096 2980 offensio

515 3015 637 3079 Dei,
673 3023 727 3070 et
746 3015 836 3085 qui
871 3015 1008 3070 idola
1036 3015 1162 3070 colit
1188 3015 1458 3070 diabolum
1485 3016 1635 3082 colit,
1661 3026 1715 3071 et
1747 3016 1912 3070 Deum
1943 3016 2095 3070 forti-

519 3115 607 3163 ter
634 3106 874 3170 oll'endit,
904 3106 1046 3161 unde
1082 3107 1273 3162 similis
1314 3107 1387 3161 illi
1428 3107 1642 3171 dicitur,
1670 3107 1762 3177 qui
1791 3106 2010 3162 conﬁdit
2036 3107 2091 3160 in

2203 1936 2380 1998 potest
2404 1928 2670 1982 sustinere
2712 1935 2765 1981 et
2795 1941 3052 1996 superare
3079 1925 3370 1996 fragilitas;
3400 1928 3583 1995 fidelis
3609 1941 3788 1981 autem

2203 2019 2343 2073 Deus
2367 2028 2458 2082 est,
2499 2019 2586 2088 qui
2617 2033 2718 2070 nou
2743 2018 2971 2086 patietur
2995 2033 3082 2070 vos
3127 2018 3318 2070 tentari
3347 2034 3508 2087 super
3538 2018 3599 2070 id
3643 2020 3791 2087 quod

2200 2111 2430 2181 potestis.
2467 2108 2571 2175 Qui
2615 2123 2672 2162 se
2712 2121 2925 2177 semper
2975 2105 3245 2178 pollicitus
3290 2119 3370 2163 est
3403 2109 3488 2162 sui
3544 2111 3791 2163 nominis

2200 2215 2361 2254 causa
2391 2199 2654 2252 tribulatis
2685 2197 2994 2252 affuturum.
3061 2198 3211 2252 litin
3265 2198 3482 2254 Psalmo
3536 2219 3550 2252 :
3605 2203 3792 2254 multa

2201 2288 2562 2344 tribulationes
2586 2289 2874 2358 justorum,
2923 2297 2973 2342 et
3015 2287 3079 2340 de
3119 2288 3201 2341 Itis
3246 2289 3488 2343 omnibus
3540 2289 3788 2344 liberavit

2197 2396 2285 2436 eos
2315 2379 2588 2432 Dominus.

2271 2471 2377 2527 Sed
2392 2471 2545 2541 faciet
2569 2487 2684 2524 cum
2701 2469 2985 2523 tcntatioue
3009 2466 3164 2523 etiam
3179 2477 3503 2540 proventum,
3533 2479 3594 2521 ut
3617 2469 3788 2538 possi-

2199 2565 2264 2617 tis
2297 2563 2568 2616 sustinere.
2601 2562 2717 2630 Ipse
2750 2560 3073 2614 tentationes
3109 2574 3138 2612 a
3185 2559 3342 2613 nobis
3380 2557 3589 2612 diaboli
3639 2560 3790 2612 inSa-

2197 2655 2466 2726 perabiles
2485 2654 2681 2718 aufert,
2714 2652 2852 2707 sicut
2879 2652 2930 2706 in
2956 2652 3201 2707 oratione
3226 2666 3387 2722 quam
3418 2651 3540 2720 ipse
3569 2668 3790 2721 conqui-

2198 2749 2308 2804 suit
2337 2763 2436 2802 nos
2464 2746 2646 2801 docuit
2673 2759 2832 2800 orare
2872 2745 3075 2810 dicens,
3125 2753 3172 2798 et
3219 2760 3281 2797 ne
3307 2759 3400 2796 nos
3452 2743 3694 2797 inducas
3740 2745 3789 2796 in

2197 2838 2554 2899 tentationem,
2583 2848 2654 2890 ne
2675 2834 2904 2903 amplius
2939 2849 3038 2888 nos
3078 2834 3318 2903 patiatur
3347 2841 3571 2888 tentare
3602 2832 3789 2887 diali-i—

2197 2927 2305 2981 lnm
2337 2941 2498 2996 quam
2527 2934 2710 2980 nostra
2733 2925 2898 2994 possit
2927 2923 3188 2994 fragilitas
3211 2924 3500 2984 sustinere,
3537 2925 3644 2977 sed
3666 2926 3788 2976 libe-

2195 3026 2268 3071 ret
2316 3032 2411 3070 nos
2464 3016 2528 3069 ab
2582 3017 2723 3070 onmi
2770 3014 2910 3068 malo
2940 3055 2956 3080 ,
3007 3013 3168 3070 Iesus
3221 3013 3473 3069 Christus
3515 3013 3793 3068 Dominus

2196 3116 2404 3171 noster,
2438 3107 2676 3176 quicum
2712 3105 2870 3160 Patre
2895 3115 2950 3160 et
2973 3095 3174 3175 Spiritu
3201 3115 3390 3160 saneto
3427 3106 3570 3159 vivit
3621 3117 3681 3160 et
3711 3125 3788 3162 rc-

517 3214 604 3264 eo,
663 3199 768 3254 nisi
821 3201 962 3270 quod
1019 3201 1218 3256 idolum
1267 3202 1582 3271 pertransiit
1632 3218 1741 3256 uno
1795 3209 2088 3268 momento,
2119 3186 2163 3249 C
2194 3204 2323 3270 gnat
2351 3197 2492 3254 Deus
2521 3212 2618 3268 per
2643 3197 2822 3253 omnia
2848 3196 3040 3251 smeula
3070 3196 3412 3251 szeculorum.
3441 3196 3659 3251 Amen.

523 3303 682 3358 ptrna
711 3299 890 3345 autem
921 3307 1040 3360 quae
1060 3291 1258 3346 idolum
1281 3291 1580 3347 colentibus
1600 3301 1936 3364 praeparatur
1958 3307 2095 3348 nun-

522 3395 686 3452 quam
722 3383 1040 3453 praeteribit,
1071 3384 1163 3440 sed
1192 3394 1392 3440 atterna
1417 3394 1520 3440 est.

594 3470 776 3544 Neque
811 3473 1130 3543 fornicemur
1157 3477 1291 3529 sicut
1332 3476 1544 3546 quidam
1585 3492 1650 3530 ex
1691 3475 1817 3545 ipsis
1850 3476 2096 3544 [ornicati

517 3572 662 3626 sunt,
713 3571 761 3618 et
792 3563 1088 3617 ceciderunt
1119 3581 1225 3617 una
1254 3564 1338 3618 die
1367 3564 1547 3635 viginti
1599 3565 1703 3618 tria
1741 3563 1930 3618 millia.
1961 3564 2096 3618 For-

516 3652 719 3707 nieatio
763 3661 966 3718 autem,
1007 3653 1255 3707 similiter
1294 3654 1360 3708 ad
1409 3653 1668 3708 idolorum
1707 3654 1940 3724 pertinet
1978 3653 2096 3708 cul-

517 3753 721 3809 turam,
751 3758 870 3798 cum
901 3751 1148 3799 creatura
1177 3759 1277 3814 pro
1316 3753 1562 3798 creatore
1587 3745 1799 3808 colitur,
1835 3752 1890 3799 et
1918 3745 2098 3798 anima

520 3833 576 3888 in
631 3835 735 3890 diis
772 3835 924 3889 vanis
981 3834 1323 3900 fornicatur,
1383 3849 1571 3889 verum
1628 3851 1884 3904 sponsum
1939 3851 2096 3890 suum

527 3923 800 3980 Christum
831 3934 1211 3990 contemnens;
1245 3925 1492 3980 similiter
1529 3934 1580 3980 et
1600 3927 1689 3994 qui
1719 3941 1916 3996 corpus
1941 3940 2098 3980 suum

521 4017 663 4085 quod
691 4017 744 4071 in
774 4016 1028 4086 templum
1070 4016 1171 4072 sibi
1222 4025 1503 4087 aptaverat
1545 4018 1708 4080 Deus,
1761 4032 1859 4087 per
1900 4018 2098 4073 donum

523 4109 777 4180 Spiritus,
814 4110 1035 4178 quodin
1072 4107 1340 4179 baptismo
1361 4109 1557 4165 mersis
1583 4110 1825 4175 tradidit,
1871 4125 1968 4180 per
1999 4111 2099 4164 im-

522 4198 838 4252 munditiam
869 4196 1240 4253 fornicationis
1265 4199 1522 4271 templum
1550 4199 1711 4254 ellicit
1740 4200 1960 4265 diaboli,
1985 4200 2097 4255 dis-

522 4289 712 4358 perdet
739 4289 886 4342 illum
916 4290 1058 4344 Deus
1097 4289 1201 4344 nisi
1229 4290 1336 4344 cito
1364 4306 1461 4359 per
1488 4292 1856 4360 paenitentiam
1886 4302 1940 4346 et
1970 4307 2101 4345 cono

522 4377 813 4431 fessionem
863 4386 1022 4448 atque
1055 4385 1156 4447 per
1195 4380 1396 4433 bonum
1447 4381 1789 4435 continentia:
1817 4390 2100 4436 convertat

527 4482 587 4520 se
613 4468 679 4520 ad
708 4467 990 4522 Dominum
1019 4469 1187 4523 Deum
1215 4484 1397 4534 suum,
1427 4472 1724 4526 emundans
1754 4473 1804 4526 ei
1839 4473 2094 4542 templum

527 4571 684 4611 suum
732 4555 972 4624 jejuniis,
1001 4558 1220 4628 vigiliis,
1244 4560 1599 4628 orationibus,
1636 4563 1954 4634 ueterisque
1987 4567 2100 4634 pie-

529 4647 658 4702 tatis
697 4648 1560 4722 operibus,eleemosynarumque
1599 4653 1865 4725 largitate,
1883 4656 2101 4728 dignum

525 4739 722 4820 iterum
747 4739 974 4796 Domino
1024 4743 1078 4798 in
1107 4744 1271 4799 corde
1300 4759 1397 4799 suo
1425 4745 1787 4801 habitaculum
1812 4762 2098 4819 praeparet,

529 4840 798 4897 sanctum,
837 4839 894 4886 et
941 4832 1202 4887 bonorum
1229 4847 1450 4903 operum
1485 4834 1708 4893 floribus
1757 4839 2100 4906 adornatum.

601 4919 783 4993 Neque
809 4929 1060 4976 tentemus
1081 4921 1346 4978 Christum
1373 4926 1505 4980 sicut
1543 4928 1755 4997 quidam
1781 4945 1960 4983 eorum
1989 4940 2103 4984 ten-

526 5021 764 5067 texuerunt
813 5021 863 5066 et
909 5029 943 5066 a
996 5015 1320 5083 serpentibus
1369 5019 1654 5086 perierunt.
1711 5018 1910 5074 Tentat
1955 5022 2101 5076 enim

527 5100 812 5157 Dominum
842 5117 997 5157 suum
1025 5105 1117 5174 qui
1145 5104 1285 5160 ultra
1313 5121 1464 5161 suam
1489 5108 1658 5177 ipsius
1689 5111 1990 5166 custodiam
2020 5113 2105 5166 in-

528 5201 680 5249 certo
700 5208 758 5249 se
786 5193 1022 5264 periculo
1059 5197 1241 5251 tradit.
1265 5195 1529 5254 Similiter
1547 5201 1636 5269 qui
1667 5202 1900 5257 scienter
1931 5201 2106 5276 [facit]

531 5303 652 5359 quae
676 5291 930 5346 Dominus
948 5293 1222 5361 prohibuit
1249 5309 1319 5349 ne
1333 5295 1556 5360 faceret,
1579 5311 1752 5366 eaque
1790 5297 2110 5354 facientibus

530 5389 760 5436 mortem
793 5382 1048 5449 minatur,
1089 5401 1194 5440 non
1234 5386 1391 5441 istam
1421 5402 1759 5443 communem
1808 5389 1902 5444 sed
1948 5399 2107 5445 aeter-

530 5488 678 5537 nam,
707 5473 810 5529 nisi
831 5475 967 5531 scito
991 5479 1193 5534 reversi
1225 5488 1281 5534 et
1309 5480 1579 5535 emendati
1609 5493 1706 5549 per
1732 5481 2106 5551 paenitentiam

533 5567 754 5624 fuerint.

610 5655 786 5725 Neque
806 5661 1271 5727 murmuraveritis,
1287 5662 1420 5716 sicut
1439 5663 1650 5734 quidam
1679 5681 1857 5718 eorum
1879 5683 2112 5720 murmu-

534 5757 771 5800 ravcrunt
799 5758 846 5802 et
871 5749 1136 5816 perierunt
1165 5752 1227 5805 ab
1256 5755 1675 5808 exterminatorc.
1713 5753 1863 5809 Unde
1907 5773 2106 5811 caven-

2703 3310 2982 3366 HOMILIA
3022 3309 3258 3364 CXXXI.

2747 3391 2876 3457 tuan
2918 3419 2988 3458 UT
3029 3418 3216 3458 suras.

2359 3493 2543 3549 Lectio
2573 3493 2743 3548 sancti
2769 3493 3041 3563 Evangelii
3073 3493 3363 3547 secundum
3395 3491 3641 3549 Lucam.

2268 3587 2335 3642 In
2375 3589 2464 3642 illo
2505 3599 2729 3658 tempore
2757 3589 2890 3642 dixit
2920 3588 3078 3641 Iesus
3114 3589 3382 3657 discipulis
3423 3589 3536 3640 suis
3566 3606 3587 3642 :
3621 3588 3795 3642 liores-3

2196 3679 2410 3750 quidam
2449 3688 2559 3732 erat
2589 3678 2750 3743 dives,
2776 3678 2864 3747 qui
2888 3677 3104 3730 habebat
3135 3678 3362 3731 villicum
3389 3693 3405 3728 :
3429 3689 3479 3730 et
3508 3679 3605 3730 In‘c
3637 3679 3795 3747 dig}:-

2197 3782 2369 3824 matus
2388 3781 2461 3825 est
2495 3771 2633 3841 apud
2663 3770 2810 3823 illaut
2835 3772 2984 3840 quasi
3007 3771 3305 3840 dissipasset
3332 3771 3465 3823 bona
3487 3770 3689 3838 ipsius.
3731 3771 3793 3822 lit

2199 3864 2392 3919 vocavit
2417 3863 2589 3927 illum,
2610 3873 2657 3916 et
2688 3863 2761 3915 ait
2783 3862 2895 3917 illi:
2934 3863 3074 3929 Quid
3104 3865 3201 3917 hoc
3224 3864 3382 3916 audio
3405 3863 3473 3916 de
3503 3875 3554 3915 te
3577 3865 3606 3916 .’
3639 3865 3798 3918 redde

2199 3955 2451 4007 rationem
2478 3952 2808 4006 villicatiouis
2834 3963 2959 4019 tua’,
2982 3953 3101 4022 jam
3127 3953 3264 4006 enim
3295 3969 3396 4005 non
3424 3954 3636 4022 poteris
3663 3953 3794 4006 silli-

2200 4062 2342 4108 care,
2375 4055 2486 4100 εις.

2269 4137 2325 4190 1η
2356 4137 2533 4192 villico
2554 4137 2657 4194 hoc
2677 4153 2834 4208 quem
2855 4137 3114 4192 Dominus
3143 4137 3316 4193 ciebat
3339 4137 3403 4191 de
3423 4135 3794 4197 villicatione,

2200 4235 2256 4282 et
2283 4227 2520 4282 laudavit
2554 4244 2697 4293 eum,
2733 4230 2874 4298 quod
2906 4230 2959 4283 in
2998 4227 3238 4282 futurum
3277 4227 3376 4282 sibi
3415 4230 3788 4296 prospexerit.

2199 4335 2305 4373 non
2323 4319 2501 4374 omnia
2524 4319 2779 4375 debemus
2806 4320 2873 4374 ad
2897 4321 3211 4374 imitandum
3233 4333 3444 4373 sumere
3469 4333 3484 4371 :
3508 4333 3625 4371 non
3651 4321 3792 4373 enim

2201 4420 2294 4466 aut
2330 4411 2558 4466 Domino
2599 4420 2783 4466 nostro
2825 4410 3068 4466 facienda
3097 4419 3180 4466 est
3213 4427 3267 4464 In
3309 4410 3488 4479 aliquo
3513 4409 3700 4474 fraus,
3740 4419 3794 4461 nt

2203 4501 2268 4555 de
2300 4501 2412 4570 ipsa
2440 4499 2629 4555 fraude
2656 4501 3024 4571 eleemosynas
3057 4501 3338 4565 faciamus,
3373 4509 3465 4553 aut
3489 4514 3588 4553 eos
3617 4515 3650 4552 a
3678 4500 3795 4568 qui-

2207 4591 2310 4644 bus
2333 4589 2500 4658 recipi
2530 4589 2776 4644 volumus
2807 4589 2860 4644 in
2890 4589 3233 4645 tabernacula
3263 4598 3490 4653 aeterna,
3523 4599 3789 4660 tanquam

2207 4681 2478 4735 debitores
2509 4681 2602 4736 Dei
2638 4690 2692 4735 et
2723 4680 2929 4735 Domini
2961 4682 3133 4736 nostri
3159 4680 3242 4736 fas
3269 4690 3353 4736 est
3382 4679 3638 4749 intelligi,
3671 4697 3792 4736 cum

2199 4767 2330 4837 justi
2358 4777 2412 4822 et
2442 4769 2611 4823 sancti
2650 4770 3028 4839 significentur
3061 4771 3162 4824 hoc
3198 4769 3337 4832 loco,
3367 4770 3458 4838 qui
3485 4783 3582 4823 eos
3615 4770 3790 4823 intro-

2207 4860 2410 4914 ducunt
2441 4859 2492 4914 in
2530 4859 2872 4914 tabernacula
2908 4869 3133 4925 teterna,
3174 4861 3264 4930 qui
3295 4861 3380 4914 eis
3401 4861 3453 4914 in
3486 4862 3794 4915 necessita-

2207 4949 2353 5004 tibus
2387 4949 2502 5004 suis
2529 4960 2743 5004 terrena
2781 4951 2918 5005 bona
2954 4951 3513 5012 communicaverunt,
3555 4950 3632 5005 de
3677 4951 3796 5018 qui—

2208 5040 2511 5095 buscfiam
2557 5041 2710 5104 dicit,
2749 5041 2889 5111 quod
2916 5042 2964 5095 si
3001 5042 3114 5111 quis
3154 5040 3314 5094 alicui
3351 5054 3531 5092 eorum
3567 5039 3794 5091 colica:

2210 5145 2360 5200 aqua'
2388 5129 2594 5199 frigida:
2625 5129 2822 5183 dederit
2847 5139 3050 5183 tantum
3073 5129 3124 5183 in
3149 5130 3354 5182 nomine
3381 5128 3658 5196 discipuli,
3693 5144 3793 5179 nes

2209 5218 2384 5289 perdet
2416 5219 2704 5273 mercedem
2724 5236 2894 5284 suam,
2931 5218 3023 5274 sed
3049 5221 3214 5274 etiam
3243 5236 3274 5274 ε
3299 5219 3570 5274 contrario
3597 5219 3794 5272 dicun-

2214 5319 2301 5363 tur
2326 5310 2441 5363 istxe
2463 5309 2864 5374 similitudines,
2888 5319 2948 5364 ut
2972 5309 3358 5379 intelligamus,
3385 5309 3428 5364 si
3457 5307 3671 5362 laudari
3704 5322 3794 5377 po-

2216 5399 2317 5452 tuit
2341 5397 2428 5452 ille
2461 5413 2490 5451 a
2518 5399 2754 5461 domino,
2784 5400 2868 5453 cui
2901 5398 3139 5453 fraudem
3167 5398 3420 5462 faciebat,
3446 5404 3658 5467 quanto
3679 5412 3796 5450 am-

2212 5489 2354 5558 plius
2381 5489 2627 5558 placeant
2659 5489 2888 5544 Domino
2915 5491 3044 5555 Deo,
3075 5490 3164 5559 qui
3191 5490 3487 5544 secundum
3509 5489 3630 5558 ejus
3655 5503 3795 5558 pra»

2214 5586 2430 5648 ceptum
2475 5578 2583 5632 ulla
2619 5594 2783 5647 opera
2813 5578 3036 5634 faciunt.
3067 5578 3242 5634 Villiei
3272 5593 3403 5632 sane
3427 5579 3702 5632 vocabulo
3721 5577 3794 5632 di-

2213 5668 2385 5721 cimus
2407 5683 2517 5730 eos,
2552 5668 2642 5737 qui
2671 5669 2929 5737 pecunias
2969 5669 3201 5733 habent,
3253 5685 3359 5723 non
3393 5668 3504 5736 jam
3541 5668 3793 5723 dominos

2213 5771 2346 5822 suae,
2377 5757 2468 5812 sed
2501 5759 2690 5813 alienae
2714 5760 2892 5829 potius
2920 5760 2998 5815 rei
3025 5760 3422 5829 dispensatores
3452 5774 3572 5813 esse
3596 5759 3791 5828 dispu-
