3960 6360
155 397 268 456 59":

1217 398 1521 456 liOMlleE
1557 398 1626 456 IN
1665 400 1915 460 EVANG.
1959 404 2048 460 ET
2086 405 2303 462 EPIST.

3304 422 3408 478 398

154 515 373 580 tandm,
412 513 508 588 qui
537 512 583 570 sl
607 512 761 584 juxta
803 513 963 585 hujus
1001 515 1143 571 servi
1185 514 1489 587 exemplum
1538 514 1728 572 sedulo
1754 521 1808 581 Α
1902 517 1971 572 Et
2012 535 2105 589 ego
2139 519 2282 575 vobis
2325 518 2689 578 dico:Facite
2721 523 2862 579 vobis
2904 528 3099 584 amicos
3137 531 3202 588 de
3244 548 3412 588 mant-

151 608 408 663 finienda:
449 606 793 662 villicationis
832 622 898 663 ae
937 607 1162 662 rationis
1203 606 1487 662 reddendze
1524 614 1736 674 tempus

148 697 521 772 prmviderint,
552 696 708 754 facile
741 705 1080 754 terrenarum
1111 698 1471 756 delectatione
1498 699 1656 754 simul
1680 708 1737 757 et

148 790 441 845 dilectione
467 788 673 854 nudati,
698 787 818 858 plus
843 787 945 843 sibi
975 788 1041 843 de
1068 788 1257 844 amicis
1278 789 1656 858 conquirendis
1680 789 1734 844 in

147 883 339 940 luturo
364 897 524 954 quam
558 881 761 938 divitiis
794 878 848 937 in
885 881 1140 954 przcsenti
1177 881 1495 954 colligendis
1523 881 1738 954 prospi-

144 987 282 1028 cere
309 973 598 1028 curabunt.

221 1066 314 1120 Ait
353 1074 525 1119 autem
553 1063 755 1120 villicus
795 1063 937 1118 intra
963 1079 1038 1128 se,
1070 1057 1209 1130 Quid
1234 1061 1429 1132 faciam
1467 1063 1593 1134 quia
1626 1060 1736 1118 Do-

144 1156 328 1209 minus
357 1171 500 1210 meus
523 1154 700 1223 aufert
729 1171 761 1208 a
793 1169 873 1208 me
898 1154 1287 1219 villicationem,
1318 1153 1494 1222 [odere
1517 1170 1618 1208 non
1645 1171 1734 1208 va-

142 1243 228 1300 leo
252 1259 272 1297 :
303 1243 482 1300 ablata
503 1245 699 1314 quippe
722 1238 1047 1299 villication'e
1089 1242 1271 1298 fodere
1316 1255 1425 1297 non
1470 1242 1729 1306 valemus,

142 1338 278 1408 quia
302 1336 450 1391 finita
481 1338 582 1392 hac
611 1337 741 1401 vita,
773 1335 826 1390 in
854 1351 958 1406 qua
989 1344 1194 1390 tantum
1221 1335 1346 1390 licet
1374 1335 1609 1404 operari.
1638 1348 1734 1389 ne-

141 1445 424 1500 quaquam
464 1429 604 1484 ultra
643 1428 800 1482 bonae
826 1426 1253 1483 conversationis
1291 1424 1526 1481 fructum
1555 1425 1733 1498 ligone

140 1525 360 1578 devotae
386 1520 819 1592 compunctionis
848 1519 975 1575 licet
999 1518 1293 1589 inquirere.
1431 1595 1434 1598 ῃ

217 1613 524 1669 Mendicum
549 1611 815 1678 erubesco,
856 1620 912 1667 et
950 1618 1164 1666 ctetera.
1207 1608 1514 1666 Mendicare
1543 1607 1731 1664 confu-

137 1703 320 1759 sionis
358 1711 462 1768 est,
505 1698 594 1756 illo
630 1701 838 1757 scilicet
872 1696 1108 1771 pessimo
1147 1708 1342 1768 genere
1366 1692 1726 1764 mendicandi,

136 1810 253 1863 quo
282 1792 518 1864 virgines
550 1791 656 1847 illae
684 1789 844 1845 fatua:
869 1789 1208 1845 mendicasse
1247 1786 1575 1852 referuntur,
1605 1801 1726 1856 quae

1837 623 1994 661 mona
2024 608 2331 679 iniquitatis,
2356 619 2432 674 ut,
2469 628 2588 666 cum
2615 612 2930 682 defeceritis,
2956 619 3206 688 recipiant
3233 640 3319 680 vos
3355 627 3412 680 in

1836 703 2032 750 a'terna
2073 696 2434 752 tabernacula.
2478 700 2783 758 Mammona
2839 704 3141 776 iniquitatis
3187 711 3256 768 ob
3308 713 3413 770 hoc

1835 787 2068 856 appellat
2090 789 2245 844 istam
2269 792 2580 860 pecuniam,
2619 809 2783 863 quam
2818 799 3154 866 possidemus
3178 802 3247 858 ad
3275 811 3412 862 tem-

1834 891 1956 947 pus,
1987 880 2112 948 quia
2134 896 2437 937 mammona
2467 884 2669 940 divitia:
2690 887 3134 959 interpretantur,
3158 909 3258 951 nec
3280 905 3409 953 sunt

1835 967 1954 1025 istae
1987 972 2206 1036 divitiae,
2235 974 2340 1030 nisi
2371 975 2570 1048 iniquis
2593 979 2684 1049 qui
2712 978 2766 1036 in
2794 982 2874 1039 eis
2899 986 3233 1044 constituunt
3257 1005 3407 1063 spem

1834 1067 1998 1131 atque
2041 1064 2253 1132 copiam
2298 1065 2648 1125 beatitudinis
2693 1085 2826 1139 suae,
2887 1087 2918 1127 a
2940 1073 3104 1146 jnstis
3126 1092 3255 1135 vero
3285 1096 3408 1136 cum

1834 1149 1949 1206 haec
1976 1153 2338 1222 possidentur,
2370 1164 2455 1211 est
2482 1157 2700 1227 quidem
2740 1159 2842 1216 ista
2875 1163 3134 1232 pecunia;
3177 1167 3272 1222 sed
3301 1184 3409 1223 non

1831 1251 1959 1297 sunt
1985 1243 2090 1298 illis
2117 1245 2340 1312 divitias,
2380 1247 2484 1303 nisi
2517 1249 2767 1306 caelestes
2791 1259 2847 1306 et
2884 1253 3172 1324 spiritales,
3217 1258 3414 1328 quibus

1833 1328 2188 1402 indigentiam
2246 1348 2402 1390 suam
2461 1336 2778 1406 spiritaliter
2806 1341 3132 1410 supplentes,
3188 1346 3409 1401 exclusa

1831 1427 2070 1488 egestate
2114 1421 2369 1489 miseriae,
2410 1421 2760 1482 beatitudinis
2797 1430 2949 1498 copia
2984 1431 3317 1488 dilabuntur.
3351 1435 3408 1490 Si

1830 1514 2009 1562 autem
2039 1507 2116 1575 lxi,
2143 1509 2234 1580 qui
2261 1511 2503 1581 praebent
2526 1513 2921 1586 eleemosynam
2947 1517 3013 1574 de
3039 1519 3220 1590 iniquo
3242 1539 3414 1578 mam-

1829 1611 1989 1653 mona
2020 1597 2225 1654 faciunt
2255 1601 2357 1656 sibi
2385 1603 2611 1670 amicos,
2647 1618 2679 1660 a
2706 1606 2902 1677 quibus
2927 1607 2982 1663 in
3008 1617 3210 1667 aeterna
3233 1613 3409 1668 taber-

1830 1689 2022 1744 uacula
2068 1690 2416 1760 recipiantur,
2461 1701 2664 1762 quanto
2705 1697 2876 1768 magis
2914 1698 2969 1752 hi
2997 1699 3088 1770 qui
3132 1701 3405 1771 spiritales

1829 1780 2133 1852 largiuntur
2156 1783 2362 1854 epulas,
2391 1785 2483 1854 qui
2507 1787 2636 1841 dant
2659 1787 2860 1845 cibaria
2893 1794 3167 1850 conservis
3195 1794 3248 1850 in
3277 1805 3410 1852 tem-

139 1861 434 1960 ingrnenle
485 1893 728 1954 tempore
775 1882 1106 1952 nuptiarum,
1148 1879 1267 1936 oleo
1310 1881 1569 1934 virtutum
1597 1877 1729 1932 delt-
1754 1861 1803 1923 Β
1828 1880 1960 1937 pore
1981 1883 2098 1932 suo,
2146 1871 2448 1926 certissima
2490 1872 2685 1929 debent
2711 1890 2806 1945 spe
2845 1892 3068 1934 summae
3097 1883 3410 1940 retributio-

138 1975 343 2039 ciente,
376 1971 711 2044 sapientibus
735 1971 985 2027 dixerunt
1023 1988 1035 2025 :
1076 1961 1210 2024 Date
1242 1967 1388 2023 nobis
1423 1969 1489 2022 de
1516 1966 1627 2021 oleo
1654 1979 1737 2021 nec

136 2074 252 2118 stro
313 2064 436 2134 quia
493 2060 762 2132 lampades
820 2069 1013 2116 nostra:
1063 2060 1487 2130 exstinguuntur.
1554 2056 1623 2111 Et
1669 2055 1734 2110 de

135 2172 255 2228 quo
295 2155 548 2211 Salomon
577 2154 676 2220 ait,
715 2153 941 2223 Propter
977 2151 1142 2222 [rigas
1177 2151 1323 2221 piger
1354 2165 1508 2203 arare
1542 2143 1733 2214 noluit,

137 2245 464 2301 mendicabit
496 2260 620 2316 ergo
645 2251 825 2298 wstate
850 2251 896 2294 et
927 2258 1030 2295 non
1057 2239 1268 2293 dabitur
1293 2238 1360 2292 ei.

213 2335 526 2392 Convocatis
566 2337 740 2406 itaque
781 2331 1004 2406 singulis
1048 2329 1364 2386 debitoribus
1395 2327 1593 2382 domini
1625 2327 1731 2392 sui,

135 2429 348 2485 dicebat
390 2429 559 2496 primo
583 2439 603 2480 :
634 2427 902 2493 Quantum
928 2425 1078 2480 debes
1107 2424 1317 2478 domino
1367 2423 1522 2478 meo?
1545 2433 1598 2476 at
1644 2420 1734 2476 ille

138 2519 288 2574 dixit
318 2533 336 2571 :
367 2517 586 2572 Centum
620 2516 782 2570 cados
819 2514 952 2580 olei;
989 2513 1223 2584 dixitque
1250 2511 1370 2567 illi:
1394 2511 1580 2583 Accipe
1601 2523 1730 2565 caus-

136 2611 339 2664 tionem
367 2618 513 2663 tuam
538 2617 587 2662 et
613 2606 733 2662 sede
758 2607 882 2671 cito,
913 2607 1078 2660 scribe
1104 2602 1502 2676 quinquaginta.
1533 2600 1734 2656 Deinde

136 2701 238 2755 alii
261 2700 394 2754 dixit
418 2713 438 2752 :
469 2699 546 2753 Tu
581 2715 721 2764 vero,
750 2707 1001 2770 quantum
1038 2695 1227 2751 debes?
1255 2695 1344 2767 qui
1376 2691 1490 2747 ait:
1513 2689 1733 2748 Centum

130 2807 298 2846 caros
339 2792 530 2856 tritici;
570 2792 644 2845 ait
676 2789 800 2844 illi:
827 2788 1014 2860 Accipe
1045 2788 1246 2842 litteras
1301 2794 1443 2850 tuas,
1484 2791 1531 2839 el
1567 2784 1734 2838 scribe

133 2881 454 2951 octoginta:
490 2880 668 2937 Cadus
735 2866 921 2935 Graece
984 2879 1242 2948 amphora
1286 2886 1397 2942 est,
1451 2875 1733 2931 continens

134 2987 319 3028 urnas
354 2981 480 3029 tres.
524 2971 697 3029 Corus
729 2985 860 3027 vero
886 2970 1082 3026 modiis
1133 2969 1354 3039 triginta
1409 2965 1729 3038 completur.

135 3063 304 3132 Quod
367 3076 546 3122 autem
614 3065 681 3121 de
734 3073 951 3121 centum
1000 3061 1150 3118 cadis
1193 3058 1296 3116 olei
1344 3057 1730 3130 quinquaginta

136 3155 316 3212 scribi
359 3155 486 3211 iecit
525 3170 557 3210 a
595 3154 860 3221 debitore,
910 3162 966 3208 et
994 3152 1060 3208 de
1097 3161 1316 3207 centum
1363 3149 1508 3206 coris
1563 3147 1728 3203 tritici

1832 1960 1920 2015 nis
1945 1961 2078 2032 erigi
2105 1976 2203 2032 per
2228 1960 2542 2033 largitorem
2569 1967 2810 2022 omnium
2837 1968 3099 2026 bonorum
3126 1972 3410 2032 Dominum

1833 2062 2079 2109 nostrum
2119 2052 2302 2110 Iesum
2341 2056 2635 2124 Christum,
2673 2059 2766 2130 qui
2797 2075 2920 2116 cum
2942 2061 3103 2121 Patre
3130 2074 3185 2123 et
3208 2066 3410 2137 Spiritu

1831 2152 2020 2200 sancto
2053 2145 2186 2200 vivit
2213 2153 2266 2202 et
2293 2157 2485 2218 regnat
2514 2147 2657 2206 Deus
2685 2165 2784 2220 per
2809 2153 2993 2210 omnia
3027 2157 3221 2212 saecula
3250 2172 3413 2216 saecu-

1831 2234 2030 2292 lorum.
2054 2236 2250 2294 Amen.

2332 2329 2616 2388 HOMILIA
2657 2333 2916 2390 CXXXII.

2484 2439 2642 2478 FERIA
2679 2439 2752 2480 ιν.

1831 2509 2019 2566 Lectio
2061 2508 2314 2582 Epistolas
2353 2512 2500 2569 beati
2537 2511 2688 2569 Pauli
2735 2515 2962 2586 apostoli
2999 2516 3069 2572 ad
3110 2519 3403 2576 Romanos.

1841 2622 1850 2634 ο
1903 2601 2141 2669 Fratres,
2175 2605 2382 2659 nescitis
2407 2606 2531 2676 quia
2559 2623 2676 2662 cum
2696 2609 3003 2664 exhibuistis
3028 2626 3115 2666 vos
3142 2627 3315 2666 servos
3336 2611 3406 2666 ad

1833 2691 2198 2760 obediendum,
2229 2695 2362 2750 servi
2401 2696 2524 2751 estis
2568 2699 2680 2767 ejus
2719 2699 2804 2753 cui
2849 2700 3116 2767 obedistis,
3157 2703 3263 2757 sive
3291 2719 3406 2773 pec-

1833 2781 1938 2834 cati
1957 2783 2012 2835 in
2036 2792 2276 2850 mortem,
2298 2784 2413 2839 sive
2442 2785 2748 2842 obeditionis
2773 2787 2842 2842 ad
2853 2789 3138 2858 justitiam.

1903 2871 1983 2928 Ne
2030 2873 2236 2944 aliquid
2279 2877 2619 2945 proﬁtentes,
2664 2880 2813 2935 aliud
2855 2880 3134 2948 faciamus,
3185 2895 3240 2941 et
3285 2902 3410 2942 cum

1833 2961 1976 3016 servi
2015 2962 2111 3018 Dei
2143 2963 2394 3031 dicimur,
2425 2967 2590 3036 gestis
2621 2969 2762 3023 servi
2815 2971 3008 3026 diaboli
3045 2973 3408 3043 inveniamur,

1830 3058 2131 3121 praemonet
2171 3060 2226 3108 et
2269 3052 2550 3110 denuntiat
2589 3056 2707 3124 ejus
2742 3073 2841 3113 nos
2880 3075 3066 3117 servos
3105 3077 3223 3120 esse
3253 3064 3410 3135 cujus

1836 3137 2166 3195 voluntatem
2211 3141 2491 3212 explemus
2538 3146 2828 3214 operibus:
2869 3158 2922 3202 et
2951 3165 3057 3205 non
3087 3168 3274 3222 parum
3310 3158 3410 3211 ob-

135 3247 418 3316 oc‘ogima
442 3286 456 3312 ’
511 3245 580 3300 ad
621 3246 754 3301 nihil
786 3244 932 3300 aliud
967 3243 1150 3299 valere
1178 3244 1414 3298 arbitror
1444 3241 1546 3296 nisi
1578 3249 1634 3294 ιιι
1659 3253 1722 3295 ea
1751 3237 1796 3302 ο
1826 3243 1948 3286 esse
1995 3230 2162 3286 Deum
2211 3233 2461 3290 conﬁteri
2507 3235 2816 3306 Dominum,
2860 3249 2915 3296 et
2953 3244 3161 3300 actibus
3190 3247 3406 3306 diabolo

132 3351 265 3406 qua:
289 3334 539 3390 similiter
572 3334 714 3391 inter
751 3335 1061 3391 sacerdotes
1089 3340 1250 3404 atque
1277 3332 1494 3388 Levitas
1515 3329 1728 3387 Judznos

132 3425 379 3496 quisque
398 3433 656 3494 operatur
679 3424 736 3479 in
759 3423 958 3480 Christi
984 3423 1244 3490 Ecclesia,
1269 3422 1503 3477 abundet
1521 3418 1730 3490 justitia

136 3512 266 3580 ejus
315 3527 478 3582 super
522 3512 824 3568 scribarum
864 3521 920 3568 et
944 3513 1358 3577 Phariszeorum,
1394 3517 1454 3566 ut
1485 3525 1610 3567 cum
1651 3509 1731 3566 illi

135 3601 390 3656 decimas
431 3603 640 3669 darent,
693 3603 782 3658 isti
810 3603 1021 3659 divinas
1051 3601 1258 3676 [Forte,
1300 3601 1541 3674 divitias]
1579 3603 1728 3667 dent,

131 3695 289 3752 sicut
328 3711 432 3750 non
470 3697 536 3752 de
578 3697 866 3762 fructibus,
895 3699 990 3752 sed
1016 3697 1082 3752 de
1125 3696 1257 3766 ipsis
1283 3696 1440 3751 bonis
1461 3695 1572 3752 suis
1605 3693 1732 3750 fecit

134 3789 429 3855 Zachteus,
455 3797 548 3844 aut
574 3799 726 3846 certe
758 3790 993 3861 duplicet
1020 3791 1277 3853 decimas,
1311 3796 1405 3842 aut
1428 3788 1562 3843 duas
1588 3787 1731 3842 deci-

136 3895 268 3936 mas
282 3879 457 3936 dando
469 3889 686 3951 superet
703 3879 971 3950 impendia
985 3877 1310 3933 Iudaeorum.
1329 3875 1442 3931 Nisi
1461 3873 1597 3931 forte
1610 3875 1732 3945 quis

134 3969 470 4041 simpliciter
497 3970 867 4039 accipiendum
899 3978 1069 4040 putet,
1097 3969 1238 4039 quod
1265 3967 1442 4023 omnis
1468 3967 1562 4035 qui
1591 3965 1730 4020 indi-

133 4060 390 4132 gentiam
439 4060 722 4130 cujuslibet
763 4059 1015 4129 pauperis
1073 4066 1406 4120 sanctorum,
1445 4056 1529 4110 vel
1556 4070 1623 4110 ex
1653 4054 1734 4110 di-

134 4151 320 4206 midia
369 4149 452 4203 vel
498 4158 645 4204 certe
690 4163 758 4203 ex
802 4149 987 4217 quinta
1035 4156 1208 4218 parte,
1242 4154 1501 4216 quantum
1543 4143 1733 4215 viginti

131 4242 228 4296 vel
263 4240 656 4310 quinquaginta
684 4241 750 4293 ad
782 4248 1000 4294 centum
1029 4245 1172 4303 sunt,
1201 4235 1555 4302 alleviaverit,
1583 4243 1734 4290 certa

132 4348 259 4387 sua:
291 4329 680 4385 misericordiae
709 4331 780 4386 sit
809 4329 1058 4384 mercede
1083 4328 1384 4383 donandus.

1828 3322 2096 3378 famulari.
2141 3324 2275 3380 Nam
2315 3328 2419 3383 hoc
2457 3329 2586 3384 olim
2630 3329 2772 3387 Deus
2816 3332 3036 3391 denotat
3071 3344 3126 3391 et
3155 3349 3398 3406 accusat,

1828 3412 2033 3480 dicens,
2050 3411 2205 3470 Plebs
2226 3416 2338 3471 lucc
2359 3415 2514 3472 labiis
2532 3435 2612 3472 me
2637 3420 2877 3488 honorat,
2909 3440 3000 3478 cor
3020 3435 3194 3480 autem
3221 3444 3406 3484 eorum

1827 3504 1981 3578 longe
2002 3516 2078 3562 est
2106 3526 2138 3563 a
2161 3525 2242 3564 me
2254 3525 2275 3576 ;
2315 3517 2370 3566 et
2392 3509 2658 3567 Dominus
2686 3513 2762 3568 ait
2789 3514 2843 3568 in
2877 3515 3167 3587 Evangelio
3193 3535 3208 3573 :
3234 3518 3404 3574 Nemo

1828 3605 1992 3666 potest
2023 3597 2224 3652 duobus
2261 3599 2487 3655 dominis
2517 3603 2740 3669 servire;
2777 3611 2832 3658 et
2856 3603 2909 3659 in
2931 3605 3048 3677 lege
3073 3606 3274 3662 dictum
3301 3619 3410 3676 est,

1830 3687 1972 3742 Deus
2001 3704 2105 3742 non
2128 3689 2396 3745 irridetur.
2437 3691 2551 3747 Hoc
2589 3701 2672 3748 est
2708 3696 2836 3764 ergo
2873 3699 3015 3765 quod
3059 3697 3115 3752 in
3142 3701 3246 3755 hoc
3291 3700 3411 3758 loco

1830 3775 2120 3846 Apostolus
2144 3778 2325 3846 docet,
2354 3782 2480 3850 quia
2510 3785 2878 3854 unusquisque
2910 3786 2963 3840 in
2994 3803 3156 3843 manu
3189 3807 3283 3846 sua
3312 3793 3412 3846 ha-

1830 3867 1924 3924 bet
1945 3877 1998 3924 et
2020 3869 2073 3924 in
2101 3870 2314 3926 arbitrii
2343 3881 2632 3942 potestate,
2659 3883 2718 3928 ut
2742 3884 2836 3930 aut
2858 3879 3064 3945 peccati
3099 3894 3290 3936 servus
3318 3883 3410 3949 sit,

1832 3968 1925 4013 aut
1947 3960 2194 4031 justitiae,
2232 3962 2300 4016 ad
2331 3976 2711 4033 quamcunque
2749 3965 2892 4021 enim
2928 3976 3137 4037 partem
3168 3969 3412 4025 declina-

1831 4049 1973 4106 verit
2003 4052 2279 4118 obediens,
2295 4059 2349 4106 et
2363 4051 2664 4121 cuicunque
2685 4068 2876 4124 parere
2895 4055 3147 4123 voluerit,
3171 4058 3286 4114 haec
3308 4060 3414 4114 sibi

1831 4154 1956 4195 eum
1979 4141 2465 4207 vindicatservum,
2486 4142 2539 4197 in
2563 4157 2691 4212 quo,
2708 4153 2766 4198 ut
2786 4144 2917 4210 dixi,
2935 4148 3138 4216 absque
3161 4147 3266 4202 ulla
3279 4164 3414 4204 cun—

1831 4231 2067 4286 ctatione
2089 4232 2143 4286 in
2172 4231 2326 4288 nobis
2339 4231 2474 4301 fesse
2499 4234 2735 4289 ostendit
2756 4235 2985 4306 arbitrii;
2997 4237 3321 4307 libertatem,
3356 4241 3414 4296 in

1833 4321 1988 4377 nobis
2011 4337 2245 4393 namque
2265 4324 2631 4404 estexhlberc
2656 4326 3017 4383 obedientiam
3037 4339 3300 4398 nostram,
3328 4331 3416 4389 vel

217 4423 291 4477 Et
323 4421 557 4476 laudavit
578 4423 819 4476 dominus
843 4421 1075 4476 villicum
1111 4420 1421 4491 iniquitatis,
1451 4419 1577 4490 quia
1601 4434 1730 4489 pru-
1824 4411 2094 4482 justitiam
2129 4413 2214 4468 vel
2240 4414 2752 4485 peccatum.iNemo
2787 4426 2968 4473 autem
2993 4425 3174 4489 potest
3203 4423 3416 4478 duobus

134 4517 335 4571 denter
363 4514 612 4583 fecisset:
638 4514 762 4585 quia
807 4512 906 4582 ﬁlii
948 4512 1108 4583 hujus
1146 4510 1328 4566 seaculi
1367 4509 1730 4579 prudentiores
1758 4581 1793 4585 _
1833 4505 1993 4560 simul
2031 4506 2264 4562 dominis
2302 4508 2525 4571 servire,
2547 4519 2772 4579 peccato
2797 4519 2851 4566 et
2869 4509 3113 4580 iustitiae,
3146 4523 3240 4569 aut
3265 4516 3410 4570 enim

136 4606 276 4674 [iliis
321 4581 451 4656 lucu
479 4605 536 4657 in
562 4581 896 4674 generatione
918 4581 1024 4656 sud
1039 4610 1178 4655 sunt.
1204 4599 1439 4655 Audiant
1464 4599 1733 4670 sapientes
1757 4581 1810 4643 D
1838 4609 2003 4648 unum
2024 4595 2148 4649 odio
2177 4596 2414 4662 habebit.
2443 4607 2724 4667 peccatum
2747 4599 2973 4667 scilicet.
2998 4610 3054 4656 et
3081 4603 3244 4657 alium
3268 4619 3418 4658 ama-

137 4696 319 4766 hujus
337 4695 538 4758 saeculi,
573 4703 634 4748 ut
658 4694 878 4749 stultam
913 4692 1229 4763 sapientiam
1259 4691 1532 4755 deserere,
1561 4699 1617 4744 et
1643 4704 1738 4745 sa-

135 4788 390 4858 pientem
426 4785 520 4840 Dei
551 4783 832 4839 stultitiam
861 4791 1064 4852 queant
1088 4781 1318 4846 discere,
1340 4781 1526 4851 quanti
1548 4794 1735 4836 eorum

140 4875 472 4946 sapientiam
521 4874 704 4929 divina
744 4874 972 4942 :vquitas
1023 4872 1409 4928 aestimaverit:
1439 4885 1576 4941 quos
1629 4885 1738 4926 non

138 4978 282 5018 vere
325 4963 619 5032 prudentes
663 4963 758 5017 sed
801 4963 854 5016 in
901 4962 1250 5033 generatione
1300 4975 1398 5015 sua
1444 4961 1738 5030 prudentes

140 5066 274 5108 esse
319 5061 726 5108 commemorat.
770 5051 930 5107 Juxta
963 5053 1084 5118 hoc,
1131 5052 1275 5121 quod
1320 5050 1449 5106 alibi
1495 5050 1730 5105 dicitur:

155 5141 256 5195 Va!
279 5143 372 5207 qui
397 5143 654 5212 sapientes
683 5144 805 5197 estis
834 5144 889 5195 in
923 5142 1089 5196 oculis
1123 5143 1324 5207 vestris,
1363 5151 1413 5196 et
1441 5156 1619 5196 coram
1645 5157 1736 5196 vo-

141 5229 468 5301 bismetipsis
502 5232 801 5301 prudentes,
833 5249 922 5285 nec
951 5249 1056 5286 non
1073 5241 1334 5286 amatores
1358 5241 1568 5285 atteram
1588 5228 1705 5284 vita:
1719 5244 1741 5295 ,‘

143 5319 301 5376 ﬁlios
346 5319 480 5376 lucis
521 5321 837 5390 appellando
865 5336 972 5376 non
1014 5321 1161 5376 aliud
1205 5335 1300 5376 eos
1341 5321 1433 5390 qui
1475 5319 1744 5388 sapientes

138 5417 285 5467 mt
311 5419 375 5464 ut
401 5409 600 5466 faciant
638 5411 802 5476 mala,
842 5411 982 5465 bene
1010 5419 1190 5464 autem
1218 5409 1399 5464 facere
1433 5408 1747 5465 nescierunt

138 5517 322 5575 quam
352 5503 490 5559 ﬁlios
509 5517 630 5560 esse
657 5503 1002 5559 tenebrarum
1034 5519 1049 5556 ;
1083 5501 1176 5556 ﬁlii
1207 5509 1385 5556 autem
1413 5501 1550 5556 lucis
1575 5508 1630 5554 et
1650 5499 1745 5554 lilii

141 5591 322 5662 hujus
342 5593 522 5649 saeculi
542 5604 826 5659 vocantur,
865 5595 1135 5664 quomodo
1157 5591 1249 5647 lilii
1272 5591 1422 5662 regni
1440 5601 1497 5646 et
1510 5591 1604 5646 lilii
1625 5606 1748 5661 per-

142 5685 399 5742 ditionis.
422 5685 587 5756 Cujus
611 5689 755 5743 enim
784 5687 895 5759 agit
935 5686 1163 5758 quisque
1188 5699 1373 5756 opera,
1396 5683 1512 5756 ejus
1542 5698 1744 5755 cogno-

145 5777 402 5833 minatur
425 5786 482 5836 et
512 5777 672 5834 illius.

1840 4683 1941 4750 bit,
1966 4685 2021 4740 id
2049 4694 2152 4751 est,
2177 4685 2465 4755 justitiam.
2520 4687 2629 4742 Aut
2657 4705 2823 4743 unum
2857 4691 3111 4759 patietur,
3133 4701 3419 4760 peccatum

1846 4771 2132 4840 duntaxat,
2178 4784 2236 4830 et
2281 4775 2448 4830 alium
2495 4785 2828 4844 contemnet,
2877 4778 2930 4832 id
2975 4788 3088 4844 est,
3127 4779 3415 4849 justitiam.

1843 4863 2037 4921 Simile
2065 4880 2197 4936 ergo
2225 4873 2329 4933 est,
2359 4877 2415 4923 et
2438 4867 2581 4937 quod
2612 4869 2750 4924 dixit
2774 4868 3084 4940 Apostolus,
3123 4872 3256 4924 servi
3296 4873 3419 4926 estis

1843 4955 1982 5026 ejus,
2015 4957 2098 5010 cui
2118 4956 2383 5023 obedistis,
2422 4957 2528 5013 sive
2567 4959 2783 5028 peccati,
2820 4961 2928 5015 sive
2949 4959 3192 5030 justitirv.
3231 4959 3338 5016 Sed
3365 4969 3423 5016 et

1843 5046 2020 5102 omnis
2049 5047 2141 5116 qui
2171 5054 2452 5117 peccatum
2483 5045 2636 5114 facit,
2663 5063 2851 5104 servus
2876 5058 2959 5103 est
2979 5048 3207 5118 peccati,
3228 5046 3296 5104 ad
3317 5049 3424 5106 hoc

1841 5135 2066 5205 respicit
2092 5135 2342 5206 quamvis
2375 5151 2484 5192 non
2513 5138 2791 5209 adiecerit,
2828 5147 2882 5192 et
2903 5137 3082 5192 omnis
3111 5137 3202 5206 qui
3232 5135 3425 5193 fecerit

1839 5224 2131 5296 justitiam,
2172 5241 2362 5283 servus
2403 5235 2488 5283 est
2523 5227 2769 5298 iustitiae.
2808 5227 2963 5295 Quod
3002 5228 3248 5284 fortassis
3270 5237 3424 5298 putet

1851 5317 1972 5374 aliis
2017 5317 2223 5373 idcirco
2268 5318 2642 5386 subrelictum,
2673 5327 2735 5374 ut
2756 5318 2910 5388 quasi
2938 5332 3006 5373 ex
3046 5319 3423 5388 consequenti-

1845 5408 1948 5465 bus
1998 5407 2194 5464 debeat
2241 5407 2488 5481 intelligi,
2547 5409 2680 5464 mihi
2722 5417 2901 5463 tamen
2939 5409 3150 5464 videtur
3174 5408 3423 5468 consulto

1847 5514 1956 5556 non
1984 5500 2245 5564 additum,
2289 5513 2467 5571 neque
2521 5500 2665 5556 enim
2709 5500 3062 5556 conveniebat
3108 5500 3233 5566 dici,
3293 5499 3424 5570 quia

1845 5591 2024 5648 omnis
2047 5591 2139 5661 qui
2159 5588 2574 5660 facitjustitiam
2604 5606 2794 5646 servus
2822 5599 2904 5647 est
2941 5591 3179 5662 justitize,
3209 5598 3267 5644 ut
3304 5604 3425 5643 om-

1848 5684 1934 5740 nis
1955 5683 2048 5754 qui
2076 5682 2209 5739 facit
2246 5692 2529 5754 peccatum
2572 5698 2764 5739 servus
2789 5691 2873 5740 est
2914 5683 3158 5754 peccati:
3190 5696 3312 5734 nam
3364 5686 3422 5732 et

1847 5773 1966 5842 ipse
2009 5770 2256 5832 diabolus
2289 5772 2408 5831 sine
2433 5771 2596 5830 dubio
2627 5773 2833 5844 peccati
2874 5788 3064 5828 servus
3090 5780 3193 5835 est,
3225 5768 3423 5838 quippe
