3960 6360
617 373 720 429 539
1247 369 1309 422 Β.
1349 366 1603 422 BADANI
1644 365 1863 422 MAUN
1900 357 2216 417 ARCIIIEP.
2258 355 2568 412 MOGUNT.
2610 351 2894 410 OPERUM
2933 348 3113 404 PARS
3148 353 3211 408 ll.
3689 355 3749 411 ιω

613 488 706 557 qui
737 483 985 542 discessit
1011 497 1041 537 a
1067 481 1324 537 servitute
1344 479 1568 548 iustitiae
1599 485 1654 534 et
1685 478 1736 532 in
1765 482 2054 545 conspectu
2086 472 2190 526 Do-
2221 473 2266 531 Α
2290 466 2516 536 Ῑυειὶιίω
2561 481 2658 536 per
2696 462 3078 527 obedientiam,
3123 461 3262 514 Deus
3296 459 3462 512 tradat
3481 467 3532 512 ut
3553 458 3748 518 instituan-

614 545 747 633 mini
785 573 1171 645 omnipotentis
1210 545 1511 635 rebellavit,
1554 581 1774 639 propter
1810 567 1953 638 quod
1982 572 2037 620 et
2072 577 2195 634 apo-
2296 565 2384 611 tur
2403 556 2812 618 etimbuantur,
2850 549 3144 606 secundum
3174 548 3392 602 formam
3415 545 3620 614 justitie,
3641 565 3750 607 movet

613 679 755 726 stata
783 637 1083 738 appellatus
1109 672 1212 719 est.
1246 661 1472 718 Constat
1498 637 1628 731 ergo
1652 637 1718 714 ex
1742 637 1843 713 his,
1857 653 2195 712 sermonibus
2295 662 2384 702 me
2421 646 2583 702 etiam
2615 645 2738 710 hoc,
2776 642 2919 712 quod
2954 654 3060 694 non
3102 638 3238 694 dixit
3279 637 3520 692 obedistis
3557 653 3610 692 ex
3649 645 3750 696 corde

614 759 790 822 Pauli,
818 727 1011 827 quibus
1041 755 1192 818 dicit,
1221 754 1347 823 quia
1377 754 1462 806 cui
1497 727 1588 806 vos
1619 750 1868 805 exhibetis
1915 763 2086 802 servos
2126 743 2194 798 ad
2295 736 2574 799 doctrinae,
2610 735 2663 789 in
2697 749 2858 803 quam
2907 730 3097 784 traditi
3139 728 3289 793 estis,
3339 727 3429 782 sed
3475 727 3658 782 formam
3695 733 3749 785 do-

616 847 962 906 obediendum
1012 845 1145 900 servi
1181 821 1324 908 estis,
1396 843 1479 896 cui
1543 839 1806 903 obedistis,
1853 837 1958 891 sive
2001 834 2197 907 peccati
2295 825 2487 883 ctrinze
2531 825 2748 895 posuit:
2797 837 2896 877 nec
2935 831 3065 890 puto
3106 821 3248 889 quod
3287 834 3441 873 unum
3477 835 3577 874 esse
3607 825 3751 876 senserit

617 941 722 995 sive
737 935 988 1009 justitiw,
1015 934 1139 1007 quia
1165 942 1356 1004 sponte
1381 943 1565 987 nostra
1591 931 1691 1001 ipsi
1716 928 2034 983 exhibemus
2055 924 2200 978 nullo
2299 919 2590 991 Apostolus
2619 917 2924 972 doctrinam
2953 923 3008 969 et
3037 913 3264 968 formam
3298 911 3550 966 doctrinae.
3578 911 3655 966 Sed
3676 915 3750 966 mihi

620 1038 846 1098 cogente
873 1023 957 1081 vel
991 1033 1214 1095 peccato
1244 1024 1449 1079 servire
1475 1021 1558 1077 vel
1581 1019 1803 1090 iustitia:
1829 1033 1928 1088 per
1954 1015 2201 1072 obedien-
2297 1011 2510 1066 videtur
2552 1009 2695 1079 quod
2744 1006 2968 1061 formam
3009 1004 3268 1060 doctrinae
3317 1005 3482 1057 minus
3508 1018 3603 1057 esse
3625 1004 3750 1062 scierit,

621 1121 754 1176 tiam
785 1127 1048 1182 nostram,
1073 1127 1127 1172 et
1153 1117 1273 1172 ideo
1300 1117 1494 1171 horum
1524 1128 1738 1182 semper
1776 1107 2086 1165 meminisse
2111 1106 2204 1160 de—
2299 1116 2464 1171 quam
2494 1101 2664 1169 ipsam
2697 1098 3025 1160 doctrinam,
3059 1106 3108 1150 et
3142 1109 3285 1149 nunc
3312 1093 3511 1162 quidem
3533 1093 3576 1145 in
3592 1093 3752 1162 praesenti

620 1211 833 1276 bemus,
883 1225 950 1263 ne
996 1210 1186 1263 inanes
1213 1205 1462 1277 querelas
1507 1205 1560 1259 in
1606 1202 1818 1273 peccati
1857 1197 2203 1255 excusatione

620 1303 996 1373 proferamus,
1041 1300 1281 1354 dicentes
1321 1297 1448 1366 quia
1509 1293 1756 1350 diabolus
1809 1291 1937 1346 fecit
1970 1296 2028 1342 ut
2075 1301 2204 1356 pec-

624 1401 780 1448 cator
831 1406 1028 1455 essem,
1112 1397 1205 1443 aut
1270 1396 1479 1443 naturae
1527 1385 1842 1456 necessitas,
1893 1390 1986 1436 aut
2029 1377 2206 1433 fatalis

625 1482 886 1546 conditio,
934 1488 1028 1534 aut
1076 1494 1268 1534 cursus
1306 1486 1616 1542 astrorum;
1667 1475 1760 1530 sed
1815 1473 1939 1528 audi
1967 1479 2207 1541 apertam

625 1570 776 1625 Pauli
809 1570 1151 1634 sententiam,
1184 1583 1290 1638 qua
1318 1567 1469 1633 dicit,
1493 1567 1578 1620 cui
1621 1563 1869 1618 exhibetis
1909 1578 2002 1630 vos
2035 1574 2208 1613 servas

625 1662 697 1715 ad
730 1660 1093 1724 obedientium,
1125 1659 1258 1713 servi
1286 1659 1408 1713 estis
1433 1656 1548 1728 ejus
1571 1655 1655 1710 cui
1681 1653 1944 1720 obedistis,
1975 1652 2080 1706 sive
2101 1665 2214 1720 pec-

627 1752 733 1807 cati
763 1753 868 1806 sive
890 1751 1138 1822 justitiw.

2305 1191 2414 1244 vita
2443 1189 2568 1244 dum
2595 1188 2649 1241 in
2686 1202 2911 1256 corpore
2961 1200 3167 1248 sumus,
3210 1191 3264 1237 et
3303 1190 3536 1252 aggravat
3576 1189 3752 1234 terrenum

2303 1270 2407 1334 hoc
2446 1277 2808 1334 habitaculum
2849 1289 3064 1332 sensum
3093 1273 3257 1328 multa
3284 1272 3595 1342 cogitantem,
3614 1267 3752 1323 fortnam

2306 1369 2564 1425 doctrina:
2590 1367 2869 1429 habemus,
2903 1379 3010 1418 non
3041 1363 3211 1434 ipsam
3235 1361 3535 1424 doctrinam,
3557 1360 3659 1413 sicut
3673 1360 3752 1412 idem

2305 1457 2592 1529 Apostolus
2612 1457 2667 1511 in
2688 1456 2807 1510 aliis
2830 1455 2995 1510 dicit:
3023 1452 3182 1507 Nunc
3209 1463 3378 1506 autem
3399 1450 3596 1504 videmus
3615 1466 3753 1519 perrpt-

2309 1547 2484 1601 culum
2514 1547 2568 1602 in
2594 1543 2890 1616 (enigmata,
2920 1544 3033 1614 ipsa
3060 1552 3240 1597 autem
3266 1542 3494 1596 doctrina
3528 1540 3603 1603 sit,
3631 1541 3676 1594 de
3696 1555 3754 1607 qua

2310 1642 2458 1708 dicit,
2491 1651 2612 1694 tunc
2635 1649 2809 1693 autent
2846 1637 3130 1690 videbimus
3165 1635 3301 1704 facie
3323 1633 3388 1686 ad
3411 1632 3589 1701 faciem.
3610 1630 3754 1685 Undect

2311 1732 2365 1787 in
2393 1731 2644 1803 praesenti
2669 1731 2774 1783 vita
2805 1737 2957 1799 puto,
2999 1727 3144 1797 quod
3181 1725 3404 1781 formam
3442 1733 3579 1794 atque
3605 1725 3754 1776 untbram

698 1841 913 1898 Gratias
942 1851 1117 1896 autem
1149 1841 1280 1906 Deo,
1317 1838 1455 1910 quod
1492 1835 1667 1908 fuistis
1690 1835 1823 1890 servi
1847 1832 2065 1904 peccati,
2093 1828 2213 1884 obe—
2238 1817 2286 1877 Β
2311 1825 2570 1878 virtutum
2600 1830 2781 1876 tenere
2810 1820 3075 1889 possimus
3100 1832 3114 1871 :
3143 1817 3290 1886 ipsas
3333 1831 3452 1869 vero
3481 1815 3662 1867 virtutes
3689 1821 3755 1862 tunc

628 1936 779 1990 distis
803 1943 976 1987 autem
1015 1949 1079 1986 ea:
1105 1931 1258 1986 corde
1284 1931 1337 1984 in
1361 1945 1476 1983 eam
1496 1928 1719 1999 formam
1747 1924 1998 1979 doctrina:
2027 1922 2080 1974 in
2107 1936 2211 1990 qua

631 2025 816 2079 traditi
865 2025 1006 2078 estis.
1058 2022 1350 2078 Credentes
1399 2027 1579 2074 autem
1637 2017 1691 2071 in
1740 2015 2014 2071 Christum
2069 2007 2213 2065 servi

631 2116 763 2171 facti
794 2131 980 2172 sumus
1013 2114 1259 2185 justitiaa,
1308 2113 1424 2182 ejus
1476 2110 1622 2164 enim
1673 2107 1815 2164 servi
1857 2105 2087 2160 dicimur
2126 2099 2215 2156 cui

631 2207 935 2270 obcdimus,
965 2214 1019 2261 et
1042 2206 1168 2275 quia
1184 2204 1392 2272 justum
1415 2210 1498 2257 est
1521 2199 1740 2256 obedire
1760 2197 1996 2261 Christo,
2027 2203 2081 2249 et
2101 2193 2216 2263 ipse

632 2299 778 2354 enim
795 2295 1006 2365 justitia
1031 2305 1134 2361 est,
1163 2303 1217 2350 et
1239 2311 1357 2366 quae
1385 2293 1639 2363 praecepit
1662 2291 1807 2360 justa
1840 2294 1986 2355 sunt,
2014 2285 2217 2341 idcirco

635 2391 767 2446 dicit
792 2405 962 2444 servos
990 2405 1081 2441 nos
1111 2387 1275 2456 factos
1295 2385 1546 2456 justitiw,
1572 2397 1638 2435 ex
1665 2379 1826 2435 corde
1855 2393 1960 2433 non
1985 2391 2053 2431 ex
2079 2374 2216 2444 lege,

635 2489 698 2536 ut
724 2479 989 2550 professio
1033 2485 1217 2532 nostra
1255 2475 1419 2530 animi
1441 2473 1646 2542 judicio
1675 2476 1977 2540 promatur,
2003 2479 2100 2536 per
2125 2480 2222 2518 na-

638 2579 820 2627 turam
849 2570 997 2624 enim
1027 2567 1228 2622 inducti
1267 2579 1452 2620 sumus
1473 2562 1540 2617 ad
1579 2561 1737 2616 ﬁdem
1780 2574 1883 2613 non
1909 2571 2004 2627 per
2024 2555 2218 2624 legem,

639 2659 698 2715 in
743 2674 849 2728 qua
889 2658 1063 2712 forma
1105 2656 1385 2722 doctrinae,
1435 2653 1530 2708 Dei
1576 2651 1801 2722 imperio
1844 2647 1973 2703 facti
2011 2658 2219 2709 sumus,

641 2752 736 2822 qui
788 2751 944 2806 ﬁnxit
991 2757 1266 2812 naturam,
1312 2749 1368 2802 in
1422 2754 1614 2801 natura
1665 2743 1810 2798 enim
1856 2741 2117 2796 habemus
2161 2743 2222 2789 ut

643 2853 1036 2912 cognoscamus
1062 2855 1092 2894 a
1120 2852 1227 2908 quo
1265 2845 1320 2891 et
1346 2852 1444 2906 per
1480 2849 1637 2904 quem
1684 2841 1740 2888 et
1783 2833 1838 2886 in
1884 2843 1990 2898 quo
2038 2838 2224 2881 sumus

641 2931 836 2988 creati.
886 2930 1083 2986 Forma
1129 2943 1258 2996 ergo
1299 2925 1558 2982 doctrinm
1595 2932 1678 2978 est
1708 2921 1764 2977 in
1802 2935 1963 2990 quam
2005 2915 2225 2973 tradidit

641 3037 743 3077 nos
791 3029 1006 3076 creator
1051 3017 1390 3082 naturaliter,
1437 3017 1541 3070 hoc
1575 3023 1678 3079 est,
1705 3011 1848 3082 quod
1877 3024 2038 3080 supra
2066 3007 2221 3070 dixit,

642 3114 746 3184 ipsi
768 3113 867 3166 sibi
893 3110 978 3165 lex
997 3119 1142 3175 sunt,
1170 3109 1296 3162 dum
1339 3106 1510 3161 vident
1547 3115 1750 3159 natura:
1788 3119 1899 3158 sua:
1935 3118 2045 3156 esse
2085 3098 2224 3171 quod

2313 1932 2434 1971 cum
2466 1915 2710 1970 venerint
2752 1913 2839 1966 illa
2880 1926 3000 1979 qua:
3027 1908 3265 1979 perfecta
3309 1915 3444 1969 sunt,
3471 1915 3520 1960 et
3547 1905 3638 1958 ideo
3657 1903 3757 1971 justus

2313 2020 2458 2059 nunc
2483 2003 2652 2074 magis
2671 2010 2729 2056 ut
2763 2001 2896 2054 mihi
2917 2000 3130 2054 videtur
3153 1999 3208 2052 in
3234 1996 3417 2051 umbra
3440 1996 3648 2048 virtutum
3666 2004 3756 2058 quam

2315 2097 2370 2152 in
2398 2097 2530 2167 ipsis
2552 2085 2841 2149 virtutibus
2870 2091 3023 2146 vivit.

2384 2189 2614 2243 Liberati
2643 2197 2815 2241 autent
2847 2203 2879 2239 a
2905 2193 3140 2257 peccato,
3181 2181 3315 2237 servi
3343 2180 3462 2251 facti
3490 2179 3590 2234 estis
3611 2175 3756 2245 iustitia.

2316 2279 2592 2350 Expositio
2613 2287 2698 2334 est
2736 2278 2787 2331 in
2817 2277 2903 2331 his
2928 2289 3113 2330 eorum
3137 2288 3258 2343 qua:
3289 2271 3520 2341 superius
3537 2268 3713 2323 diximus
3729 2263 3758 2315 Si

2317 2372 2464 2426 enim
2505 2369 2644 2422 ultra
2681 2382 2788 2421 non
2831 2365 3080 2421 servietis
3115 2371 3358 2433 peccato,
3407 2369 3586 2415 certum
3607 2354 3759 2422 85!un

2320 2459 2533 2516 liberati
2559 2459 2628 2514 ab
2653 2473 2720 2513 eo
2747 2457 2887 2512 servi
2933 2455 3062 2510 facti
3099 2454 3232 2510 estis
3262 2451 3495 2523 justitite,
3527 2447 3602 2501 sed
3623 2440 3760 2511 requiri-

2321 2559 2428 2614 tur,
2463 2549 2586 2618 quis
2617 2555 2700 2602 est
2737 2547 2829 2616 qui
2869 2545 3065 2599 liberat
3101 2559 3134 2596 a
3171 2550 3435 2613 peccato:
3469 2538 3570 2592 sine
3591 2534 3760 2589 deluere

2322 2641 2502 2694 ritatis
2522 2639 2743 2709 agnitio.
2777 2637 2870 2692 Sic
2897 2637 3039 2691 enim
3067 2634 3281 2689 dicebat
3303 2630 3453 2686 Jesus
3474 2631 3534 2683 ad
3547 2618 3760 2687 Judeosqui

2322 2731 2666 2786 crediderunt
2691 2729 2761 2792 ei,
2792 2727 2852 2782 Si
2884 2727 3208 2781 credideritis
3249 2723 3393 2778 verba
3434 2736 3553 2783 meo,
3587 2714 3763 2786 agnoscitis

2323 2821 2671 2883 veritatem,et
2703 2817 2892 2872 veritas
2920 2814 3156 2869 liberabit
3180 2831 3287 2868 vos.
3314 2810 3512 2867 Veritas
3528 2813 3764 2872 estergoqni

2325 2910 2568 2966 liberata
2591 2919 2836 2978 peccato,
2857 2915 2913 2961 et
2938 2905 3181 2960 veritatis
3208 2903 3433 2975 agnitio;
3458 2907 3627 2954 certum
3648 2901 3702 2947 est
3718 2905 3764 2940 at

2326 3009 2434 3056 tem
2462 2977 2784 3071 quiaiomuis
2800 2997 2890 3067 qui
2911 2996 3172 3050 liberatus
3193 2992 3354 3048 fuerit
3388 3007 3417 3044 a
3444 2977 3765 3060 peccatojustit'u

2329 3094 2548 3148 serviat.
2581 3090 2735 3157 Quod
2777 3098 2956 3144 autem
2991 3087 3224 3141 dicimus
3259 3083 3475 3155 justitize
3507 3077 3672 3137 serviat,
3694 3081 3766 3136 (μεθ’

644 3163 884 3267 ert-edunt,
906 3209 966 3256 ut
986 3201 1130 3270 quod
1157 3199 1356 3255 Judaeis
1376 3197 1464 3251 lex
1491 3204 1546 3250 et
1570 3196 1844 3266 propheta:
1867 3163 2231 3262 pradica'runt
2255 3167 2301 3231 (ἶ
2333 3187 2476 3240 niam
2492 3182 2703 3252 justitia
2724 3197 2832 3236 una
2865 3189 2949 3235 est
2981 3195 3048 3235 ex
3079 3179 3345 3232 virtutum
3373 3176 3548 3236 choro,
3571 3163 3695 3223 simile
3714 3165 3767 3214 θείη

646 3293 712 3348 de
736 3263 974 3356 Christo,
1004 3263 1108 3345 hoc
1142 3289 1368 3361 gentiles
1418 3302 1484 3342 ex
1531 3263 1693 3341 corde
1747 3284 2041 3340 conﬁdant.
2093 3279 2232 3335 Hinc
2331 3287 2392 3333 ut
2436 3278 2482 3332 si
2517 3275 2857 3330 diceremus:
2888 3272 3015 3343 quia
3053 3270 3097 3324 si
3127 3270 3253 3340 quis
3304 3266 3544 3321 liberatus
3577 3263 3767 3345 est

648 3337 712 3348 -ν
742 3337 974 3356 ν---υννι
1006 3337 1107 3345 -η-
1142 3337 1365 3361 ο---ν--μ
1424 3337 1484 3342 ν-
1539 3337 1688 3341 mw-
2905 3337 2923 3343 -
3144 3337 3161 3340 -

647 3382 818 3437 refert
854 3381 1056 3451 gratias
1086 3379 1336 3442 Domino,
1362 3377 1489 3447 quia
1515 3391 1636 3431 cum
1667 3389 1909 3430 essemus
1940 3371 2079 3427 servi
2109 3385 2232 3441 pec-
2333 3379 2456 3427 cato
2495 3368 2693 3424 serviet
2736 3363 2948 3420 veritati
2999 3371 3054 3417 et
3095 3359 3296 3415 serviet
3336 3352 3583 3426 sapientia:
3601 3337 3770 3432 etsenia

651 3473 755 3528 cati
785 3472 1120 3526 obedivimus
1154 3483 1222 3524 ex
1264 3470 1426 3524 corde
1465 3469 1745 3522 credentes
1775 3463 1830 3520 in
1860 3437 2135 3520 Christum
2171 3469 2233 3516 ut
2332 3459 2602 3532 pudicitiae
2627 3465 2682 3512 et
2705 3454 2910 3528 [serviet
2944 3451 3148 3522 pietati.
3193 3448 3325 3516 Quae
3346 3443 3511 3500 omnia
3541 3450 3635 3492 cum
3653 3437 3771 3526 critus

653 3563 983 3618 serviremus
1008 3561 1138 3627 Deo,
1169 3575 1277 3614 non
1307 3575 1403 3630 per
1423 3559 1595 3636 legem
1621 3557 1790 3627 Moysi
1815 3556 1910 3612 sed
1942 3569 2038 3625 per
2063 3554 2234 3624 legem
2333 3552 2616 3623 speciebus
2641 3525 2925 3610 virtutum,
2971 3550 3186 3614 Oportgt
3229 3553 3441 3595 servum
3474 3533 3571 3596 Del,
3607 3525 3712 3636 mliti
3731 3531 3771 3569 CL‘

637 3645 882 3707 ἠίιῐυΐὶἓ·
932 3650 1083 3718 Ωιιοά
1129 3649 1274 3708 enim
1319 3649 1450 3704 ἀίείι
1473 3633 1685 3719 gratias
1723 3647 1854 3711 Deo,
1897 3645 2022 3716 quia
2061 3643 2235 3713 fuistis
2335 3646 2474 3700 bene
2498 3640 2772 3712 operando
2795 3651 2962 3707 usque
2991 3612 3043 3690 in
3080 3634 3241 3687 ﬁnem
3283 3637 3601 3702 perseverans
3622 3612 3772 3688 adtilém

653 3741 788 3797 servi
811 3740 1027 3810 peccati,
1055 3739 1291 3794 ostendit
1325 3753 1514 3793 omnes
1554 3737 1802 3792 homines
1830 3735 2007 3807 primo
2033 3731 2238 3788 servire

654 3841 905 3902 peccato,
932 3831 1011 3885 sic
1032 3831 1176 3884 enim
1199 3830 1458 3900 scriptum
1480 3837 1585 3893 est,
1611 3829 1735 3898 quia
1762 3843 1864 3879 non
1885 3825 2063 3895 justus
2085 3837 2239 3891 super

657 3930 852 3976 terram
897 3921 986 3991 qui
1008 3919 1169 3989 faciat
1217 3918 1407 3972 bonum
1451 3927 1499 3972 et
1545 3933 1649 3970 non
1697 3915 2004 3986 peccaverit.
2059 3911 2239 3966 Primo

655 4015 802 4068 enim
851 4027 1071 4068 necesse
1114 4019 1199 4066 est
1243 4011 1296 4065 in
1342 4010 1488 4065 omni
1537 4008 1756 4064 homine
1803 4007 1934 4062 illud
1984 4003 2242 4074 compleri

655 4105 802 4174 quod
827 4105 1085 4174 scriptum
1114 4109 1218 4168 est,
1254 4100 1361 4156 Sed
1392 4101 1482 4155 ubi
1512 4099 1660 4154 venit
1683 4097 2017 4162 mandatum,
2053 4107 2245 4164 pecca-

658 4206 774 4252 tum
805 4196 1001 4253 revixit
1025 4212 1040 4262 ;
1071 4197 1176 4250 hoc
1203 4210 1330 4249 vero
1352 4193 1495 4263 quod
1522 4191 1765 4260 sequitur
1787 4189 1855 4243 ad
1875 4202 2075 4258 paucos
2103 4183 2243 4240 dici-

658 4297 774 4353 tur,
795 4288 863 4342 ad
879 4302 972 4342 eos
995 4286 1086 4355 qui
1108 4284 1219 4353 jam
1234 4285 1605 4347 emendantur,
1629 4282 1771 4352 quod
1794 4281 2017 4336 dicitur:
2034 4276 2244 4332 Gratias

662 4386 837 4431 autem
864 4376 999 4440 Deo,
1033 4376 1156 4446 quia
1186 4376 1359 4444 fuistis
1392 4375 1524 4428 servi
1553 4374 1772 4444 peccati,
1801 4371 2042 4426 obedistis
2073 4379 2244 4423 autent

667 4485 734 4523 ea:
761 4470 916 4523 corde
940 4469 995 4522 in
1017 4485 1133 4523 eam
1157 4468 1380 4537 formam
1403 4466 1654 4521 doctrina:
1677 4467 1732 4519 in
1750 4481 1854 4535 qua
1891 4463 2071 4517 traditi
2099 4463 2239 4516 estis.

669 4558 826 4613 Servi
871 4574 998 4629 ergo
1048 4558 1249 4612 fuimus
1294 4571 1481 4612 omnes
1529 4556 1759 4626 peccati,
1800 4555 1893 4610 sed
1931 4554 2019 4608 ubi
2051 4554 2244 4608 tradita

667 4656 753 4704 est
780 4650 934 4704 nobis
964 4648 1138 4704 forma
1163 4647 1425 4702 doctrinae
1449 4654 1505 4702 et
1531 4645 1657 4701 huic
1683 4661 1790 4700 non
1818 4653 2110 4713 utcunque,
2150 4658 2247 4697 ne-

667 4756 776 4814 que
803 4740 933 4795 solis
972 4737 1173 4804 verbis,
1221 4738 1314 4793 sed
1357 4751 1426 4792 ex
1457 4737 1642 4801 corde,
1681 4752 1746 4791 ex
1787 4736 1988 4801 animo,
2026 4750 2093 4790 ex
2135 4744 2247 4790 tota

671 4833 958 4891 devotione
1001 4829 1251 4900 eligimus
1297 4827 1552 4893 obedire,
1592 4827 1886 4882 liberamur
1923 4843 1954 4881 a
1992 4826 2248 4881 servitute

669 4922 880 4996 peccati
907 4930 961 4976 et
981 4919 1245 4974 eilicimur
1271 4919 1410 4972 servi
1434 4917 1676 4985 iustitiae.
1705 4918 1855 4984 Quod
1885 4925 2064 4972 autem
2091 4916 2247 4980 dixit,

672 5013 897 5084 formam
942 5008 1216 5072 doctrinae,
1258 5009 1313 5061 in
1344 5024 1447 5077 qua
1477 5008 1659 5062 traditi
1688 5011 1832 5074 estis,
1867 5008 2249 5076 requirendum

628 5171 630 5173 ,
673 5111 837 5173 puto,
893 5099 1162 5172 quomodo
1215 5098 1582 5168 unusquisque
1638 5101 1900 5154 tradatur.
1946 5098 2252 5154 Invenimus

676 5204 933 5259 namque,
982 5189 1109 5260 quia
1150 5202 1244 5243 eos
1273 5187 1364 5259 qui
1392 5203 1496 5245 non
1528 5187 1826 5258 prebantur
1847 5190 2016 5244 Deum
2054 5181 2254 5244 habere

678 5279 732 5332 in
775 5278 1044 5342 notitiam,
1082 5277 1256 5332 tradat
1291 5277 1435 5354 Deus
1460 5279 1756 5335 secundum
1779 5265 2046 5333 desideria
2076 5279 2254 5333 cordis

678 5383 888 5434 eorum,
941 5368 996 5422 in
1044 5366 1476 5434 immunditiam,
1525 5377 1585 5423 ut
1630 5369 1972 5425 contumeliis
2019 5367 2254 5424 alliciant

679 5474 909 5529 corpora
939 5473 1035 5513 sua
1065 5459 1119 5513 in
1147 5459 1471 5529 semetipsis,
1509 5467 1566 5514 et
1597 5459 1731 5515 alios
1760 5461 1853 5529 qui
1883 5468 2250 5515 commutave-

681 5559 808 5606 runt
847 5550 1072 5621 gloriam
1107 5548 1529 5624 incorruptibilis
1557 5549 1654 5606 Dei
1682 5552 1860 5606 tradat
1882 5552 1937 5605 in
1978 5553 2254 5621 passiones

683 5641 1007 5712 ignominiae,
1036 5641 1101 5695 de
1135 5640 1329 5709 quibus
1365 5640 1421 5694 in
1463 5640 1594 5696 locis
1633 5641 1746 5696 suis
1787 5649 1945 5714 prout
1984 5642 2255 5710 potuimus

684 5729 936 5798 diximus,
966 5740 1020 5786 et
1046 5730 1134 5785 hic
1160 5743 1290 5800 ergo
1315 5730 1407 5801 qui
1441 5731 1760 5801 semetipsos
1787 5731 2042 5790 exhibent
2069 5747 2254 5789 servos

2336 3737 2616 3808 perveniat
2656 3731 3060 3802 sempiternam,
3100 3733 3392 3797 praestante
3441 3716 3630 3774 Domino
3667 3711 3773 3797 nos“?3

2337 3804 2464 3880 :lesu
2500 3823 2738 3887 Christo,
2785 3821 2877 3890 qui
2917 3833 3042 3874 cum
3069 3816 3230 3871 Patre
3271 3824 3322 3868 et
3369 3809 3552 3880 Spiritu
3593 3804 3720 3857 sancto
3735 3805 3774 3839 ῐιι

2341 3919 2417 3970 vit
2463 3925 2520 3970 et
2561 3923 2749 3987 regnat
2796 3914 2936 3968 Deus
2972 3925 3070 3982 per
3114 3909 3298 3964 omnia
3336 3902 3517 3961 saecula
3557 3891 3773 3953 seculorum

2341 4008 2536 4063 Amen.

2834 4093 3111 4152 HOMILIA
3148 4089 3426 4149 CXXXIII.

2907 4202 3038 4242 I’I‘EM
3079 4201 3236 4240 FERIA
3273 4199 3346 4237 IV.

2505 4277 2687 4333 Lectio
2711 4277 2880 4332 sancti
2909 4275 3183 4346 Evangelii
3213 4271 3496 4328 secundum
3521 4265 3689 4320 Lucam.

2417 4393 2484 4448 In
2507 4393 2596 4448 illo
2620 4404 2844 4462 tempore
2867 4391 2998 4445 dixit
3020 4389 3175 4445 Iesus
3205 4387 3466 4458 discipulis
3485 4381 3578 4438 suis
3597 4394 3612 4432 ἔ
3628 4365 3777 4462 Ωκί

2348 4485 2412 4540 lis
2441 4496 2514 4539 est
2543 4487 2598 4538 in
2636 4485 2870 4547 minimo,
2917 4491 2965 4536 et
3002 4484 3055 4535 in
3094 4482 3294 4550 majore
3328 4478 3490 4548 ﬁdelis
3523 4481 3612 4534 est;
3639 4457 3778 4530 εισιέίε

2346 4576 2552 4628 modico
2577 4576 2785 4644 iniquus
2809 4582 2907 4638 est,
2945 4582 2993 4626 et
3024 4574 3078 4625 in
3108 4573 3307 4641 majore
3327 4572 3524 4638 iniquus
3545 4570 3622 4617 est.

2421 4665 2557 4721 Sunt
2595 4640 2686 4736 qui
2735 4667 2943 4720 viscera
2993 4640 3210 4734 pietatis
3239 4672 3294 4718 et
3317 4677 3475 4732 opera
3509 4640 3779 4735 misericoﬂlliis

2351 4773 2469 4828 quae
2493 4758 2756 4828 proximis
2785 4757 3052 4811 debentur
3083 4757 3414 4824 ignorantes,
3443 4750 3608 4806 merito
3630 4756 3672 4797 se
3694 4741 3780 4828 εξξυ·

2353 4820 2512 4912 tatis,
2534 4847 2860 4917 vigiliarum,
2903 4846 3071 4918 longa:
3101 4820 3381 4910 orationis,
3416 4843 3571 4913 plena:
3592 4820 3782 4918 fideidii‘f‘

2352 4938 2587 5002 nierum,
2629 4915 3056 5006 cateraruquc
3097 4936 3376 4999 virtutum,
3421 4946 3531 5002 quae
3562 4925 3636 4982 Dei
3662 4915 3782 5006 Iulia”

2353 5027 2573 5097 gignere
2614 5024 2770 5089 solet,
2805 5001 3068 5079 veraciter
3094 5023 3276 5079 ﬁdeles
3302 5001 3613 5076 existimant,
3645 5001 3783 5091 sed
3840 5001 3841 5066 1

2319 5155 2322 5158 .
2345 5082 2527 5184 iudice
2559 5122 2872 5179 attestante,
2893 5114 2983 5184 qui
3015 5113 3184 5182 ﬁdelis
3203 5123 3276 5166 est
3301 5113 3356 5166 in
3383 5110 3595 5166 minimo,
3624 5097 3661 5152 id

2354 5173 2584 5277 pecunia
2607 5221 2730 5261 cum
2759 5173 2995 5274 paupere
3015 5173 3410 5274 participanda,
3437 5201 3487 5254 in
3513 5173 3784 5277 majus/5W

2355 5271 2466 5360 est,
2517 5295 2607 5349 illo
2631 5271 2902 5369 aride—licet
2949 5271 3109 5359 actu,
3150 5271 3256 5363 quo
3303 5288 3586 5362 specialiter
3610 5271 3785 5369 Δῖί-άιιεξτθξῗ

2357 5358 2709 5444 (1τεθῑοτίίθι
2727 5395 2867 5459 unus
2890 5394 3013 5433 cum
3039 5345 3109 5433 eo
3126 5345 3348 5448 spiritus
3374 5373 3505 5430 efﬁci
3526 5361 3738 5459 desideri:-
3752 5345 3786 5441 ιν
3840 5405 3841 5418 ,

2310 5529 2312 5531 ,
2357 5469 2449 5538 qni
2477 5440 2791 5538 temporalia
2819 5484 2947 5538 quae
2981 5434 3220 5538 possidet
3249 5475 3394 5522 recte
3419 5464 3682 5532 dispensare
3699 5434 3786 5497 dissi-
3840 5533 3841 5536 Ἴ

2360 5557 2547 5623 mulat,
2581 5566 2907 5613 aeternorum
2949 5559 3051 5613 sibi
3090 5558 3312 5628 gloriam
3341 5556 3405 5610 de
3433 5566 3530 5624 qua
3570 5544 3697 5600 tumet

2361 5657 2503 5702 cuat.
2538 5647 2639 5713 Qui
2666 5650 2802 5701 enim
2829 5665 2931 5702 non
2959 5621 3126 5720 diligit
3153 5649 3364 5718 fratrem
3401 5621 3542 5699 suum
3569 5648 3684 5708 quem
3704 5621 3787 5720 ulti:

2362 5737 2530 5791 Deum
2576 5754 2726 5808 quem
2770 5755 2872 5793 non
2912 5711 3335 5809 videtvquomodo
3373 5743 3525 5807 potest
3559 5725 3735 5792 dum",
3765 5711 3791 5756 ﬂ
