3960 6360
199 352 308 407 ιοι
1299 352 1603 408 “OM”..le
1640 351 1708 406 IN
1743 351 1804 404 E‘

1911 349 1997 404 iG.
2035 348 2124 403 ET
2162 349 2381 405 EPIST.
3362 351 3488 406 4οξ

201 468 350 522 sicut
376 465 518 521 idem
546 465 698 532 dicit,
723 467 812 537 qui
849 467 1086 521 habuerit
1106 468 1450 524 substantiam
1488 466 1690 524 mundi.
1730 474 1779 518 et
1807 468 1855 528 Λ
1883 477 2228 533 praesumere,
2271 462 2367 517 sed
2403 468 2459 516 et
2499 468 2812 532 peccatores
2857 458 3282 533 publicanosque
3328 459 3490 520 βοαί-μη

201 556 394 611 viderit
434 555 652 624 fratrem
696 571 850 609 suum
891 572 1094 610 necesse
1140 556 1328 610 habere
1359 565 1407 610 et
1444 554 1690 608 clauserit
1715 553 1790 607 vi-

201 664 358 702 scera
383 663 480 700 sua
509 645 573 700 ab
603 662 683 711 eo,
712 648 971 717 quomodo
1011 648 1237 700 charitas
1270 647 1365 700 Dei
1403 655 1576 700 manet
1614 646 1669 699 in
1690 646 1789 698 eo?

282 736 344 793 Si
363 754 484 807 ergo
507 737 561 791 in
579 738 757 807 iniquo
784 725 1081 791 mammona
1103 735 1282 805 ﬁdeles
1303 753 1405 790 non
1427 737 1624 806 fuistis,
1649 737 1788 806 quod

205 839 436 883 vestrum
465 836 564 892 est,
585 828 701 898 quis
729 829 892 882 credit
927 829 1088 883 vobis.
1136 830 1212 884 De
1251 815 1436 899 iniquo
1459 843 1786 896 mammona,

203 916 359 984 quod
389 915 608 970 divitias
635 915 901 970 malorum
939 917 1228 987 signiticet,
1253 933 1414 987 supra
1441 919 1790 988 explanatum

204 1015 320 1068 est,
345 1020 572 1074 quarum
614 1005 1226 1061 meutionemSalvator
1253 1005 1456 1062 faciens
1481 1007 1609 1062 alibi
1637 1007 1788 1073 dicit,

205 1095 340 1163 quia
375 1091 591 1162 fallacia
630 1092 934 1146 divitiarum
971 1095 1194 1163 su/focat
1238 1096 1468 1149 verbum.
1500 1096 1670 1150 Veras
1697 1110 1793 1149 au-

211 1192 328 1237 tem
363 1182 578 1237 divitias
616 1182 701 1236 vel
735 1169 850 1252 ipsa
889 1191 1106 1238 aeternae
1133 1183 1256 1238 vitae
1285 1166 1479 1255 gaudia
1507 1185 1572 1239 de
1599 1184 1793 1254 quibus

209 1271 479 1341 scriptum
515 1279 620 1336 est,
651 1288 768 1341 qua:
791 1272 985 1326 divitia:
1009 1272 1328 1328 liwreditatis
1355 1262 1467 1345 ejus
1491 1276 1544 1328 in
1572 1277 1792 1342 sanctis,

209 1363 302 1418 vel
343 1363 597 1417 virtutum
633 1363 956 1432 spiritalium
984 1364 1176 1433 quibus
1201 1367 1268 1420 ad
1288 1366 1453 1420 vitam
1483 1366 1796 1436 pervenitur

210 1453 429 1521 copiam
483 1451 772 1523 significat,
816 1453 880 1508 de
926 1455 1120 1522 quibus
1155 1455 1289 1510 dicit
1336 1456 1550 1511 Isaias:
1600 1457 1796 1511 divitia:

212 1543 407 1598 salutis
443 1545 700 1613 sapierttia
737 1553 786 1599 et
827 1545 1067 1614 scientia,
1116 1547 1274 1602 timor
1317 1547 1529 1602 Domini
1561 1549 1672 1619 ipse
1719 1558 1795 1604 est

211 1635 496 1688 thesaurus
517 1633 652 1703 ejus.

289 1725 430 1779 Etsi
457 1725 511 1780 in
536 1724 707 1779 alieno
731 1725 910 1794 ﬁdeles
931 1742 1034 1780 non
1057 1727 1253 1796 fuistis,
1283 1728 1422 1798 quod
1443 1737 1668 1783 vestrum
1692 1739 1791 1796 est,

1888 565 2017 622 pere
2042 551 2389 620 pcenitentes,
2429 558 2484 604 et
2524 565 2620 604 sua
2651 565 2771 619 quae
2807 548 2948 604 forte
2979 549 3277 606 inciderent
3313 552 3464 610 elee-

1887 640 2128 712 mosyuis
2174 649 2397 709 peccata
2449 641 2736 695 redimere.
2790 639 2896 694 Sed
2950 640 3024 694 illi
3075 652 3482 712 praeceptorem»

1887 731 2311 796 misericordias,
2385 730 2705 786 humilitatis
2774 738 2830 786 et
2892 731 3260 801 parcimonize,
3327 733 3468 792 duas

1890 823 2126 877 maxime
2161 821 2478 877 deridebant
2502 822 2572 876 ob
2599 837 2812 886 causas,
2847 821 2972 890 quia
3010 821 3216 878 scilicet
3236 821 3320 876 vel
3367 826 3469 878 mio'

1890 924 1995 967 nus
2039 911 2212 977 utilia,
2263 925 2436 981 neque
2486 927 2724 980 unquam
2775 911 3019 966 facienda
3069 911 3223 981 quasi
3275 914 3482 970 noxius.

1889 1002 2203 1073 imperaret,
2237 1000 2320 1055 vel
2351 1008 2500 1056 certe
2525 1001 2677 1055 utilia
2705 1015 2735 1055 a
2767 1015 2824 1058 se
2850 1000 2964 1071 jam
2993 999 3137 1058 facta
3168 1002 3475 1073 superﬂuus

1892 1094 2183 1165 ingereret.

1961 1184 2031 1238 Et
2055 1187 2128 1238 ait
2166 1184 2270 1240 illis
2294 1199 2313 1237 :
2359 1183 2457 1240 Vos
2499 1188 2647 1252 estis,
2696 1187 2785 1257 qui
2817 1185 3125 1256 justiﬁcatis
3165 1203 3249 1241 vos
3293 1201 3474 1240 coram

1879 1276 2188 1348 ‘hominibus
2212 1293 2230 1330 :
2261 1277 2404 1331 Deus
2428 1286 2601 1332 autem
2623 1278 2761 1332 novit
2786 1279 2944 1332 corda
2968 1289 3162 1345 vestra,
3186 1279 3308 1350 quia
3331 1277 3471 1348 quod

1894 1365 2187 1419 hominibus
2215 1365 2380 1420 altum
2405 1377 2503 1434 est,
2539 1368 2860 1423 abominatio
2889 1379 2963 1423 est
2988 1370 3128 1441 apud
3153 1370 3341 1424 Deum.
3373 1369 3468 1424 Ju-

1894 1453 2131 1509 stificant
2161 1471 2218 1509 se
2245 1470 2428 1510 coram
2454 1457 2783 1522 hominibus,
2809 1458 2899 1526 qui
2927 1466 3238 1526 peccatores
3257 1458 3473 1526 quidem

1894 1544 2050 1612 quasi
2077 1543 2320 1599 infirmos
2345 1545 2763 1622 desperatosque
2793 1553 3162 1611 contemnunt,
3205 1561 3263 1600 se
3293 1555 3473 1599 autem

1896 1637 2043 1706 ipsos
2065 1635 2217 1704 quasi
2259 1635 2527 1705 perfectos
2553 1636 2606 1690 in
2630 1636 2880 1691 omnibus
2905 1644 3218 1705 cunctaaque
3265 1637 3475 1707 fragili-

1897 1727 2027 1781 tatis
2063 1733 2312 1795 expertes
2340 1724 2804 1796 eleemosynarum
2836 1726 3074 1780 remedio
3100 1740 3235 1794 opus
3269 1726 3473 1780 habere

213 1817 339 1888 quis
383 1816 522 1870 dabit
559 1817 736 1871 vobis?
764 1816 965 1872 Aliena‘:
1003 1827 1128 1873 sunt
1155 1833 1187 1872 a
1216 1818 1369 1874 nobis
1413 1817 1573 1888 hujus
1617 1821 1800 1875 saeculi
1828 1823 1876 1882 B
1905 1833 2011 1872 non
2040 1816 2285 1872 credunt.
2315 1814 2420 1870 Sed
2447 1816 2562 1869 haec
2599 1816 2744 1870 noxii
2773 1817 2998 1870 tumoris
3031 1815 3280 1880 altitudo,
3311 1831 3474 1884 quam

217 1909 526 1978 facultates,
567 1911 620 1966 id
658 1920 761 1976 est,
801 1919 956 1967 extra
997 1920 1247 1966 naturam
1283 1912 1437 1967 sitas:
1470 1912 1606 1966 nihil
1653 1912 1796 1968 enim

217 2001 505 2057 intulimus
540 2002 594 2056 in
634 2002 778 2057 hunc
819 2003 1096 2068 mundum,
1129 2002 1273 2057 haud
1304 2003 1524 2058 dubium
1551 2004 1677 2073 quia
1695 2018 1799 2075 nec

218 2093 442 2148 auferre
498 2092 655 2162 quid
703 2093 991 2164 possimus.
1053 2092 1247 2148 Nostra
1297 2102 1478 2150 autem
1527 2094 1798 2164 possessio

220 2202 450 2254 regnum
480 2187 758 2251 ccelornm,
791 2197 974 2242 nostra
1007 2187 1119 2242 vita
1149 2197 1253 2253 est,
1289 2195 1486 2243 nostra:
1511 2202 1641 2257 opes
1673 2194 1802 2242 sunt

219 2276 550 2345 spiritalium
579 2291 798 2346 operum
831 2276 1056 2342 fructus,
1089 2278 1154 2333 de
1184 2278 1380 2347 quibus
1408 2275 1661 2332 Salomon
1691 2277 1798 2341 ait,

222 2365 509 2434 redemptio
547 2365 738 2420 anima:
781 2366 878 2420 viri
920 2367 1143 2437 propria:
1184 2367 1378 2422 divitia:
1428 2367 1562 2438 ejus.
1611 2366 1803 2434 Arguit

223 2469 360 2523 ergo
394 2454 697 2510 Pharisaaos
728 2454 934 2510 fraudis
963 2463 1018 2509 et
1044 2455 1302 2520 avaritiae,
1335 2455 1428 2528 qui
1459 2455 1712 2525 quoniam
1746 2455 1803 2508 in

223 2541 577 2598 facultatibus
629 2544 743 2599 suis
791 2544 977 2600 ﬁdeles
1025 2559 1132 2598 non
1184 2543 1439 2610 fuerunt,
1495 2545 1802 2600 communia

223 2632 526 2686 conditoris
594 2633 732 2687 bona
788 2633 1042 2703 privatim
1098 2633 1298 2688 habere
1358 2621 1640 2701 malentes,
1703 2650 1803 2692 nec
1895 2654 1898 2655 '

224 2722 504 2777 Christum
537 2724 782 2794 accipere
819 2732 1135 2779 meruerunt
1162 2741 1323 2796 quem
1357 2725 1674 2796 publicanus
1714 2725 1804 2783 ille

227 2813 390 2882 cujus
437 2814 593 2884 paulo
642 2823 768 2871 ante
817 2816 1038 2872 memini
1101 2819 1358 2874 Zachteus
1410 2827 1471 2874 ut
1522 2820 1805 2889 acquirere

227 2914 420 2975 posset
457 2905 731 2961 dimidiam
766 2916 979 2977 partem
1024 2909 1287 2965 bonorum
1325 2924 1546 2966 suorum
1588 2911 1801 2967 obtulit.

307 2996 475 3051 Neino
503 3015 677 3052 servus
715 3008 880 3068 potest
925 3001 1129 3056 duobus
1158 3001 1392 3056 dominis
1419 3002 1629 3056 servire.
1667 3001 1804 3068 Quia

227 3103 343 3144 non
405 3090 547 3146 valet
599 3091 756 3146 simul
813 3093 1128 3148 transitoria
1183 3102 1240 3149 et
1287 3101 1489 3149 aeterna
1542 3093 1803 3164 diligere:

1898 1911 1969 1964 sit
1992 1909 2136 1977 iuste
2165 1907 2494 1973 damnanda,
2527 1908 2673 1962 videt
2711 1907 2820 1972 ille,
2866 1908 2959 1976 qui
2989 1907 3312 1961 illuminabit
3357 1907 3479 1962 abs-

1897 2000 2114 2056 condita
2158 1998 2498 2053 tenebrarum
2551 2007 2607 2053 et
2661 1997 3027 2052 manifestabit
3074 1995 3300 2052 consilia
3357 2013 3479 2050 cor-

1898 2088 2066 2152 dium,
2091 2086 2248 2142 Jesus
2267 2086 2515 2141 Christus
2540 2087 2797 2142 Dominus
2836 2095 3021 2142 noster
3046 2087 3137 2156 qui
3166 2103 3288 2142 cum
3317 2087 3480 2141 Patre

1900 2183 1955 2231 et
1987 2174 2191 2245 Spiritu
2240 2183 2432 2230 sancto
2464 2176 2597 2229 vivit
2633 2185 2691 2231 et
2739 2185 2931 2246 regnat
2978 2179 3119 2237 Deus
3156 2192 3253 2252 per
3297 2177 3478 2234 omnia

1900 2266 2095 2323 saecula
2119 2266 2461 2326 smeulorum.
2483 2266 2676 2323 Amen.

2395 2394 2674 2452 l‘lOMILIA
2713 2395 2997 2452 CXXXIV.

2554 2481 2710 2522 FERIA
2737 2481 2810 2521 Vl.

2045 2553 2235 2610 Lectio
2262 2554 2437 2610 sancti
2467 2555 2742 2626 Evangelii
2781 2558 3074 2612 secundum
3114 2559 3338 2615 Lucam.

1973 2645 2043 2701 In
2078 2647 2171 2700 illo
2201 2656 2452 2718 tempore,
2486 2649 2685 2718 rogavit
2721 2647 2904 2704 Iesum
2930 2650 3142 2721 quidam
3177 2650 3482 2708 Phariswus

1903 2745 1959 2790 ut
1985 2737 2264 2806 pranderet
2286 2737 2426 2807 apud
2452 2754 2524 2800 se,
2549 2747 2596 2791 et
2617 2739 2880 2809 ingressus
2900 2741 3153 2795 recubuit.
3176 2741 3482 2798 Pharisqu

1902 2835 2077 2880 autem
2113 2827 2262 2896 coepit
2289 2827 2431 2880 intra
2474 2844 2528 2881 se
2563 2837 2812 2895 reputans
2840 2829 3034 2895 dicere,
3059 2847 3220 2901 quare
3259 2847 3362 2886 non
3391 2830 3482 2884 ba-

1901 2916 2131 2985 ptizatus
2157 2923 2288 2969 esset
2311 2925 2432 2968 ante
2452 2917 2754 2984 prandium,
2779 2926 2888 2972 etc.

1901 3014 1906 3018 ’
1974 3004 2204 3060 Causam
2237 3003 2495 3059 Pharisaei
2521 3007 2862 3076 cogitationis
2889 3007 3229 3078 Evangelista
3269 3007 3484 3064 Marcus

1904 3094 2116 3165 aperuit
2141 3093 2326 3149 dicens
2357 3113 2369 3148 :
2398 3092 2659 3150 Pharisaei
2698 3099 2835 3152 enim
2879 3108 2926 3153 et
2957 3116 3132 3153 omnes
3157 3098 3336 3154 Judaei
3375 3101 3481 3154 nisi

225 3177 276 3232 si
329 3178 474 3232 enim
526 3181 881 3236 aeternitatem
927 3182 1196 3253 diligimus
1219 3222 1234 3248 ,
1289 3193 1482 3238 cuncta
1531 3191 1800 3254 tempora-
1827 3191 1872 3252 α
1903 3184 2081 3238 crebro
2119 3201 2306 3238 manus
2341 3184 2510 3239 lavent
2549 3202 2653 3240 non
2673 3187 3280 3254 manducant,tenentes
3314 3189 3482 3243 tradi-

227 3263 303 3317 lia
329 3263 384 3318 in
425 3280 526 3319 usu
567 3281 676 3320 non
718 3266 774 3320 in
811 3266 1001 3323 affectu
1042 3270 1398 3338 possidemus.

303 3355 410 3409 Aut
432 3355 567 3409 enim
597 3373 756 3410 unum
787 3357 907 3412 odio
929 3359 1156 3423 habebit,
1178 3368 1226 3414 et
1251 3362 1473 3414 alterum
1488 3360 1698 3431 diliget;
1719 3371 1813 3416 aut

225 3445 328 3498 uni
353 3445 659 3513 adha'rebit,
689 3456 738 3501 et
758 3447 980 3502 alterum
1011 3459 1318 3506 contemnet.
1344 3451 1468 3507 Haec
1493 3453 1657 3508 verba
1687 3453 1808 3509 dili-

226 3544 425 3606 genter
447 3538 836 3594 consideranda
870 3548 1024 3605 sunt,
1069 3557 1198 3596 nam
1233 3543 1326 3614 qui
1351 3542 1458 3599 sint
1480 3543 1585 3600 duo
1609 3543 1810 3600 domini

231 3637 631 3698 consequenter
669 3631 890 3699 exponit
913 3632 1096 3688 dicens
1119 3651 1132 3686 :

307 3716 433 3772 Non
458 3721 671 3788 potestis
701 3719 810 3775 Deo
835 3723 1026 3776 servire
1048 3733 1097 3777 et
1116 3739 1448 3780 mammonae.
1481 3725 1679 3782 Audiat
1707 3727 1811 3784 hoc

165 3815 174 3820 '
230 3819 464 3872 avarus,
514 3808 698 3863 audiat
744 3810 836 3880 qui
879 3819 1132 3866 censetur
1170 3815 1430 3871 vocabulo
1479 3815 1807 3884 Christiano,

165 3936 174 3953 .-
230 3909 348 3949 non
375 3909 529 3966 posse
553 3896 712 3950 simul
743 3913 1080 3966 mammonae,
1119 3899 1223 3958 hoc
1255 3913 1359 3968 est,
1400 3903 1623 3970 divitiis,
1656 3905 1814 3961 Chri-

230 3991 432 4054 stoque
467 4000 526 4040 se
561 3987 786 4041 servire.
828 3987 895 4042 Et
922 3997 1098 4043 tamen
1125 4005 1230 4046 non
1255 3991 1409 4060 dixit,
1433 3994 1524 4063 qui
1549 3995 1711 4050 habet
1731 3995 1812 4050 di-

160 4138 168 4152 ‘
229 4075 423 4141 vitias,
470 4077 563 4132 sed
603 4078 693 4148 qui
731 4079 897 4134 servit
935 4081 1168 4149 divitiis;
1199 4084 1291 4154 qui
1319 4084 1465 4140 enim
1496 4085 1810 4142 divitiarum

231 4180 433 4222 servus
471 4175 572 4232 est,
613 4169 824 4224 divitias
861 4173 1114 4239 custodit,
1159 4182 1218 4228 ut
1260 4191 1479 4242 servus;
1508 4177 1600 4246 qui
1629 4186 1809 4232 autem

232 4255 522 4310 servitutis
540 4259 771 4314 excussit
788 4259 1000 4332 jugum,
1023 4263 1295 4319 distribuit
1313 4281 1426 4332 eas,
1449 4274 1508 4321 ut
1527 4268 1808 4323 dominus:

234 4345 340 4402 sed
365 4347 455 4415 qui
481 4349 646 4403 servit
680 4365 1020 4419 mammonaa,
1055 4353 1129 4408 illi
1166 4355 1350 4424 utique
1387 4358 1576 4422 servit,
1614 4359 1704 4428 qui
1730 4374 1813 4413 re-

235 4434 348 4489 bus
366 4434 482 4492 istis
503 4439 733 4494 terrenis
756 4441 948 4496 merito
969 4457 1079 4496 suae
1103 4439 1471 4512 perversitatis
1499 4448 1812 4518 praepositus

236 4526 493 4597 princeps
533 4529 692 4598 hujus
736 4533 917 4587 saeculi
961 4548 991 4587 a
1020 4533 1248 4592 Domino
1293 4538 1510 4593 dicitur.
1541 4539 1681 4610 Ergo
1721 4549 1812 4594 aut
1842 4534 1890 4595 D

238 4629 414 4669 unum
434 4617 597 4684 odiet,
614 4630 670 4674 et
686 4620 912 4676 alterum
927 4623 1129 4696 diliget,
1151 4627 1340 4682 utﬁeri
1356 4629 1533 4694 debet,
1551 4630 1696 4686 odiet
1715 4633 1816 4686 sci-

239 4703 373 4762 licet
409 4708 697 4778 diabolum,
732 4713 915 4785 diliget
936 4715 1135 4782 Deum;
1167 4728 1260 4774 aut
1286 4721 1378 4774 uni
1407 4723 1722 4789 adhaerebit,
1760 4732 1817 4779 et

237 4797 474 4853 alterum
495 4810 823 4856 contemnet.
865 4803 1176 4862 Adhzerebit
1201 4810 1410 4864 scilicet
1435 4811 1666 4878 diabolo,
1692 4829 1814 4868 cum

237 4888 401 4957 quasi
437 4889 552 4956 ejus
586 4891 808 4961 praemia
848 4895 1162 4962 temporalia
1202 4906 1467 4965 sectatur,
1510 4909 1818 4957 contemnet

239 4986 428 5032 autem
481 4979 682 5048 Deum,
729 4997 837 5037 non
885 4983 1023 5038 dixit
1069 4985 1254 5052 odiet,
1304 4988 1397 5042 sed
1447 4989 1588 5043 sicut
1642 4989 1814 5044 solent

240 5069 424 5125 minas
457 5079 779 5142 postponere
814 5075 1193 5144 cupiditatibus
1239 5078 1378 5142 suis,
1421 5080 1513 5148 qui
1553 5080 1619 5134 de
1657 5080 1813 5134 boni-

241 5169 362 5215 tate
398 5162 515 5232 ejus
560 5163 625 5218 ad
664 5164 1035 5234 impunitatem
1076 5168 1177 5223 sibi
1219 5165 1584 5237 blandiuntur,
1623 5171 1818 5241 quibus

239 5266 349 5324 per
409 5251 754 5310 Salomonem
811 5258 1009 5312 dicitur
1057 5278 1070 5313 :
1123 5258 1268 5328 Fili,
1311 5279 1375 5316 ne
1422 5263 1646 5334 adjicias
1700 5280 1821 5334 pec-

241 5352 427 5398 catum
460 5361 615 5416 super
645 5357 936 5416 peccatum,
973 5359 1023 5404 et
1055 5350 1241 5406 dicas:
1273 5350 1540 5409 Miseratio
1568 5352 1667 5408 Dei
1700 5369 1816 5409 ma-

240 5452 354 5508 gna
377 5444 471 5490 est.

319 5526 615 5582 Audiebant
649 5539 823 5584 autem
862 5532 1037 5586 omnia
1081 5533 1192 5587 hare
1229 5533 1511 5600 Pharistri,
1557 5535 1647 5606 qui
1672 5547 1819 5591 erant

241 5617 422 5681 avari,
453 5627 498 5671 et
535 5619 835 5674 deridebant
882 5620 1050 5675 illum.
1081 5621 1329 5678 M’onebat
1356 5625 1570 5693 quidem
1601 5624 1821 5681 Scribas

241 5717 306 5765 et
333 5706 635 5784 Pharisacos
656 5725 762 5767 non
785 5711 1012 5783 superbe
1036 5729 1243 5786 sapere,
1274 5729 1378 5771 non
1407 5716 1472 5772 de
1491 5732 1586 5771 sua
1609 5715 1820 5787 justitia

1911 3275 2105 3329 tionem
2137 3276 2421 3342 seniorum,
2463 3284 2511 3330 et
2555 3292 2588 3329 a
2618 3275 2732 3345 foro
2772 3278 3028 3332 venientes
3071 3279 3172 3334 nisi
3221 3279 3487 3350 baptizau-

1909 3375 1998 3420 tur
2023 3385 2125 3422 non
2155 3365 2450 3422 comedunt.

1979 3458 2049 3514 Et
2092 3459 2167 3513 ait
2193 3459 2348 3514 Iesus
2370 3459 2440 3513 ad
2483 3458 2634 3514 illum
2657 3473 2675 3512 :
2698 3459 2856 3514 Nunc
2899 3477 3008 3526 vos,
3041 3459 3320 3527 Pharisaei,
3355 3460 3484 3532 quid

1909 3551 2106 3622 deforis
2141 3561 2216 3607 est
2249 3552 2427 3606 colicis
2472 3562 2519 3606 et
2552 3552 2712 3606 catini
2736 3552 3023 3618 mundatis,
3047 3551 3184 3624 quod
3210 3563 3382 3606 autem
3403 3553 3488 3607 in-

1910 3652 1994 3696 tus
2027 3651 2103 3697 est
2141 3651 2384 3707 vestrum,
2413 3641 2624 3713 plenum
2669 3653 2744 3698 est
2777 3644 2963 3713 rapina
3007 3652 3054 3697 et
3090 3643 3382 3714 iniquitate.
3419 3645 3488 3699 Et

1911 3733 2124 3790 Marcus
2149 3735 2366 3804 quidem
2394 3734 2562 3790 refert
2591 3750 2686 3791 eos
2714 3735 3039 3804 baptismata
3065 3735 3292 3790 calicum
3322 3743 3376 3790 et
3396 3749 3488 3788 ur-

1910 3841 2129 3882 ceorum
2155 3825 2525 3895 lectorumque
2553 3832 2608 3880 et
2641 3832 3060 3879 teramentorum
3085 3824 3372 3879 observare
3399 3837 3489 3878 so-

1911 3917 2055 3983 litos,
2097 3915 2192 3971 sed
2220 3916 2392 3986 magis
2420 3917 2521 3971 sub
2540 3915 2756 3992 nomine
2784 3929 3055 3978 vasorum,
3087 3913 3188 3983 ipsi
3218 3910 3488 3968 mendacii

1910 4018 1967 4065 et
2001 4008 2361 4064 simulationis
2389 4015 2710 4078 arguuntur,
2735 4007 2876 4076 quod
2906 4007 3050 4061 aliud
3075 4006 3360 4061 ostendant
3390 4005 3488 4060 ho-

1911 4099 2145 4154 minibus
2193 4097 2348 4164 foris,
2390 4097 2536 4153 aliud
2577 4097 2722 4152 domi
2768 4105 2952 4166 agant,
3002 4095 3228 4151 formam
3267 4096 3488 4165 pietatis
3517 4094 3534 4108 '

1912 4189 2172 4244 habentes
2213 4187 2567 4252 extrinsecus,
2622 4186 2715 4240 sed
2745 4187 2888 4240 intus
2913 4186 3167 4239 vitiorum
3207 4185 3364 4240 sorde
3397 4183 3490 4238 de-

1912 4277 2132 4344 formes,
2158 4277 2274 4332 vult
2297 4277 2441 4332 enim
2468 4277 2726 4332 Dominus
2749 4276 3017 4345 explicare
3038 4275 3216 4340 latius,
3243 4291 3363 4345 qua:
3389 4289 3483 4330 su-

1912 4385 2011 4441 pra
2035 4369 2271 4424 breviter
2300 4368 2368 4423 de
2391 4367 2700 4422 mundando
2720 4367 2901 4422 cordis
2926 4366 3080 4421 oculo
3100 4365 3412 4436 protulerat.

1986 4459 2172 4526 Stulti,
2205 4475 2373 4514 nonne
2400 4460 2490 4529 qui
2530 4457 2650 4527 fecit
2671 4457 2810 4528 quod
2855 4457 3054 4527 deforis
3089 4466 3187 4523 est,
3234 4456 3390 4511 etiam
3433 4455 3490 4510 id

1913 4549 2051 4621 quod
2075 4549 2281 4604 deintus
2307 4558 2382 4602 est
2409 4547 2566 4618 fecit?
2591 4546 2717 4614 Qui,
2750 4547 2944 4616 inquit,
2967 4555 3200 4616 utraque
3236 4545 3488 4601 mandari

1916 4641 2208 4696 desiderat.
2238 4638 2353 4694 Hoc
2390 4647 2579 4694 contra
2611 4637 2955 4701 Manichzeos,
2985 4636 3076 4706 qui
3104 4637 3340 4690 animam
3372 4643 3492 4689 tan~

1915 4739 2028 4785 tum
2062 4745 2093 4784 a
2115 4730 2248 4795 Deo,
2289 4743 2507 4783 carnem
2529 4742 2657 4782 vero
2682 4733 2874 4794 putant
2902 4739 2933 4778 a
2970 4724 3185 4778 diabolo
3218 4732 3492 4789 creatam,

1917 4819 2021 4875 hoc
2053 4825 2240 4873 contra
2275 4817 2413 4881 illos,
2441 4816 2533 4886 qui
2579 4814 2875 4884 corporalia
2903 4802 3493 4884 peccata,forni¢atio—

1918 4921 2042 4962 nem
2061 4903 2330 4972 videlicet,
2348 4903 2761 4969 immunditiam,
2787 4902 3086 4969 libidinem,
3103 4901 3321 4966 furtum,
3347 4902 3501 4972 rapi-'

1917 5011 2064 5061 nam,
2101 5003 2158 5051 et
2189 5003 2384 5049 caetera
2420 4995 2548 5049 talia
2575 4995 2733 5064 quasi
2770 4994 3084 5065 gravissima
3131 4994 3487 5059 detestantur,

1916 5090 2177 5160 spiritalia
2213 5105 2365 5155 vero,
2405 5105 2524 5160 quae
2563 5105 2671 5144 non
2706 5090 2884 5144 minus
2919 5089 3139 5143 damnat
3178 5087 3504 5158 Apostolus,

1918 5181 2022 5236 hoc
2045 5189 2147 5246 est,
2187 5180 2612 5246 amaritudinem,
2653 5180 2807 5245 iram,
2833 5179 3258 5249 indignationem,
3286 5179 3484 5242 clamo-

1919 5285 2047 5334 rem,
2077 5269 2464 5340 blasphemiam,
2508 5270 2806 5338 superbiam
2834 5277 2882 5322 et
2927 5269 3221 5338 avaritiam,
3262 5287 3378 5341 qua!
3409 5281 3504 5331 est-

1918 5359 2180 5417 idolorum
2203 5360 2443 5425 servitus,
2470 5367 2530 5414 ut
2566 5359 2702 5414 levia
2723 5365 3088 5414 contemnunt.

1924 5471 1926 5474 ν
2003 5449 2364 5506 Verumtamen
2396 5451 2534 5522 quod
2558 5461 2810 5521 superest,
2851 5451 2972 5506 date
2997 5452 3398 5525 eleemosynam,
3437 5463 3493 5510 et

1918 5556 2032 5595 ecce
2062 5543 2238 5595 omnia
2261 5541 2456 5595 munda
2473 5550 2594 5596 sunt
2616 5542 2776 5596 vobis.
2809 5541 2961 5609 Quod
2987 5548 3292 5602 necessario
3317 5549 3490 5603 victui

1921 5639 1976 5684 et
1997 5631 2314 5686 vestimento
2341 5638 2586 5702 superest
2625 5631 2745 5686 date
2780 5635 3126 5703 pauperibus,
3149 5636 3299 5706 juxta
3344 5638 3490 5706 quod

1923 5731 1977 5778 et
2013 5719 2247 5780 Joannes
2265 5721 2512 5799 pracipit
2535 5739 2546 5776 :
2571 5721 2660 5793 qui
2691 5721 2840 5779 habet
2871 5723 3003 5782 duas
3044 5729 3246 5783 tunicas
3271 5737 3353 5781 det
3387 5742 3492 5780 non.
