3960 6360
531 320 642 374 403
1174 321 1234 379 Β.
1275 324 1532 381 RABANI
1569 325 1790 384 MAURI
1825 328 2144 392 ARCHIEP.
2188 327 2496 390 MOGUN'I‘.
2535 330 2819 398 οΡΕιιυΜ
2857 332 3038 391 PARS
3073 333 3138 390 ll.
3713 335 3812 395 664

535 431 763 497 habenti,
788 444 962 502 neque
988 446 1134 488 enim
1162 434 1237 490 ita
1271 436 1518 494 facienda
1538 436 1758 508 jubetur
1778 441 2121 514 eleemosyna
2143 447 2198 507 Α
2219 454 2364 511 sunt,
2404 455 2452 501 et
2485 462 2604 517 qua
2641 448 2771 518 {oris
2807 456 2927 504 sunt
2968 446 3167 501 munda
3211 456 3386 506 erunt.
3414 447 3526 504 Sed
3560 461 3645 504 ne
3690 447 3814 508 Istas

531 531 592 577 ut
623 530 676 578 te
715 522 892 593 ipsum
935 536 1228 582 consumas
1261 527 1437 597 inopia
1463 530 1597 584 :‘sed
1626 538 1687 584 ut
1711 530 1788 585 tui
1824 546 1956 588 cura
1997 546 2118 588 cor-
2222 534 2618 608 eleemosynas,
2651 552 2772 608 quat
2799 536 2936 594 ﬁunt
2957 538 3024 595 de
3050 535 3316 596 fructibus
3342 545 3506 595 terra:
3539 539 3816 609 respuisse

531 615 687 690 poris
711 614 942 684 expleta,
973 615 1185 686 inopem
1228 629 1491 688 quantum
1517 621 1680 687 ,vales
1706 631 2000 691 sustentes,
2032 623 2120 680 vel
2219 625 2520 694 videretur,

528 707 608 762 ita
651 705 1082 776 intelligendum,
1113 710 1254 777 quod
1289 721 1562 780 superest,
1603 715 1747 784 quod
1791 722 1900 773 tam
1949 714 2120 772 multo
2293 714 2424 771 Ιιιεσ
2453 726 2652 783 autem,
2676 715 2877 788 inquit,
2914 727 3114 789 oportet
3135 717 3328 789 facere,
3355 725 3414 775 et
3427 717 3743 790 judicium,
3769 729 3817 778 et

531 797 738 858 scelere
773 801 1188 868 praeoccupatis,
1225 802 1398 859 solum
1436 805 1734 860 remedium
1775 814 1948 861 restat
1988 807 2119 863 dare

526 887 952 959 eleemosynam,
978 890 1071 959 qui
1117 906 1298 948 sermo
1319 893 1383 948 ad
1415 895 1623 960 omnia,
1660 910 1781 973 qua:
1804 896 1925 961 utili
1953 896 2119 959 misce

528 981 746 1040 ratione
769 981 925 1049 ﬁunt,
949 982 1114 1050 valet,
1140 999 1248 1042 non
1269 985 1440 1042 solum
1469 987 1611 1041 enim
1631 988 1722 1057 qui
1750 987 1840 1042 dat
1859 988 2116 1044 esurienti

530 1073 738 1137 cibum,
771 1073 976 1128 sitienti
1005 1084 1213 1144 potum,
1253 1078 1397 1131 nudo
1437 1077 1843 1145 vestimentum,
1871 1081 2116 1150 peregri-

530 1160 684 1218 nanti
707 1161 1022 1231 hospitium,
1048 1172 1103 1218 et
1139 1173 1334 1220 caetera
1358 1165 1691 1236 hujnsmodi;
1721 1183 1907 1223 verum
1927 1169 2113 1234 etiam,

527 1251 622 1321 qui
653 1253 744 1306 dat
771 1254 985 1308 veniam
1020 1257 1293 1324 peccanti,
1330 1255 1730 1329 eleemosynam
1774 1258 1888 1324 dat,
1928 1267 1985 1314 et
2023 1257 2116 1328 qui

527 1341 782 1396 emendat
806 1342 1054 1410 verbere,
1098 1344 1150 1399 in
1177 1360 1339 1414 quem
1369 1355 1612 1417 potestas
1640 1348 1822 1415 datur,
1848 1348 1933 1403 vel
1961 1361 2117 1406 coere

527 1438 616 1486 cet
643 1430 822 1500 aliqua
853 1434 1156 1505 disciplina,
1205 1445 1262 1491 et
1302 1445 1481 1494 tamen
1517 1447 1798 1509 peccatum
1840 1438 1978 1508 ejus,
2008 1455 2116 1509 quo

527 1519 599 1576 ab
625 1521 716 1578 illo
745 1522 904 1578 laesus
930 1535 1024 1582 aut
1051 1526 1295 1590 oll'ensus.
1316 1536 1423 1593 est,
1449 1527 1674 1583 dimittit
1717 1544 1783 1584 ex
1811 1530 1994 1595 cerdo,
2028 1529 2115 1585 vel

525 1620 671 1676 orat,
701 1620 761 1666 ut
787 1613 837 1667 el
880 1615 1204 1681 dimittatur,
1242 1633 1349 1672 non
1383 1618 1555 1674 solum
1582 1619 1640 1674 in
1663 1633 1729 1675 eo
1754 1620 1897 1689 quod
1933 1619 2116 1675 dimit-

525 1703 614 1769 tit,
648 1712 812 1774 atque
835 1716 976 1770 orat,
991 1723 1180 1764 verum
1217 1709 1383 1764 etiam
1413 1710 1467 1764 in
1495 1725 1586 1776 eo,
1611 1711 1751 1780 quod
1779 1711 2023 1782 corripit,
2057 1719 2114 1767 et

2218 803 2540 862 charitatem
2570 807 2690 873 Dei,
2726 815 2784 862 ut
2809 817 2864 864 et
2885 823 2985 864 nos
3007 808 3278 869 veraciter
3309 808 3378 867 de
3415 818 3620 865 nostra
3656 811 3812 866 mise-

2219 893 2300 954 ria
2341 893 2666 969 judicantes,
2721 905 2779 951 et
2823 895 2919 950 Dei
2970 896 3315 964 cbaritatem,
3367 913 3535 967 quam
3592 898 3814 958 donarit

2221 983 2357 1054 ipse,
2397 984 2703 1056 diligentes,
2730 986 2819 1057 pie
2844 995 3096 1056 recteque
3131 987 3397 1053 vivamus,
3421 988 3648 1058 justum
3684 988 3814 1058 judi-

2219 1073 2361 1128 cium
2389 1071 2507 1142 ejus
2535 1073 2875 1141 conﬁteutes,
2901 1075 3158 1145 quoniam
3180 1076 3366 1132 miseri
3389 1075 3572 1132 el'l'ecti
3604 1092 3811 1145 sumus,

2218 1159 2285 1215 de
2314 1177 2420 1231 quo
2447 1162 2580 1218 dicit
2619 1163 2908 1234 Apostolus
2940 1181 2952 1217 :
2982 1163 3019 1217 J
3024 1165 3252 1218 udicium
3281 1165 3492 1235 quidem
3526 1183 3598 1220 ea:
3627 1184 3742 1220 uno
3768 1169 3813 1219 ἱιι

2218 1252 2725 1320 condemnationem,
2741 1263 2795 1308 et
2807 1268 3016 1325 magna:
3029 1255 3280 1309 charitali
3297 1255 3415 1324 ejus
3426 1257 3648 1327 gratias
3661 1272 3810 1326 agen-

2218 1352 2322 1410 tes,
2351 1345 2416 1400 de
2442 1359 2549 1417 qua
2578 1345 2718 1400 idem
2747 1346 2862 1425 ipse
2885 1344 3018 1400 dicit
3050 1346 3240 1416 gratiae
3265 1347 3631 1423 praedicator:
3661 1346 3810 1405 Cont-

2217 1434 2428 1490 mendat
2457 1444 2634 1495 autem
2673 1451 2825 1490 suam
2865 1435 3174 1490 eharitatem
3211 1435 3352 1490 Deus
3380 1437 3436 1490 in
3469 1437 3663 1501 nobis,
3687 1453 3810 1506 qua».

2217 1523 2358 1578 niam
2389 1541 2506 1578 cum
2540 1525 2712 1580 adhuc
2735 1534 3035 1597 peccatores
3067 1541 3294 1580 essemus
3320 1523 3562 1580 Christus
3583 1542 3694 1596 pro
3725 1542 3808 1578 no-

2216 1611 2294 1670 bis
2317 1624 2554 1672 mortuus
2575 1623 2671 1669 est.

2288 1701 2418 1759 Ha’c
2446 1715 2619 1759 autent
2645 1704 2873 1775 oportuit
2915 1703 3109 1774 facere,
3133 1713 3181 1759 et
3210 1703 3304 1759 ilta
3332 1721 3439 1760 non
3464 1705 3740 1772 omittere,
3760 1705 3809 1760 id

522 1794 704 1865 aliqua
728 1798 1097 1854 emendatoria
1127 1816 1285 1870 poena
1315 1800 1526 1869 plectit,
1561 1801 1959 1873 eleemosynam
1992 1803 2095 1868 dat,

2211 1799 2316 1854 est,
2345 1791 2716 1863 eleemosynas
2747 1791 3019 1850 fructuum
3049 1802 3409 1849 terrenarum.
3439 1795 3560 1850 Non
3589 1810 3736 1868 ergo
3755 1811 3806 1853 se

521 1886 650 1955 quia
700 1887 1128 1945 misericordiam
1171 1898 1412 1961 praestat.
1470 1889 1634 1946 Multa
1684 1891 1867 1962 itaque
1912 1908 2110 1964 genera

519 1983 652 2032 Sunt
685 1976 1170 2049 eleemosynarum,
1198 1995 1319 2050 quae
1344 1995 1468 2036 cum
1502 1980 1747 2047 facimus,
1793 1981 2111 2052 adjuvamur

518 2070 582 2116 ut
606 2063 947 2124 dimittantur
970 2067 1126 2123 nobis
1151 2077 1336 2124 nostra
1366 2079 1613 2140 peccata,
1646 2073 1742 2128 sed
1774 2088 1839 2130 ea
1872 2074 2009 2133 nihil
2025 2084 2111 2133 est

519 2152 719 2222 majus,
765 2172 870 2226 qua
899 2173 964 2215 ex
989 2160 1154 2216 corde
1179 2161 1523 2227 dimittimus,
1557 2164 1701 2232 quod
1743 2164 1798 2219 in
1839 2179 1944 2222 nos
1961 2165 2109 2237 quis-

516 2258 626 2316 que
652 2248 915 2316 peccavit.
964 2248 1048 2305 An
1074 2266 1227 2318 vero,
1257 2253 1400 2322 quod
1429 2253 1530 2320 ait,
1570 2253 1693 2308 date
1726 2253 2108 2326 eleemosynam

515 2343 565 2388 et
594 2351 709 2391 ecce
736 2339 912 2392 omnia
958 2342 1155 2396 munda
1183 2354 1303 2396 sunt
1335 2343 1502 2408 vobis,
1535 2343 1622 2408 ita
1659 2343 1984 2400 intellecturi
2023 2362 2111 2402 su-

515 2438 660 2492 mus,
711 2435 773 2482 ut
819 2427 1118 2488 Pbarismis.
1163 2447 1270 2490 non
1319 2433 1645 2490 habentibus
1697 2434 1857 2490 ﬁdem
1905 2435 2106 2492 Christi

514 2515 730 2572 etiamsi
768 2534 876 2576 non
905 2520 961 2574 in
996 2535 1120 2576 eum
1158 2523 1508 2589 crediderint,
1557 2539 1658 2580 nec
1687 2525 1862 2580 renati
1903 2524 2108 2581 fuerint

513 2620 584 2662 ex
613 2622 753 2679 aqua
789 2618 846 2663 et
883 2608 1091 2679 Spiritu
1115 2621 1305 2669 sancto
1347 2615 1545 2668 munda
1577 2623 1706 2671 sunt
1740 2615 1945 2681 omnia,
1985 2623 2107 2676 tan.-

512 2704 630 2754 tum
658 2699 705 2754 si
742 2698 1118 2772 eleemosynas
1144 2703 1411 2770 dederint,
1445 2704 1585 2762 sicut
1606 2705 1824 2778 quidam
1849 2719 1943 2762 eas
1973 2707 2107 2762 dan~

518 2787 617 2845 das
657 2796 852 2858 putant
899 2805 1022 2845 cum
1071 2793 1180 2846 sint
1231 2791 1494 2849 immundi
1544 2809 1756 2862 omnes,
1807 2810 1945 2867 quos
1994 2810 2104 2854 non

511 2879 742 2934 mundat
779 2880 911 2936 ﬁdes
939 2880 1158 2948 Christi,
1186 2884 1252 2940 de
1275 2899 1378 2954 qua
1408 2885 1672 2956 scriptum
1697 2894 1812 2943 est:
1843 2886 2103 2942 mundana

509 2968 617 3044 ﬁde
647 2970 810 3025 corda
839 2987 1046 3037 eorum,
1071 2981 1126 3027 et
1163 2983 1344 3030 tamen
1372 2989 1560 3031 verum
1585 2986 1692 3042 est,
1727 2976 1872 3047 quod
1912 2977 2102 3032 audiec

508 3070 656 3126 rant,
693 3063 816 3117 date
849 3062 1251 3135 eleemosynam,
1281 3075 1329 3122 et
1369 3083 1485 3122 ecce
1525 3069 1702 3125 omnia
1749 3069 1949 3130 munda
1979 3078 2102 3124 sunt

2212 1880 2400 1934 fallant
2438 1881 2530 1952 qui
2575 1896 2673 1951 per
2713 1882 3108 1954 cleemosynas,
3153 1884 3419 1952 quaslibet
3465 1884 3806 1956 largissims

2209 1970 2480 2027 fructuum
2507 1988 2728 2028 suorum
2754 1974 2836 2028 vel
2862 1973 3123 2044 cujusque
3150 1975 3392 2047 pecunia:
3417 1976 3800 2048 impunitatem

2210 2079 2273 2122 se
2301 2078 2483 2122 emere
2518 2065 2859 2132 existimant,
2901 2066 2956 2121 in
2993 2065 3296 2122 facinorum
3338 2067 3716 2136 immanitate,
3748 2084 3806 2129 ac

2208 2152 2538 2226 ﬂagitiorum
2573 2155 2812 2225 nequitia
2837 2156 3228 2226 permanendo.

2293 2244 2380 2301 lTa:
2406 2247 2546 2302 vobis
2583 2246 2894 2313 Pharisaeis,
2930 2248 3021 2318 qui
3043 2247 3263 2317 diligitis
3293 2247 3491 2319 primas
3527 2249 3802 2304 cathedras

2207 2340 2266 2394 in
2285 2339 2563 2410 sgnagogis
2603 2347 2654 2394 et
2685 2338 3028 2394 salutationes
3050 2339 3126 2394 “in
3156 2339 3294 2410 foro.
3334 2341 3428 2395 Vae
3454 2339 3619 2396 nobis
3648 2342 3800 2395 mise—

2210 2433 2306 2500 ris,
2344 2433 2413 2488 ad
2468 2447 2604 2504 quos
2662 2433 3064 2488 Pharisaeorum
3115 2432 3248 2487 vitia
3301 2433 3669 2498 transierunt.
3719 2433 3800 2503 qui

2207 2526 2368 2582 breve
2395 2535 2452 2582 et
2491 2525 2754 2582 incertum
2785 2525 2912 2578 vita:
2951 2531 3151 2578 nostra:
3178 2522 3512 2579 curricuium
3541 2538 3800 2592 quo-pee—

2208 2626 2329 2673 cata
2361 2616 2642 2679 humiliter
2675 2615 2931 2688 plangere
2972 2614 3356 2680 debueramus,
3415 2629 3517 2684 pro
3555 2616 3799 2685 prioratn

2207 2707 2438 2763 invicem
2468 2706 2701 2776 superbe
2733 2704 2992 2767 certando
3025 2706 3268 2776 peccatis
3305 2705 3541 2776 amplius
3573 2721 3800 2762 onerare

2207 2813 2313 2854 non
2339 2798 2652 2855 metuimus.
2956 2809 2958 2811 ’

2287 2888 2376 2945 Va:
2395 2889 2697 2960 vobis,quia
2725 2889 2848 2944 estis
2879 2897 2934 2942 ut
2956 2896 3293 2949 monumenta
3315 2903 3437 2958 qua:
3459 2904 3572 2942 non
3597 2896 3795 2957 pateat,

2203 2988 2253 3034 et
2280 2979 2514 3034 homines
2547 2977 2874 3033 ambulantes
2910 2995 3105 3049 supra,
3145 2979 3400 3033 nesciunt.
3452 2979 3522 3034 Et
3552 2979 3672 3040 hac
3709 2997 3791 3036 sn-

2204 3053 2581 3144 perstitionem
2605 3071 3006 3134 Pharisaeontm
3032 3073 3302 3127 sententia
3338 3072 3644 3142 redarguit,
3673 3075 3792 3144 quia

505 3152 670 3209 vobis.
700 3153 802 3222 Qui
828 3155 986 3216 enim
1023 3155 1138 3214 vult
1183 3157 1432 3214 ordinate
1457 3159 1856 3232 eleemosynam
1887 3162 2037 3228 dare,
2069 3175 2102 3217 a
2128 3158 2174 3222 C
2205 3163 2338 3220 loris
2365 3164 2599 3234 speciem
2625 3172 2787 3219 rectae
2809 3164 3072 3219 doctrina:
3091 3162 3430 3232 prmtendant
3457 3177 3473 3216 :
3497 3163 3650 3219 intus
3671 3180 3792 3219 vero

503 3256 566 3297 se
592 3242 709 3312 ipso
734 3243 894 3300 debet
923 3245 1162 3317 incipere
1193 3256 1248 3302 et
1272 3262 1394 3303 eam
1434 3248 1538 3304 sibi
1563 3251 1798 3319 primum
1830 3251 1982 3317 dare,
2011 3259 2096 3306 est

503 3331 650 3385 enim
680 3331 1022 3405 eleemosyna
1069 3351 1206 3407 opus
1253 3338 1663 3404 misericordiae,
1707 3339 2098 3411 verissimeque

504 3421 708 3478 dictum
739 3431 845 3488 est,
874 3425 1118 3481 miserere
1139 3429 1330 3482 animae
1351 3438 1457 3483 tua;
1473 3429 1684 3501 placens
1714 3429 1848 3496 Deo,
1876 3439 2098 3502 propter

499 3517 610 3576 hoc
634 3519 972 3574 renaseimur
999 3530 1060 3575 ut
1085 3521 1193 3576 Deo
1221 3520 1551 3592 placeamus,
1581 3524 1667 3578 cui
1695 3525 2098 3597 meritodispli-

504 3619 592 3668 cet
619 3612 765 3682 quod
789 3605 1061 3670 nascendo
1086 3617 1474 3673 contraximus.
1500 3617 1626 3674 Haec
1649 3627 1734 3675 est
1761 3619 1936 3688 prima
1963 3620 2100 3676 elee~

502 3719 750 3775 mosyna,
792 3720 955 3776 quam
1003 3708 1167 3763 nobis
1203 3702 1473 3774 dedimus,
1502 3710 1760 3779 quoniam
1805 3724 1906 3765 nos
1951 3711 2096 3780 ipsos

499 3795 734 3853 miseros
759 3813 856 3867 per
879 3799 1190 3857 miserantis
1219 3799 1312 3854 Dei
1338 3800 1771 3856 misericordiam
1811 3802 2096 3872 requisivi-

498 3901 642 3944 mus.
671 3887 904 3958 Pr0pter
928 3890 1229 3946 dilectionis
1254 3892 1501 3948 ordinem
1521 3891 1728 3947 dictum
1756 3903 1861 3959 est,
1895 3893 2094 3964 Diliges

495 3978 796 4050 proximum
833 3987 982 4034 tuum
1009 3989 1262 4051 tanquam
1291 3990 1339 4035 te
1366 3981 1560 4050 ipsum.
1587 3979 1724 4037 Cum
1752 3997 1884 4053 ergo
1911 3983 2092 4042 incre—

495 4073 680 4137 passet
703 4081 798 4122 eos
825 4066 968 4137 quod
1009 4066 1311 4124 forinsecus
1338 4081 1396 4125 se
1427 4068 1694 4135 lavarent,
1729 4070 1876 4127 intus
1908 4080 2090 4126 autem

495 4157 684 4227 rapina
711 4167 769 4213 et
811 4157 1110 4227 iniquinate
1137 4157 1282 4229 pleni
1315 4165 1515 4224 essent,
1563 4158 1864 4216 admonens
1901 4174 2092 4230 quam-

492 4246 619 4304 dam
648 4247 1078 4319 elcemosynam,
1099 4265 1264 4320 quam
1295 4249 1400 4305 sibi
1447 4250 1614 4306 homo
1637 4250 1797 4306 debet
1833 4250 2090 4320 primitus

492 4337 647 4402 dare,
669 4346 726 4391 et
739 4339 995 4393 interiora
1019 4340 1281 4394 mundare
1298 4356 1312 4404 ;
1329 4351 1728 4405 verumtamen,
1743 4341 1938 4410 inquit,
1951 4341 2090 4412 quod

2193 3256 2323 3326 quid
2349 3255 2611 3310 foeditatis
2640 3263 2832 3327 gerant
2863 3255 3159 3320 occultent,
3201 3255 3374 3311 instar
3409 3265 3789 3313 monumento-

2191 3362 2314 3402 rum
2342 3361 2464 3416 quae
2515 3361 2640 3403 eum
2682 3344 3024 3414 superﬁciem
3065 3353 3226 3402 terrae
3265 3344 3579 3400 communis
3611 3355 3785 3400 osten-

2194 3437 2359 3502 dant,
2385 3437 2532 3492 intus
2547 3436 3000 3492 vermeseeutium
3018 3443 3145 3489 sunt
3159 3433 3491 3490 cadaverum
3517 3435 3703 3505 plena,
3727 3435 3790 3490 de

2195 3525 2394 3598 quibus
2419 3524 2706 3587 Psalmista
2744 3539 2867 3580 cum
2907 3525 3131 3589 diceret,
3173 3523 3474 3594 sepulcrum
3501 3535 3690 3593 patens
3717 3535 3785 3580 at

2195 3602 2378 3687 guttur
2397 3632 2606 3682 eorum,
2627 3630 2777 3680 mox,
2802 3614 2930 3685 quid
2953 3613 3184 3678 dixisset
3207 3614 3444 3692 aperuit,
3469 3615 3783 3687 adjungens,

2195 3705 2412 3777 Linguis
2441 3707 2552 3762 suis
2573 3704 2753 3761 dolose
2779 3705 3022 3776 agebant.

2267 3797 2604 3869 Respondeas
2634 3807 2810 3851 autem
2831 3797 3048 3868 quidant
3095 3812 3163 3850 ea:
3201 3795 3536 3867 legisperitis,
3575 3796 3652 3849 ait
3671 3794 3784 3850 illi:

2195 3885 2472 3959 Magister,
2494 3888 2606 3943 Itazc
2635 3886 2838 3953 dicens,
2863 3888 3020 3942 etiam
3047 3887 3196 3942 nobis
3231 3886 3610 3947 contumeliam
3636 3888 3778 3958 facis.

2193 3977 2365 4046 Quam
2402 3979 2602 4036 misera
2628 3978 2983 4044 conscientia,
3009 3993 3137 4048 qure
3155 3979 3341 4033 audito
3367 3978 3467 4032 Dei
3493 3979 3667 4034 verbo
3685 3977 3778 4035 sibi

2193 4067 2578 4124 contumeliam
2603 4075 2759 4137 putat
2780 4066 2923 4132 ﬁeri,
2950 4074 3004 4122 et
3029 4077 3456 4121 commemorata
3484 4081 3648 4136 pinna
3665 4081 3778 4137 per-

2193 4157 2424 4213 ﬁdorum
2450 4172 2508 4212 se
2535 4171 2750 4225 semper
2773 4155 3025 4228 intelligit
3051 4170 3175 4210 esse
3200 4155 3606 4209 damnandam!
3636 4155 3778 4212 Unde

2191 4247 2323 4308 mihi
2363 4247 2608 4317 meisque
2652 4245 2923 4300 similibus
2963 4245 3185 4303 unicum
3233 4243 3527 4316 suﬁ‘uginm
3567 4259 3774 4315 semper

2189 4347 2274 4394 est
2303 4337 2528 4394 Domino
2561 4351 2686 4392 cum
2726 4335 2997 4406 Propheta
3035 4334 3364 4405 supplicare,
3397 4333 3619 4390 Utinam
3654 4337 3775 4389 diris

489 4436 722 4497 superest
750 4428 872 4482 date
894 4427 1294 4498 eleemosynam,
1320 4440 1368 4484 et
1393 4445 1510 4487 ecce
1530 4432 1712 4486 omnia
1736 4431 1937 4486 munda
1967 4441 2086 4486 sunt
2109 4509 2143 4514 Α
2183 4442 2385 4514 gantttr
2408 4432 2504 4488 vite
2525 4445 2656 4487 mea:
2697 4429 2768 4486 ad
2802 4428 3170 4485 custodiendas
3186 4429 3606 4500 justiﬁcationes
3643 4440 3771 4491 tus.

489 4515 653 4571 vobis.
703 4515 908 4572 Deinde
947 4524 1009 4584 ut
1047 4517 1356 4574 ostenderet
1389 4520 1533 4588 quod
1584 4519 1977 4586 admonuisset,
2027 4529 2082 4576 et
2108 4509 2309 4578 Diu-nc
2355 4538 2459 4577 non
2503 4519 2802 4591 confundar
2848 4518 2976 4574 dum
3025 4519 3244 4590 respicio
3297 4519 3354 4580 in
3395 4519 3578 4581 omnia
3632 4535 3772 4573 mett-

485 4607 633 4677 quod
657 4608 759 4679 ipsi
779 4607 961 4666 facere
985 4625 1095 4669 non
1121 4618 1401 4677 curarent,
1430 4626 1499 4666 ne
1529 4611 1681 4666 illum
1705 4619 1960 4682 putarent
1988 4626 2082 4668 co-.

486 4714 609 4757 rum
651 4699 1024 4772 eleemosynas
1068 4703 1322 4774 ignorare
1360 4720 1375 4757 :
1417 4701 1525 4758 Sed
1566 4719 1642 4758 va:
1677 4703 1842 4769 vobis,
1875 4702 2076 4775 inquit,

485 4789 799 4848 Pharisteis.
826 4793 1103 4868 Tanquam
1127 4797 1353 4860 diceret,
1381 4794 1495 4866 Ego
1523 4795 1741 4866 quidem
1766 4795 2077 4852 commonui

481 4899 581 4940 vos
610 4885 1014 4960 eleemosynam
1064 4887 1297 4945 dandam
1337 4901 1435 4958 per
1469 4903 1635 4958 quam
1674 4887 1827 4944 vobis
1872 4887 2074 4951 munda

482 4977 594 5034 sint
619 4978 825 5034 omnia.

556 5067 662 5124 Sed
690 5087 765 5125 va:
793 5071 958 5135 vobis,
985 5069 1112 5140 quia
1148 5067 1420 5123 decintatis
1457 5068 1749 5134 mentitam,
1786 5078 1835 5122 et
1874 5076 2070 5133 rutam,

481 5169 531 5215 et
562 5160 713 5214 omne
746 5161 882 5216 olus.
940 5160 1050 5216 llas
1094 5159 1242 5215 enim
1291 5159 1414 5213 novi
1457 5159 1830 5228 eleemosynas
1861 5167 2076 5215 vestras

482 5265 555 5307 ne
584 5252 650 5307 de
673 5251 779 5306 illis
804 5266 893 5307 me
920 5267 1064 5308 nune
1095 5267 1195 5307 vos
1226 5250 1571 5307 admonuisse
1608 5248 1967 5308 arbitremini.

553 5350 628 5414 Et
659 5351 936 5420 prwteritis
948 5351 1211 5420 judicium
1237 5360 1284 5406 et
1310 5351 1620 5409 cltaritatent
1641 5348 1737 5404 Dei
1754 5363 1778 5403 :-
1798 5362 1905 5418 qua
1932 5346 2076 5404 eleee

478 5456 712 5513 mosyna
759 5443 992 5512 possetis
1037 5445 1104 5498 ab
1149 5442 1295 5498 omni
1356 5441 1767 5510 inquinamento
1815 5439 2074 5498 interiore

485 5530 756 5594 mundari,
791 5538 852 5586 ut
884 5530 1037 5585 vobis
1079 5531 1277 5586 munda
1307 5537 1490 5586 essent
1511 5537 1568 5584 et
1591 5542 1818 5599 corpora
1839 5543 1962 5599 qua:
1989 5528 2074 5590 iit!

487 5621 651 5681 vatis.
692 5621 806 5678 Hoc
845 5629 932 5678 est
965 5622 1110 5677 enim
1136 5622 1335 5685 omnia,
1379 5630 1436 5676 et
1468 5620 1727 5676 interiora
1755 5619 1986 5685 scilicet,
2018 5626 2074 5675 et

492 5713 796 5784 exteriora,
841 5713 983 5772 sicut
1027 5712 1153 5770 alibi
1205 5713 1421 5787 legitur,
1473 5711 1726 5773 Mundate
1763 5728 1881 5787 qua
1929 5711 2071 5768 intus

2185 4613 2315 4668 data
2350 4621 2465 4668 tua.

2254 4705 2320 4764 At
2346 4704 2434 4760 ille
2455 4706 2530 4761 ait
2554 4720 2575 4766 ς
2596 4703 2668 4758 Et
2687 4702 2836 4764 vobis
2851 4701 3165 4774 legisperitis
3185 4717 3282 4767 vas,
3310 4701 3402 4773 qui
3423 4701 3657 4757 oneratis
3681 4700 3768 4755 he-

2183 4797 2348 4852 mines
2386 4796 2627 4851 oneribus
2655 4813 2772 4867 gate
2800 4805 3012 4865 portare
3040 4811 3144 4848 non
3183 4803 3428 4865 possunt,
3465 4803 3517 4848 et
3541 4794 3642 4863 ipsi
3672 4808 3766 4846 uno

2181 4886 2346 4957 digito
2371 4897 2541 4942 vestro
2579 4903 2682 4942 non
2717 4886 2932 4961 tangitis
2961 4901 3142 4940 eorum
3176 4886 3460 4940 sarcinam.
3492 4884 3610 4940 Non
3647 4898 3760 4953 ρας·

2182 4985 2311 5034 sunt
2334 4991 2500 5032 onera
2531 4977 2666 5049 legis
2692 4976 2898 5046 portari
2927 4990 2992 5030 eo
3027 4976 3187 5032 modo
3209 4990 3316 5044 quo
3345 4975 3434 5029 isti
3478 4972 3759 5045 legispcriti

2183 5083 2247 5122 ea
2278 5067 2628 5140 imponebant
2656 5065 2988 5130 hominibus,
3021 5066 3162 5120 unde
3199 5074 3345 5120 recte
3375 5064 3607 5129 audivit,
3629 5062 3757 5133 quod

2181 5160 2426 5217 sarcinas
2466 5159 2584 5228 ejus
2616 5161 2728 5214 uno
2747 5156 2916 5228 digito
2941 5172 3050 5218 non
3087 5164 3393 5226 tangerent,
3431 5155 3536 5210 hoc
3566 5163 3675 5218 est,
3699 5168 3759 5207 ne

2179 5250 2235 5313 in
2271 5250 2510 5309 minimis
2538 5250 2756 5320 quidem
2785 5264 2905 5306 eam
2926 5247 3269 5319 perﬁcerent,
3293 5262 3458 5316 quam
3493 5261 3552 5304 se
3577 5253 3758 5302 contra

2175 5349 2409 5396 mortem
2448 5339 2636 5414 [Forte
2687 5338 2920 5412 morem]
2961 5348 3177 5410 patrum
3202 5340 3320 5396 sine
3363 5339 3470 5396 ﬁde
3507 5347 3564 5395 et
3589 5337 3755 5410 gratia

2173 5433 2302 5493 Jesu
2331 5435 2535 5492 Christi
2554 5443 2609 5490 et
2639 5449 2859 5490 servare
2888 5442 2944 5488 et
2968 5434 3292 5491 servandam
3322 5435 3538 5490 tradere
3563 5446 3754 5506 prasa-

2174 5529 2411 5593 mebant.
2436 5528 2614 5600 Atque
2635 5529 2760 5584 ideo
2785 5526 2974 5600 jugum
2999 5527 3202 5585 Christi
3223 5545 3390 5586 suave
3409 5538 3465 5586 et
3489 5530 3752 5586 sarcinam

2173 5619 2291 5690 ejus
2319 5619 2514 5685 levem,
2539 5619 2632 5675 ubi
2660 5619 2878 5690 requies
2918 5628 3002 5674 cst
3039 5620 3368 5688 animarum,
3397 5621 3588 5694 procul
3626 5621 3752 5689 abii

2173 5724 2301 5769 cere
2339 5718 2396 5768 et
2429 5710 2796 5771 exterminare
2835 5711 3146 5779 tentabant,
3177 5728 3302 5773 cum
3331 5716 3596 5788 scriptum
3641 5715 3710 5774 sit
3732 5727 3747 5746 '
