3960 6360
596 350 704 410 ιθτ

1252 351 1316 409 Β.
1356 351 1614 413 RABANI
1649 349 1871 413 MAURI
1906 350 2225 411 ARCHIEP.
2267 349 2577 411 MOGUNT.
2618 351 2904 410 OPERUM
2940 351 3120 412 PARS
3152 353 3238 426 IL!
3695 372 3760 432 us

596 473 705 535 est,
736 463 864 536 quid
890 464 960 522 sit
998 464 1143 535 quod
1168 464 1390 532 dicitur,
1439 465 1619 525 videns
1652 464 1911 521 ciuitatem
1931 464 2070 535 flevit
2104 480 2196 520 su-
2219 466 2273 527 Α
2297 463 2521 520 storiam
2546 465 2786 522 breviter
2809 467 3093 523 tractando
3112 469 3520 528 transcurrimus
3541 489 3554 528 :
3576 489 3688 533 nunc
3706 495 3761 536 ω.

593 572 689 630 per
738 556 889 612 illam
932 556 1108 611 dicens
1152 556 1277 628 quia
1326 557 1373 612 si
1419 559 1743 628 cognovisses
1794 564 1845 612 et
1894 566 1971 611 tu.
2012 556 2187 612 Flevit

594 650 797 713 etenim
844 649 967 721 pius
1004 648 1332 720 Redemptor
1381 649 1594 715 ruinam
1653 648 1875 729 perﬁdus
1928 649 2184 717 civitatis,
2248 724 2251 727 η

593 755 761 817 quam
806 739 924 810 ipsa
966 739 1073 796 sibi
1098 738 1292 795 civitas
1321 754 1431 795 non
1458 740 1817 811 cognoscebat
1842 753 1963 795 esse
1991 747 2185 794 ventu-

594 845 740 897 ram,
760 829 849 889 cui
873 844 905 884 a
931 828 1097 885 ﬂente
1120 828 1350 885 Domino
1372 839 1521 885 recte
1545 829 1759 894 dicitur,
1781 830 1905 900 quia
1930 831 1977 885 si
1996 845 2186 901 cogno-

591 919 752 980 visses
772 928 820 979 et
854 929 933 986 tu,
969 918 1245 985 subaudit,
1267 917 1532 986 ﬂevisses,
1554 919 1647 975 sed
1672 919 1833 985 modo
1850 920 1978 991 quia
2005 919 2186 976 nescis

594 1010 728 1080 quid
764 1008 1045 1067 immineat
1064 1009 1324 1066 exsultas.
1354 1010 1508 1067 Unde
1529 1018 1585 1067 et
1609 1011 1899 1066 subditur:

666 1098 736 1154 Et
758 1099 969 1172 quidem
989 1100 1047 1155 in
1074 1099 1173 1161 hac
1200 1099 1285 1167 die
1311 1109 1425 1167 tua,
1451 1116 1569 1179 qua:
1589 1100 1661 1159 ad
1689 1116 1872 1179 pacem
1905 1100 2018 1155 tibi.
2048 1098 2186 1156 Cum

594 1190 741 1247 enim
770 1191 952 1247 carnis
978 1206 1038 1248 se
1063 1190 1430 1266 voluptatibus
1451 1192 1627 1259 daret,
1650 1199 1877 1247 ventura
1903 1190 2045 1254 mala
2075 1207 2185 1247 non

592 1283 952 1355 prospiciens,
988 1283 1042 1338 in
1068 1283 1155 1340 die
1180 1298 1305 1353 sua,
1330 1298 1452 1357 quae
1480 1283 1550 1339 ad
1580 1297 1770 1354 pacem
1796 1283 1846 1339 ei
1876 1296 2007 1346 esse,
2026 1290 2183 1358 pote-

594 1383 721 1431 rant
763 1375 1014 1435 habebat.
1057 1373 1168 1443 Cur
1195 1375 1497 1437 verobona
1540 1375 1831 1446 praesentia
1883 1375 1949 1437 ad
1993 1388 2184 1455 pacem

592 1463 869 1531 habuerit,
899 1464 1304 1532 manifestatur,
1330 1481 1453 1521 cum
1482 1465 1732 1522 subditur
1756 1482 1771 1520 :

667 1552 828 1609 Nunc
846 1563 1022 1611 autem
1044 1555 1349 1621 abscondita
1373 1562 1496 1622 sunt
1521 1555 1586 1608 ab
1606 1554 1772 1617 oculis
1800 1555 1927 1613 tuis.
1956 1552 2014 1609 Si
2038 1553 2184 1610 enim

595 1645 779 1701 cordis
804 1643 921 1713 ejus
949 1644 1120 1701 oculis
1157 1644 1300 1700 mala
1325 1659 1446 1715 quae
1484 1644 1832 1709 imminerent
1864 1643 2181 1701 abscondita

592 1750 703 1795 non
731 1742 933 1801 essent,
964 1735 1086 1799 laeta
1123 1734 1182 1803 in
1216 1734 1575 1810 praesentibus
1608 1735 1887 1810 prosperis
1920 1751 2028 1791 non
2052 1734 2184 1791 fuis-

593 1833 700 1881 set.
729 1824 897 1897 Cujus
920 1840 1049 1891 mox_
1075 1826 1238 1887 etiam
1274 1840 1456 1901 pinna,
1486 1841 1606 1898 qua:
1634 1826 1700 1880 de
1730 1825 2006 1891 Romanis,
2039 1824 2180 1881 sicut
2207 1832 2253 1893 Β

589 1916 841 1992 przedixi,
890 1916 1224 1993 principibus
1256 1916 1573 1973 imminebat
1613 1914 1864 1986 adjuncta
1897 1924 2012 1984 est,
2054 1931 2178 1972 cum

590 2007 825 2067 dicitur:
1268 2012 1275 2017 '
2150 2014 2155 2021 ‘

620 2138 623 2141 -
665 2099 806 2167 Quia
828 2099 1030 2165 venient
1051 2100 1108 2157 in
1134 2110 1183 2156 te
1208 2101 1354 2167 dies;
1379 2108 1427 2156 et
1467 2099 1869 2155 circumdabunt
1903 2106 1953 2154 te
1981 2097 2180 2153 inimici

589 2191 671 2247 tui
693 2191 849 2260 uallo,
878 2201 926 2248 et
954 2193 1354 2253 circumdabant
1379 2205 1449 2263 te,
1483 2203 1531 2250 et
1558 2193 1976 2271 coangustabunt
2003 2202 2051 2247 te
2076 2208 2179 2246 un—

588 2282 749 2357 dique
775 2301 795 2343 .'
818 2292 868 2347 et
907 2284 979 2347 ad
999 2294 1196 2351 terram
1221 2295 1551 2361 prosternant
1595 2295 1661 2351 te,
1690 2295 1738 2341 et
1779 2284 1927 2359 ﬁlios.
1946 2293 2062 2339 tuos
2088 2282 2181 2355 qui

590 2373 652 2431 in
681 2381 730 2429 te
762 2383 905 2431 sunt.
930 2374 1046 2440 Hoc
1070 2390 1286 2446 quoque
1309 2376 1456 2447 quod
1481 2376 1695 2441 additur
1726 2393 1740 2434 :
1771 2374 1842 2437 Et
1877 2393 1982 2438 non
2021 2375 2182 2441 relin-

587 2474 745 2540 quent
786 2465 843 2521 in
872 2474 921 2521 te
958 2466 1183 2537 lapidem
1215 2484 1373 2538 super:
1409 2467 1657 2538 lapidem.
1708 2467 1886 2529 Etiam
1925 2468 2041 2541 ipsa
2065 2468 2180 2539 jam

588 2552 832 2624 ejusdem
881 2556 1119 2619 civitatis
1163 2544 1572 2635 transmigratio
1598 2567 1852 2626 testatur,
1889 2560 2015 2630 quia
2050 2561 2178 2616 dum

585 2660 738 2702 nunc
766 2646 822 2705 in
843 2662 909 2704 eo
938 2648 1058 2711 loco
1084 2657 1396 2715 constructa
1424 2661 1509 2707 est
1533 2651 1624 2706 ubi
1652 2660 1806 2708 extra
1830 2661 2040 2728 portam
2068 2653 2177 2708 Do-

585 2737 774 2801 minus
800 2740 1096 2804 crucilixus
1123 2741 1338 2802 fuerat:
1370 2743 1521 2819 prior
1552 2743 1643 2800 illa
1671 2743 1972 2806 Jerusalem
2001 2743 2181 2800 fundi-

587 2836 679 2889 tus
696 2838 785 2891 est
798 2845 1009 2899 eversa.
1032 2832 1130 2897 Cui
1159 2850 1226 2891 ex
1248 2850 1353 2905 qua
1383 2835 1540 2910 culpa
1561 2838 1862 2899 eversionis
1886 2852 1999 2896 suae
2015 2852 2179 2911 ptena

589 2919 757 2983 fuerit
784 2922 953 2991 illata,
990 2926 1333 3004 sulijungitur
1353 2943 1369 2982 :
2146 2984 2149 2989 .

657 3010 740 3067 Eo
784 3013 926 3089 quod
960 3031 1064 3077 non
1110 3019 1413 3092 cognoveris
1456 3029 1665 3092 tempus~
1701 3020 2016 3085 uisitationis
2045 3030 2171 3087 tute.

584 3100 815 3160 Creator
832 3092 1297 3186 quippe'omnium
1320 3125 1420 3179 per
1443 3109 1833 3173 incarnationis
1854 3113 2175 3195 mysterium

582 3192 727 3253 hanc
754 3194 989 3261 visitare.
1006 3197 1260 3268 dignatus
1288 3207 1403 3267 est,
1425 3200 1523 3256 sed
1548 3201 1666 3274 ipsa
1697 3201 1912 3258 timoris
1925 3189 1989 3257 et
2023 3217 2175 3263 amo-
2202 3189 2249 3253 C

584 3282 664 3345 ris
692 3285 836 3346 illius
863 3290 1147 3353 recordata
1175 3306 1281 3351 non
1311 3300 1413 3356 est,
1445 3294 1591 3357 unde
1618 3295 1782 3355 etiam
1810 3310 1910 3366 per
1929 3295 2173 3367 Prophe-

584 3382 700 3431 tam
728 3376 784 3433 in
825 3378 1200 3449 increpatione
1229 3384 1421 3446 cordis.
1441 3385 1663 3442 humani
1704 3402 1833 3443 aves
1853 3387 1978 3444 coeli
2003 3388 2071 3443 ad
2096 3397 2176 3445 te-

582 3468 912 3559 stimonium,
927 3471 1285 3541 deducuntur,
1319 3492 1442 3533 cum
1470 3478 1669 3534 dicitur
1700 3496 1713 3533 :
1747 3477 1939 3534 Milvus
1961 3479 2017 3533 in
2045 3479 2173 3534 cwlo

586 3562 821 3632 cognouit
864 3571 1064 3635 tempus
1101 3583 1277 3635 suum,
1324 3577 1500 3624 turtur
1536 3579 1585 3626 et
1616 3570 1851 3637 ltirundo
1892 3580 1939 3625 et
1967 3571 2172 3626 ciconia

587 3653 945 3710 custodierunt
985 3664 1183 3728 tempus
1238 3660 1492 3717 aduentus
1540 3663 1661 3729 sui,
1723 3662 1949 3734 populus
1995 3673 2173 3720 autem

584 3759 730 3809 meus
757 3761 861 3805 non
886 3749 1123 3823 cognovit
1147 3747 1412 3819 judicium
1439 3753 1556 3809 Dei.

656 3832 724 3895 Et
751 3834 1015 3906 ingressus
1067 3839 1125 3899 in
1159 3842 1426 3912 templum,
1468 3845 1617 3915 carpit
1646 3845 1834 3920 ejicere
1869 3856 2098 3910 ementes
2121 3855 2172 3911 et

583 3923 861 4005 uendentes
882 3927 941 3989 in
965 3927 1087 3995 illo,
1104 3929 1281 3992 dicens
1307 3931 1414 3987 illis
1436 3932 1748 4006 {Scriptum
1787 3947 1891 4003 est,
1920 3938 2049 4011 quia
2074 3938 2171 3994 dar

581 4030 700 4076 mus
738 4032 856 4081 mea
893 4018 1080 4080 domus
1134 4023 1388 4084 orationis
1435 4035 1530 4080 est.
1567 4025 1669 4094 Qui
1709 4030 1987 4086 enarravit
2024 4031 2167 4086 mala

580 4113 811 4161 ventura
834 4147 850 4173 ,
908 4109 1157 4179 protinus
1214 4112 1271 4175 in
1315 4114 1574 4185 templum
1618 4115 1896 4188 ingressus
1938 4127 2041 4183 est,
2109 4127 2171 4175 ut

580 4197 650 4257 de
695 4195 786 4259 illo
842 4201 1140 4259 vendentes
1191 4212 1251 4265 et
1301 4214 1546 4270 ementes
1606 4206 1861 4280 ejiceret,
1923 4208 2168 4279 profecto

578 4286 860 4354 innotans,
889 4290 1015 4359 quia
1041 4293 1194 4346 ruina
1225 4296 1411 4363 populi
1441 4299 1676 4359 maxime
1696 4314 1765 4360 ex
1802 4300 1960 4371 culpa
1987 4315 2169 4365 sacer-

581 4374 770 4430 dotum
813 4376 943 4444 fuit,
965 4382 1310 4446 eversionem.
1330 4386 1527 4456 quippe
1552 4388 1901 4461 describens,
1922 4392 2017 4447 sed
2045 4407 2169 4457 ven-

2264 556 2408 611 ‘dem
2469 555 2660 612 morali
2688 556 2965 613 intellectu
3016 558 3352 616 discutienda
3375 572 3642 634 repetamus
3666 584 3680 625 :
3704 570 3760 629 Vi-

2285 645 2412 701 dens
2438 647 2694 701 ciuitatem
2718 648 2859 717 ﬂevit
2883 665 3041 719 super
3061 648 3229 717 illam,
3268 651 3438 707 dicens
3455 656 3566 723 quia
3583 658 3620 712 si
3640 676 3761 732 cogu-

2286 740 2444 795 visses
2465 749 2516 795 et
2533 750 2609 794 tu.
2648 739 2762 798 Hoc
2807 742 2977 822 semel
3013 744 3144 816 egit,
3171 759 3296 801 cum
3321 747 3592 817 perituram
3632 754 3758 811 civita-

2286 837 2396 886 tem
2440 846 2564 889 esse
2588 832 2877 898 nuntiavit,
2907 835 3011 890 hoc
3055 836 3297 905 quotidie
3321 838 3617 910 Redemptor
3642 855 3760 904 uoster

2283 938 2382 996 per
2407 924 2611 982 electos
2632 940 2760 981 suos
2805 940 2968 998 agere
2992 926 3514 997 nullatenus'eessat,
3536 947 3634 987 cum
3659 950 3760 1004 quos.

2285 1016 2411 1073 dam
2431 1033 2498 1074 ex
2526 1018 2667 1074 bona
2687 1019 2798 1074 vita
2824 1021 2893 1075 ad
2914 1034 3097 1076 mores
3121 1021 3381 1092 reprobos
3406 1025 3668 1093 pervenisse
3682 1043 3759 1082 con.

2284 1107 2508 1165 siderat.
2540 1109 2755 1181 Plangit
2815 1110 2960 1164 enim
3004 1125 3101 1166 eos
3134 1112 3227 1182 qui
3269 1114 3510 1168 nesciunt
3552 1130 3633 1171 cur
3665 1118 3759 1188 pbs-

2283 1211 2499 1275 gantur,
2553 1205 2644 1275 qui
2681 1203 2833 1274 juxta
2878 1203 3186 1262 Salomonis
3229 1206 3395 1262 verba
3440 1206 3654 1264 laetamur
3684 1226 3758 1266 mu

2282 1298 2424 1354 male
2458 1297 2727 1364 fecerunt,
2769 1307 2825 1354 et
2862 1298 3139 1354 exsultant
3167 1298 3223 1354 in
3248 1298 3412 1354 rebus
3437 1301 3661 1370 pessimis,
3689 1304 3759 1374 qui,

2283 1391 2331 1447 si
2347 1390 2749 1449 damnationem
2773 1406 2952 1457 suam,
2970 1405 3091 1462 qua:
3111 1391 3191 1448 eis
3214 1391 3475 1459 imminet,
3492 1393 3756 1462 agnovissent

2281 1483 2601 1554 semetipsos
2655 1499 2779 1543 cum
2826 1484 3086 1556 lacrymis
3147 1483 3464 1540 delictorum
3520 1485 3758 1557 plangemut.

2283 1572 2355 1628 Et
2378 1574 2589 1644 quidem
2633 1575 2689 1628 in
2717 1574 2815 1631 hac
2849 1574 2935 1629 die
2966 1583 3083 1640 tua,
3134 1590 3255 1647 qua:
3295 1575 3364 1633 ad
3387 1592 3551 1647 pacem
3579 1576 3651 1630 tibi
3673 1588 3758 1643 siut,

2283 1680 2438 1721 suam
2462 1665 2552 1721 hic
2578 1665 2722 1724 diem
2759 1665 2923 1722 habet
2971 1666 3155 1726 anima
3200 1679 3478 1740 perversa,
3516 1682 3618 1738 quas
3646 1675 3760 1727 tnu-

2283 1756 2694 1827 itorio'gaudet
2734 1756 2789 1812 in
2830 1764 3094 1829 tempore,
3142 1758 3231 1813 cui
3285 1774 3349 1813 ea
3396 1775 3508 1832 quae
3546 1761 3694 1819 adstmt
3721 1758 3761 1818 tl

2279 1862 2470 1918 pacem
2495 1855 2653 1915 sunt,
2681 1849 2808 1919 quia
2835 1849 2965 1908 dum
2995 1851 3157 1909 rebus
3205 1851 3577 1927 temporalibus
3608 1852 3761 1919 letatur,

2281 1942 2407 1998 dum
2449 1942 2748 2002 honoribus
2801 1943 3098 2009 extollitur,
3150 1943 3283 2002 dum
3308 1945 3364 2003 iu
3386 1946 3552 2005 carnis
3582 1946 3762 2015 voluptate

2279 2034 2588 2101 resolvitur,
2642 2036 2767 2091 dum
2796 2036 2940 2091 nulla
2970 2044 3213 2092 ventum
3260 2052 3432 2111 parum
3451 2037 3760 2097 formidinem-

2268 2132 2452 2193 ,retur,
2470 2139 2661 2196 pacem
2684 2125 2844 2180 habet
2861 2124 2914 2179 in
2930 2124 3016 2181 die
3037 2141 3157 2192 sua,
3184 2141 3309 2196 qua:
3324 2142 3480 2197 grave
3505 2127 3763 2187 damnationis

2267 2230 2394 2286 suae
2423 2216 2735 2273 scandalum
2785 2217 2840 2273 in
2871 2218 2958 2272 die
2994 2218 3219 2274 habebit
3279 2218 3473 2274 aliena.
3513 2220 3578 2275 lbi
3597 2220 3701 2278 enim
3716 2217 3761 2273 si-

2278 2305 2511 2379 iligenda
2554 2316 2638 2363 est
2670 2307 2763 2364 ubi
2796 2307 2928 2379 justi
2963 2308 3315 2365 betabuntur.
3370 2308 3517 2365 Nunc
3541 2311 3761 2365 autemau-

2280 2398 2491 2461 condita
2536 2407 2659 2453 sunt
2692 2398 2756 2460 ab
2797 2399 2964 2455 oculis
3010 2401 3135 2465 tuis,
3197 2416 3455 2471 perversa
3489 2402 3638 2457 anima
3664 2402 3760 2455 rebus

2278 2488 2639 2561 prtcsenttbus
2664 2488 2844 2553 dedita
2878 2489 2930 2544 in
2957 2491 3188 2546 terrenis
3231 2492 3576 2563 voluptatibus
3604 2490 3759 2546 resoluta

2279 2581 2563 2638 abscondit
2607 2582 2709 2638 sibi
2754 2582 2896 2645 mala
2929 2584 3237 2654 sequentia,
3271 2586 3398 2655 quia
3449 2582 3758 2656 prtevideret‘s-

2282 2678 2407 2728 tura
2452 2670 2675 2743 refugit,
2707 2687 2828 2745 quae
2881 2682 3212 2749 praesentem
3249 2666 3484 2737 lzetitiam
3519 2674 3757 2748 perturbent.

2280 2765 2517 2837 dumque
2550 2765 2607 2829 in
2646 2767 2931 2837 praesentis
2957 2767 3083 2826 vitze
3130 2768 3492 2830 obleCtatiene
3529 2782 3580 2823 se
3614 2763 3759 2827 deserit,

2266 2862 2410 2935 quid
2437 2862 2605 2931 aliud,
2655 2879 2820 2934 quam
2868 2863 3066 2919 clausis
3100 2863 3301 2931 oculis,
3335 2865 3401 2920 ad
3446 2864 3602 2935 ignem
3636 2859 3758 2916 vadit:

2281 2953 2420 3020 Quia
2461 2956 2659 3011 uenient
2686 2955 2799 3009 dies
2846 2954 2903 3009 in
2947 2964 3017 3020 te,
3048 2964 3096 3009 et
3130 2954 3524 3009 circumdabant
3562 2962 3603 3006 te
3633 2945 3759 3004 inimici

2279 3043 2357 3096 tui
2380 3041 2541 3097 uallo.
2569 3041 2673 3109 Qui
2701 3057 2941 3113 unquam
2968 3052 3096 3099 sunt
3116 3044 3372 3098 humanae
3407 3042 3581 3098 anima:
3606 3034 3760 3105 majores

2281 3129 2505 3198 inimici,
2538 3146 2703 3202 quam
2729 3133 2952 3204 maligni
2978 3132 3225 3202 spiritus,
3263 3132 3354 3206 qui
3404 3131 3535 3187 hanc
3564 3146 3589 3185 a
3613 3138 3760 3196 corpore

2281 3231 2569 3286 exeuntem
2598 3223 2869 3290 obsident,
2918 3239 3083 3294 quam
3114 3223 3167 3283 in
3196 3225 3382 3281 carnis
3414 3236 3581 3280 amore
3608 3218 3761 3290 positam

2279 3311 2610 3391 deceptnriis.
2647 3312 3097 3373 delectationibus
3121 3312 3307 3369 fovent
3341 3332 3356 3369 :
3393 3328 3541 3384 quam
3569 3309 3676 3365 vallo
3696 3305 3762 3360 cir-

2277 3402 2573 3479 cumdant,
2596 3402 2722 3471 quia
2750 3412 2877 3466 ante
2904 3402 3246 3472 mentisejus
3272 3403 3458 3461 oculos
3489 3398 3681 3458 reductis
3697 3395 3759 3450 ini-

2276 3492 2576 3562 quitatibus
2623 3508 2760 3562 quas
2815 3493 3177 3564 perpetravit,
3232 3494 3378 3551 hanc
3433 3493 3497 3549 ad
3539 3490 3759 3549 societatem

2276 3597 2387 3639 sua:
2421 3583 2786 3639 damnationis
2829 3583 3104 3641 trahentes
3132 3592 3437 3645 coarctant.
3471 3583 3534 3644 Et
3558 3576 3761 3636 circumla-

2276 3672 2401 3727 bunt
2444 3681 2515 3739 te,
2552 3682 2601 3728 et
2650 3659 3068 3744 coangustabunt
3105 3684 3154 3729 te
3195 3675 3445 3748 undique.
3500 3664 3761 3742 Malignispi'

2274 3764 2412 3820 ritus
2449 3754 2686 3833 undique
2745 3764 2982 3818 animam
3006 3774 3391 3836 coangustant,
3427 3763 3616 3837 quando
3634 3760 3670 3814 ei
3696 3771 3760 3818 tua

2273 3855 2447 3913 solum
2477 3856 2678 3926 operis,
2723 3870 2913 3910 verum
2961 3855 3124 3911 etiam
3162 3855 3473 3923 locutionis,
3517 3851 3761 3924 atqueiam-

2270 3961 2369 4026 per
2391 3946 2735 4027 cogitationis
2777 3945 3093 4018 iniquitates
3118 3948 3408 4027 replicant,
3449 3955 3505 4003 ut
3542 3958 3642 4017 qua
3665 3938 3760 4027 prius

2272 4052 2332 4097 se
2372 4026 2480 4110 per?
2533 4038 2711 4095 multa
2748 4038 2994 4094 dilatavit
3022 4038 3079 4093 in
3104 4038 3335 4106 scelere,
3362 4039 3429 4095 ad
3453 4045 3699 4093 extremum
3721 4026 3760 4081 de

2270 4130 2524 4191 omnibus
2553 4136 2874 4203 angustetur
2923 4128 2980 4193 in
3019 4129 3397 4186 retributione.
3448 4127 3512 4182 Et
3538 4124 3599 4180 ad
3634 4130 3759 4175 tam!

2270 4228 2596 4284 consternent
2618 4231 2694 4286 te,
2712 4228 2762 4273 et
2800 4217 2940 4296 [ilics
2961 4227 3078 4275 tuos
3099 4220 3193 4293 qui
3219 4219 3281 4281 in
3308 4230 3358 4275 te
3389 4226 3522 4278 sunt.
3559 4213 3678 4269 Tunc
3689 4204 3760 4262 sui

2270 4326 2359 4367 ma
2386 4326 2485 4382 Ρθι·
2528 4310 2897 4382 cognitionem
2945 4320 3130 4368 reatus
3178 4311 3263 4367 sui
3299 4312 3369 4374 ad
3398 4317 3581 4371 terram
3599 4309 3759 4361 constet-

2269 4402 2439 4467 nitur,
2489 4416 2625 4463 cum
2650 4416 2802 4468 cara,
2851 4417 2973 4477 quae
3007 4402 3064 4461 in
3098 4402 3269 4463 vitam
3325 4417 3477 4462 suam
3499 4395 3756 4457 credidim-

580 4466 773 4567 dfian
792 4477 878 4567 _°‘
918 4482 1161 4567 θηῖθηῑοε
1206 4474 1261 4537 in
1303 4479 1501 4547 templo
1531 4478 1752 4547 feriens:
1783 4482 1838 4543 ἰη
1879 4482 1996 4553 ipso
2031 4484 2166 4543 ell‘e-
2192 4555 2240 4567 __
2269 4493 2388 4550 dire
2426 4466 2506 4550 ad
2535 4466 2819 4565 pulverem
2843 4466 3089 4567 urgetur.
3128 4495 3283 4552 Tunc
3309 4496 3365 4551 in
3390 4502 3553 4551 morte
3577 4488 3650 4545 lilii
3670 4483 3760 4540 illius

723 4559 807 4659 sui
856 4562 1049 4633 operis
1098 4568 1354 4634 ostendit,
1403 4569 1543 4632 unde
1594 4572 1750 4633 radix
1797 4575 1999 4644 prodiit
2041 4592 2167 4648 per-
2192 4555 2490 4653 Dcadunt,
2536 4555 2672 4643 cum
2733 4555 3095 4659 cogitationes
3130 4587 3353 4653 illicitae,
3421 4599 3534 4658 qua!
3582 4576 3758 4637 ωοάοθί

576 4644 800 4712 ditionis
832 4666 848 4706 :

664 4738 763 4799 Vos
794 4753 975 4805 autem
1004 4747 1201 4817 fecistis
1222 4749 1369 4805 illaut
1393 4750 1695 4822 speluncam
1723 4755 2010 4821 latronum.
2062 4760 2165 4828 Qui

576 4833 647 4889 ad
674 4835 989 4906 accipienda
1010 4854 1233 4905 munera
1260 4841 1314 4897 in
1340 4844 1542 4915 templo
1565 4847 1896 4918 residebant,
1920 4852 2165 4922 profecto

579 4925 707 4994 quia
732 4928 1054 4998 quibusdam
1085 4943 1191 4992 non
1217 4932 1470 4997 dantibus
1495 4936 1772 4999 lzesionem
1814 4943 2165 5013 exquirerent

577 5015 800 5110 dubium
830 5035 939 5110 non
967 5030 1107 5084 erat.
1155 5022 1359 5083 Domus
1408 5031 1539 5100 ergo
1585 5032 1861 5099 orationis,
1902 5033 2159 5110 spelunca

576 5103 851 5164 latronum
888 5109 1030 5170 facta
1057 5112 1256 5181 fuerat,
1289 5117 1413 5188 quia
1458 5119 1527 5179 ad
1569 5120 1674 5179 hoc
1696 5122 1752 5178 in
1782 5103 1983 5202 templo
2020 5126 2160 5181 assi-

578 5201 727 5257 stere
751 5210 1033 5271 noverant,
1066 5212 1128 5261 ut
1153 5213 1248 5267 aut
1273 5223 1382 5270 non
1410 5209 1600 5269 dantes
1625 5228 1851 5277 munera
1877 5201 2159 5279 studerent

579 5291 936 5377 corporaliter
953 5299 1224 5369 persequi,
1257 5309 1352 5358 aut
1378 5301 1571 5363 dantes
1595 5305 1912 5377 spiritaliter
1935 5324 2153 5373 necare.

576 5374 715 5449 Quia
765 5395 896 5439 vero
936 5383 1263 5459 Redemptor
1312 5400 1497 5452 nOSIer
1547 5374 1946 5466 praedicationis
1993 5399 2157 5455 verba

576 5481 680 5558 nec
756 5467 991 5543 indignis
1058 5484 1117 5533 et
1184 5477 1414 5549 ingratis
1483 5481 1795 5550 subtrahit,
1866 5495 2154 5558 postquam

575 5557 870 5634 disciplina;
896 5564 1138 5637 vigorem
1162 5568 1426 5639 ejiciendo
1444 5588 1729 5644 perversos
1742 5577 1932 5647 tenuit,
1956 5557 2156 5637 denum

574 5663 699 5712 mox
725 5652 909 5723 gratia:
932 5658 1187 5715 ostendit.
1215 5659 1350 5717 Nam
1381 5664 1628 5724 subditur
1654 5682 1674 5724 :.

650 5744 715 5806 Et
751 5759 863 5806 erat
889 5750 1080 5809 ducens
1122 5754 1356 5825 quotidie
1395 5756 1450 5813 in
1479 5756 1689 5829 templo.
1721 5756 1849 5818 Haec
1884 5760 2039 5835 juxta
2068 5762 2154 5821 hi-

2268 4676 2360 4732 illa
2410 4678 2697 4747 prodeunt,
2733 4677 2790 4732 in
2813 4685 3060 4736 extrema
3101 4678 3228 4735 vitae
3262 4678 3465 4742 ultione
3490 4672 3755 4742 dissipantur,

2269 4766 2408 4822 sicut
2451 4767 2708 4837 scriptum
2738 4773 2843 4834 est,
2896 4766 2953 4823 in
2988 4767 3076 4824 illa
3102 4768 3207 4824 die.
3241 4770 3494 4838 peribunt
3526 4767 3755 4826 omnes»

2267 4854 2556 4926 gitationes
2598 4870 2811 4912 eorum.
2843 4855 2976 4924 Qua:
3021 4857 3230 4914 scilicet
3287 4858 3436 4917 dura:
3489 4849 3756 4926 cogitationes

2250 4945 2492 5015 intelligi
2540 4946 2707 5002 etiam
2734 4961 2833 5018 per
2860 4947 3099 5018 lapidum
3126 4948 3563 5020 signiﬁcationem
3605 4938 3753 4996 valent:

2265 5052 2393 5091 nam
2436 5038 2702 5109 sequitur,
2733 5046 2781 5093 et
2822 5054 2926 5093 non
2952 5038 3241 5111 relinquent
3262 5040 3317 5093 in
3337 5049 3388 5095 te
3428 5036 3631 5109 lapidem,
3651 5035 3755 5095 τινα

2263 5128 2515 5199 lapidem,
2557 5129 2821 5187 Perversa
2841 5132 3043 5187 etenim
3083 5147 3261 5199 mens,
3302 5147 3423 5188 cum
3451 5134 3677 5201 perversa
3695 5128 3753 5172 ω·

2262 5220 2511 5292 gitationi
2563 5223 2740 5286 adhuc
2784 5224 3187 5294 perversionem
3246 5222 3468 5293 adjicit,
3515 5216 3624 5291 quid
3658 5202 3752 5266 aliud

2263 5326 2425 5385 quam
2465 5312 2697 5383 lapidem
2722 5327 2885 5383 super
2911 5312 3144 5384 lapidem
3189 5314 3367 5385 ponit,
3389 5312 3481 5370 sed
3517 5311 3566 5367 in
3599 5305 3752 5362 deﬁt“

2262 5411 2351 5458 cta
2391 5403 2611 5459 civitate
2656 5417 2820 5477 super
2877 5401 3109 5473 lapidem
3150 5403 3289 5473 lapis
3340 5417 3446 5458 non
3486 5392 3748 5465 relinquitur:

2262 5494 2391 5564 quia
2427 5510 2550 5550 cum
2586 5493 2654 5555 ad
2693 5493 2954 5550 ultionem
2974 5507 3135 5555 suam,
3171 5494 3352 5553 anima
3394 5488 3751 5574 deducitur,__wf

2261 5583 2349 5640 nis
2393 5582 2462 5639 ab
2490 5583 2580 5640 illa
2608 5583 3000 5655 cogitationum
3044 5598 3268 5640 suarum
3293 5578 3600 5640 constructio

2260 5685 2441 5750 patur.
2466 5673 2548 5730 Eo
2599 5675 2740 5747 quod
2787 5692 2893 5730 non
2945 5675 3245 5746 cognoveris
3283 5684 3476 5745 tempus
3512 5661 3750 5724 t-isitatim!

2261 5774 2391 5834 tum,
2422 5760 2731 5840 perversam
2795 5778 3173 5839 quamcunque
3216 5765 3445 5824 animam
3487 5756 3753 5829 omnim
