3960 6360
195 396 312 453 409

1174 396 1476 454 llO.\l1Ll.-E
1517 395 1583 450 IN
1622 395 1876 452 EVANG.
1919 397 2004 452 ΕΤ
2039 397 2254 453 EPIST.

3343 381 3462 448 410

194 508 348 568 Deus
387 505 558 564 mollis
584 505 765 562 multis
787 507 1008 563 visit.:re
1051 507 1363 572 consuevit;
1406 523 1529 560 nam
1563 505 1774 560 assidue
1803 511 1852 569 Α
1879 509 1987 563 sint
2021 509 2199 562 omnia
2249 507 2503 573 visibilia,
2555 506 2809 562 dill'erunt
2839 514 3018 560 tamen
3066 505 3210 561 inter
3245 519 3306 562 se
3349 521 3450 576 pro

194 600 345 655 hanc
370 599 552 654 visitat
583 598 1193 669 pr:ecepto,‘aliquando
1215 608 1394 653 autem
1421 597 1648 668 ﬁagello,
1674 596 1772 651 ali-

193 689 419 765 quando
464 703 594 745 vero
633 689 914 754 miraculo,
958 700 1012 744 ct
1059 699 1119 744 ut
1156 705 1282 743 vera
1316 705 1436 758 quae
1478 688 1773 754 nesciebat,

191 779 390 834 audiat
423 785 479 833 et
507 787 686 832 tamen
735 778 911 832 adhuc
963 778 1277 847 superbiens
1324 786 1484 846 atque
1530 785 1775 830 contem-

194 883 342 926 nens
389 873 482 922 aut
523 866 706 922 dolore
755 877 1076 937 compuncta
1124 867 1328 932 redeat,
1371 875 1465 920 aut
1501 865 1776 920 beneﬁciis

193 955 424 1010 devicta.
458 954 657 1008 malum
709 955 851 1025 quod
890 954 1021 1010 fecit
1063 956 1366 1020 erubescat,
1393 954 1485 1008 sed
1527 954 1650 1022 quia
1697 953 1779 1006 vi-

192 1041 472 1097 sitationis
519 1057 630 1096 sua:
678 1051 890 1112 tempus
931 1043 1154 1098 minime
1208 1043 1506 1112 cognoscit,
1556 1042 1661 1096 illis
1720 1042 1774 1094 in

189 1141 444 1186 extr-emo
469 1132 590 1186 vita:
617 1132 852 1188 inimicis
879 1132 1131 1196 traditur,
1161 1147 1283 1187 cum
1316 1123 1588 1201 quibusin
1619 1138 1778 1184 teter-

193 1236 274 1278 no
300 1221 501 1292 judicio
531 1222 889 1289 damnationis
935 1238 1046 1278 sua:
1095 1223 1352 1278 societate
1379 1221 1678 1293 colligatur.
1709 1219 1776 1273 Et

193 1315 465 1377 iuqressus
512 1313 565 1368 in
589 1323 834 1382 temptum
867 1315 1012 1384 coepit
1043 1313 1228 1384 ejicere
1249 1313 1516 1367 uendentes
1537 1313 1591 1366 in
1611 1311 1702 1364 illo
1728 1320 1776 1364 et

194 1412 452 1460 ementes.
484 1401 639 1456 Sicut
681 1402 934 1471 templum
984 1402 1194 1456 Domini
1223 1402 1276 1456 in
1305 1402 1523 1456 civitate
1568 1409 1673 1466 est,
1703 1401 1776 1454 ita

196 1501 256 1545 et
312 1492 364 1544 in
395 1491 547 1561 plebe
598 1490 738 1546 ﬁdeli
792 1491 899 1545 vita
946 1491 1339 1562 religiosorum,
1377 1500 1431 1546 et
1474 1505 1614 1560 saepe
1640 1506 1776 1544 non--

196 1581 339 1636 nulli
372 1581 646 1652 religionis
672 1580 912 1635 habitum
946 1589 1186 1646 sumunt,
1208 1581 1302 1635 sed
1340 1581 1463 1635 dum
1497 1595 1777 1635 sacrorum

195 1676 454 1732 ordinum
509 1675 683 1730 locum
738 1674 1066 1744 percipiunt,
1118 1682 1322 1728 sancta:
1369 1674 1645 1745 religionis
1695 1673 1776 1727 of-

197 1765 388 1822 ﬁcium
426 1767 480 1820 in
533 1767 919 1823 commercium
970 1775 1196 1822 terrente
1249 1769 1630 1839 negotiationis
1679 1769 1778 1823 tri-

1879 598 2282 654 diversitatibus
2353 598 2611 663 locorum,
2670 597 2811 651 unde
2846 595 2949 650 alia
2993 603 3077 650 est
3148 593 3448 650 etelestium

1876 691 2071 764 gloria,
2121 691 2224 744 alia
2255 691 2612 754 terrestrium,
2654 698 2708 744 et
2757 689 2801 743 si
2850 687 2904 742 in
2932 687 3071 742 locis.
3110 686 3447 753 sublimibus,

1877 798 1998 838 cum
2027 783 2135 836 sint
2165 793 2356 835 cuncta
2386 780 2649 842 coelestia,
2679 778 2932 833 diﬁ‘erunt
2959 776 3120 831 etiam
3152 775 3267 845 ipsa
3293 774 3453 829 «21³νί-

1879 882 1986 929 tate
2031 872 2314 934 luminum,
2363 885 2470 924 non
2527 869 2723 923 mirum
2771 874 2872 931 est,
2912 865 3053 935 quod
3097 865 3150 919 in
3199 879 3445 942 resurre-

1877 963 2054 1019 ctione
2095 972 2431 1017 mortuorum
2463 959 2687 1014 distabit
2731 959 2901 1028 gloria
2947 957 3284 1020 meritorum,
3329 969 3452 1009 cum

1876 1067 1942 1106 ex
1993 1052 2181 1107 eadem
2205 1065 2382 1104 massa
2425 1050 2601 1104 omnis
2626 1064 2753 1103 caro
2796 1047 2886 1103 sit.
2919 1046 3068 1102 Unde
3096 1053 3152 1100 et
3187 1045 3456 1114 quomodo

1876 1142 1931 1197 in
1960 1143 2044 1196 bis
2084 1149 2230 1195 tanta
2268 1141 2551 1195 diversitas
2579 1148 2680 1203 est,
2735 1145 2795 1193 ut
2828 1153 2934 1192 una
2964 1138 3205 1208 impensa
3253 1135 3460 1190 faceret

1877 1251 2074 1308 genera
2104 1235 2332 1297 diversa,
2366 1233 2547 1288 dicant
2568 1246 2710 1286 nunc
2735 1229 2986 1300 sophista:
3011 1227 3195 1282 mundi
3221 1234 3277 1280 et
3299 1241 3457 1280 scru-

1878 1337 2083 1383 tatores
2111 1325 2370 1389 siderum,
2419 1324 2464 1379 si
2503 1323 2686 1378 valent
2714 1320 3191 1390 comprehendere,
3223 1333 3343 1387 qua:
3365 1331 3458 1370 ex-

1878 1427 1964 1472 tra
2002 1431 2062 1472 sc
2092 1424 2218 1470 sunt
2247 1431 2369 1469 cum
2391 1415 2523 1484 quid
2545 1416 2683 1469 intra
2711 1430 2770 1469 se
2796 1414 2867 1468 sit
2899 1411 3161 1467 nesciant.
3217 1408 3459 1476 Denique

1877 1524 2065 1564 omnes
2103 1506 2359 1562 mundani
2389 1506 2710 1577 philosophi,
2743 1506 2868 1575 quia
2892 1513 3129 1559 mentem
3175 1515 3324 1556 suam
3355 1498 3460 1568 legi

1878 1600 1972 1654 Dei
2028 1598 2332 1662 humiliare,
2385 1605 2444 1650 ut
2494 1595 2652 1650 ﬁdem
2713 1596 2829 1665 ejus
2877 1593 3212 1661 susciperent
3266 1587 3456 1642 nolue-

1879 1696 2024 1753 runt,
2061 1689 2270 1743 diversa
2298 1701 2498 1756 semper
2539 1694 2594 1741 et
2641 1684 2914 1740 contraria
2963 1687 3291 1744 asserentes,
3337 1678 3456 1732 ina-

1880 1778 2120 1834 nissimis
2181 1776 2635 1848 disputationibus
2699 1775 2930 1829 invicem
2974 1787 3033 1826 se
3074 1769 3457 1832 confuderunt,

196 1860 393 1913 buunt.
443 1857 748 1914 Vendentes
791 1859 987 1929 quippe
1046 1860 1100 1914 in
1134 1860 1331 1930 templo
1369 1869 1516 1927 sunt,
1558 1862 1650 1932 qui
1676 1861 1780 1916 hoc
1805 1857 1855 1916 Β
1883 1870 2008 1939 quia
2051 1867 2107 1922 in
2146 1867 2290 1923 nullo
2330 1867 2526 1921 horum
2558 1863 2881 1920 testiﬁcatur
2921 1861 3172 1915 veritatis
3221 1858 3453 1928 signum.

199 1952 350 2022 quod
394 1950 712 2021 quibusdam
751 1950 874 2021 jure
917 1952 1196 2021 competit,
1243 1953 1310 2006 ad
1354 1953 1637 2022 praemium
1675 1952 1782 2006 lar-

199 2044 444 2114 giuntur,
473 2041 737 2112 justitiam
768 2043 911 2098 enim
943 2044 1176 2098 vendere
1213 2051 1315 2108 est,
1359 2044 1501 2098 hanc
1529 2058 1628 2114 pro
1647 2059 1783 2114 prte-

201 2132 301 2185 mii
351 2133 666 2202 acceptione
710 2147 947 2186 servare.
992 2132 1248 2188 Ementes
1301 2147 1431 2187 vero
1472 2132 1528 2187 in
1584 2132 1782 2202 templo

200 2230 353 2287 sunt,
405 2222 495 2292 qui
547 2223 673 2276 dum
709 2222 810 2276 hoc
841 2221 1148 2292 persolvere
1191 2223 1459 2292 proximo,
1505 2222 1648 2293 quod
1696 2221 1784 2290 ju-

202 2322 350 2369 stum
400 2322 487 2370 est
527 2327 635 2370 non
685 2312 887 2376 volunt,
919 2311 1176 2382 dumque
1221 2327 1335 2368 rem
1384 2313 1507 2383 jure
1547 2312 1784 2368 debitam

201 2401 387 2461 facere
443 2410 797 2461 contemnunt
863 2402 989 2457 dato
1038 2401 1281 2472 patronis
1323 2403 1546 2474 praemio
1597 2409 1786 2456 emunt

205 2502 507 2569 peccatum.
550 2494 755 2562 Quibus
794 2495 931 2551 bene
973 2493 1215 2549 dicitur:
1261 2492 1461 2550 Domus
1525 2511 1641 2548 mea
1689 2495 1786 2547 do-

205 2605 324 2645 mus
377 2587 628 2645 orationis
658 2597 752 2653 est,
796 2603 882 2641 eos
929 2595 1104 2640 autem
1131 2584 1323 2656 fecistis
1370 2583 1520 2637 illam
1576 2582 1786 2654 spelun-

206 2695 326 2737 cam
357 2678 639 2732 latronum.
667 2677 800 2747 Quia
827 2677 952 2731 dum
979 2691 1367 2746 nonnunquam
1408 2676 1650 2747 perversi
1683 2676 1784 2732 ho-

207 2772 386 2832 mines
434 2769 608 2824 locum
638 2769 910 2841 religionis
938 2777 1141 2836 tenent,
1175 2769 1248 2824 ibi
1273 2768 1493 2822 malitia:
1525 2782 1636 2822 sua:
1671 2766 1787 2839 gla-

210 2861 320 2919 diis
377 2859 645 2925 occidunt,
710 2859 801 2915 ubi
851 2858 1129 2917 viviﬁcare
1191 2858 1468 2928 proximos
1523 2857 1784 2912 orationis

207 2967 327 3006 sua:
357 2951 736 3005 intercessione
773 2950 1092 3005 debuerunt.
1143 2948 1425 3020 Templum
1463 2964 1680 3020 quoque
1729 2955 1786 3002 et

208 3044 405 3097 domus
435 3042 526 3096 Dei
563 3050 645 3097 est
699 3042 814 3111 ipsa
867 3057 1019 3096 mens
1070 3050 1232 3110 atque
1264 3041 1594 3096 conscientia
1649 3039 1784 3094 ﬁde-

207 3135 362 3198 lium,
415 3149 534 3202 quae
559 3133 838 3204 siquando
886 3133 939 3188 in
967 3132 1238 3188 laesionem
1277 3132 1508 3203 proximi
1563 3147 1785 3204 perver-

1879 1960 2132 2032 Agnitum
2185 1968 2289 2024 est,
2326 1958 2470 2028 quod
2513 1965 2640 2010 ante
2667 1956 2901 2025 positum
2928 1953 3153 2006 verbum
3183 1963 3459 2004 commen-

1881 2056 1975 2112 dat
2020 2054 2319 2110 doctrinam
2368 2053 2506 2108 sicut
2549 2059 2606 2105 et
2642 2051 2784 2105 Deus
2827 2046 3081 2102 discrevit
3121 2042 3458 2111 disciplinam

1880 2149 2124 2201 nostram
2153 2158 2272 2213 qute
2319 2157 2424 2197 non
2470 2140 2649 2196 verbis
2677 2135 2953 2210 probatur,
3002 2137 3096 2190 sed
3123 2135 3339 2198 virtute,
3372 2129 3460 2184 cui

1880 2252 1989 2292 non
2015 2242 2241 2306 possunt
2263 2233 2426 2289 verba
2459 2233 2734 2287 resistere.
2780 2225 3243 2296 Quemadmodum
3309 2221 3459 2276 enim

1880 2341 1946 2382 ex
1993 2341 2101 2380 una
2143 2325 2385 2394 impensa
2434 2323 2648 2378 diversa
2679 2319 3038 2376 animantium
3088 2332 3216 2372 caro
3243 2324 3344 2376 est,
3380 2313 3457 2366 ita

1881 2423 1937 2471 et
1969 2415 2129 2470 unius
2179 2415 2360 2469 carnis
2411 2413 2647 2467 hominis
2696 2412 2923 2467 diversae
2951 2416 3113 2464 erunt
3165 2405 3455 2477 dignitates

1882 2507 1938 2562 in
1981 2505 2398 2571 resurrectione,
2454 2496 2514 2558 ut
2566 2502 2690 2558 talis
2741 2502 3111 2571 unusquisque
3178 2504 3458 2569 appareat,

1881 2599 2056 2670 qualis
2093 2597 2255 2652 fuerit
2283 2596 2484 2660 meriti,
2521 2595 2717 2665 quippe
2740 2607 2862 2648 cum
2895 2593 2983 2647 hic
3029 2591 3191 2646 etiam
3230 2587 3459 2643 diversi-

1883 2697 2047 2744 tatem
2074 2700 2359 2757 corporum
2384 2685 2695 2738 videamus:
2726 2681 2791 2735 Et
2823 2697 3062 2751 corpora,
3088 2678 3282 2748 inquit,
3319 2675 3466 2730 ctele-

1871 2778 2017 2844 ‘stia,
2044 2787 2091 2830 et
2115 2774 2379 2830 terrestria
2405 2787 2423 2824 :
2453 2773 2542 2827 sed
2565 2771 2674 2826 alia
2694 2771 2902 2839 quidem
2941 2767 3224 2823 cwlestium
3265 2764 3460 2836 gloria,

1883 2865 1992 2920 alia
2021 2875 2193 2918 autent
2243 2862 2586 2917 terrestrium.
2628 2858 2882 2914 Ctelestia
2921 2871 3149 2926 corpora
3194 2862 3321 2908 sunt
3369 2868 3459 2908 re-

1883 2955 2240 3026 surgentium,
2267 2951 2548 3007 terrestria
2589 2955 2772 3003 autem
2819 2956 3107 3016 antequam
3135 2943 3455 3005 moriantur,

1885 3051 1978 3101 aut
2035 3051 2277 3114 surgant,
2318 3050 2378 3096 ut
2411 3041 2537 3111 quia
2581 3039 2831 3095 Christus
2879 3037 3116 3094 caelestis
3145 3043 3250 3098 est,
3299 3048 3366 3087 ex
3395 3047 3463 3088 eo

1888 3151 2112 3208 corpora
2139 3135 2380 3190 ctelestia
2412 3133 2680 3188 dicantur.
2720 3130 2799 3184 Ex
2827 3128 2998 3182 Adam
3047 3141 3176 3181 vero
3205 3125 3330 3191 quia
3359 3130 3463 3176 ter-

207 3240 298 3280 sas
320 3224 673 3296 cogitationes
698 3223 920 3294 profert,
962 3224 1117 3294 quasi
1165 3225 1217 3277 in
1267 3223 1520 3292 spelunca
1549 3196 1785 3277 latrones
1813 3196 1857 3259 C
1889 3196 2078 3285 regiris
2130 3235 2214 3282 est
2258 3224 2540 3281 terrestria
2585 3237 2833 3292 corpora.
2891 3219 3011 3273 Alia
3057 3217 3272 3272 claritas
3302 3213 3461 3278 solis,

210 3315 471 3379 resident,
535 3323 590 3369 et
655 3314 973 3386 simpliciter
1047 3314 1356 3386 gradientes
1430 3313 1782 3381 interﬁciunt,

207 3404 426 3480 quando
472 3403 524 3457 in
566 3418 682 3470 eos,
711 3403 800 3472 qui
838 3403 890 3456 in
938 3401 1083 3457 nullo
1120 3404 1194 3457 rei
1226 3413 1371 3470 sunt,
1403 3403 1638 3459 laesionis
1674 3405 1788 3475 gla-

206 3495 330 3548 dios
369 3494 627 3562 deﬁgunt.
661 3493 806 3548 Mens
834 3493 978 3548 enim
1017 3492 1271 3557 ﬁdelium,
1319 3510 1426 3548 non
1459 3493 1574 3562 jam
1597 3495 1788 3550 domus

206 3586 494 3649 orationis,
527 3587 621 3641 sed
661 3586 913 3655 spelunca
945 3585 1172 3640 latronis
1210 3596 1314 3651 est,
1356 3589 1571 3656 quando
1596 3587 1786 3641 relicta

208 3673 518 3728 innocentia
552 3682 606 3729 et
648 3675 989 3744 simplicitate
1037 3676 1342 3732 sanctitatis
1396 3676 1524 3732 illud
1560 3685 1790 3732 conatur

206 3779 392 3836 agere,
449 3767 587 3821 unde
622 3767 799 3823 valeat
826 3767 1086 3838 proximis
1115 3781 1339 3833 nocere;
1369 3769 1464 3823 sed
1503 3768 1628 3838 quia
1654 3783 1786 3823 con-

209 3867 296 3911 tra
330 3872 581 3928 perversa
618 3858 734 3912 inec
761 3858 939 3912 omnia
985 3858 1162 3912 verbis
1206 3857 1584 3930 Redemptoris
1615 3857 1788 3914 nostri

205 3960 314 4024 per
364 3962 548 4000 sacras
576 3947 800 4016 paginas
846 3946 1213 4000 indesinenter
1269 3947 1607 4013 instruimur,
1647 3960 1789 4000 nunc

207 4051 384 4106 usque
416 4036 484 4090 ad
513 4035 615 4091 hoc
638 4036 816 4107 agitur
853 4035 997 4106 quod
1035 4035 1234 4090 factum
1264 4035 1429 4091 fuisse
1451 4037 1786 4106 prohibetur,

206 4142 339 4183 cum
375 4126 588 4180 dicitur.
628 4127 695 4180 Et
720 4137 830 4181 erat
853 4127 1041 4181 docens
1074 4127 1304 4197 quotidie
1344 4127 1398 4181 in
1419 4127 1630 4196 templo.
1653 4126 1786 4182 Cum

201 4216 361 4272 cnim
381 4224 614 4270 mentem
630 4216 857 4273 ﬁdelium
880 4217 947 4272 ad
958 4217 1196 4272 cavenda
1220 4217 1358 4270 mala
1382 4216 1649 4272 subtiliter
1666 4231 1782 4270 eru-

206 4307 313 4372 dit,
345 4307 583 4378 quotidie
605 4309 816 4367 Veritas
842 4310 1021 4375 docet,
1049 4307 1209 4364 Jesus
1236 4310 1486 4365 Christus
1510 4310 1784 4375 videlicet,

204 4399 476 4456 Dominus
518 4409 701 4453 noster
740 4401 830 4473 qui
884 4416 1005 4455 cum
1040 4401 1203 4456 Patre
1246 4409 1301 4455 et
1355 4399 1560 4470 Spiritu
1599 4409 1787 4456 sancto

205 4491 344 4544 vivit
370 4499 424 4549 et
448 4500 636 4562 regnat
675 4493 818 4548 Deus
862 4508 960 4564 per
1003 4493 1184 4548 omnia
1223 4492 1418 4548 saecula
1445 4492 1783 4549 szeculorum.

205 4583 402 4645 Amen.
443 4647 446 4650 .

695 4672 969 4730 HOMlLlA
1009 4672 1312 4731 CXXXVII.

852 4783 1010 4824 FERlA
1054 4782 1130 4823 ιγ.

201 4853 396 4912 Lectio
435 4855 690 4926 Epistolze
714 4857 856 4912 beati
881 4857 1034 4912 Pauli
1089 4857 1314 4928 apostoli
1342 4855 1411 4910 ad
1459 4853 1785 4911 Corinthios.

283 4945 524 5015 Fratres,
555 4965 662 5004 non
688 4951 854 5004 omnis
893 4967 1016 5004 caro
1048 4950 1229 5004 eadem
1255 4965 1402 5014 caro,
1431 4947 1522 5001 sed
1553 4947 1660 5001 alia
1695 4947 1790 5000 Ito-

202 5039 437 5105 minum,
475 5039 583 5093 alia
617 5057 882 5110 pecorum,
908 5040 1016 5094 alia
1050 5041 1338 5105 volucrum,
1374 5039 1483 5092 alia
1538 5039 1782 5109 piscium.

149 5156 158 5161 ι
205 5130 280 5190 Et
312 5148 531 5202 corpora
562 5131 813 5198 caelestia,
861 5141 908 5186 et
944 5149 1164 5202 corpora
1207 5131 1496 5196 terrestria,
1547 5130 1637 5184 sed
1675 5129 1784 5183 alia

203 5223 422 5294 quidem
468 5223 750 5278 caelestium
771 5224 958 5298 gloria,
984 5223 1093 5280 alia
1117 5239 1292 5277 autem
1318 5223 1663 5287 terrestrium,
1679 5222 1788 5276 alia

206 5315 437 5370 claritas
453 5313 597 5380 solis,
624 5313 731 5368 alia
750 5314 962 5368 claritas
988 5313 1149 5378 (ante,
1176 5324 1220 5367 et
1255 5313 1361 5367 alia
1379 5313 1593 5368 claritas
1614 5311 1790 5366 stella-

208 5419 354 5456 rum.
379 5403 544 5459 Stella
564 5407 699 5459 enim
721 5405 784 5458 ab
807 5405 958 5459 stella
979 5405 1151 5474 differt
1173 5405 1226 5458 in
1247 5403 1518 5478 claritate;
1545 5404 1619 5458 sic
1639 5412 1685 5457 et
1708 5418 1788 5456 re-

204 5496 470 5551 surrectio
493 5506 839 5561 mortuorum,
868 5505 973 5550 etc.

284 5584 347 5640 In
390 5585 475 5641 his
494 5587 744 5641 omnibus
782 5587 885 5641 iste
919 5601 1110 5640 sensus
1147 5593 1248 5640 est.
1300 5583 1356 5637 Si
1383 5599 1578 5654 genera
1610 5581 1790 5638 carnis

210 5688 344 5735 cum
392 5674 502 5728 sint
546 5684 739 5730 cuncta
788 5674 1056 5737 mortalia,
1109 5673 1364 5728 dilferunt
1414 5681 1595 5728 tamen
1649 5673 1792 5728 inter

210 5779 276 5828 ac
302 5780 405 5839 pro
429 5765 831 5824 diversitatibus
851 5765 1201 5823 animantium
1229 5781 1243 5832 ;
1275 5763 1376 5822 etsi
1397 5779 1622 5830 corpora
1644 5765 1788 5821 enim

1888 3320 1998 3374 alia
2037 3317 2253 3373 claritas
2313 3316 2475 3382 lunw,
2529 3313 2638 3368 alia
2688 3313 2904 3368 claritas
2972 3308 3264 3371 stellarum,
3312 3305 3465 3361 stella

1887 3410 2026 3464 enim
2090 3406 2153 3460 ab
2194 3404 2342 3460 stella
2381 3405 2558 3473 (li/fert
2613 3403 2671 3456 in
2715 3401 2975 3455 claritate.
3037 3396 3205 3452 Unius
3258 3405 3465 3449 natura:

1887 3498 2289 3572 comparatione
2331 3497 2504 3552 utitur
2549 3494 2617 3548 ad
2665 3492 2969 3548 indiscreta:
3000 3488 3315 3545 substantia:
3341 3487 3466 3541 red-

1889 3593 2117 3648 dendam
2156 3591 2440 3652 rationem,
2473 3587 2599 3657 quia
2645 3585 2785 3640 sicut
2823 3583 2905 3640 sol
2931 3593 2985 3638 et
3041 3581 3166 3635 luna
3211 3587 3268 3634 et
3299 3576 3467 3632 stellas

1889 3698 2012 3738 cum
2075 3681 2184 3737 sint
2231 3680 2390 3733 unius
2441 3677 2655 3746 quidem
2707 3683 2944 3734 naturte,
3002 3671 3227 3726 diversa:
3286 3676 3467 3722 tamen

1887 3771 2152 3828 claritatis
2183 3778 2326 3834 sunt,
2356 3770 2429 3822 ita
2491 3776 2546 3823 et
2580 3766 2828 3821 homines
2877 3779 2998 3818 cum
3025 3763 3132 3816 sint
3168 3759 3327 3814 unius
3369 3772 3467 3828 ge-

1887 3864 2056 3930 neris,
2111 3861 2306 3917 merito
2354 3868 2532 3914 tamen
2585 3856 2876 3912 dissimiles
2950 3863 3110 3909 erunt
3161 3852 3214 3905 in
3271 3849 3465 3920 gloria,

1887 3964 1947 4011 ut
1981 3955 2281 4010 claritatem
2323 3951 2453 4008 solis
2487 3951 2702 4005 illorum
2734 3947 2970 4018 dignitas
2997 3951 3340 4012 exsequetur,
3369 3939 3464 4010 qui

1888 4047 2243 4102 centesimum
2267 4058 2549 4100 numerum
2580 4041 2801 4103 habent,
2829 4039 2921 4108 qui
2948 4046 3005 4090 ut
3032 4035 3250 4106 perfecti
3279 4041 3463 4088 essent

1887 4135 2060 4208 primi
2076 4135 2272 4204 gradus
2295 4132 2474 4187 remuli
2523 4130 2760 4184 fuerunt.
2794 4128 2868 4181 De
2889 4127 3083 4197 quibus
3110 4125 3310 4178 dictum
3335 4130 3417 4175 est
3444 4134 3461 4174 :

1887 4235 2010 4278 tunc
2042 4223 2172 4293 justi
2198 4220 2464 4292 fulgebunt
2494 4219 2626 4272 sicut
2651 4215 2730 4270 sol
2752 4217 2806 4269 in
2832 4231 2985 4284 regno
3011 4211 3187 4265 Patris
3215 4211 3318 4264 sui.
3351 4209 3461 4263 Lu-

1888 4313 2006 4367 nari
2032 4321 2212 4366 autem
2239 4308 2470 4364 claritati
2503 4307 2556 4362 bi
2591 4304 2940 4380 comparandi
2968 4311 3113 4366 sunt,
3162 4300 3252 4369 qui
3303 4315 3464 4356 sexa-

1889 4405 2150 4474 gesimum
2182 4415 2465 4456 numerum
2497 4398 2654 4453 bonis
2675 4396 2931 4466 operibus
2976 4393 3198 4447 mercati
3230 4399 3372 4455 sunt,
3404 4397 3466 4445 ut

1889 4493 2108 4549 secundi
2158 4491 2357 4563 gradus
2408 4490 2658 4545 meritum
2707 4487 2986 4542 haberent.
3045 4483 3228 4538 Stcllis
3285 4489 3469 4538 autem

1892 4585 2210 4640 clarioribus
2239 4597 2426 4638 eorum
2453 4581 2645 4635 merita
2672 4577 3034 4646 comparanda
3076 4581 3221 4640 sunt,
3254 4575 3344 4643 qui
3371 4573 3469 4628 tri-

1893 4679 2153 4734 cesimum
2191 4690 2497 4738 numerum,
2529 4672 2668 4727 tertii
2703 4671 2901 4741 gradus
2929 4668 3267 4738 dignitatem,
3305 4665 3472 4736 justis

1892 4768 2164 4825 laboribus
2204 4765 2548 4834 quaesierunt.
2579 4759 2938 4829 Sequentibus
2966 4769 3093 4810 vero
3119 4755 3308 4819 stellis,
3345 4768 3471 4824 qua:

1893 4861 2037 4915 inter
2061 4859 2236 4913 claras
2289 4864 2345 4912 et
2371 4854 2711 4910 obscuriores
2750 4849 2940 4904 mediae
2975 4857 3120 4913 sunt,
3151 4853 3472 4919 peccatores

1894 4950 2142 5006 homines
2167 4945 2453 5016 coaptandi
2491 4951 2635 5008 sunt,
2671 4944 2762 5014 qui
2794 4944 2860 4998 de
2888 4943 3058 4996 tribus
3104 4937 3302 4992 nullius
3339 4949 3466 5006 gra-

1885 5040 1986 5095 dus
2011 5038 2272 5092 honorem
2323 5035 2544 5108 adipisci
2594 5034 2903 5097 noluerunt,
2947 5030 3157 5086 caneris
3188 5025 3471 5098 [Tetricisl

1886 5141 2063 5185 autem
2094 5127 2261 5182 stellis
2287 5134 2344 5180 et
2385 5125 2624 5180 omnium
2677 5120 2983 5178 novissimis
3024 5117 3350 5188 perﬁdorum
3380 5132 3466 5172 re-

1887 5217 2154 5272 surrectio
2193 5214 2386 5270 similis
2437 5223 2541 5280 est,
2570 5214 2696 5284 quia
2719 5225 2957 5267 errorem
2987 5207 3180 5273 secuti,
3205 5205 3376 5261 stellis
3408 5205 3464 5261 in

1888 5320 2128 5362 errorem
2162 5305 2483 5360 ducentibus
2515 5301 2862 5374 comparandi
2906 5307 3054 5367 sunt,
3092 5299 3231 5354 sicut
3260 5297 3389 5354 dicit
3412 5297 3467 5353 in

1891 5398 2127 5469 Epistola
2152 5413 2248 5452 sua
2271 5396 2436 5453 Judas
2456 5395 2746 5467 apostolus,
2776 5393 3060 5464 infidelitas
3083 5391 3218 5446 enim
3247 5407 3351 5445 non
3374 5406 3470 5459 pe—

1891 5497 1988 5543 test
2029 5487 2227 5542 claram
2259 5487 2689 5542 resurrectionem
2732 5483 2940 5549 habere,
2985 5483 3110 5554 quia
3138 5482 3272 5535 sicut
3307 5478 3469 5532 carbo

1891 5580 2062 5635 cinere
2103 5596 2199 5634 suo
2263 5588 2534 5649 coopertus
2577 5576 2889 5641 obca’catur,
2940 5575 3016 5630 ita
3058 5581 3115 5628 et
3149 5573 3203 5628 hi
3243 5567 3472 5643 perﬁdia

1891 5687 1987 5726 sua
2013 5671 2215 5727 erroris
2234 5669 2471 5725 tenebris
2501 5667 2818 5724 circumdati
2846 5666 2965 5723 luce
2991 5665 3276 5722 carebunt.
3313 5662 3391 5716 lla
3413 5667 3495 5717 et_

1893 5762 2218 5820 resurrectio
2253 5770 2589 5818 mortuorum
2619 5777 2630 5814 :
2664 5757 2909 5832 exempla
2939 5758 3032 5815 dat
3062 5764 3121 5810 ut
3141 5767 3252 5812 non
3275 5751 3345 5806 sit
3376 5748 3472 5836 dus
