3960 6360
549 306 638 363 HI

1183 327 1245 382 Β.
1288 325 1536 382 RABA‘NI
1575 325 1792 382 MAURI
1829 321 2149 382 ARCIIIEP.
2189 322 2498 380 MOGUNT.
2539 323 2826 382 OPERUM
2864 324 3045 380 PARS
3082 325 3148 380 Il.

3718 329 3815 390 ια

549 444 697 500 bium
722 445 1168 500 resurrectionem
1189 444 1425 500 futuram
1447 452 1804 511 mortuorum,
1820 451 1880 498 ut
1899 448 2120 512 accepta
2147 443 2199 503 Α
2223 440 2350 496 caelo
2398 440 2615 497 ccelestis
2660 442 2874 496 dicitur.
2917 440 3052 509 Quia
3085 457 3190 496 non
3214 443 3471 498 humana:
3497 443 3818 512 fragilitatis

548 533 759 590 ratione
783 549 940 590 nemo
978 535 1231 606 ambigat.

618 622 923 678 Sentinatur
965 625 1018 678 in
1045 625 1392 696 corruptione,
1419 634 1594 697 surget
1631 626 1687 680 in
1713 625 2118 696 incorruptione.

547 717 836 774 Seminare
877 729 960 774 est
1000 721 1227 790 sepelire
1272 731 1333 777 ut
1389 733 1791 792 corrumpatur,
1835 739 2121 794 resurgere

547 819 748 873 autem,
773 809 824 862 in
849 810 1228 880 incorruptela,
1267 810 1379 879 jam
1410 813 1798 868 exsuscitatnm
1827 828 1932 867 non
1958 826 2120 882 posse

548 899 841 968 corrumpi,
866 899 960 953 sed
987 899 1187 954 habere
1207 899 1508 955 claritatem
1534 901 1970 956 immortalitatis.
2015 902 2116 958 Se-

545 990 778 1043 minatur
808 990 863 1043 in
891 990 1196 1060 ignominia,
1223 1001 1396 1062 surget
1423 993 1478 1046 in
1507 991 1695 1063 gloria.
1728 992 1787 1048 In
1821 993 2116 1066 ignominia

544 1086 843 1140 seminatur
889 1085 1013 1138 dum
1067 1086 1121 1140 in
1174 1086 1364 1140 tetrico
1412 1087 1648 1155 ponitur,
1687 1085 1746 1140 lit
1784 1085 2008 1142 letidum
2061 1097 2118 1144 et

543 1184 714 1236 scatet
741 1177 1030 1231 vermibus.
1055 1177 1356 1248 Resurgere
1383 1186 1558 1231 autem
1581 1186 1664 1233 est
1687 1178 1741 1232 in
1769 1178 1960 1248 gloria,
1988 1179 2116 1248 quia

540 1267 929 1322 exsuscitatum
954 1276 1007 1322 et
1028 1267 1206 1323 lumen
1234 1267 1360 1335 erit,
1387 1275 1442 1322 et
1469 1267 1665 1323 nullam
1687 1267 1949 1338 squaloris
1971 1269 2116 1340 inju-

543 1356 680 1412 riam
718 1357 974 1427 patietur.

611 1446 914 1502 Seminatur
942 1449 996 1503 in
1026 1449 1349 1518 inﬁrmitate,
1373 1456 1547 1518 surget
1577 1447 1630 1502 in
1648 1448 1853 1502 virtute.
1881 1448 1938 1503 In
1965 1447 2114 1504 infir-

540 1537 725 1594 mitate
753 1539 1073 1605 seminatur,
1123 1540 1245 1609 quia
1284 1538 1557 1594 immobile
1597 1548 1680 1593 est
1722 1547 1778 1592 et
1807 1538 2108 1608 irregibile;

535 1631 709 1700 surgit
742 1638 922 1685 autem
951 1631 1004 1686 in
1033 1631 1254 1697 virtute,
1285 1630 1411 1692 quia
1442 1628 1556 1698 jam
1585 1635 1758 1684 totum
1788 1628 1972 1683 vivum
2005 1629 2112 1685 erit

535 1739 601 1778 ac
631 1733 898 1794 vegetum.

2226 530 2356 596 ritu,
2418 531 2513 587 sed
2558 532 2752 588 divina:
2825 532 3122 602 maiestatis
3177 541 3332 600 nutu,
3389 541 3451 589 et
3512 542 3814 603 conceptus

2221 629 2326 686 est,
2384 630 2439 676 et
2467 605 2685 678 enixus:
2718 622 2852 677 Nam
2888 639 3059 692 usque
3093 624 3228 679 adeo
3277 634 3537 679 naturam
3573 635 3813 679 nostram

2220 710 2426 778 habuit,
2471 724 2529 768 ut
2557 714 2826 769 secundus
2845 713 3018 768 Adam
3039 715 3274 780 dicatur,
3319 724 3374 769 et
3423 715 3626 782 homo,
3665 713 3815 770 Jcsus

2219 801 2468 862 Christus
2489 805 2749 860 Dominus
2794 815 2997 870 noster,
3043 808 3134 876 qui
3177 824 3297 864 eum
3320 806 3571 865 Patreet
3609 807 3812 877 Spiritu

2218 901 2405 947 sancto
2433 893 2565 947 vivit
2587 903 2642 950 et
2666 904 2858 967 regnat
2870 897 3011 952 Deus
3030 912 3128 968 per
3153 898 3332 952 omnia
3353 897 3563 954 saecula
3591 899 3814 955 seculo-

2219 998 2360 1039 rum.
2388 983 2582 1040 Amen.

2713 1075 2993 1133 HOMle
3028 1077 3354 1136 CXXXVIII.

2806 1181 2936 1222 ITEI
2973 1184 3128 1224 FEBIA
3166 1184 3237 1223 ιν.

2361 1251 2544 1312 Lectio
2570 1257 2744 1312 sancti
2774 1257 3049 1330 Evangelii
3095 1259 3390 1315 secundum
3415 1259 3668 1315 Lucam.

2287 1343 2355 1400 In
2385 1345 2476 1402 illo
2517 1357 2764 1418 tempore,
2809 1349 3122 1420 respondens
3166 1347 3322 1404 Iesus
3371 1351 3667 1420 discipulis
3715 1352 3812 1405 suis

2214 1435 2385 1492 dixit:
2405 1434 2537 1490 Cum
2562 1437 2796 1492 videritis
2815 1438 3132 1492 circumdari
3146 1439 3210 1492 ab
3232 1439 3463 1493 exercitu
3480 1437 3811 1503 Jerusalem,

2215 1535 2338 1581 tunc
2357 1527 2541 1587 scitote
2565 1528 2688 1598 quia
2716 1530 3151 1600 appropinquabit
3180 1529 3430 1583 desolatio
3456 1531 3609 1599 ejus,
3637 1540 3753 1588 etc.

2285 1615 2561 1672 Hactenus
2573 1632 2635 1672 ea
2653 1632 2772 1688 qua:
2783 1619 3241 1688 perquadraginta
3263 1635 3434 1674 annos
3449 1621 3701 1675 necdum
3718 1621 3811 1675 line

2215 1706 2466 1761 veniente
2483 1706 2662 1760 futura
2681 1716 2856 1773 erant,
2881 1707 3007 1761 hinc
3023 1707 3135 1778 ipse
3155 1708 3280 1763 linis
3293 1708 3685 1771 desolationis,
3704 1726 3811 1778 qua:

615 1816 909 1872 geminam,
929 1832 1115 1886 corpus
1138 1811 1390 1880 “male,
1420 1821 1592 1884 surge;
1621 1830 1811 1884 corpus
1851 1812 2106 1884 ερξνειαιε,
2137 1806 2184 1867 Β
2213 1814 2243 1852 a
2261 1798 2503 1854 Romano
2517 1799 2756 1854 exercitu
2777 1799 2918 1854 facta
2938 1808 3040 1865 est,
3058 1801 3269 1856 Domini
3295 1802 3475 1864 verbis
3489 1803 3808 1871 exponitur.

532 1909 659 1964 licet
689 1909 832 1962 enim
862 1906 1271 1978 pronuntiemus
1319 1905 1604 1962 nonnullas
1658 1919 1779 1960 esse
1837 1903 2110 1974 spiritales

533 2006 780 2060 naturas,
808 2005 867 2051 ut
889 2003 1014 2050 sunt
1043 1995 1252 2066 angeli,
1297 1994 1626 2066 archangeli,
1649 2003 1964 2064 cmterzeque
2003 1996 2111 2050 vir-

535 2097 694 2151 tutes,
729 2088 838 2156 ipsa
867 2101 1080 2156 quoque
1102 2086 1280 2140 anima
1318 2095 1522 2149 nostra,
1570 2086 1653 2141 vel
1682 2095 1828 2140 certe
1877 2102 1970 2140 aer
2003 2087 2108 2142 iste

529 2176 763 2242 subtilis,
803 2185 979 2231 tamen
1007 2190 1034 2218 ι
1068 2177 1396 2246 incorpore-.e
1427 2177 1734 2232 nullatenus
1779 2177 2108 2232 aestimandae

527 2278 674 2332 sunt,
725 2268 923 2322 habent
977 2268 1118 2322 enim
1145 2273 1442 2324 secundum
1490 2283 1548 2322 se
1577 2282 1793 2337 corpus,
1840 2283 1947 2336 quo
1980 2266 2110 2323 sub-

528 2357 740 2419 sistunt,
773 2355 898 2410 licet
925 2356 1094 2410 multo
1138 2357 1375 2420 tenuius,
1406 2371 1568 2424 quam
1596 2364 1780 2411 nostra
1810 2365 1935 2410 sunt
1987 2372 2108 2412 cor-

527 2462 678 2516 pora,
702 2447 997 2500 secundum
1027 2445 1266 2515 Apostoli
1303 2447 1626 2502 sententiam
1659 2486 1676 2513 ,
1735 2447 1810 2500 ita
1847 2446 2102 2514 dicentis,

527 2535 598 2588 Et
628 2553 844 2605 corpora
881 2535 1105 2590 caelestia
1134 2547 1180 2590 et
1219 2553 1435 2606 corpora
1459 2537 1763 2603 terrestria;
1793 2544 1849 2591 et
1884 2537 2102 2604 iterum,

527 2627 816 2677 seminatur
861 2641 1050 2693 corpus
1098 2624 1341 2688 animale,
1399 2635 1572 2694 surget
1631 2641 1818 2696 corpus
1848 2624 2101 2695 spiritale.

529 2712 735 2777 Quibus
761 2713 1044 2767 manifeste
1098 2715 1367 2784 colligitur
1393 2715 1524 2768 nihil
1555 2730 1674 2769 esse
1725 2715 2104 2786 incorporeum

527 2800 631 2854 nisi
665 2800 829 2854 Deum
857 2801 1051 2867 solum,
1082 2811 1135 2857 et
1158 2802 1361 2857 idcirco
1404 2803 1503 2873 ipsi
1538 2805 1911 2858 tantummodo
1944 2819 2104 2873 posse

524 2891 886 2960 penetrabiles
945 2909 1132 2948 omnes
1179 2894 1448 2963 spiritales
1497 2903 1659 2964 atque
1709 2894 2102 2957 intellectuales

523 2997 646 3036 esse
685 2984 1034 3051 substantias,
1069 3000 1133 3039 eo
1184 2987 1324 3055 quod
1371 2985 1517 3041 solus
1545 2995 1599 3041 ct
1628 2995 1774 3042 totus
1820 2994 1874 3042 ct
1904 2987 2104 3056 ubique

522 3081 578 3129 ct
629 3073 682 3126 in
717 3074 968 3130 omnibus
1015 3077 1107 3140 sit,
1154 3076 1226 3131 ita
1265 3083 1322 3130 ut
1357 3077 1708 3146 cogitationes
1738 3079 2014 3134 hominum
2047 3086 2103 3134 et

521 3163 766 3220 lnternos
810 3175 1004 3232 motus,
1055 3167 1310 3236 adituque
1363 3169 1558 3223 mentis
1618 3169 1872 3224 universa
1929 3168 2100 3240 inspi-

520 3255 631 3310 ciat
668 3264 827 3325 atque
853 3257 1162 3326 pcrlustret.
1192 3257 1266 3314 De
1296 3258 1412 3328 ipso
1440 3259 1705 3330 siquidem
1733 3261 1848 3316 solo
1867 3277 2102 3331 pronun-

525 3345 881 3400 tiavitbeatus
912 3345 1198 3416 Apostolus
1227 3349 1414 3406 dicens
1445 3368 1459 3404 :
1485 3348 1651 3406 Unius
1677 3353 1811 3406 enim
1833 3362 1908 3406 est
1931 3369 2100 3408 sermo

521 3433 643 3500 Dei,
689 3445 737 3490 et
785 3437 964 3508 eﬁicax
994 3447 1040 3491 et
1083 3440 1290 3493 acutior
1315 3456 1470 3517 super
1511 3457 1714 3496 omnem
1738 3441 1978 3513 gladium
1999 3461 2099 3499 an-

522 3526 727 3596 cipitem
771 3538 819 3583 et
853 3531 1143 3599 pertingens
1193 3547 1352 3601 usque
1378 3532 1447 3584 ad
1477 3533 1781 3587 divisionem
1816 3536 2008 3593 anima:
2050 3543 2100 3590 et

522 3617 758 3686 spiritus,
809 3635 1112 3688 compagum
1150 3636 1374 3690 quoque,
1399 3631 1445 3677 et
1488 3622 1859 3689 medullarum,
1891 3634 1940 3678 et
1985 3624 2098 3678 dis-

523 3719 694 3762 cretor
745 3710 1116 3780 cogitationum
1163 3722 1210 3765 et
1263 3713 1605 3766 intentionum
1664 3715 1858 3782 cordis,
1905 3724 1954 3769 et
1995 3732 2099 3768 non

522 3807 595 3850 est
636 3795 744 3849 ulla
774 3809 1013 3852 creatura
1038 3799 1310 3854 invisibilis
1342 3801 1393 3854 in
1421 3812 1697 3872 conspectu
1745 3802 1880 3871 ejus,
1920 3804 2099 3871 omnia

523 3898 697 3941 autem
739 3888 881 3942 nuda
925 3899 972 3944 et
1022 3901 1199 3960 aperta
1241 3901 1360 3945 sunt
1398 3891 1561 3944 oculis
1605 3892 1738 3961 ejus.
1794 3891 1860 3946 Et
1909 3893 2099 3948 beatus

522 3976 711 4042 David,
738 3978 841 4044 Qui
871 3980 1042 4050 ﬁngit,
1093 3981 1288 4050 inquit,
1319 3981 1587 4052 sigillatim
1612 3984 1770 4036 corda
1800 4001 1998 4038 eorum.
2034 3985 2099 4040 Et

522 4067 717 4128 iterum
756 4087 768 4124 :
812 4067 932 4139 Ipse
982 4071 1118 4123 enim
1167 4073 1302 4126 norit
1353 4073 1555 4126 occulta
1617 4075 1808 4128 cordis.
1853 4074 2100 4131 Anitnale

522 4175 717 4229 corpus
746 4170 846 4225 est,
877 4163 1001 4215 dum
1031 4162 1165 4216 cibis
1188 4173 1524 4218 sustentatur
1565 4177 1623 4219 ut
1649 4164 1822 4238 juvat,
1853 4165 2097 4238 spiritale

522 4258 698 4310 autem
742 4265 862 4304 cum
909 4252 1099 4306 horum
1125 4253 1256 4308 nihil
1296 4254 1552 4324 indigebit
1587 4271 1906 4312 conversum
1937 4257 1988 4311 in
2021 4258 2100 4312 vi-

522 4347 652 4397 tam.
693 4338 882 4393 Omnia
914 4342 1219 4409 supradicta
1250 4343 1352 4397 hoc
1398 4357 1557 4398 sensu
1607 4343 1946 4411 clauduntur,
1990 4362 2098 4401 non

521 4428 665 4486 enim
711 4441 905 4496 corpus
958 4429 1190 4484 animale
1241 4445 1456 4500 semper
1515 4431 1602 4486 hic
1661 4430 1861 4486 habere
1921 4441 2098 4503 potest

524 4514 784 4591 Spiritum
844 4526 1108 4571 sanctum.
1175 4517 1328 4574 Tunc
1361 4499 1556 4588 ivero,
1611 4519 1666 4575 id
1715 4529 1830 4588 est,
1906 4499 2174 4576 resur-D

523 4605 760 4663 rectione
804 4622 1018 4678 semper
1068 4609 1308 4662 manebit
1367 4609 1418 4664 in
1461 4610 1682 4665 sanctis.
1739 4609 1937 4682 Surget
1976 4627 2098 4668 eor-

520 4713 620 4777 pus
667 4699 928 4774 spiritale,
981 4701 1125 4773 quod
1181 4702 1350 4757 nossit
1401 4702 1480 4757 ire
1533 4703 1747 4758 obviam
1784 4704 2021 4760 Christo.

594 4789 743 4843 Sicut
769 4791 1027 4867 scriptum
1047 4800 1130 4846 est
1153 4809 1165 4845 :
1193 4790 1388 4846 Factus
1414 4801 1490 4847 est
1518 4794 1718 4864 primus
1751 4794 1905 4848 homo
1927 4795 2097 4852 Adam

520 4879 574 4934 in
610 4881 843 4933 animam
874 4882 1141 4948 virentem,
1177 4883 1485 4937 novissimus
1529 4882 1700 4938 Adam
1758 4885 1811 4938 in
1851 4887 2096 4956 spiritum

519 4970 885 5040 viviﬁcantem.
916 4972 1218 5030 Notandum
1248 4985 1350 5041 est,
1383 4974 1526 5042 quod
1575 4989 1698 5029 cum
1745 4974 1880 5031 duos
1924 4977 2097 5032 Adam

520 5058 653 5118 dicit
699 5061 938 5131 ejusdem
981 5072 1188 5117 natura:
1224 5073 1483 5136 utrosque
1538 5064 1892 5120 demonstrat.
1940 5066 2098 5133 Quod

522 5157 712 5206 eontra
760 5151 1077 5208 Manichmos
1111 5161 1166 5208 et
1198 5153 1623 5222 Apollonaristas
1662 5154 1815 5221 facit,
1873 5157 1964 5225 qui
1996 5171 2094 5211 ne-

519 5247 649 5310 gant
697 5239 790 5294 Dei
817 5242 980 5296 verbo
1008 5242 1302 5313 perfectum
1331 5243 1602 5298 hominem
1622 5259 1742 5299 esse
1765 5253 2092 5314 susceptum.

521 5326 630 5383 Sed
681 5347 784 5384 non
830 5333 979 5402 prius
1007 5335 1147 5403 quod
1172 5334 1414 5404 spiritale
1435 5343 1543 5402 est,
1580 5335 1675 5394 sed
1705 5335 1847 5406 quod
1864 5336 2096 5393 animale

520 5428 624 5474 est.
655 5417 854 5474 Deinde
879 5422 1020 5490 quod
1051 5424 1308 5495 spiritale.

593 5507 806 5566 Primus
837 5511 988 5564 homo
1011 5512 1074 5566 de
1101 5524 1238 5567 terra
1267 5527 1522 5582 terrenus,
1544 5515 1803 5570 secundus
1850 5515 2002 5572 homo
2027 5518 2093 5574 de

2287 1888 2431 1943 Tunc
2452 1891 2541 1961 qui
2585 1890 2638 1943 in
2671 1889 2865 1945 Judtca
2897 1900 3020 1944 sunt
3047 1890 3256 1962 fugiant
3280 1891 3333 1944 in
3358 1903 3585 1946 montes.
3627 1893 3808 1947 Eccli.L

2212 1981 2430 2037 siastica
2503 1990 2690 2036 narrat
2729 1982 2983 2048 historia,
3045 1984 3272 2039 cunctas
3341 1985 3434 2054 qui
3503 1985 3560 2038 in
3627 1984 3807 2039 Iuda

2211 2080 2369 2129 erant
2425 2071 2764 2128 Christianos
2797 2072 3112 2128 imminente
3164 2073 3680 2146 Hierosolymorum
3726 2091 3806 2128 e1-

2210 2160 2352 2217 cidio
2406 2163 2767 2219 commonitos
2818 2178 2849 2219 a
2899 2164 3126 2219 Domino
3181 2165 3330 2228 loco,
3373 2165 3712 2231 decessisse,
3760 2177 3808 2220 et

2210 2262 2362 2308 trans
2410 2252 2698 2309 Jordanem
2746 2255 2800 2308 in
2859 2255 3078 2310 civitate
3120 2254 3353 2326 quadam
3387 2255 3535 2310 Pella
3589 2258 3808 2312 nomine

2209 2343 2378 2399 donec
2406 2343 2668 2400 desolatio
2689 2343 2891 2400 Iudaea:
2917 2345 3282 2416 compleretur
3320 2347 3630 2402 habitasse.

2280 2435 2348 2489 Et
2373 2437 2463 2507 qui
2482 2438 2535 2490 in
2562 2437 2731 2490 ntedio
2777 2436 2914 2508 ejus,
2941 2437 3212 2491 discedant
3241 2448 3332 2492 :et
3363 2439 3454 2509 qui
3487 2438 3544 2490 in
3574 2442 3804 2509 regioni-

2207 2526 2323 2590 bus,
2365 2543 2466 2580 non
2490 2528 2684 2581 intrent
2723 2544 2860 2581 eam.
2910 2526 3049 2593 Quia
3078 2528 3190 2582 dies
3213 2527 3430 2581 ultionis
3471 2527 3530 2580 hi
3572 2540 3728 2595 sunt,
3757 2541 3805 2584 st

2205 2613 2522 2684 impleantur
2582 2618 2758 2670 omnia
2807 2633 2927 2687 qua:
2978 2618 3174 2686 scripta
3216 2625 3360 2670 sunt.
3401 2617 3639 2672 Videtur
3695 2621 3804 2687 qui-

2206 2707 2328 2762 dem
2375 2708 2442 2761 ad
2489 2722 2783 2778 congruam
2814 2707 3088 2778 pertinere
3123 2708 3551 2762 admonitionem
3605 2720 3672 2763 nt
3716 2711 3806 2779 qui

2205 2807 2362 2854 extra
2397 2808 2546 2866 sunt,
2594 2815 2702 2855 non
2737 2799 2792 2854 in
2820 2816 2940 2856 eam
2983 2803 3206 2856 intrent.
3255 2801 3358 2869 Qui
3391 2810 3576 2856 autem
3603 2803 3667 2857 in
3696 2820 3801 2858 me-

2207 2890 2296 2946 dio
2328 2900 2454 2946 sunt
2503 2891 2771 2961 quomodo
2809 2893 3088 2948 discedent
3122 2892 3190 2948 ab
3223 2893 3472 2948 exercitu
3501 2891 3622 2962 iam
3670 2896 3800 2950 civi-

2189 2986 2319 3060 tate
2343 2981 2718 3035 circumdata?
2783 2981 2889 3037 nisi
2933 2980 3073 3037 forte
3114 2983 3258 3051 quod
3309 2983 3599 3052 pragmisit,
3659 2994 3798 3048 tunc,

2207 3069 2261 3124 id
2282 3077 2386 3136 est,
2420 3078 2544 3124 tunc
2561 3072 2650 3141 qui
2681 3072 2737 3125 in
2758 3071 2951 3126 Judwa
2979 3082 3100 3126 sunt
3121 3073 3346 3143 fugiant,
3379 3090 3486 3129 non
3518 3075 3588 3128 ad
3626 3077 3797 3144 ipsum

2129 3148 2191 3218 C'
2208 3165 2420 3229 tempus
2441 3159 2758 3226 obsidionis,
2782 3160 2876 3216 sed
2898 3160 2966 3215 ad
2987 3162 3290 3230 proximum
3313 3172 3440 3218 ante
3459 3165 3797 3219 obsidionem

2205 3256 2440 3320 tempus,
2477 3265 2602 3305 cum
2643 3265 2702 3306 se
2735 3251 2911 3321 primo
2936 3252 3089 3308 miles
3122 3253 3398 3309 Romanus
3429 3269 3531 3324 per
3567 3255 3800 3311 Galilsu

2205 3338 2289 3394 vel
2341 3339 2601 3395 Samaria
2655 3341 2792 3396 ﬁnes
2853 3343 3108 3412 cmpisset
3160 3343 3463 3399 dill'undere
3525 3347 3798 3415 pertinere

2184 3422 2466 3496 dicamus,
2500 3437 2560 3484 ut
2596 3438 2722 3486 tunc
2752 3430 2936 3501 fugere
2961 3433 3212 3502 quisque,
3257 3449 3380 3490 cum
3405 3433 3597 3505 lugere
3623 3437 3797 3490 adhuc

2203 3529 2419 3592 tempus
2457 3529 2634 3590 esset,
2679 3522 3029 3578 acceleraret.
3071 3524 3196 3580 Dies
3245 3536 3423 3580 autem
3466 3527 3692 3581 ultionis
3744 3528 3796 3580 lii

2203 3625 2346 3682 sunt,
2372 3614 2635 3670 Dominici
2658 3614 2906 3670 videlicet
2933 3617 3210 3686 sanguinis
3235 3616 3496 3673 ultionem
3522 3628 3788 3689 petentes.

2289 3703 2375 3758 Vt:
2403 3714 2578 3758 autem
2633 3706 3024 3776 pra'gnantibus
3065 3717 3112 3760 et
3167 3707 3522 3761 nutrientibus
3579 3710 3634 3762 in
3693 3707 3790 3761 illis

2200 3796 2401 3873 diebus.
2459 3795 2548 3850 Va:
2601 3806 2866 3866 praesente
2905 3798 3215 3868 captivitate
3278 3802 3692 3870 pratgnantibus
3741 3812 3792 3856 et

2201 3887 2563 3964 nutrientibus
2613 3889 2726 3943 sive
2777 3892 3218 3959 mammantibus,
3255 3901 3317 3946 ut
3343 3893 3570 3964 quidam
3619 3895 3787 3948 inter~

2200 3961 2500 4047 pretantur,
2549 3994 2778 4048 quarmn
2807 3980 2889 4034 vel
2931 3983 3067 4036 uteri
3106 3991 3160 4037 et
3185 3998 3377 4037 manus
3415 3982 3653 4038 ﬁliorum
3677 3999 3786 4039 sar-

2201 4067 2336 4122 cina:
2379 4077 2726 4139 praegravata:
2753 4069 2888 4138 lagae
2926 4071 3306 4126 necessitatem
3368 4086 3478 4126 non
3503 4073 3784 4126 minimum

2201 4157 2543 4230 impediunt;
2600 4160 2715 4232 lege
2760 4161 2964 4230 lit-gum
3004 4162 3309 4228 historiam,
3363 4161 3458 4216 ubi
3513 4179 3658 4217 uxor
3692 4160 3780 4217 Jo-

2201 4251 2378 4305 natha:
2432 4250 2633 4306 malum
2700 4253 3032 4324 captivitatis
3077 4269 3309 4325 propera
3360 4252 3489 4322 luga
3546 4253 3781 4316 vitando,

2199 4340 2351 4412 lapso
2379 4358 2478 4397 suo
2518 4343 2643 4407 tilio,
2681 4355 2942 4415 perpetuo
2985 4344 3136 4400 illum
3179 4345 3433 4402 claudum
3481 4345 3717 4415 recepit.

2271 4433 2389 4487 Erit
2413 4435 2547 4488 enim
2568 4451 2813 4504 presuras
2844 4451 3037 4506 magna
3079 4452 3236 4507 super
3269 4445 3488 4502 terram,
3519 4445 3570 4489 et
3596 4437 3676 4490 ira
3695 4449 3782 4506 ρι-

2198 4523 2322 4594 pulo
2365 4524 2507 4577 huic.
2564 4524 2688 4579 llmc
2726 4539 2982 4595 pressura
3025 4536 3082 4580 et
3131 4526 3210 4581 ira
3239 4526 3439 4597 populo
3491 4525 3569 4580 illi
3617 4539 3781 4594 usque

2197 4614 2357 4670 hodie
2393 4630 2492 4685 per
2537 4630 2726 4671 omnes
2778 4625 2966 4688 gentes
3003 4617 3248 4688 disperso
3287 4616 3566 4672 individua
3607 4629 3782 4670 eomes

2200 4704 2460 4770 adhaeret,
2517 4719 2625 4759 non
2688 4713 2870 4759 tamen
2931 4707 2986 4761 in
3031 4716 3292 4761 aeternum
3335 4706 3624 4760 adhzesura
3663 4718 3778 4759 crc-

2199 4793 2376 4848 denda
2403 4803 2488 4848 est
2515 4812 2526 4848 :
2554 4810 2678 4849 nam
2703 4805 2990 4866 postquam
3011 4778 3262 4851 ordinem
3285 4795 3533 4867 ejusdem
3560 4808 3777 4866 pressu-2

2198 4897 2274 4938 ra:
2302 4882 2385 4937 vel
2413 4883 2507 4938 ira:
2539 4885 2796 4940 Dominus
2825 4886 3062 4940 ostendit
3089 4887 3294 4952 dicens,

2271 4973 2340 5029 Et
2383 4975 2567 5030 cadent
2614 4977 2670 5030 in
2716 4993 2804 5031 ore
2845 4977 3030 5048 gladii,
3068 4988 3115 5032 et
3175 4978 3366 5048 captivi
3409 4977 3668 5032 ducentur
3726 4977 3776 5030 il

2198 5084 2375 5124 omnes
2432 5079 2628 5140 gentes,
2683 5078 2731 5122 et
2777 5068 3077 5124 Jerusalem
3119 5068 3410 5124 calcabitur
3452 5085 3488 5122 a
3525 5068 3772 5140 gentibus,

2196 5160 2444 5232 protinus
2479 5159 2634 5230 juxta
2680 5159 3048 5231 Prophetiam,
3083 5176 3204 5231 qua:
3239 5161 3407 5227 canit,
3435 5161 3494 5215 in
3527 5161 3610 5215 ira
3639 5159 3774 5213 arise

2197 5249 2440 5303 ricordirc
2462 5266 2660 5304 memor
2692 5249 2818 5318 eris,
2846 5250 3146 5320 subiunxit,
3170 5260 3333 5320 atque
3354 5250 3436 5307 ait
3459 5267 3476 5307 :

2279 5337 2448 5392 Donec
2510 5339 2826 5409 impleantur
2872 5350 3108 5412 tempora
3153 5342 3445 5395 nationum.
3515 5340 3772 5412 Tempora

2198 5428 2398 5498 quippe
2431 5428 2710 5483 nationum
2743 5429 2834 5484 illa
2880 5441 3028 5496 sunt,
3076 5446 3197 5502 qua:
3229 5439 3623 5486 commemorat
3645 5430 3770 5499 Apo-

2197 5517 2369 5574 stolus
2419 5518 2623 5587 dicens,
2673 5521 2801 5591 quia
2854 5523 3062 5576 caecitas
3107 5537 3174 5576 ea:
3233 5531 3382 5592 parte
3427 5520 3573 5594 facta
3618 5533 3687 5576 est
3720 5519 3770 5570 il

590 5712 613 5737 δ
650 5695 763 5753 νῆά.
795 5696 1012 5758 Dionvs.
1045 5696 1247 5757 Petavii
1279 5699 1539 5770 Dogmata
1564 5699 1802 5774 thcolog.
1832 5710 1871 5758 t.
1899 5704 1988 5768 tu,
2012 5709 2172 5759 tract.
2198 5701 2264 5758 de
2285 5700 2524 5774 Angelis,
2547 5703 2640 5761 lib.
2667 5719 2705 5771 ι,
2734 5719 2853 5777 cap.
2874 5704 2929 5772 2,
2954 5720 3010 5776 p.
3035 5704 3090 5771 5,
3114 5702 3244 5760 edit.
3268 5701 3534 5776 Antuerp.
3617 5703 3765 5758 Enu-
