3960 6360
184 348 299 407 813

1250 348 1556 411 ΠΟΜΙΕΙΑΞ
1595 353 1666 413 iN
1701 354 1958 418 EVANG.
1998 348 2088 417 ΕΤ
2124 357 2362 420 EPIST.‘

3353 372 3463 431 did

183 457 363 517 Israel
382 457 546 551 donec
581 458 853 551 plenitudo
879 459 1115 551 gentium
1142 461 1382 519 introiret
1407 474 1458 520 et
1502 467 1579 521 sic
1603 470 1776 525 ontnis
1802 474 1852 536 Α
1879 485 2182 530 marcescet
2202 516 2218 543 ,
2256 476 2385 546 quia
2417 475 2553 535 ﬁdes
2584 478 2704 535 sine
2737 480 2992 551 operibus
3026 490 3239 540 mortua
3274 495 3359 542 est
3399 486 3461 544 iu

182 547 360 607 Israel
403 548 580 604 salvus
622 550 793 619 ﬁeret,
848 550 1089 620 quicum
1122 553 1390 622 promissa
1442 556 1619 612 salute
1652 558 1771 616 l'ue-

184 644 265 700 rit
311 642 534 714 potitus,
581 643 821 713 patrium
863 656 1078 712 quoque
1120 644 1398 702 rediturus
1452 648 1522 702 ad
1566 649 1766 719 solum,

180 741 244 791 et
269 733 585 803 metropolis
618 734 891 804 quondam
918 749 1031 790 sure
1054 736 1452 806 possessionem
1480 748 1646 810 atque
1675 741 1767 797 in-

180 821 574 880 habitationem
602 832 874 894 speratur,
916 825 1044 895 quia
1082 841 1191 883 non
1238 827 1293 883 in
1324 838 1645 901 perpetuum
1674 833 1770 890 sed

177 915 357 970 donec
377 923 619 987 tempora
646 916 923 972 nationum
951 916 1300 988 impleantur,
1336 919 1416 975 ira
1440 923 1768 990 premendus

176 1019 303 1061 esse
331 1017 603 1061 narratur.
644 1006 785 1075 Quid
810 1017 1015 1076 autem,
1044 1008 1284 1080 impletis
1325 1012 1604 1068 nationum
1630 1022 1769 1070 tem-

175 1098 423 1171 poribus,
449 1106 506 1154 et
547 1099 627 1155 sic
654 1099 805 1156 omni
827 1100 993 1157 israei
1036 1099 1247 1159 salvato
1268 1112 1550 1173 sequatur,
1584 1106 1768 1163 Domi-

174 1201 280 1241 nus
306 1201 375 1241 ex
399 1186 589 1243 ordine
614 1188 945 1246 manilestat.
988 1189 1125 1247 Nam
1147 1200 1205 1247 et
1228 1194 1297 1249 de
1334 1193 1440 1250 hoc
1468 1196 1765 1254 secundum

172 1274 487 1333 Muttinem
554 1279 803 1350 discipuli
888 1281 1287 1355 interrogantes
1312 1325 1328 1351 ,
1407 1300 1518 1342 non
1587 1287 1763 1343 solum

174 1372 360 1444 templi
414 1376 690 1430 evertendi
746 1384 978 1449 tempus,
1024 1381 1122 1436 sed
1177 1389 1235 1438 et
1295 1383 1509 1455 signum
1557 1386 1763 1441 adven-

171 1469 261 1518 tus
334 1464 489 1534 ejus,
556 1474 611 1523 et
681 1471 1166 1529 consummationis
1235 1475 1421 1532 saeculi
1447 1514 1464 1544 ,
1553 1492 1765 1550 quaere-

168 1553 322 1610 bant.
618 1576 621 1579 λ

174 1657 181 1661 ’
237 1645 309 1699 Et
360 1658 514 1702 erunt
553 1649 704 1720 signa
744 1650 813 1707 in
859 1651 988 1720 sole,
1039 1662 1089 1708 et
1127 1654 1278 1723 luna,
1318 1667 1366 1713 et
1395 1658 1580 1726 stellis,
1628 1669 1679 1715 et
1702 1662 1758 1716 in

165 1738 323 1796 terris
351 1754 598 1807 pressura
639 1742 868 1811 gentium
896 1761 1007 1814 pra:
1027 1747 1335 1817 confusione
1356 1752 1561 1807 sonitus
1591 1754 1755 1808 maris

164 1836 213 1883 et
230 1827 510 1895 ﬂuctuum.
541 1828 677 1899 Quia
713 1847 842 1903 ergo
866 1834 1007 1890 sicut
1046 1837 1304 1895 Dominus
1325 1840 1380 1895 in
1406 1844 1759 1914 sequentibus
1791 1824 1836 1885 Β

168 1914 390 1973 intimat
443 1929 739 2005 appetente
784 1924 1075 1980 universali
1100 1920 1308 1996 judicio
1340 1930 1524 1986 mlum
1548 1943 1596 1987 et
1617 1945 1759 1990 terra

165 2008 484 2075 transibunt,
514 2017 570 2066 et
622 2011 767 2068 sicut
792 2014 844 2068 in
891 2014 1117 2073 Joannis
1146 2018 1475 2092 Apocalypsi
1503 2022 1756 2095 legimus,

164 2115 307 2154 mare
326 2100 445 2170 jam
473 2119 577 2157 non
606 2105 725 2170 erit,
791 2108 987 2165 merito
1029 2109 1221 2165 eodem
1252 2112 1601 2170 incumbente
1616 2113 1759 2185 judi-

166 2189 251 2244 cio
282 2192 493 2248 sonitus
521 2194 690 2250 maris
717 2205 773 2251 et
794 2196 1054 2254 fluctuum
1084 2199 1454 2269 confunditur,
1487 2211 1758 2260 terrarum

165 2280 312 2335 orbis
340 2285 719 2351 prementibus
771 2301 830 2342 se
854 2288 1084 2344 invicem
1115 2290 1322 2347 colonis
1346 2291 1607 2361 inficitur,
1633 2309 1755 2352 ma-

167 2369 310 2424 xima
355 2372 480 2425 cmli
502 2372 792 2429 luminaria
819 2379 1093 2446 percussis
1129 2378 1360 2437 horrore
1390 2396 1532 2440 novo
1582 2387 1755 2444 radiis

164 2463 433 2518 turbatam
474 2464 664 2520 faciem
705 2467 905 2534 velant,
960 2478 1019 2525 et
1063 2474 1335 2541 quomodo
1386 2474 1633 2546 impulsae
1682 2481 1754 2537 ad

164 2565 350 2607 casum
374 2554 598 2610 arbores
620 2555 867 2628 fragores
894 2570 1181 2631 motusque
1209 2565 1291 2619 sui
1314 2567 1643 2635 praemittere
1666 2585 1755 2627 so-

164 2643 273 2699 lent
311 2644 531 2713 indicia,
577 2648 657 2703 sic
684 2650 916 2707 termino
943 2655 1297 2724 appropiante
1318 2660 1474 2728 quasi
1499 2664 1752 2732 paventis

163 2743 357 2795 nutant
395 2751 459 2791 ac
510 2738 1068 2811 trcmentlelementa.
1115 2743 1260 2817 Ergo
1307 2750 1452 2818 quod
1496 2751 1573 2805 ait
1610 2751 1751 2809 Mat-

164 2826 357 2892 thmus,
405 2826 498 2883 Sol
548 2829 914 2886 obscurabitur
960 2842 1010 2888 et
1062 2833 1191 2891 luna
1240 2854 1344 2893 non
1382 2838 1531 2896 dabit
1573 2842 1750 2900 lumen

162 2933 340 2983 suum,
387 2929 436 2975 et
473 2920 640 2976 stella,-
669 2923 856 2977 cadent
895 2925 961 2979 de
1005 2926 1152 2992 calo,
1194 2928 1367 2999 ipsam
1393 2930 1585 3000 judicii
1613 2949 1751 3005 prae-

161 3010 398 3065 sentiam
424 3012 714 3084 signiﬁcat,
738 3016 954 3084 quando
978 3029 1273 3087 apparente
1302 3035 1445 3076 vene
1471 3022 1641 3094 gloria
1667 3024 1748 3080 iu-

162 3101 240 3156 cis
284 3103 469 3157 omnia
509 3105 693 3159 mundi
725 3104 926 3162 lumina
967 3109 1206 3165 tenebris
1231 3111 1549 3186 umbrisque
1597 3130 1747 3171 com-

161 3199 444 3260 parantur.
498 3194 651 3262 Quod
696 3210 829 3252 vero
873 3197 1006 3253 dicit
1057 3199 1252 3268 Lucas,
1299 3214 1451 3259 erant
1507 3207 1658 3277 signa
1689 3208 1744 3263 in

163 3280 265 3336 sale
302 3293 353 3337 et
392 3282 521 3338 luna
558 3293 611 3338 et
634 3284 818 3352 stellis,
869 3301 1235 3356 pnesnrsores
1291 3293 1456 3369 vicini
1503 3294 1745 3363 ejusdem

157 3369 340 3442 judicii
390 3376 545 3445 quasi
590 3376 808 3432 nuntios
859 3378 1083 3436 indicat.
1140 3382 1185 3439 E
1221 3383 1420 3452 quibus
1472 3394 1559 3441 est
1611 3386 1746 3442 illud

161 3467 454 3542 prophetae,
502 3466 833 3522 solvertetur
882 3469 939 3526 in
980 3471 1222 3527 tenebras
1273 3473 1475 3528 etluna
1519 3476 1574 3529 in
1619 3492 1747 3533 san-

163 3557 365 3631 guinem
394 3568 673 3629 antequam
707 3561 876 3615 veniat
899 3561 1011 3616 dies
1049 3562 1261 3619 Domini
1292 3583 1513 3636 magnus
1561 3578 1608 3623 et
1637 3586 1746 3624 ma-

164 3647 399 3718 nifestus.
442 3649 573 3703 item
610 3650 754 3720 quod
783 3650 957 3707 Lucas
985 3654 1082 3719 ait,
1128 3665 1176 3709 et
1206 3655 1261 3711 in
1311 3660 1465 3712 terris
1497 3676 1745 3728 pressura

163 3741 407 3810 gentium,
440 3741 616 3812 ipsum
659 3758 781 3799 esse
807 3759 929 3800 reor
954 3746 1099 3822 quod
1149 3747 1470 3805 Antichristi
1501 3760 1741 3822 tempora

164 3831 468 3889 describens
527 3832 815 3890 Matthaaus
859 3836 990 3891 dicit
1021 3820 1181 3893 {Erit
1235 3840 1373 3895 enim
1415 3850 1537 3896 tunc
1577 3820 1746 3899 tribu-

162 3921 285 3976 latio
317 3938 533 3994 magna,
579 3924 752 3995 qualis
781 3940 886 3981 non
919 3926 1021 3996 fuit
1053 3927 1119 3982 ab
1150 3930 1301 3983 initio
1357 3933 1542 3987 mundi
1578 3951 1744 4006 usque

161 4012 310 4066 modo
356 4028 448 4067 nec
477 4012 585 4079 ﬁet.
636 4013 790 4081 Quod
815 4024 997 4072 autem
1049 4016 1223 4074 Lucas
1270 4019 1565 4094 subjungit,
1616 4021 1741 4080 Prte

160 4102 464 4172 confusione
483 4105 682 4159 sonitus
707 4107 867 4161 maris
890 4115 939 4162 et
960 4109 1240 4178 ﬂuctuum,
1266 4124 1446 4180 praeco
1465 4121 1552 4168 est
1573 4114 1739 4182 illius,

160 4192 304 4260 quod
345 4193 486 4250 inter
532 4203 723 4251 caetera
754 4198 1034 4254 mutabilia
1086 4200 1271 4257 saeculi
1318 4199 1554 4261 Joannes
1588 4221 1741 4263 mare

160 4283 429 4345 abiturum
460 4287 757 4357 conspexit.

229 4378 588 4434 Arescentibus
615 4381 910 4436 hominibus
934 4399 1044 4450 pra:
1070 4384 1256 4440 timore
1283 4394 1331 4440 et
1357 4388 1739 4458 exspectatione

161 4481 272 4541 qua:
304 4469 663 4542 supervenient
697 4471 936 4525 universo
971 4471 1102 4526 orbi.
1140 4472 1316 4529 Crede
1348 4474 1518 4546 ipsum
1538 4477 1738 4548 judieis

165 4553 445 4610 adventum
474 4557 577 4612 hac
601 4560 865 4614 sententia
891 4561 1159 4631 designari
1188 4566 1402 4633 quando
1422 4565 1579 4635 juxta
1606 4569 1745 4626 alte-
1768 4556 1821 4619 Ῐ)

163 4644 271 4700 rius
292 4645 394 4701 ioci
419 4648 730 4717 paraboiam
747 4664 954 4718 omnes,
980 4653 1083 4708 hoc
1096 4661 1179 4708 est
1198 4655 1487 4725 prudentes
1508 4666 1565 4714 et
1579 4658 1745 4717 fatua:

164 4734 394 4807 virgines
417 4736 633 4792 insolito
661 4737 899 4794 clamore
926 4742 1199 4799 suscitata:
1220 4743 1492 4814 lampades
1515 4757 1741 4817 ornant,

164 4824 299 4881 idem
351 4842 451 4882 sua
489 4843 674 4883 secum
709 4843 872 4905 opera
908 4842 1227 4899 numerant,
1263 4849 1364 4904 pro
1396 4836 1593 4905 quibus
1627 4854 1745 4894 ma-

165 4915 302 4973 ximo
322 4934 448 4973 cum
471 4920 665 4975 timore
691 4919 805 4990 jam
834 4920 1056 4995 jamque
1085 4923 1377 4982 instantem
1409 4930 1600 4985 aeterni
1634 4931 1745 4988 dis-

166 5009 405 5065 criminis
438 5020 763 5081 exspectant
795 5025 1072 5069 eventum.
1108 5015 1244 5072 Nam
1278 5027 1504 5076 eatenus
1537 5020 1745 5094 absque

164 5097 267 5154 ullo
315 5092 513 5156 timore
556 5099 757 5170 iudicis
806 5104 1089 5161 universus
1133 5122 1271 5178 pene
1321 5111 1470 5167 orbis
1521 5092 1745 5171 acturus

166 5197 275 5256 est,
300 5189 560 5261 Aposteio
582 5200 891 5257 attestante,
922 5196 1014 5266 qui
1039 5197 1154 5253 ait:
1184 5197 1318 5255 Cum
1346 5203 1485 5256 enim
1511 5204 1744 5261 dixerint

166 5297 265 5350 pax
295 5292 344 5336 et
379 5284 664 5352 securitas,
701 5294 825 5343 tunc
860 5289 1159 5358 repentinus
1194 5292 1268 5347 eis
1300 5297 1625 5365 superveniet
1659 5298 1743 5353 in-

168 5372 362 5428 teritus.
393 5373 546 5430 Tunc
574 5374 757 5446 itaque
786 5382 1197 5448 superveniente
1230 5385 1485 5443 universo
1517 5386 1639 5445 orbi
1674 5389 1742 5446 ti-

169 5476 311 5518 more
341 5471 396 5518 et
429 5469 834 5536 exspectatione
869 5470 1102 5527 districti
1131 5476 1416 5543 examinis,
1455 5479 1611 5536 multi
1645 5480 1740 5554 qui

170 5551 220 5606 in
256 5555 357 5611 hoc
390 5559 592 5614 mundo
619 5558 813 5617 ﬂorere
842 5563 1185 5635 videbantur,
1217 5583 1338 5625 cum
1379 5585 1439 5627 se
1474 5572 1593 5630 sine
1625 5551 1740 5631 fru-

170 5650 250 5696 ctu
295 5649 710 5717 cotispexeriut,
755 5663 1023 5710 arescent.
1076 5656 1227 5715 Tune
1278 5658 1409 5718 ﬁdes
1452 5680 1573 5735 quae
1620 5667 1740 5723 sine

162 5735 414 5809 operibus
462 5739 727 5809 viruet'at,
777 5742 1041 5819 probante
1090 5760 1149 5808 se
1191 5748 1323 5823 justi
1368 5753 1568 5829 judicia
1615 5756 1738 5833 igne

1871 565 2185 637 semetipsa.
2241 569 2468 626 Reddet.
2500 571 2647 627 enim
2704 582 2833 629 tunc
2879 573 3049 645 iudex
3101 576 3350 634 vivorum
3402 585 3464 638 et

1872 662 2206 711 mortuorum
2253 657 2514 716 Dominus
2556 669 2743 717 noster
2773 661 2933 720 Jesus
2966 663 3217 722 Christus
3247 667 3463 727 unicui-

1872 760 1980 819 que
2016 748 2317 804 secundum
2352 765 2517 820 opera
2555 768 2673 808 sua.

2356 860 2639 918 ilOMiLIA
2672 863 2959 923 CXXXIX.

2526 970 2685 1009 FERIA
2720 971 2795 1011 Vl.

2010 1038 2198 1098 Lectio
2234 1043 2407 1099 sancti
2445 1044 2717 1117 Evangelii
2754 1049 3050 1105 secundum
3083 1049 3306 1109 Lucam.

1936 1153 2006 1208 In
2038 1154 2131 1210 illo
2168 1164 2394 1227 tempore
2421 1158 2555 1213 dixit
2590 1158 2746 1216 Iesus
2775 1162 3046 1233 discipulis
3075 1165 3183 1219 suis
3209 1179 3230 1219 :
3267 1166 3457 1224 Atten-

1865 1243 1972 1300 dite
2018 1246 2188 1313 vobis,
2242 1265 2305 1302 ne
2337 1248 2473 1317 forte
2504 1261 2790 1320 graventur
2827 1252 2989 1307 corda
3024 1264 3197 1311 vestra
3232 1256 3285 1310 in
3324 1274 3449 1311 cra-

1862 1334 2021 1405 pula,
2051 1344 2099 1390 et
2128 1335 2406 1404 ebrietate,
2434 1349 2482 1393 et
2509 1341 2652 1395 curis
2677 1342 2836 1413 hujus
2868 1343 3018 1410 vitm,
3050 1356 3096 1398 et
3122 1346 3450 1416 superveniat

1862 1425 1918 1478 in
1946 1443 2032 1479 vos
2059 1426 2169 1480 dies
2196 1425 2289 1480 illa
2315 1440 2334 1479 :
2366 1437 2617 1500 tanquam
2644 1429 2859 1502 laqueus
2884 1433 3021 1487 enim
3047 1435 3367 1505 superveniet
3394 1436 3450 1491 in

1862 1531 2042 1571 omnes
2071 1516 2159 1586 qui
2190 1516 2366 1571 sedent
2397 1536 2554 1590 super
2581 1519 2776 1590 faciem
2803 1524 2972 1577 onmis
3000 1533 3154 1578 terra'
3175 1566 3190 1590 ,
3230 1532 3337 1579 etc.

1931 1605 1978 1662 0
2009 1606 2172 1663 stulta
2208 1611 2557 1679 praesumptio
2587 1613 2768 1668 cordis
2797 1614 3049 1680 humani,
3082 1632 3204 1671 cum
3239 1616 3446 1672 lamen-

1862 1700 2080 1755 tabiiem
2113 1701 2272 1756 linem
2305 1704 2616 1774 cupiditatis
2637 1746 2653 1772 ,
2683 1705 2965 1763 ebrietatis
2992 1717 3047 1763 et
3076 1708 3309 1779 crapula:
3346 1724 3448 1765 nec

1863 1790 1979 1862 ipso
2000 1791 2184 1862 judice
2208 1803 2548 1852 contestante
2575 1798 2897 1866 prtevideat,
2923 1800 3017 1853 sed
3044 1799 3277 1854 edictum
3303 1799 3449 1870 regis

1861 1886 2053 1941 αξιοιοηί
2084 1902 2236 1942 more
2267 1888 2410 1943 servi
2438 1903 2671 1958 nequam
2700 1899 2987 1961 postquam
3018 1891 3268 1947 didicerit
3295 1907 3450 1963 sper-

1858 1977 1983 2032 nat!
2025 1976 2094 2032 Et
2123 1985 2273 2033 certe
2308 1978 2354 2035 si
2384 1979 2507 2048 quis
2544 1981 2701 2036 nobis
2734 1981 2943 2052 peritus
2978 1998 3043 2036 ac
3076 1982 3294 2052 sapiens
3328 1998 3445 2039 me-

1857 2066 2009 2122 dicus
2047 2066 2120 2121 ita
2156 2068 2475 2137 praeciperet
2505 2087 2518 2125 :
2550 2068 2845 2138 Attendite,
2875 2072 3142 2142 inquiens,
3171 2072 3339 2138 vobis,
3376 2088 3449 2130 ne

1856 2155 1980 2227 quis
2006 2155 2155 2211 verbi
2184 2158 2361 2227 gratia
2390 2158 2457 2213 de
2493 2158 2637 2216 illius
2668 2168 2723 2216 et
2753 2160 3110 2218 illiusdierine
3136 2178 3297 2219 succo
3324 2163 3443 2219 avi-

1856 2234 1977 2304 dius
2009 2257 2221 2315 sumat,
2257 2249 2402 2320 quod
2441 2250 2487 2305 si
2528 2251 2718 2307 fecerit
2748 2234 3066 2324 repentinus
3103 2254 3152 2309 ei
3187 2269 3446 2326 superve-

1854 2338 1971 2394 niet
2006 2337 2261 2396 interitus
2287 2381 2301 2405 ,
2339 2349 2547 2412 quanto
2582 2342 2812 2413 quisque
2846 2345 3024 2400 studio
3058 2346 3445 2415 praemonentis

1853 2431 2052 2486 medici
2089 2431 2344 2488 mandata
2381 2444 2655 2502 servaret,
2695 2449 2765 2490 ne
2798 2437 3047 2493 videlicet
3088 2437 3313 2492 vetitum
3347 2452 3447 2508 gu-

1853 2522 2049 2578 stando
2099 2523 2323 2594 periret.
2370 2514 2442 2581 At
2490 2543 2637 2582 nunc
2680 2529 2985 2583 animarum
3022 2528 3182 2583 simul
3222 2537 3279 2584 et
3318 2544 3444 2586 cor-

1852 2628 2045 2685 porum
2079 2614 2321 2671 salvator
2348 2632 2412 2671 ac
2440 2616 2702 2674 Dominus
2724 2617 2880 2689 jubet
2909 2618 3188 2675 ebrietatis
3218 2619 3442 2675 herbam

1851 2712 1908 2765 et
1960 2704 2196 2776 crapulae
2244 2700 2555 2775 vitandam,
2611 2723 2714 2764 nec
2762 2724 2870 2765 non
2916 2725 3169 2766 curarum
3222 2711 3443 2765 saecula-

1852 2796 2023 2862 rium,
2068 2797 2217 2852 vclut
2259 2797 2567 2856 mortiferas
2612 2815 2805 2857 succos
2850 2816 2973 2857 esse
3024 2801 3296 2857 cavendas
3323 2841 3339 2867 ,
3386 2808 3443 2856 et

1851 2887 2042 2959 quanti
2082 2896 2262 2945 tamen
2302 2900 2552 2946 nostrum
2590 2893 2675 2948 his
2707 2909 2814 2949 non
2844 2893 3019 2949 solum
3047 2892 3318 2958 sauciari,
3347 2893 3439 2947 sed

1851 2989 1907 3036 et
1959 2979 2124 3036 etiam
2181 2983 2429 3039 consumi
2483 2985 2589 3038 non
2644 2984 2868 3040 timent!
2912 2983 3068 3038 Nulla
3123 2981 3285 3038 credo
3335 2981 3438 3037 alia

1849 3084 2013 3125 causa
2044 3070 2151 3126 nisi
2180 3071 2307 3140 quia
2344 3072 2504 3126 iidem
2534 3086 2696 3143 quam
2730 3073 2952 3129 medicis
2979 3074 3219 3144 praebent
3238 3113 3253 3137 ,
3283 3072 3441 3127 dictis

1772 3184 1818 3247 ρ
1850 3161 2063 3217 Domini
2105 3162 2348 3235 prazbere
2384 3163 2842 3234 contemnunt."Si
2871 3164 3014 3218 enim
3054 3162 3439 3226 credidissent,

1848 3253 2120 3309 credendo
2146 3254 2333 3324 utique
2362 3255 2633 3320 timerent,
2658 3254 2897 3310 timendo
2913 3264 3094 3308 autem
3122 3253 3445 3322 impendens

1840 3343 2146 3416 periculum
2182 3354 2469 3412 caverent;
2527 3346 2622 3401 sed
2674 3346 2748 3401 illi
2804 3360 2837 3402 e
2885 3353 3077 3400 contra
3134 3342 3439 3414 torpcndo,

1846 3451 2008 3511 quam
2045 3434 2193 3505 juste
2233 3437 2436 3493 dictum
2478 3437 2549 3494 sit
2587 3438 2847 3509 probant,
2884 3437 3051 3491 Filius
3074 3435 3311 3491 hominis
3346 3447 3449 3491 ves

1844 3529 2001 3584 niens
2030 3538 2190 3598 putas
2220 3529 2459 3585 inveniet
2485 3529 2644 3583 fidem
2675 3529 2728 3585 in
2757 3528 2944 3584 terra?

1928 3616 2153 3690 i'igilate
2200 3620 2376 3692 itaque
2424 3621 2567 3676 omni
2616 3630 2844 3692 tempore
2889 3628 3137 3683 orantes,
3186 3625 3242 3671 ut
3289 3615 3439 3687 digni

1843 3709 2146 3767 habeamini
2194 3712 2375 3786 fugere
2423 3713 2525 3769 ista
2571 3713 2748 3767 omnia
2796 3728 2914 3782 qua:
2961 3711 3145 3781 futura
3185 3718 3339 3773 sunt,
3386 3716 3437 3762 et

1842 3810 1986 3856 stare
2027 3810 2149 3856 ante
2187 3802 2360 3872 ﬁlium
2402 3804 2648 3858 hominis.
2696 3803 2798 3871 Qui
2843 3812 2968 3857 ante
3000 3802 3167 3855 lilium
3196 3800 3433 3856 hominis

1848 3898 2031 3959 stare,
2062 3891 2223 3963 eique
2241 3891 2399 3961 juxta
2428 3893 2806 3966 Apocalypsim
2847 3892 3071 3948 Joannis
3112 3891 3200 3946 die
3244 3898 3443 3944 noctua

1843 3994 1949 4050 que
1994 3979 2051 4034 in
2097 3979 2297 4050 templo
2340 3980 2459 4051 ejus
2497 3981 2703 4035 servire
2726 3979 3016 4043 desiderat,
3061 3993 3161 4031 nec
3203 3976 3272 4030 ab
3316 3972 3441 4044 ejus

1841 4072 2154 4142 aspectibus
2199 4071 2254 4127 in
2303 4072 2483 4142 ignem
2532 4081 2796 4127 aeternum
2850 4070 3172 4126 maledictus
3222 4065 3431 4135 abjici:

1840 4176 1951 4219 non
1990 4161 2166 4217 solum
2211 4161 2280 4217 ab
2326 4161 2596 4216 illecebris
2643 4160 2994 4217 szecularibus
3032 4160 3292 4228 castigari
3335 4158 3435 4237 sed

1840 4259 1896 4306 et
1937 4266 2096 4307 orare
2139 4259 2196 4306 et
2234 4250 2487 4324 vigilare,
2528 4259 2584 4305 et
2618 4251 2722 4306 hoc
2758 4265 2866 4305 non
2903 4249 3068 4304 certis
3109 4247 3434 4317 quibusdam

1839 4342 2031 4397 diebus
2059 4342 2153 4398 sed
2179 4343 2326 4398 omni
2360 4351 2601 4413 tempore
2638 4342 2817 4398 facere
2860 4342 3038 4397 debet.
3084 4339 3247 4396 Juxta
3288 4337 3436 4410 quod

1838 4431 2123 4503 Psaitnista
2170 4432 2285 4490 ait:
2328 4432 2646 4488 Benedicam
2678 4432 2971 4507 Dominum
3014 4432 3069 4487 in
3111 4430 3256 4486 omni
3295 4438 3428 4484 tem-

1844 4540 1969 4594 pore
1987 4564 2003 4591 ,
2033 4540 2236 4595 semper
2263 4522 2381 4578 laus
2409 4524 2526 4595 ejus
2554 4524 2611 4578 in
2639 4540 2729 4579 ore
2756 4540 2890 4579 meo.
2931 4523 3022 4580 Sic
3055 4536 3290 4593 namque
3318 4535 3434 4576 mea

1844 4617 2054 4674 rebitur
2100 4617 2344 4674 habitare
2394 4618 2447 4673 in
2497 4618 2660 4673 domo
2706 4616 2917 4672 Domini
2974 4624 3030 4672 et
3076 4615 3130 4671 in
3175 4614 3439 4676 saeculum

1846 4709 2029 4765 seculi
2080 4709 2304 4765 laudare
2357 4725 2502 4766 eum.
2560 4709 2858 4764 Prmstante
2907 4708 3025 4778 ipso
3065 4706 3439 4775 Redemptoro

1844 4809 1900 4855 et
1930 4799 2212 4856 Saivatore
2242 4800 2458 4870 generis
2498 4799 2717 4855 humani
2763 4798 2990 4853 Domino
3035 4796 3287 4851 videlicet
3328 4811 3431 4850 rio!

1843 4900 1960 4949 stro
2002 4890 2129 4947 Jesu
2179 4892 2395 4949 Christo
2439 4891 2531 4962 qui
2571 4906 2695 4949 cum
2743 4890 2907 4947 Patre
2952 4898 3008 4945 et
3056 4888 3260 4958 Spiritu
3303 4902 3434 4944 san-n

1843 4993 1935 5040 cto
1976 4984 2031 5039 in
2082 4984 2289 5041 unitate
2338 4984 2581 5057 perfecta
2624 4992 2815 5058 regnat
2857 4985 2915 5041 in
2958 4981 3284 5055 sempiterna
3328 4992 3431 5038 se

1842 5074 1986 5135 cuia.
2035 5075 2232 5135 Amen.

2390 5166 2675 5225 HOMILIA
2709 5167 2867 5225 CXL.

2120 5274 2439 5338 nuncusos
2476 5276 2553 5319 xu
2588 5276 2720 5317 ros'r
2757 5272 3154 5317 rea-recessu.

1956 5400 1957 5403 η
2020 5371 2209 5430 Lectio
2250 5372 2504 5444 Epistolas
2538 5374 2604 5430 Β.
2637 5371 2789 5429 Pauli
2822 5371 2892 5428 ad
2917 5369 3248 5428 Corinthios.

1915 5483 2168 5554 Fratres,
2200 5495 2383 5541 notum
2411 5486 2553 5541 vobis
2582 5485 2721 5556 facio
2752 5485 3126 5557 Evangeliutn,
3154 5492 3260 5540 etc.

1916 5574 2016 5632 ilic
2040 5577 2408 5648 prmtermisso
2428 5576 2619 5632 ordine
2642 5576 2999 5646 praedicandi,
3027 5574 3095 5632 ad
3124 5574 3426 5632 doctrinam

1843 5683 1903 5723 sc
1933 5667 2162 5724 contulit
2187 5667 2604 5725 resurrectionis
2623 5708 2638 5733 ,
2670 5683 2736 5723 eo
2761 5668 2905 5739 quod
2946 5666 3189 5723 nonnulli
3228 5664 3425 5723 Corin-

1843 5760 2084 5821 thiorum
2137 5761 2205 5823 de
2259 5760 2658 5821 resurrectione
2707 5761 3044 5823 dubitabant.
