3960 6360
510 350 616 413 115

1143 348 1206 404 Β.
1246 341 1499 401 RABANI
1535 339 1756 399 bIAUlll
1791 335 2104 395 ARCHIEP.

2209 333 2455 394 DGUNT.
2492 332 2781 426 OPFiR‘UM
2821 332 3002 389 PARS
3033 331 3099 387 Il.

3691 331 3795 387 £36

586 470 740 537 Quod
785 475 836 523 et
882 463 1173 535 accepistis.
1221 459 1282 516 Id
1317 467 1434 523 est,
1481 456 1628 527 quod
1672 460 1950 524 acceptum
1988 451 2088 506 ha—
2116 453 2170 515 Α
2200 534 2226 537 Α
2264 445 2467 502 Deinde
2507 439 3273 537 ApostolisgomnibusxﬂuI-ti
3317 438 3792 537 hic-apostolos,

513 560 731 616 buistis.
784 557 853 611 Et
890 556 1009 611 hinc
1053 553 1214 618 dicit,
1269 564 1337 606 ne
1375 548 1452 605 illi
1490 549 1596 604 hoc
1642 561 1750 609 non
1796 542 2092 600 credidisse

515 650 849 706 viderentur.
1058 686 1065 691 .

590 736 658 791 In
693 750 797 807 quo
831 741 879 788 et
915 733 1087 788 statis.
1118 730 1176 786 Id
1203 737 1289 786 est
1310 769 1326 797 ,
1353 730 1410 785 in
1436 727 1596 786 bonis
1619 726 1876 798 operibus
1912 736 2097 794 perse-

514 833 771 884 verantes
791 865 806 890 ,
835 824 889 879 in
918 823 1074 892 cujus
1100 822 1349 878 doctrina
1376 821 1445 876 ad
1472 818 1713 875 caelestia
1742 817 1876 871 estis
1903 815 2093 871 erecti.
2139 864 2143 868 .

590 913 699 971 Per
723 914 862 986 quod
887 923 938 968 et
962 912 1260 987 salvamini.
1302 910 1362 965 Id
1401 918 1486 966 est
1507 949 1522 975 ,
1562 924 1663 981 per
1704 905 1858 976 cujus
1893 904 2097 960 doctri-

516 1020 644 1062 nam
686 1003 915 1063 salutem
955 1001 1218 1072 speratis,
1259 1009 1315 1055 et
1352 1000 1656 1055 animarum
1695 1006 1751 1053 et
1791 1012 1823 1051 a
1868 996 2098 1052 diversis

516 1093 927 1153 inﬁrmitatibus
973 1107 1298 1162 corporum,
1349 1090 1476 1160 quia
1530 1089 1648 1144 sine
1699 1088 1804 1144 ﬁde
1854 1101 2100 1143 resurre-

518 1186 715 1242 ctionis
756 1184 898 1255 perit
937 1183 1247 1239 omnimodo
1294 1197 1418 1253 spes
1461 1181 1672 1237 salutis.

594 1276 713 1342 Qua
762 1277 967 1330 ratione
1001 1274 1396 1345 prmdicaverim
1436 1274 1597 1329 vobis.
1645 1273 1724 1327 Ac
1765 1272 1810 1327 si
1854 1272 2097 1337 diceret,

519 1367 656 1423 Tota
702 1367 840 1421 ratio
867 1364 1268 1437 praedicationis
1296 1373 1496 1419 nostrae
1525 1364 1641 1417 haec
1669 1372 1783 1427 est,
1815 1370 1876 1416 ut
1917 1376 2099 1416 resur-

521 1456 820 1513 rectionem
864 1455 1121 1511 credatis.
1173 1454 1287 1509 Hoc
1333 1462 1419 1509 est
1466 1453 1611 1508 enim
1656 1452 1937 1523 praemium
1985 1467 2102 1506 om-

520 1548 669 1604 nium
727 1546 818 1617 qui
868 1544 1143 1601 Christum
1191 1545 1571 1610 crediderunt,
1624 1543 1862 1614 alioquin
1915 1558 2102 1614 super-

520 1640 662 1695 ﬂuus
716 1648 800 1694 est
850 1637 1029 1695 omnis
1101 1636 1257 1693 labor
1313 1637 1687 1708 jejuniorum,
1748 1644 1804 1692 et
1859 1635 2103 1691 omnium

521 1731 930 1787 tribulationum
955 1771 971 1796 ,
1022 1744 1158 1801 quas
1200 1729 1255 1784 in
1301 1728 1407 1785 hac
1448 1728 1559 1783 vita
1603 1742 1702 1799 pro
1748 1726 1966 1782 Christo
2011 1740 2105 1797 pa-

526 1821 725 1877 limini.

596 1910 659 1965 Si
706 1910 980 1975 retinetis,
1024 1909 1124 1964 nisi
1172 1908 1373 1979 frustra
1417 1907 1729 1963 credidistis.
1777 1906 1836 1962 Id
1877 1915 1961 1962 est
2001 1906 2107 1962 nisi

520 1997 673 2053 obliti
722 1998 887 2063 estis,
937 1996 1022 2051 vel
1066 2006 1247 2063 certe,
1292 1996 1340 2051 si
1384 1995 1509 2052 ﬁdei
1548 2004 1744 2051 vestae
1781 1995 1866 2050 vel
1904 1994 2108 2051 laboris
2156 2026 2159 2029 ν

522 2087 808 2156 praemium
842 2087 1172 2170 resurgendo
1212 2102 1318 2142 non
1345 2086 1597 2158 speratis,
1627 2102 1766 2142 vane
1795 2087 2040 2142 creditis.

598 2174 818 2230 Tradidi
844 2177 982 2231 enim
1010 2177 1151 2231 vobis
1198 2178 1466 2248 inprimis,
1500 2177 1554 2232 id
1579 2185 1698 2242 est,
1726 2192 1793 2232 ex
1820 2193 1930 2247 quo
1953 2176 2109 2234 vobis

524 2264 579 2319 in
611 2265 907 2335 primordio
944 2267 1235 2336 praedicavi
1273 2266 1472 2321 tradidi
1509 2265 1828 2338 mysterium
1863 2280 2110 2322 resurre-

525 2356 742 2421 Ctionis,
775 2358 918 2426 quod
946 2357 1031 2411 vel
1059 2366 1261 2412 nostra:
1288 2364 1524 2423 constat,
1552 2357 1637 2412 vel
1671 2356 1999 2426 primum....

597 2446 753 2512 Quod
779 2457 827 2501 et
852 2448 1047 2517 accepi.
1075 2447 1338 2517 Accipere
1363 2462 1423 2502 se
1445 2447 1585 2502 dixit
1608 2447 1724 2504 sive
1755 2462 1785 2501 a
1812 2446 1932 2518 lege
1949 2487 1965 2512 ,
1994 2446 2110 2504 sive

522 2547 555 2588 a
584 2535 911 2601 senioribus,
935 2537 1049 2591 sive
1076 2538 1146 2592 ab
1174 2537 1291 2607 ipso
1318 2536 1546 2591 Domino
1573 2552 1672 2606 per
1699 2538 2106 2594 revelationem.

596 2622 859 2689 Quoniam
893 2624 1132 2680 Christus
1169 2636 1406 2681 mortuus
1433 2636 1508 2681 est
1535 2644 1632 2696 pro
1660 2630 1885 2699 peccatis
1914 2629 2107 2685 nostris

523 2715 810 2769 secundum
840 2715 1172 2787 Scripturas.
1204 2716 1274 2774 Ut
1301 2719 1506 2790 majore
1535 2728 1719 2790 posset
1744 2721 1937 2777 beatus
1962 2719 2109 2792 Apo-

523 2805 696 2861 stolus
739 2807 1064 2862 auctoritate
1105 2807 1324 2865 ﬁrmare
1382 2809 1527 2879 quod
1568 2810 1921 2881 praedicabat,
1963 2811 2109 2867 hunc

527 2914 648 2956 esse
682 2898 957 2955 Christum
991 2900 1317 2955 salvatorem
1351 2901 1538 2974 mundi
1570 2902 1733 2967 dicit,
1773 2918 1926 2970 quem
1956 2900 2109 2973 Moy-

524 3011 607 3050 ses
652 3005 701 3050 et
746 2993 1024 3066 Ρι-ορΙιειω
1064 2997 1538 3062 annuntiaverunt,
1580 2997 1700 3053 ideo
1728 3005 1785 3051 et
1809 2997 2106 3052 secundum

525 3084 837 3154 Scripturas
874 3085 1343 3154 praedictum'essc
1380 3096 1810 3151 commemorat,
1847 3096 1908 3141 ut
1940 3085 2104 3153 illud,

2193 534 2315 592 illos
2337 549 2526 591 omnes
2554 533 2894 605 septuaginta
2918 547 3059 603 quos
3081 531 3342 588 Dominus
3368 531 3521 587 misit
3546 531 3627 586 ad
3654 545 3791 601 pra-

2194 627 2482 684 dicaudum
2512 625 2738 694 intelligi
2766 624 2976 681 volunt.

2266 718 2560 774 Novissime
2592 726 2770 772 autent
2811 716 3045 771 omnium
3085 725 3334 787 tanquam
3362 714 3615 769 abortivo
3658 713 3794 769 visas

2193 816 2270 863 est
2295 816 2341 861 et
2371 807 2518 863 mihi.
2553 806 2715 861 Visus
2740 812 2825 860 est
2857 804 2935 859 illi
2965 803 3022 858 in
3050 803 3137 858 via
3165 804 3382 874 quando
3413 802 3510 858 lux
3554 804 3795 858 circum-

2195 898 2347 954 fulsit
2373 913 2496 953 eum
2546 896 2661 953 sive
2688 896 2743 951 in
2773 893 2997 965 templo.
3026 892 3154 948 Haec
3183 893 3305 948 ideo
3332 893 3466 949 dicit
3484 933 3500 958 ,
3531 907 3614 947 ne
3642 901 3795 962 puta-

2197 996 2316 1044 rent
2340 1004 2466 1044 eum
2491 986 2672 1042 audita
2697 984 2874 1057 potius
2895 999 3059 1055 quam
3085 984 3199 1040 visa
3226 998 3480 1038 narrare.
3510 982 3795 1052 Tanquam

2195 1079 2430 1135 abortivo
2458 1078 2621 1145 dicit,
2648 1077 2778 1146 quia
2804 1083 2889 1131 est
2914 1090 3201 1149 synagogas
3228 1082 3514 1140 mortuus,
3538 1080 3608 1128 et
3634 1082 3794 1128 natus

2196 1168 2472 1235 ecclesiae,
2517 1177 2768 1238 tanquam
2816 1167 3087 1233 abortivo,
3136 1166 3203 1221 de
3248 1163 3401 1234 cujus
3445 1164 3563 1218 vita
3622 1162 3797 1218 fuerat

2198 1262 2541 1333 desperatum
2565 1261 2669 1316 nisi
2689 1276 2787 1331 per
2809 1260 3040 1331 gratiam
3063 1259 3277 1314 Domini
3302 1259 3578 1316 violenter
3605 1257 3797 1314 fuisset

2201 1360 2484 1410 attractus.
2528 1352 2813 1409 Attractus
2849 1359 3032 1408 autem
3059 1352 3534 1422 praedicationibus
3567 1366 3692 1407 non
3718 1367 3797 1407 ca-

2202 1443 2344 1498 tenis
2387 1450 2443 1498 et
2489 1457 2602 1512 prae
2626 1449 2850 1512 stupore
2886 1440 3148 1497 novitatis
3189 1440 3425 1506 invitus,
3459 1440 3556 1512 qui
3591 1442 3795 1495 eratin

2201 1532 2336 1604 legis
2362 1532 2667 1588 eruditione
2691 1531 2998 1602 perfectus,
3028 1532 3144 1586 sive
3171 1530 3293 1585 ideo
3316 1531 3609 1586 abortivus
3630 1570 3650 1595 ,
3678 1531 3796 1601 quia

2202 1628 2401 1685 merito
2425 1642 2698 1700 synagoga
2725 1641 2851 1682 eum
2877 1624 3018 1681 male
3039 1631 3359 1696 conceptum
3383 1622 3799 1695 imperfectum—

2205 1734 2311 1788 que
2343 1718 2575 1791 peperit.

2133 1824 2183 1884 Β
2280 1807 2396 1880 Ego
2438 1811 2575 1864 enim
2614 1825 2730 1863 sum
2770 1808 3019 1863 minimus
3059 1804 3436 1877 apostolorum.
3477 1804 3620 1860 Haec
3651 1805 3724 1861 de
3747 1820 3797 1860 se

2209 1909 2432 1971 propter
2467 1898 2827 1955 humilitatem
2866 1897 3037 1964 dicit;
3081 1905 3339 1953 caeterum
3373 1904 3498 1953 erat
3536 1896 3799 1951 minimas

2209 2002 2456 2063 tempore
2497 2006 2603 2047 non
2645 1989 2867 2046 labore:
2894 2003 3025 2044 nam
3061 1986 3192 2044 alibi
3233 1986 3343 2054 ait,
3387 1985 3512 2058 plus
3552 1987 3799 2041 omnibus

2200 2084 2468 2143 laboravi.
3212 2103 3239 2153 ‘_

2282 2175 2387 2242 Qui
2433 2191 2540 2229 non
2581 2190 2699 2229 sum
2737 2172 2928 2244 dignus
2974 2171 3153 2227 vocari
3197 2169 3506 2242 apostolus,
3543 2170 3797 2241 quoniam

2208 2277 2510 2342 persecutus
2539 2285 2655 2324 sum
2685 2265 2980 2322 Ecclesium
3007 2264 3130 2320 Dei.
3157 2264 3336 2332 Quare
3357 2280 3469 2320 non
3496 2265 3575 2321 sit
3603 2265 3798 2335 dignus

2210 2361 2326 2430 ipse
2354 2374 2632 2431 exponens
2661 2358 2770 2424 ait,
2803 2356 3067 2422 Quoniam
3109 2367 3410 2425 persecutus
3448 2370 3572 2408 sum
3620 2353 3797 2408 Ecde-

2208 2452 2344 2506 siam
2383 2450 2503 2505 Dei.
2535 2450 2707 2505 Docet
2735 2464 2836 2504 nos
2860 2445 3111 2516 exemplo
3135 2460 3234 2502 suo
3262 2446 3429 2501 etiam
3468 2445 3519 2500 si
3559 2445 3635 2500 ad
3674 2461 3799 2515 pra:-

2208 2558 2335 2599 sens
2354 2540 2705 2613 proﬁciamus
2722 2579 2739 2605 ,
2765 2537 2963 2595 deﬂere
2985 2536 3259 2608 praeterita
3277 2575 3295 2602 ,
3322 2536 3523 2590 melius
3542 2545 3636 2590 est
3660 2536 3798 2591 enim

2209 2630 2434 2687 dimissa
2489 2627 2764 2685 recordari
2816 2634 3039 2698 peccata
3061 2666 3077 2693 ,
3126 2640 3292 2694 quam
3345 2623 3603 2680 oblivisci
3663 2639 3797 2678 con-

2208 2724 2395 2779 missa.
2427 2721 2699 2793 Scriptum
2728 2729 2813 2777 est
2842 2720 3015 2784 enim,
3043 2716 3174 2781 Fili,
3198 2717 3442 2788 peccasti,
3476 2734 3546 2772 ne
3574 2716 3797 2787 adiicias

2208 2814 2398 2869 iterum
2415 2854 2431 2882 ,
2458 2813 2549 2870 sed
2576 2822 2626 2867 et
2650 2813 2716 2868 de
2738 2811 3018 2883 praeteritis
3044 2810 3344 2881 deprecare.

2206 2956 2212 2962 .
2281 2903 2467 2960 Gratia
2495 2913 2669 2959 autem
2694 2903 2792 2958 Dei
2818 2919 2937 2958 sum
2964 2902 3021 2956 id
3047 2901 3188 2974 quod
3217 2918 3370 2966 sum,
3399 2908 3452 2956 et
3474 2901 3662 2971 gratia
3686 2901 3795 2971 ejus

2208 2998 2265 3055 in
2287 3014 2369 3051 me
2394 3012 2559 3052 vacua
2584 3011 2690 3049 non
2716 2993 2838 3062 fuit.
2879 2992 3017 3061 Quia
3044 2992 3217 3062 gratia
3258 3008 3367 3062 qua
3409 2992 3684 3062 redempti
3723 3009 3797 3047 su-

2209 3101 2332 3143 mus
2356 3086 2599 3141 laborem
2625 3080 2916 3139 conatuum
2942 3098 3049 3137 non
3077 3083 3332 3140 meritum
3358 3082 3635 3152 quaesivit.
3663 3082 3797 3149 Quo-

524 3173 677 3231 Sicut
723 3175 842 3230 ovis
885 3176 953 3230 ad
990 3176 1322 3232 occisionem
1360 3176 1608 3243 ducetur,
1658 3185 1714 3233 et
1748 3178 1906 3248 quasi
1937 3194 2109 3249 agnus
2135 3172 2181 3236 C
2214 3178 2418 3236 tidiana
2457 3185 2637 3233 autem
2666 3177 2843 3248 gratia
2896 3184 3024 3246 post
3058 3175 3388 3247 baptismum
3427 3176 3796 3245 quotidianum

523 3282 707 3323 coram
739 3268 992 3323 tondente
1017 3282 1077 3323 se
1101 3269 1465 3334 obmutescet;
1493 3276 1548 3323 et
1575 3268 1727 3335 illud,
1754 3268 2004 3324 Traditus
2032 3282 2108 3325 est

522 3366 733 3427 propter
768 3358 1070 3429 iniquitates
1101 3368 1340 3423 nostras,
1381 3366 1437 3414 et
1471 3357 1631 3413 livore
1658 3359 1772 3428 ejus
1815 3359 1989 3413 sanati
2025 3376 2110 3414 su-

523 3464 675 3515 mus,
716 3457 774 3503 et
813 3449 981 3503 multa
1023 3448 1126 3503 alia
1169 3450 1226 3504 in
1269 3448 1466 3504 divinis
1493 3449 1561 3505 de
1587 3449 1843 3519 passione
1867 3449 1986 3520 ejus
2025 3449 2110 3504 iu-

528 3538 718 3594 venies
742 3539 1057 3613 Scriptor-is.
1348 3558 1349 3561 η

600 3630 671 3686 Et
711 3632 835 3702 quia
867 3629 1100 3700 sepultus
1128 3638 1226 3685 est.
1269 3628 1340 3685 Ut
1370 3628 1501 3684 illud
1532 3628 1685 3684 Isaia:
1707 3670 1722 3696 ,
1753 3639 1800 3684 et
1831 3628 1976 3683 dabit
2003 3629 2107 3683 im-

524 3723 641 3796 pios
683 3738 778 3793 pro
819 3721 1086 3792 sepultura
1129 3721 1282 3792 ejus,
1328 3731 1375 3775 et
1422 3721 1604 3775 divites
1643 3736 1740 3791 pro
1779 3728 1946 3775 morte
1985 3736 2105 3775 sua.

523 3813 661 3871 Item
682 3815 815 3886 ipse,
851 3814 1134 3884 Sepultum
1164 3813 1278 3884 ejus
1306 3812 1514 3867 sublata
1538 3823 1613 3867 est
1641 3813 1707 3867 de
1733 3811 1927 3868 medio.

596 3905 667 3959 Et
709 3905 832 3977 quia
874 3906 1102 3959 surrexit
1147 3906 1299 3960 tertia
1338 3905 1424 3959 die
1454 3905 1741 3960 secundum
1781 3888 2104 3977 Scripturas.

524 3993 706 4051 Habes
734 3995 788 4050 in
829 3994 966 4051 Osee
983 4037 998 4062 ,
1029 3995 1309 4064 viviﬁcabit
1337 4012 1431 4050 nos
1459 4004 1575 4066 post
1604 3996 1737 4049 duos
1765 3995 1877 4051 dies
1899 4037 1914 4063 ,
1943 3996 1999 4049 in
2024 3996 2109 4052 die

525 4090 677 4145 tertia
704 4089 974 4144 suscitabit
1004 4104 1118 4153 nos,
1147 4097 1194 4143 et
1222 4088 1448 4143 vivemus
1475 4088 1529 4142 in
1560 4098 1833 4159 conspectu
1859 4089 1997 4159 ejus.

597 4178 668 4233 Et
704 4179 829 4250 quia
863 4178 1001 4233 visus
1046 4187 1122 4233 est
1162 4177 1383 4248 Ceplne,
1439 4178 1493 4234 id
1529 4187 1642 4245 est,
1679 4178 1860 4236 Petro.
1896 4180 2109 4251 Cephas

525 4269 670 4323 enim
718 4267 918 4340 Syrum
967 4284 1162 4323 nomen
1208 4276 1309 4323 est.
1353 4268 1618 4339 Apparuit
1657 4268 1820 4325 Petro
1861 4271 2002 4326 sicut
2053 4271 2108 4326 in

525 4358 816 4429 Evangelio
846 4360 1105 4428 scriptum
1132 4370 1219 4415 est
1238 4400 1252 4424 ,
1281 4360 1405 4430 quia
1434 4363 1678 4431 apparuit
1708 4360 1934 4417 Simoni.

598 4448 666 4502 Et
689 4458 803 4518 post
832 4449 926 4503 hoc
952 4449 1210 4503 undecim.
1239 4449 1466 4516 Quando
1492 4451 1560 4504 ad
1585 4463 1682 4506 eos
1701 4451 1882 4522 januis
1908 4451 2108 4509 clausis

2210 3269 2493 3325 servitium
2544 3266 2747 3323 laboris
2793 3274 3094 3337 exspectat,
3138 3266 3193 3320 in
3239 3280 3350 3335 quo
3389 3266 3626 3336 quisque
3668 3267 3797 3321 bene

2210 3372 2445 3429 operans
2471 3373 2643 3429 usque
2665 3357 2722 3413 in
2746 3357 2909 3414 ﬁnem
2934 3371 3223 3428 persevera
3235 3358 3372 3415 verit
3398 3357 3454 3413 in
3479 3365 3796 3428 perpetuum

2209 3451 2394 3508 salvus
2433 3450 2560 3508 erit.

2749 3518 3035 3576 HOMILIA
3069 3517 3227 3575 CXLI

2776 3625 2909 3667 ITEI
2941 3626 3012 3666 UT
3041 3624 3227 3665 SUPRA.

2366 3703 2553 3761 Lectio
2577 3702 2753 3759 sancti
2777 3700 3057 3774 Evangelii
3085 3699 3382 3756 secundum
3410 3697 3641 3755 Lucam.

2280 3817 2349 3873 In
2380 3817 2472 3872 illo
2509 3826 2738 3889 tempore
2758 3856 2774 3883 ,
2803 3815 2917 3881 duo,
2939 3815 3175 3870 homines
3200 3813 3553 3868 ascenderunt
3584 3813 3641 3866 in
3670 3821 3791 3867 tem-

2206 3908 2353 3981 plum
2392 3918 2451 3963 ut
2492 3915 2747 3964 orarent:
2774 3922 2913 3961 unus
2942 3902 3253 3959 Plurimus
3291 3911 3343 3958 et
3383 3902 3521 3957 alter
3562 3900 3790 3974 publica-

2209 4017 2309 4056 nus
2325 4040 2340 4066 ,
2371 4007 2479 4057 etc.

2210 4150 2213 4153 λ
2278 4090 2603 4146 Publicanus
2628 4088 2908 4146 humiliter
2930 4101 3097 4145 orans
3123 4086 3192 4141 ad
3217 4085 3310 4140 illa
3332 4083 3582 4156 praelata:
3600 4084 3786 4149 vidua,

2211 4181 2313 4236 hoc
2339 4191 2423 4237 est
2448 4179 2705 4236 Ecclesiae
2730 4178 2974 4245 membra
3001 4176 3274 4249 pertinet,
3304 4175 3374 4232 de
3400 4175 3609 4245 quibus
3633 4189 3788 4245 supra

2208 4269 2425 4335 dicitur,
2464 4269 2604 4326 Deus
2638 4278 2815 4324 autem
2849 4268 3007 4338 faciet
3035 4266 3320 4321 vindictam
3358 4263 3647 4320 electorum
3669 4279 3788 4319 sus-

2207 4378 2327 4417 rum
2369 4362 2711 4417 clamantium
2737 4360 2810 4415 ad
2837 4376 2913 4415 se.
2941 4357 3251 4414 Pharisaeus
3282 4363 3468 4411 autem
3494 4356 3695 4412 merita
3717 4354 3789 4423 ja-

2208 4463 2364 4512 ctsns
2386 4495 2402 4522 ,
2447 4455 2516 4510 ad
2550 4469 2650 4520 ea,
2690 4452 2759 4509 de
2797 4452 2997 4523 quibus
3039 4448 3301 4507 terribilis
3343 4447 3399 4503 in
3440 4447 3785 4504 conclusione

525 4515 770 4594 intravit.
812 4537 925 4595 Hoc
965 4540 1369 4612 intelligendum
1386 4582 1401 4607 ,
1432 4543 1558 4613 quia
1590 4543 1646 4596 in
1672 4515 1965 4613 Evangelia
1994 4559 2104 4598 non
2134 4515 2185 4575 Β
2209 4515 2476 4601 sententia
2499 4515 2767 4607 subditur,
2791 4515 3144 4598 verumtamen
3164 4540 3310 4612 ﬁlius
3334 4540 3566 4597 lionsinis
3588 4539 3785 4595 veniens

525 4646 715 4686 omnes
757 4632 970 4703 scriptae
1015 4640 1141 4686 sunt
1178 4633 1443 4700 visiones,
1489 4633 1584 4690 sed
1625 4640 1835 4688 tantum
1879 4648 1999 4704 qua:
2035 4632 2105 4690 ad

527 4722 861 4777 audientium
889 4721 1196 4778 suﬁicercnt
1224 4723 1407 4780 ﬁdem.
1438 4734 1444 4740 ‘

594 4813 796 4868 Deinde
822 4815 959 4869 visus
989 4818 1061 4869 est
1089 4814 1207 4884 plus
1235 4831 1394 4886 quam
1433 4814 1725 4886 quingentis
1754 4813 2005 4884 fratribus
2033 4815 2107 4869 si-

522 4903 633 4959 mul
658 4922 676 4971 ;
714 4921 781 4959 ea:
814 4904 1001 4976 quibus
1029 4904 1182 4959 multi
1208 4914 1418 4961 manent
1453 4923 1617 4977 usque
1642 4907 1847 4972 adhuc,
1884 4906 2102 4978 quidam

523 5004 698 5050 autem
738 4994 1080 5051 dormierunt.
1131 4995 1199 5053 Ut
1226 4998 1371 5052 enim
1401 4996 1577 5068 major
1620 4997 1755 5053 ﬁdes
1789 4998 2101 5063 haberetur,

522 5085 920 5142 multitudinem
966 5087 1185 5142 testium
1229 5086 1573 5158 interposuit.
1603 5087 1687 5142 Ex
1708 5085 1911 5158 quibus
1948 5086 2102 5141 multi

522 5173 707 5229 vivere
744 5175 1016 5243 dicuntur,
1050 5176 1142 5248 qui
1167 5177 1379 5248 possint
1403 5178 1723 5251 interrogati
1763 5177 1945 5233 dicere
1978 5191 2101 5247 qua:

521 5264 790 5347 viderunt.
822 5266 969 5322 Multi
994 5283 1124 5323 vero
1142 5266 1256 5336 jam
1284 5268 1520 5325 dormire
1545 5269 1798 5324 dicuntur
1820 5267 1875 5322 in
1903 5276 2097 5322 morte.

564 5356 795 5430 .Deinde
814 5359 955 5415 visus
978 5369 1054 5415 est
1099 5359 1323 5417 Iacobo.
1373 5358 1575 5417 laccho
1599 5358 1806 5431 Alphaai
1855 5374 2098 5415 seorsum

522 5447 813 5518 apparuit,
857 5447 1039 5504 ferunt
1081 5450 1225 5505 enim
1267 5449 1411 5521 quod
1457 5450 1576 5521 ipse
1616 5447 1850 5519 Jacobus
1894 5448 2097 5518 Alphaai

524 5543 756 5592 testatus
781 5537 883 5604 sit,
931 5537 986 5593 in
1011 5552 1166 5595 cinna
1192 5540 1404 5597 Domini
1431 5541 1639 5608 dicens,
1681 5555 1789 5595 non
1817 5554 1876 5596 se
1918 5554 2099 5595 come—

522 5640 733 5689 iturum
767 5646 960 5701 panem
999 5635 1300 5705 usquedum
1328 5636 1537 5693 videret
1584 5633 1922 5692 Christuma
1951 5648 2096 5690 mor-

522 5726 631 5794 tuis
670 5735 1055 5798 resurgentem.

2207 4646 2362 4707 putas
2387 4636 2609 4691 inveniet
2636 4634 2795 4709 ﬁdem
2820 4634 2877 4688 in
2913 4642 3054 4689 terra
3072 4633 3101 4687 7

2200 4784 2205 4789 ,
2281 4724 2589 4783 ΡΙιατὶεωκε
2638 4736 2819 4791 stans,
2869 4725 2982 4780 lucc
3034 4723 3178 4795 apud
3227 4740 3283 4779 se
3333 4722 3521 4779 orabat
3573 4722 3784 4777 dicens:

2206 4816 2351 4874 Deus
2372 4859 2387 4885 ,
2435 4818 2636 4889 gratias
2685 4832 2785 4887 ago
2832 4815 2926 4869 tibi
2963 4815 3091 4885 quia
3128 4830 3235 4868 non
3278 4829 3397 4869 sum
3437 4814 3577 4868 sicut
3622 4812 3784 4867 ceteri

2207 4909 2507 4973 hominum,
2554 4914 2825 4978 raptores,
2870 4903 3088 4974 injusti,
3139 4901 3371 4957 adulteri
3393 4916 3412 4955 .'
3454 4900 3594 4956 velut
3635 4901 3779 4955 etiam

2208 5003 2294 5057 hic
2329 5000 2663 5072 publicanus.
2706 4998 2947 5066 Quatuor
2985 5002 3114 5051 sunt
3150 4993 3359 5065 species
3386 4991 3589 5062 quibus
3614 4989 3777 5046 omnis

2212 5100 2394 5147 tumor
2422 5090 2795 5161 arrogantium
2839 5088 3266 5151 demonstratur,
3300 5084 3387 5139 vel
3423 5099 3549 5141 cum
3588 5084 3774 5139 bonum

2210 5198 2243 5238 a
2299 5179 2606 5252 semetipsis
2653 5178 2857 5236 habere
2912 5191 2973 5232 se
3032 5176 3385 5240 existimant;
3440 5183 3538 5229 aut
3590 5172 3637 5228 si
3683 5168 3775 5227 sibi

2195 5270 2396 5327 datum
2435 5268 2671 5341 desuper
2711 5267 2941 5323 credunt
2984 5281 3086 5335 pro
3122 5264 3236 5320 suis
3273 5279 3335 5320 se
3372 5264 3480 5320 hoc
3516 5260 3775 5332 accepisse

2207 5360 2419 5417 meritis
2462 5366 2687 5430 putant,
2730 5364 2825 5412 aut
2865 5364 3015 5412 certe
3050 5355 3262 5427 jactant
3304 5369 3363 5409 se
3406 5354 3612 5409 habere
3644 5348 3775 5421 quod

2206 5464 2313 5506 non
2342 5449 2565 5515 habent,
2594 5455 2690 5503 aut
2713 5445 2986 5515 despectis
3014 5444 3225 5501 caeteris
3247 5442 3600 5515 singulariter
3619 5438 3773 5497 videri

2206 5549 2467 5614 appetunt
2520 5540 2760 5605 habere,
2815 5538 2958 5608 quod
3008 5538 3211 5594 habent
3237 5576 3254 5603 ,
3302 5537 3431 5606 quia
3481 5535 3775 5591 Pharium:

2204 5634 2309 5690 iste
2350 5631 2629 5702 jactantiaa
2671 5638 2822 5700 peste
2875 5628 3153 5685 laborasse
3200 5627 3645 5699 deprehenditur,
3688 5622 3773 5692 qui

2206 5724 2411 5784 idcirco
2441 5723 2508 5781 dc
2536 5721 2734 5797 templo
2782 5721 2988 5793 absque
3032 5718 3422 5791 justiﬁeatione
3469 5714 3776 5778 descendit.
