3960 6360
215 341 332 398 417

220 550 476 606 tribuens
492 588 508 613 ,
535 545 712 602 oranti
738 543 1025 615 publicano
1049 557 1110 596 se
1133 539 1390 611 praetulit.

299 642 496 711 Jejuno
536 639 612 693 bis
653 639 709 692 in
747 636 963 691 sabbato
987 649 1005 686 :
1048 634 1276 687 decimas
1317 631 1384 684 do
1427 629 1660 683 omnium
1689 641 1809 696 qua:

216 732 486 805 possideo.
549 728 802 784 Ezechiel
853 726 1117 796 propheta
1165 725 1232 778 de
1269 722 1503 778 ostensis
1542 719 1645 774 sibi
1685 717 1806 773 cadi

220 822 555 878 animalibus
583 819 804 884 scribit,
833 827 882 871 et
908 826 1072 870 totum
1095 831 1283 884 corpus
1311 813 1519 882 plenum
1545 818 1657 864 erat
1683 825 1808 863 ocu-

221 912 298 969 lis
335 915 388 966 in
418 912 639 965 circuitu
665 911 896 980 ipsorum
922 913 1177 978 quatuor;
1197 903 1435 972 Corpora
1461 901 1656 970 quippe
1693 899 1810 954 ani-

221 1005 454 1060 malium
484 999 684 1060 idcirco
709 1001 866 1071 plena
895 999 1066 1056 oculis
1091 997 1500 1059 describuntur,
1531 994 1658 1063 quia
1687 1007 1811 1046 san-

221 1103 444 1150 ctorum
493 1093 634 1147 actio
657 1092 724 1146 ab
747 1091 892 1145 omni
920 1097 1075 1158 parte
1105 1087 1491 1155 circumspecta
1520 1091 1603 1138 est
1623 1122 1638 1147 ,
1666 1083 1809 1136 bona

219 1183 661 1242 desiderabiliter
685 1180 1005 1251 praevidens,
1037 1176 1177 1232 mala
1206 1176 1433 1231 solerter
1461 1188 1682 1237 cavens,
1713 1171 1811 1226 sed

221 1291 335 1330 nos
372 1289 512 1343 stepe
553 1272 680 1326 dum
719 1271 840 1324 aliis
881 1270 1042 1324 rebus
1080 1266 1444 1330 intendimus,
1476 1264 1568 1329 tit,
1599 1272 1659 1318 ut
1703 1262 1809 1315 alia

221 1364 598 1435 negligemus,
630 1361 702 1416 ibi
733 1359 920 1430 procul
953 1358 1114 1414 dubio
1141 1357 1357 1412 oculum
1389 1371 1494 1409 non
1526 1355 1806 1408 habemus.

225 1452 369 1508 Nam
397 1467 523 1507 cccc
565 1450 870 1505 Pharisams
891 1449 958 1503 ad
997 1447 1356 1502 exhibendam
1401 1443 1807 1507 abstinentiam,

220 1547 303 1600 ad
356 1544 680 1614 implendam
734 1539 1184 1603 misericordiam,
1228 1538 1296 1592 ad
1337 1536 1649 1592 referendas
1701 1535 1810 1588 Deo

219 1637 436 1706 gratias
469 1635 681 1690 oculum
713 1633 1006 1696 habuerat,
1045 1631 1138 1685 sed
1181 1630 1246 1684 ad
1285 1627 1607 1683 humilitatis
1632 1633 1812 1680 custo-

221 1731 376 1785 diam
402 1743 507 1782 non
535 1725 798 1787 habebat,
824 1730 880 1777 et
904 1719 1033 1790 quid
1059 1719 1311 1789 prodest,
1338 1716 1481 1786 quod
1507 1723 1694 1770 contra
1714 1714 1811 1768 ho-

1311 331 1615 391 IIOMILUE
1653 331 1720 387 IN
1761 329 2011 388 EVANG.
2055 330 2142 386 ET
2179 329 2396 386 EI’IS'I‘.

217 456 354 528 quia
383 454 648 510 bonorum
674 466 896 522 operum
926 449 1118 506 merita
1145 448 1247 505 sibi
1275 448 1430 517 quasi
1458 444 1805 516 singulariter
1832 454 1885 514 Λ

3325 371 3336 380 ρ
3381 323 3486 379 418

2434 434 2715 494 ΗΟΜΙΙᾸΑ
2752 434 2953 492 CXLII.

2562 547 2717 585 FERIA
2751 546 2824 584 ιγ.

1943 622 2126 679 Lectio
2175 622 2426 692 Epistolaz
2460 622 2520 676 Β.
2557 622 2710 677 Pauli
2745 619 2972 690 apostoli
3011 617 3078 673 ad
3111 616 3443 675 Corinthios.

1979 714 2219 780 Fratres,
2249 713 2457 769 nescitis
2485 714 2607 784 quia
2636 730 2856 784 corpora
2885 721 3051 767 vestra
3078 711 3308 765 membra
3334 711 3487 766 Cltri—

1909 805 1978 859 sti
2010 813 2129 858 sunt
2151 845 2165 869 ,
2196 813 2302 858 etc.

1963 896 2212 964 Corpora
2257 903 2442 948 nostra
2471 891 2711 947 membra
2736 890 2935 946 Christi
2965 899 3109 956 sunt,
3137 890 3230 944 sed
3266 889 3318 943 in
3349 903 3489 943 novo

1909 987 2124 1042 homine
2143 1027 2157 1052 ,
2189 986 2278 1055 qui
2315 984 2610 1041 secundum
2639 982 2807 1037 Deum
2837 990 3051 1036 creatus
3075 989 3186 1046 est,
3220 981 3346 1050 quia
3376 980 3490 1049 ipse

1907 1087 1990 1134 est
2015 1087 2174 1147 caput
2203 1076 2475 1132 Ecclesiae.

1981 1167 2188 1222 Tollens
2218 1184 2339 1238 ergo
2377 1166 2606 1220 membra
2641 1162 2869 1228 Christi,
2909 1162 3102 1232 faciam
3128 1161 3358 1215 membra
3381 1178 3490 1215 me-

1909 1261 2155 1315 retricis?
2190 1259 2356 1313 Absit.
2389 1259 2525 1326 Quia
2573 1256 2846 1311 meretrici
2884 1253 3214 1309 adhmrcntia
3246 1253 3488 1309 membra

1910 1351 2160 1407 desinunt
2185 1367 2305 1406 esse
2331 1351 2570 1404 membra
2602 1346 2822 1402 Christi.

1981 1443 2064 1495 An
2089 1443 2294 1496 nescitis
2322 1442 2447 1511 quia
2474 1441 2564 1511 qui
2603 1440 2832 1492 adha'ret
2858 1435 3149 1500 meretrici,
3179 1451 3339 1488 unum
3375 1451 3491 1488 cor-

1908 1550 2006 1604 pus
2031 1533 2138 1586 sit?
2177 1531 2291 1588 lloc
2330 1531 2480 1596 dicit,
2515 1530 2640 1599 quia
2683 1529 2774 1598 qui
2812 1526 3254 1582 contaminationi
3289 1541 3348 1580 se
3391 1525 3487 1579 ad-

1909 1626 2123 1688 miscet,
2145 1639 2312 1677 unum
2344 1623 2404 1676 fit
2432 1637 2553 1676 cum
2577 1637 2662 1686 eo,
2686 1620 2773 1676 cui
2800 1637 2858 1674 se
2879 1620 3169 1682 admiscet;
3205 1619 3491 1674 fornicatio

1913 1715 2056 1768 enim
2087 1713 2276 1767 ambos
2302 1727 2466 1764 unum
2497 1710 2626 1764 facit
2653 1719 2712 1764 ut
2737 1709 3006 1779 quomodo
3036 1709 3088 1762 in
3120 1716 3309 1762 natura
3340 1706 3417 1761 sic
3438 1714 3493 1760 ct

220 1820 398 1874 stium
429 1815 650 1871 insidias
686 1829 824 1884 pene
859 1819 970 1867 tota
1009 1811 1202 1866 civitas
1237 1817 1392 1864 caute
1417 1806 1738 1868 custoditur,
1765 1802 1811 1858 si
1839 1795 1887 1854 B
1915 1803 1970 1858 in
1997 1801 2204 1858 macula
2232 1817 2397 1856 unum
2424 1800 2556 1854 sint.

222 1921 399 1961 unum
436 1905 674 1960 foramen
715 1910 961 1972 apertum
1002 1898 1344 1968 relinquitur,
1376 1897 1516 1951 unde
1547 1895 1615 1949 ab
1641 1892 1809 1950 hosti-

222 1998 336 2052 bus
365 1996 635 2051 intretur?

305 2086 373 2140 Et
415 2084 751 2154 publicanus,
794 2101 827 2138 a
869 2083 1019 2155 longe
1043 2092 1222 2147 stans,
1269 2078 1474 2136 nolebat
1505 2095 1596 2133 nec
1633 2077 1808 2133 oculos

225 2176 305 2231 ad
344 2176 527 2231 caelum
570 2175 779 2240 levare;
817 2176 907 2230 sed
945 2173 1262 2246 percutiebat
1299 2183 1474 2243 pectus
1511 2187 1693 2234 suum,
1723 2170 1809 2224 di-

225 2284 352 2322 cens
394 2284 413 2322 :
459 2267 630 2331 Deus,
677 2267 931 2337 propitius
988 2275 1094 2320 esto
1142 2264 1268 2319 mihi
1315 2262 1593 2334 peccatori.
1645 2261 1810 2314 Amen

227 2356 354 2408 dico
381 2355 552 2420 vobis,
580 2354 841 2408 descendit
865 2353 949 2406 hic
966 2351 1294 2423 justiﬁcatus
1324 2352 1380 2404 in
1407 2351 1618 2404 domum
1657 2365 1810 2403 suam

227 2447 301 2500 ab
332 2445 443 2499 illo.
496 2445 761 2514 Quantam
806 2446 976 2501 venia:
1020 2444 1270 2499 ﬁduciam
1314 2444 1474 2514 digne
1503 2442 1813 2512 poenitenti-

227 2535 336 2589 bus
365 2536 570 2605 prmbet
591 2534 733 2604 quod
761 2535 1078 2602 publicanus
1103 2533 1195 2602 qui
1236 2542 1444 2588 reatum
1481 2538 1590 2586 sua!
1623 2531 1813 2600 nequi-

229 2624 326 2678 tize
369 2623 607 2694 perfecte
653 2625 940 2694 cognovit,
989 2623 1171 2690 ﬂevit,
1220 2622 1502 2678 confessus
1544 2630 1655 2685 est,
1708 2622 1811 2677 etsi

231 2714 474 2784 iniustus
516 2715 582 2770 ad
633 2716 891 2786 templum
941 2715 1120 2781 venit,
1163 2713 1492 2784 justiﬁeatus
1534 2730 1564 2768 a
1614 2714 1812 2784 templo

233 2805 439 2859 rediit!
468 2806 668 2876 Typice
709 2815 888 2862 autem
919 2806 1228 2861 Pbarismus
1268 2805 1575 2860 Iudaeorum
1613 2813 1695 2860 est
1722 2819 1817 2875 po-

235 2895 403 2966 pulus
456 2896 546 2965 qui
600 2911 666 2950 ex
714 2894 1193 2964 justiticationibus
1243 2896 1378 2967 legis
1434 2896 1644 2951 extollit
1695 2912 1813 2952 me-

235 2989 344 3043 rita
391 3005 516 3053 sua;
547 2989 866 3060 publicanus
906 3005 1034 3044 vero
1075 2988 1290 3060 gentilis
1331 2997 1446 3055 est,
1475 2989 1568 3059 qui
1598 2988 1754 3060 longe
1781 3003 1814 3042 a

231 3079 350 3132 Deo
389 3079 596 3148 positus
633 3078 920 3134 confitetur
957 3086 1176 3148 peccata
1220 3093 1316 3132 sua
1347 3096 1360 3132 :
1405 3093 1634 3148 quorum
1676 3093 1816 3133 unus

1981 1897 2150 1950 Erunt
2182 1894 2418 1966 (inquit),
2447 1892 2552 1946 duo
2583 1892 2637 1944 in
2667 1908 2824 1946 carne
2850 1908 2978 1946 una.
3020 1889 3359 1944 Manifestum
3389 1896 3490 1950 cst,

1907 1995 1969 2044 ut
2002 1988 2129 2058 quia
2168 1985 2360 2041 mulier
2399 1986 2464 2040 de
2510 1984 2628 2039 viro
2663 1991 2785 2050 est,
2823 1984 2982 2038 ambo
3022 1982 3076 2037 in
3121 1997 3286 2038 carne
3327 1996 3492 2035 unum

1909 2081 2038 2136 sint.

1983 2171 2085 2238 Qui
2115 2180 2288 2226 autem
2314 2169 2542 2224 adliceret
2574 2168 2816 2231 Domino,
2847 2181 2980 2226 unus
3001 2167 3215 2238 spiritus
3233 2176 3328 2221 est.
3351 2165 3496 2233 Quo-

1910 2265 2055 2320 niam
2096 2265 2151 2318 in
2192 2263 2331 2318 bene
2371 2261 2652 2332 agentibus
2691 2260 2910 2329 spiritus
2946 2258 3039 2313 Dei
3079 2266 3161 2313 est
3193 2255 3494 2313 communis

1910 2371 2033 2412 cum
2060 2357 2171 2411 Deo
2195 2363 2248 2410 et
2278 2354 2605 2409 hominibus.
2634 2351 2768 2406 Cum
2790 2352 2868 2407 sic
2895 2351 3090 2406 dicitur
3111 2367 3273 2405 unum
3302 2359 3360 2404 ut
3389 2366 3493 2404 non

1911 2450 2159 2513 addatur,
2191 2448 2317 2518 quid
2341 2464 2526 2512 unum,
2553 2455 2607 2500 ct
2635 2447 2785 2516 plura
2812 2461 2975 2500 unum
2997 2445 3268 2506 dicuntur,
3303 2444 3492 2498 eadem

1911 2550 2105 2594 natura
2135 2548 2299 2608 atque
2339 2537 2575 2592 essentia
2607 2552 2714 2590 non
2759 2530 3051 2597 dissidens,
3086 2548 3260 2602 neque
3289 2531 3495 2586 dissen-

1905 2630 2055 2685 tiens
2078 2629 2440 2700 significatur;
2474 2643 2595 2682 cum
2622 2641 2749 2681 vero
2779 2625 2993 2679 additur
3031 2623 3157 2694 quid
3187 2637 3370 2683 unum.
3405 2636 3500 2691 po-

1901 2711 2022 2776 test
2065 2721 2268 2790 altquid
2321 2719 2616 2790 significari
2669 2732 2734 2772 ex
2789 2715 3030 2786 pluribus
3076 2730 3239 2769 unum
3297 2713 3496 2768 factum

1914 2813 2160 2883 quamvis
2188 2811 2416 2866 diversis
2445 2818 2635 2863 natura
2655 2849 2670 2873 ,
2697 2809 2837 2863 sicut
2869 2806 3046 2860 anima
3082 2813 3138 2859 et
3169 2819 3364 2874 corpus
3391 2819 3497 2857 non

1914 2912 2040 2958 sunt
2062 2904 2250 2972 utique
2274 2917 2460 2965 unum,
2489 2900 2617 2970 quid
2640 2899 2783 2954 enim
2809 2907 2917 2952 tam
2938 2896 3248 2950 diversum?
3272 2894 3372 2948 nisi
3399 2895 3497 2947 ad—

1902 2987 2076 3048 datur
2102 3000 2197 3046 aut
2235 2989 2668 3060 subintelligatur
2712 2987 2839 3056 quid
2879 3002 3077 3046 unum,
3118 2985 3168 3039 id
3203 2993 3322 3048 est,
3363 2999 3500 3038 unus

1914 3082 2101 3148 homo,
2129 3089 2224 3136 aut
2245 3096 2409 3135 unum
2444 3079 2672 3144 animal;
2718 3078 2841 3132 inde
2879 3077 3166 3146 Apostolus
3193 3077 3284 3145 qui
3323 3076 3501 3128 adlue-

231 3169 598 3240 superbiendo
644 3171 868 3225 recessit
907 3170 1250 3234 humiliatus,
1295 3170 1435 3226 alter
1469 3171 1813 3227 lamentando
1839 3165 1884 3228 C
1915 3185 1992 3230 ret
2018 3174 2296 3239 meretrici,
2321 3173 2513 3242 inquit,
2539 3187 2700 3225 unum
2722 3185 2909 3239 corpus
2935 3177 3028 3233 est,
3052 3184 3157 3222 non
3181 3167 3315 3222 dixit
3335 3181 3498 3220 unum

231 3261 668 3332 appropinquare
712 3261 908 3315 meruit
955 3260 1241 3316 exaltatus.

314 3346 455 3416 Quia
484 3349 652 3403 omnis
671 3389 687 3414 ,
717 3350 803 3419 qui
837 3365 892 3404 se
921 3349 1118 3403 exultat
1139 3389 1154 3414 ,
1197 3347 1603 3415 humiliabitur;
1633 3357 1682 3404 et
1725 3349 1815 3420 qui

232 3455 297 3494 se
347 3437 636 3504 humiliat,
690 3437 1028 3492 exaltabitur.
1088 3438 1155 3493 Et
1210 3437 1278 3493 de
1334 3446 1562 3507 utroque
1617 3437 1816 3508 populo

229 3530 496 3602 praefato,
553 3538 608 3586 et
661 3533 728 3586 de
778 3531 925 3586 omni
984 3533 1217 3602 superbo
1271 3531 1357 3587 vel
1412 3533 1600 3587 humili
1671 3541 1818 3587 recte

231 3632 424 3694 potest
479 3623 740 3693 intelligi,
801 3624 940 3679 sicut
999 3632 1053 3679 et
1116 3623 1244 3679 illud
1304 3625 1446 3694 quod
1505 3625 1632 3680 alibi
1687 3624 1818 3696 legi—

232 3728 404 3779 mus,
463 3712 606 3767 Ante
666 3713 880 3768 ruinam
927 3714 1200 3768 exaltatur
1247 3731 1376 3781 cor,
1431 3723 1485 3769 et
1537 3725 1661 3771 ante
1711 3716 1818 3785 glo-

232 3804 382 3859 riam
429 3802 788 3868 humiliatur;
843 3813 1171 3873 quapropter
1225 3814 1281 3859 et
1332 3806 1399 3860 de
1449 3805 1631 3860 verbis
1689 3805 1817 3860 elati

234 3893 538 3960 Phariszei,
583 3893 779 3963 quibus
823 3894 1096 3948 humiliari
1143 3895 1370 3959 meruit,
1417 3909 1706 3964 possumus
1751 3910 1818 3948 ex

235 3985 462 4042 diverso
498 3983 726 4038 formam
773 3982 1090 4037 humilitatis
1126 3997 1231 4052 qua
1275 3983 1627 4037 sublimcmur
1669 3999 1820 4037 assu-

235 4091 430 4140 mere,
487 4083 549 4129 ut
601 4075 740 4130 sicut
795 4075 881 4129 ille
936 4075 1290 4129 consideratis
1354 4084 1409 4131 et
1452 4074 1696 4145 peiorum
1742 4075 1821 4128 vi-

241 4165 385 4229 tiis,
421 4164 618 4219 etsuis
655 4163 966 4229 virtutibus,
1013 4172 1098 4217 est
1140 4164 1312 4218 elatus
1356 4166 1424 4218 ad
1469 4165 1703 4229 ruinam,
1745 4165 1820 4218 ita

240 4271 355 4310 nos
405 4269 512 4308 non
562 4262 741 4309 nostra
783 4255 956 4308 solum
1001 4255 1248 4324 pigritia,
1298 4255 1392 4309 sed
1436 4263 1488 4308 et
1535 4255 1820 4308 meliorum

236 4344 543 4400 virtutibus
582 4345 860 4415 inspectis,
892 4347 1237 4402 liumiliemur
1283 4348 1350 4402 ad
1389 4347 1646 4417 gloriam,
1689 4362 1823 4417 qua-

239 4445 410 4492 tenus
457 4438 826 4507 unusquisque
867 4447 1111 4492 nostrum
1155 4438 1272 4493 hzec
1311 4438 1452 4509 apud
1495 4453 1552 4492 se
1600 4437 1817 4507 supplex

1913 3276 2037 3325 sunt
2063 3275 2154 3321 aut
2179 3282 2345 3320 unum
2371 3272 2484 3330 est,
2518 3263 2611 3319 sed
2641 3261 2848 3316 addidit
2875 3275 3105 3330 corpus,
3147 3267 3402 3328 tanquam
3432 3273 3500 3311 ex

1914 3360 2124 3414 duobus
2155 3358 2382 3413 diversis
2407 3355 2703 3410 masculino
2727 3361 2782 3407 et
2811 3352 3070 3408 feminino
3103 3367 3268 3406 unum
3307 3364 3502 3418 corpus

1915 3450 2216 3521 adiectione
2243 3450 2616 3519 compositum.
2653 3447 2720 3501 Et
2755 3448 2844 3517 qui
2874 3445 3106 3500 adhaeret
3146 3444 3390 3506 Domino,
3422 3443 3502 3495 in-

1916 3542 2054 3613 quit,
2075 3558 2210 3595 unus
2233 3541 2444 3610 spiritus
2465 3547 2563 3604 est,
2588 3553 2694 3592 non
2715 3535 2871 3599 dixit,
2897 3535 2986 3606 qui
3010 3535 3249 3589 adhaeret
3276 3532 3502 3587 Domino

1915 3647 2084 3686 unum
2109 3639 2222 3695 est,
2250 3637 2342 3684 aut
2378 3645 2543 3684 unum
2572 3636 2716 3692 sunt,
2749 3626 2843 3682 sed
2883 3625 3084 3680 addidit
3117 3625 3338 3694 spiritus
3367 3642 3380 3677 :
3406 3623 3501 3677 Di-

1915 3735 2106 3776 versus
2130 3721 2272 3775 enim
2307 3729 2499 3774 natura
2531 3718 2752 3788 spiritus
2779 3715 3012 3772 hominis
3046 3723 3100 3770 et
3133 3715 3354 3783 spiritus
3379 3712 3498 3778 Dei,

1919 3810 2011 3865 sed
2042 3809 2353 3865 inhaerendo
2396 3809 2457 3862 lit
2494 3823 2634 3862 unus
2672 3807 2891 3876 spiritus
2927 3821 2990 3861 ex
3017 3804 3243 3859 diversis
3272 3804 3500 3868 duobus,

1920 3900 1994 3954 ita
2019 3908 2079 3953 ut
2098 3901 2218 3954 sine
2241 3901 2475 3954 humano
2498 3898 2687 3968 spiritu
2713 3899 2904 3952 beatus
2930 3897 3002 3950 sit
3024 3895 3117 3950 Dei
3142 3896 3363 3965 spiritus
3382 3910 3504 3975 per-

1920 3991 2122 4055 fectus,
2149 3992 2344 4046 beatus
2384 4001 2564 4046 autem
2592 3990 2824 4044 hominis
2853 3989 3076 4058 spiritus
3113 4005 3217 4043 non
3249 3989 3350 4043 nisi
3379 4004 3500 4042 cum

1920 4083 2050 4138 Deo.
2096 4083 2458 4150 Quamobrem
2503 4083 2615 4137 sive
2648 4082 2719 4136 ita
2755 4082 2964 4135 dicatur
2994 4081 3136 4135 Deus
3165 4081 3229 4134 de
3262 4080 3370 4134 Deo
3391 4121 3404 4142 ,
3443 4089 3503 4133 ut

1920 4182 1976 4228 et
2001 4173 2224 4242 singulis
2249 4174 2349 4227 hoc
2377 4187 2571 4226 nomen
2593 4170 2898 4233 conveniat,
2924 4184 3028 4223 non
3055 4177 3230 4222 tamen
3259 4178 3318 4222 ut
3342 4168 3503 4222 ambo

1921 4263 2079 4318 simul
2121 4265 2226 4316 duo
2255 4262 2359 4327 dii,
2389 4261 2480 4316 sed
2513 4275 2650 4314 unus
2681 4255 2830 4313 Deus
2869 4259 2959 4314 sit.
2992 4257 3069 4312 Ita
3104 4258 3249 4312 enim
3281 4257 3384 4313 sibi
3411 4273 3503 4314 co-

1922 4355 2158 4419 haerent;
2190 4354 2333 4424 quod
2367 4354 2529 4408 etiam
2572 4352 2626 4406 in
2652 4351 2977 4406 distantibus
3007 4350 3342 4418 diversisque
3377 4351 3506 4405 sub-

1925 4446 2139 4500 stantiis
2170 4444 2286 4499 fieri
2317 4442 2606 4514 Apostolus
2635 4441 2786 4496 testis
2825 4448 2927 4496 est.
2969 4437 3102 4494 Nam
3133 4447 3186 4493 et
3217 4439 3362 4494 solus
3401 4440 3505 4494 Do—

239 4539 318 4578 30
368 4525 670 4580 submissus
719 4526 1004 4614 015001135
1065 4527 1206 4582 Deus
1255 4526 1599 4596 οωηίροῑθηε
1657 4527 1819 4581 ηιῖδε·
1849 4504 1900 4564 D
1925 4536 2056 4589 mini
2087 4536 2335 4605 spiritus,
2369 4535 2592 4604 spiritus
2613 4543 2728 4597 est,
2758 4539 2814 4586 et
2847 4531 2990 4586 solus
3018 4528 3506 4600 bominis'spiritns

241 4630 374 4672 τετε
415 4617 642 4687 supplici
689 4623 816 4681 ιυον
861 4617 986 4686 quia
1026 4632 1131 4670 ηοη
1175 4632 1326 4682 sum,
1375 4618 1518 4672 Sicul-
1558 4616 1825 4671 iﬂnumcl‘i
1921 4627 2107 4696 utique
2137 4626 2357 4696 spiritus
2383 4635 2496 4690 est,
2541 4632 2720 4678 tamen
2754 4623 2798 4676 si
2839 4622 3042 4675 hmreat
3076 4621 3333 4684 Domino,
3365 4634 3506 4672 unus

242 4705 393 4761 servi
438 4706 513 4759 tui
557 4714 865 4776 contemptu
911 4707 1094 4762 saaculi
1135 4707 1425 4772 sublimes,
1463 4706 1691 4776 iustitia:
1721 4722 1829 4761 mc-

1923 4717 2146 4786 spiritus
2179 4722 2279 4769 est.
2311 4715 2523 4782 Quanto
2549 4713 2718 4782 magis
2755 4711 2859 4774 ibi,
2887 4711 2974 4764 ubi
3007 4717 3089 4762 cst
3117 4708 3336 4762 onmiuo
3365 4707 3506 4760 inse-

243 4795 357 4848 rito
398 4794 648 4864 gloriosi,
683 4797 948 4851 castitatis
986 4796 1140 4851 laude
1173 4796 1436 4866 angelici,
1479 4797 1626 4850 velut
1665 4796 1827 4851 etiam
1922 4805 2182 4874 parabilis
2221 4813 2381 4874 atque
2424 4813 2624 4858 ωιριοηα
2673 4799 2973 4857 connexio?
3007 4799 3097 4853 Sic
3134 4799 3379 4851 ordinata
3420 4805 3504 4851 es;

242 4885 405 4942 multi
449 4885 665 4941 illorum
709 4887 800 4956 qui
840 4897 962 4958 post
1003 4886 1203 4957 ﬂagitia
1252 4888 1467 4956 publica
1511 4887 1820 4957 paenitendo

242 4975 348 5030 tibi
403 4985 718 5031 meruerunt
769 4991 890 5032 esse
952 4977 1168 5042 devoti;
1225 4976 1317 5047 qui
1361 4976 1526 5031 etiam
1588 4977 1632 5031 si
1693 4975 1822 5044 quid

194 5087 200 5092 τ
241 5065 378 5120 boni
423 5073 514 5119 tua
559 5068 733 5136 gratia
778 5067 1040 5138 largiente
1084 5067 1262 5122 fecero
1307 5082 1412 5135 quo
1455 5065 1561 5121 ﬁne
1607 5068 1710 5121 hoc
1743 5067 1824 5120 fa-

196 5154 428 5220 'eiam,
480 5170 654 5224 quave
700 5170 729 5209 a
785 5164 839 5210 te
894 5157 1232 5212 districtione
1289 5169 1546 5227 pensetur
1599 5157 1821 5228 ignoro,

243 5245 397 5314 quia,
445 5254 505 5300 ut
544 5246 820 5317 Scriptura
863 5247 1014 5314 dicit,
1052 5247 1257 5317 judi‘cia
1305 5248 1404 5302 Dei
1442 5258 1562 5302 sunt
1605 5248 1822 5318 abyssus

241 5335 462 5400 multm,
511 5337 600 5392 hic
647 5337 815 5391 enim.
846 5338 996 5392 novit
1041 5338 1242 5401 omnia,
1295 5347 1350 5394 et
1376 5354 1483 5393 non
1533 5346 1617 5393 est
1662 5338 1820 5408 quid-

246 5444 413 5498 quam
464 5431 838 5487 absconditum
889 5447 1074 5487 coram
1125 5432 1296 5487 oculis
1342 5433 1481 5500 ejus,
1513 5433 1626 5502 ipse
1676 5433 1821 5488 enim

247 5524 401 5578 solus
443 5525 606 5588 vivit,
638 5533 694 5580 et
733 5535 926 5596 regnat
956 5527 1094 5582 Deus
1133 5542 1230 5598 per
1267 5527 1446 5582 omnia
1491 5526 1691 5582 sarcula
1722 5541 1824 5582 saa-

197 5626 208 5632 ‘
251 5613 516 5670 culorum.
565 5614 756 5671 Amen.

1926 4909 2080 4948 mens
2107 4902 2422 4948 naturarum
2451 4893 2638 4948 ordine
2656 4934 2670 4958 ,
2703 4907 2810 4947 non
2840 4891 3118 4954 locorum,
3161 4898 3220 4942 ut
3248 4903 3409 4958 supra
3436 4888 3502 4943 il-

1927 4982 2030 5036 lam
2065 4998 2170 5038 non
2200 4982 2292 5048 sit,
2323 4983 2424 5038 nisi
2458 4984 2617 5048 Deus,
2645 4982 2875 5051 denique
2903 4996 3023 5035 cum
3055 4979 3128 5032 illi
3163 4978 3376 5048 penitus
3403 4977 3500 5032 ad-

1925 5073 2142 5127 lueserit
2162 5089 2300 5126 unus
2319 5072 2512 5142 eritspi
2523 5073 2673 5136 ritus,
2702 5073 2786 5125 cui
2815 5071 2891 5125 rei
2917 5076 3203 5123 attestatur
3218 5065 3503 5136 Apostolus

1927 5163 2128 5226 dicens,
2153 5161 2257 5228 Qui
2283 5171 2462 5218 autem
2493 5163 2722 5216 adliceret
2749 5160 2970 5214 Domino
3001 5175 3134 5213 unus
3159 5158 3372 5229 spiritus
3401 5168 3500 5224 est,

1929 5253 2219 5308 accedente
2253 5253 2470 5322 quidem
2514 5253 2617 5307 ista
2662 5253 2730 5306 ad
2767 5249 3229 5321 participationem
3274 5256 3502 5315 naturae,

1926 5343 2174 5398 veritatis
2202 5351 2258 5398 et
2284 5342 2629 5398 beatitudinis
2653 5341 2793 5395 illius
2816 5380 2830 5405 ,
2863 5355 2971 5395 non
3007 5347 3188 5395 tamen
3223 5350 3504 5396 crescente

1929 5433 2020 5490 illo
2045 5435 2098 5488 in
2129 5443 2321 5488 natura
2351 5434 2593 5488 veritatis
2616 5433 2946 5488 beatitudine
2973 5448 3099 5498 sua;
3125 5433 3178 5488 in
3208 5432 3294 5486 illa
3323 5433 3505 5501 itaque

1901 5565 1903 5568 ι
1929 5530 2122 5578 natura
2145 5524 2228 5578 cui
2260 5522 2486 5578 feliciter
2511 5522 2783 5577 inhteserit
2805 5523 3136 5579 immutabile
3168 5522 3368 5578 videbit
3389 5537 3504 5576 om-

1931 5632 2021 5682 ne,
2051 5617 2194 5685 quod
2216 5615 2432 5678 viderit,
2468 5621 2593 5667 tunc
2618 5613 2759 5668 sicut
2791 5614 2841 5668 ci
2871 5615 3050 5669 divina
3076 5613 3354 5684 Scriptura
3380 5628 3504 5683 pro-

1934 5707 2116 5773 mittit,
2138 5706 2414 5761 satiabitur
2435 5706 2487 5759 in
2512 5704 2656 5761 battis
2676 5705 2986 5762 desiderium
3013 5706 3150 5776 ejus,
3174 5705 3225 5758 in
3250 5704 3502 5762 immuta-
