3960 6360
496 356 662 421 sta‘
732 344 735 347 ί

1136 361 1200 419 Β.
1241 363 1497 422 RABANI
1532 361 1754 423 MAURI
1792 361 2055 421 ARCHI'E‘;

2161 362 2467 422 meum.
2507 351 2805 425 Ml
2833 360 3121 426 Ρλιιεπ.

494 475 710 559 bilibris,
739 475 843 533 hoc
867 483 980 543 cst,
1012 476 1130 550 ipsa
1162 477 1407 535 trinitate
1435 481 1547 536 Deo
1572 496 1692 546 suo,
1721 477 1877 550 cujus
1910 480 2087 551 imago
2116 485 2161 546 Α
2190 479 2393 551 inquit,
2421 479 2530 537 duo
2571 481 2627 536 in
2660 496 2819 537 carne
2862 498 2989 538 una.
3016 483 3273 557 Nunquid
3298 489 3639 560 possetisne
3686 469 3802 550 (ﬁet

491 574 575 622 est
593 606 609 631 ,
638 577 693 621 et
731 582 800 622 ne
831 567 1038 639 uspiam
1075 569 1326 642 deinceps
1349 572 1610 638 violetur,
1639 573 1744 627 erit
1776 573 1827 626 in
1851 572 2082 627 abscon-

491 656 606 714 dito
627 657 804 714 vultus
830 659 969 728 ejus,
1000 666 1148 714 tanta
1177 663 1422 720 ubertate
1443 660 1559 733 ejus
1590 663 1807 737 impleta
1831 703 1847 731 ,
1878 675 1939 720 ut
1959 678 2080 720 eam

490 763 766 818 nunquam
792 765 1021 820 peccare
1040 751 1287 806 delectet.

566 837 759 910 Fugite
786 840 1207 909 fornicationem.
1244 844 1411 900 Recte
1428 842 1739 918 fugiendam
1763 854 1949 902 monet
1972 846 2080 923 for-

489 931 840 999 nicatiouem,
872 949 971 1004 per
996 949 1158 1005 quam
1188 934 1280 992 lilii
1311 936 1403 992 Dei
1425 937 1561 994 fiunt
1586 938 1680 994 lilii
1707 940 1927 996 diaboli.

561 1024 729 1079 Omne
787 1038 1056 1097 peccatum
1102 1029 1448 1102 quodcunque
1490 1031 1671 1101 fecerit
1714 1031 1889 1098 homo,
1928 1040 2077 1088 extra

486 1131 674 1187 corpus
696 1126 773 1171 est
806 1135 818 1170 :
850 1118 940 1188 qui
957 1127 1129 1173 autent
1155 1120 1469 1190 fornicatur,
1493 1122 1549 1176 in
1574 1139 1760 1194 corpus
1782 1140 1937 1178 suum
1958 1142 2078 1195 pec-

483 1215 590 1261 cat.
624 1206 871 1263 Ostendit
913 1206 1326 1267 fornicationem
1366 1214 1746 1285 gravissimum
1792 1232 1913 1271 esse
1954 1232 2077 1287 pec-

485 1305 693 1363 catum,
722 1298 848 1368 quia
877 1315 943 1354 ex
965 1300 1069 1356 hoc
1092 1318 1253 1358 omne
1280 1304 1494 1376 deperit
1521 1321 1739 1376 corpus,
1770 1306 1824 1361 in
1860 1308 2074 1365 etetcris

412 1419 419 1426 -
486 1395 668 1442 autem
695 1390 934 1458 peccatis
955 1392 1133 1461 portio
1155 1395 1318 1466 perit,
1353 1411 1458 1451 non
1484 1404 1677 1452 totum.
1708 1396 1904 1453 Totum
1927 1400 2074 1455 enim

486 1494 685 1550 corpus
712 1481 797 1534 vir
822 1490 907 1537 est
934 1492 990 1536 et
1014 1484 1227 1552 mulier,
1259 1485 1385 1558 quia
1412 1488 1593 1557 portio
1618 1488 1721 1543 viri
1742 1498 1827 1545 est
1857 1490 2070 1560 mulier,

486 1571 796 1643 quicunque
827 1574 974 1628 enim
1001 1575 1147 1631 aliud
1176 1588 1460 1647 peccatum
1503 1579 1784 1635 admiserit
1825 1589 1980 1635 extra
2014 1597 2074 1638 se

482 1670 714 1732 peccat:
745 1663 1072 1721 fornicarius
1113 1683 1243 1723 vero
1304 1668 1360 1723 in
1412 1684 1636 1725 carnem
1669 1686 1820 1727 suam
1860 1681 2069 1743 peccat.

384 1753 393 1761 ’
479 1754 596 1825 Age
623 1756 670 1809 si
698 1753 892 1825 laqueo
916 1758 1079 1812 vitam
1105 1757 1276 1826 finiat,
1297 1769 1392 1816 aut
1426 1758 1572 1817 ferro
1598 1778 1657 1818 se
1679 1764 1933 1830 trucidet,
1964 1781 2070 1821 non

2184 567 2252 624 de
2294 568 2416 624 aliis
2466 580 2631 641 atque
2684 571 2807 629 aliis
2853 576 3159 647 quibusque
3206 578 3551 638 facinoribus
3611 584 3793 641 hmi-

2182 661 2348 715 num?
2385 660 2613 718 liberum
2640 670 2725 719 est
2748 665 2893 720 enim
2924 663 3107 724 ultimo
3147 669 3386 729 humano
3417 673 3476 728 in
3508 674 3649 732 aliis
3674 680 3793 748 qui-

2181 750 2390 822 busque
2429 752 2729 809 sceleribus
2754 763 2811 811 et
2833 772 3002 812 unum
3049 758 3255 830 aliquid
3298 777 3493 821 eorum
3537 770 3788 837 operari,

2179 851 2235 899 et
2262 859 2328 900 eo
2350 845 2466 916 ipso
2491 854 2736 917 tempore
2763 847 2891 904 alibi
2935 851 3262 921 cogitatione
3288 854 3556 923 disteudi,
3592 858 3655 912 in
3680 859 3789 914 for-

2180 936 2470 993 nicationis
2491 947 2671 994 autem
2697 939 2814 1011 ipso
2837 956 3002 1012 opere
3023 958 3087 999 ac
3112 952 3355 1016 tempore
3373 964 3482 1004 non
3505 950 3651 1006 licet
3672 954 3788 1008 aui-

2187 1044 2278 1086 mo
2307 1031 2374 1087 ad
2418 1031 2563 1087 aliud
2595 1032 2799 1104 aliquid
2835 1035 3182 1106 cogitandum
3211 1038 3446 1096 liberum
3491 1056 3653 1109 esse,
3705 1045 3783 1101 sic

2178 1122 2323 1177 enim
2353 1131 2498 1178 totus
2520 1123 2684 1180 homo
2713 1124 3034 1182 absorbetur
3057 1126 3127 1181 ab
3150 1127 3288 1199 ipso,
3332 1138 3387 1185 et
3415 1130 3471 1185 in
3500 1133 3639 1202 ipso
3664 1144 3785 1191 cor-

2175 1227 2328 1284 pore,
2344 1210 2529 1282 utjam
2559 1214 2665 1270 dici
2686 1230 2794 1271 non
2814 1216 2987 1288 possit
3002 1218 3117 1289 ipse
3129 1218 3342 1273 animus
3355 1235 3487 1274 suus
3509 1235 3676 1288 esse,
3694 1223 3784 1279 sed

2176 1304 2337 1359 simul
2370 1314 2513 1361 totus
2545 1307 2706 1363 homo
2744 1307 2849 1365 dici
2885 1310 3074 1380 possit,
3106 1310 3249 1380 quod
3287 1325 3417 1367 caro
3451 1313 3550 1380 sit,
3585 1316 3782 1386 etspi—

2175 1394 2313 1450 ritus
2339 1395 2559 1462 vadens,
2586 1404 2643 1454 et
2669 1413 2777 1453 non
2804 1400 3037 1457 rediens.
3083 1398 3177 1456 Sic
3211 1416 3342 1473 ergo
3368 1398 3681 1474 possumus
3708 1408 3784 1461 in-

2176 1485 2415 1558 telligere
2472 1490 2599 1559 quia
2671 1506 2823 1546 omne
2867 1502 3142 1563 peccatum
3197 1495 3557 1568 quodcunque
3597 1499 3782 1569 fecerit

2173 1574 2328 1629 homo
2350 1586 2501 1632 extra
2528 1596 2716 1651 corpus
2740 1590 2837 1645 est,
2858 1582 2950 1652 qui
2971 1593 3146 1637 autem
3173 1584 3475 1654 fornicatur
3501 1588 3565 1643 in
3586 1605 3782 1655 corpus

2172 1668 2443 1737 proprium
2492 1679 2697 1740 peccat,
2742 1680 2802 1726 ut
2830 1671 3083 1727 videatur
3116 1672 3410 1745 Apostolus
3466 1677 3524 1732 in
3562 1686 3780 1735 tantum

2174 1769 2508 1828 exaggerare
2534 1758 2771 1818 voluisse
2798 1759 3176 1819 fornicationis
3205 1764 3430 1833 malum,
3461 1776 3522 1822 ut
3541 1769 3607 1824 in
3634 1786 3781 1825 cou-

480 1845 537 1900 in
576 1861 774 1917 corpus
817 1865 976 1905 suum
1033 1851 1248 1908 videtur
1296 1855 1569 1925 peccare?
1596 1872 1705 1913 non
1755 1857 1811 1913 iu
1874 1874 2055 1930 corpu:

2173 1847 2454 1916 paratione
2481 1847 2641 1918 hujus
2681 1858 2881 1907 cmtera
2922 1859 3080 1908 extra
3123 1869 3322 1926 corpus
3360 1857 3626 1915 habenda
3667 1876 3781 1918 esse

478 1952 637 1994 suum
658 1949 870 2010 peccat,
901 1942 996 1996 sed
1044 1941 1098 1996 in
1144 1945 1384 1999 animam
1419 1946 1507 2001 cui
1543 1946 1652 2002 vim
1701 1947 1852 2014 facit,
1895 1948 2068 2005 forni-

478 2030 590 2085 cari
614 2039 797 2086 autem
833 2031 1116 2102 corporale
1142 2035 1399 2092 delictum
1457 2047 1563 2106 est,
1597 2040 1742 2111 quod
1768 2050 1824 2097 et
1868 2057 2069 2112 corpus

476 2122 742 2194 contingit
800 2132 857 2179 et
910 2126 1191 2194 animam,
1241 2144 1349 2184 non
1413 2130 1559 2186 enim
1619 2134 1738 2190 sine
1797 2135 2068 2193 desiderio

473 2216 680 2283 carnis,
704 2217 830 2287 quia
860 2218 1023 2275 habet
1063 2228 1118 2276 et
1141 2236 1272 2277 caro
1307 2224 1589 2294 proprium
1621 2236 1853 2296 motum,
1884 2233 2067 2286 anima

471 2305 828 2377 concupiscit,
879 2316 939 2364 ut
982 2317 1170 2380 peccet
1220 2311 1276 2367 in
1342 2328 1587 2382 carnem,
1640 2319 1890 2388 quamvis
1947 2320 2066 2378 sine

471 2395 656 2450 animo
691 2397 826 2451 nihil
874 2400 1045 2468 possit
1070 2416 1168 2472 per
1206 2400 1259 2457 id
1294 2402 1442 2473 quod
1498 2404 1553 2459 iu
1585 2421 1806 2464 carnem
1847 2426 1968 2481 qua:
1995 2424 2063 2469 ex

471 2498 532 2539 se
555 2492 640 2540 est
664 2496 874 2555 peccat.
914 2488 998 2544 Ad
1029 2490 1300 2562 originem
1330 2494 1477 2549 enim
1525 2497 1732 2565 retulit,
1777 2499 1833 2554 in
1863 2515 2064 2573 corpus

470 2590 631 2630 suum
686 2576 886 2633 dicitur
935 2594 1197 2649 peccare,
1246 2594 1308 2641 ut
1345 2586 1558 2642 desinat
1599 2603 1628 2642 a
1677 2587 2059 2663 fornicatione,

446 2666 627 2736 ,quasi
667 2667 771 2722 sibi
792 2684 1041 2739 parcens.
1069 2671 1370 2731 Novatiano
1396 2685 1576 2733 tamen
1608 2680 1699 2735 hic
1749 2681 1796 2736 is
1823 2683 1916 2752 qui
1944 2682 2062 2740 for-

471 2757 684 2814 nicatur
706 2776 813 2816 nou
850 2761 906 2817 in
947 2777 1145 2834 corpus
1172 2781 1334 2823 suum
1358 2767 1573 2825 videtur
1610 2787 1841 2843 peccare
1868 2775 1966 2831 sed
2003 2775 2060 2831 in

469 2847 695 2906 Christi.
757 2850 931 2909 Aliter
977 2856 1125 2911 enim
1188 2860 1507 2929 pronuntiat
1561 2862 1709 2931 hoc,
1771 2873 1832 2920 ut
1893 2866 2061 2922 etiam

467 2941 619 2998 illum
647 2946 740 3016 qui
773 2944 1075 3005 fornicatur
1099 2950 1153 3006 iu
1190 2950 1451 3022 Spiritum
1475 2965 1724 3013 sanctum
1757 2958 1904 3015 dicat
1924 2976 2059 3032 pec-

466 3050 631 3104 care,
662 3045 886 3109 propter
931 3054 1153 3097 causam
1189 3058 1297 3114 qua
1346 3045 1552 3103 scissus
1579 3058 1663 3106 est
1687 3050 1755 3106 ab
1789 3050 2055 3110 Ecclesia.

465 3130 581 3189 lloc
600 3133 746 3189 nulla
774 3136 986 3192 ratione
1012 3138 1186 3194 astrui
1214 3148 1414 3210 potest,
1450 3157 1649 3214 corpus
1677 3144 1821 3201 enim
1851 3145 2056 3204 Christi

463 3238 571 3277 non
603 3233 687 3279 est
714 3241 853 3281 unus
890 3236 985 3283 aut
1014 3228 1121 3284 duo
1148 3228 1462 3300 Christiani,
1487 3235 1582 3299 sed
1605 3250 1817 3304 omnes,
1856 3239 2055 3311 singuli

462 3323 639 3369 autem
679 3319 912 3373 membra
941 3330 1083 3375 sunt.
1139 3320 1421 3389 Quomodo
1453 3340 1582 3399 ergo
1626 3329 1721 3400 qui
1752 3329 2055 3388 fornicatur

464 3403 521 3458 in
543 3403 744 3461 Christi
783 3418 981 3479 corpus
1003 3423 1213 3480 peccat,
1261 3430 1385 3469 cum
1428 3431 1538 3472 non
1565 3433 1756 3496 omnes
1785 3421 2054 3478 contami-

464 3495 591 3549 net?
624 3494 777 3562 Quod
805 3498 852 3553 si
884 3498 958 3552 ita
993 3509 1159 3566 esset,
1186 3511 1246 3556 ut
1265 3503 1567 3563 Novatiano
1594 3494 1824 3577 videtur,
1855 3521 2052 3571 caetera

462 3586 644 3641 omnia
663 3596 884 3658 peccata
911 3596 1064 3644 extra
1097 3591 1267 3647 Deum
1299 3605 1505 3663 essent,
1535 3606 1592 3654 et
1615 3599 1729 3655 sola
1760 3600 2052 3659 foruieatio

460 3686 744 3749 peccatum
785 3691 931 3736 esset
962 3682 1017 3737 in
1046 3681 1239 3739 Deum.
1271 3685 1449 3744 Etiam
1493 3690 1585 3759 qui
1615 3691 1765 3747 vadit
1797 3695 1865 3749 ad
1905 3694 2050 3751 idola

459 3784 568 3824 non
595 3780 784 3839 peccat
812 3772 866 3826 in
898 3772 1090 3837 Deum,
1116 3790 1217 3831 nec
1245 3777 1339 3847 qui
1370 3788 1531 3850 negat
1560 3780 1613 3835 in
1653 3785 2049 3853 persecutione,

458 3861 586 3931 quia
646 3877 807 3918 omne
866 3874 1148 3934 peccatum
1198 3871 1558 3941 quodcunque
1618 3870 1811 3930 fecerit
1864 3876 2047 3944 homo,

456 3962 615 4009 extra
644 3971 842 4026 corpus
860 3956 1059 4014 Christi
1086 3968 1191 4026 est,
1226 3961 1369 4017 sicut
1401 3962 1477 4018 illi
1514 3965 1747 4021 videtur.
1780 3965 1836 4022 Si
1864 3975 2048 4024 autem

455 4052 513 4100 et
541 4044 645 4102 hoc
679 4046 838 4117 aliter
883 4048 1114 4105 voluerit
1139 4053 1516 4122 pronuntiare,
1552 4066 1608 4111 ut
1631 4067 1790 4128 neget
1830 4059 2049 4129 aliquod

453 4146 612 4192 extra
655 4152 854 4211 corpus
905 4156 1028 4198 esse
1064 4155 1348 4216 peccatum
1377 4188 1394 4215 ,
1422 4159 1650 4222 cogetur
1687 4152 1871 4209 dicere
1920 4154 2046 4224 quia

453 4230 634 4286 omnis
680 4232 990 4304 quicunque
1027 4237 1409 4309 quodcumque
1434 4250 1717 4309 peccatum
1748 4242 1961 4311 fecerit,
1992 4245 2047 4299 in

452 4316 624 4373 Deum
650 4332 859 4390 peceat,
899 4333 955 4380 et
988 4326 1042 4380 in
1076 4325 1336 4398 Spiritum
1382 4342 1653 4401 sanctum,
1695 4345 1757 4390 ut
1783 4346 1841 4391 et
1876 4336 1964 4390 fur
1991 4347 2049 4393 et

452 4407 726 4478 perjurns,
757 4422 813 4466 et
843 4415 1071 4470 mendax
1111 4417 1167 4471 iu
1215 4419 1480 4491 Spiritum
1510 4434 1779 4490 sanetum,
1811 4443 2040 4498 peccaro

454 4498 683 4565 dicatur,
720 4505 991 4572 quomodo
1014 4516 1098 4563 est
1124 4508 1254 4563 illud
1287 4511 1432 4582 quod
1481 4514 1560 4570 ait
1605 4515 1891 4583 Dominus,
1915 4522 2041 4592 quia

454 4588 633 4643 onmia
655 4601 869 4660 peccata
890 4602 939 4648 et
971 4594 1307 4669 blasphemiae
1348 4604 1676 4661 remittentur
1718 4588 2036 4680 Itontinilms,

450 4679 543 4748 qui
582 4690 758 4735 autem
796 4689 1090 4754 peccaverit
1134 4688 1191 4744 in
1225 4688 1482 4763 Spiritum
1510 4706 1751 4753 sanctum
1797 4717 1904 4756 non
1958 4679 2042 4758 re-

451 4770 690 4825 mittetur
710 4773 759 4827 ei
784 4790 950 4847 neque
968 4778 1053 4833 hic
1079 4796 1243 4853 neque
1264 4784 1321 4838 in
1350 4784 1553 4855 futuro.
1585 4786 1826 4860 Apparet
1856 4792 2044 4863 utique

450 4865 691 4935 exceptis
722 4871 964 4938 peccatis
984 4874 1196 4929 caeteris
1227 4875 1376 4932 aliud
1402 4894 1522 4935 esse
1542 4892 1824 4950 peccatum
1846 4924 1862 4948 ,
1901 4885 2045 4953 quod

440 4965 731 5023 peccatum
747 4961 946 5016 dicitur
965 4962 1017 5017 in
1033 4961 1294 5035 Spiritum
1312 4979 1580 5026 sanctum.
1598 4972 1931 5041 Quibusdam
1946 4977 2049 5033 ite-

450 5056 571 5099 rum
594 5047 943 5122 videturquia
969 5054 1061 5123 qui
1092 5053 1397 5114 fornicatur
1418 5060 1539 5117 ideo
1568 5062 1623 5117 in
1655 5079 1855 5135 corpus
1881 5080 2038 5122 suum

447 5136 649 5193 dicitur
673 5156 923 5211 peccare,
952 5145 1080 5215 quia
1117 5146 1373 5203 Ecclesiae
1415 5152 1719 5209 membrum
1759 5164 1865 5221 est,
1895 5164 1952 5212 et
1980 5172 2041 5214 se

449 5231 827 5292 contaminans
855 5236 907 5291 in
941 5237 1237 5296 Ecclesium
1264 5253 1491 5312 peccat,
1529 5247 1684 5318 cuius
1734 5250 2039 5309 membrum

442 5325 551 5372 est.
598 5318 733 5385 Quia
778 5338 912 5394 ergo
952 5326 1210 5385 Ecclesia:
1256 5334 1561 5390 membrum
1605 5344 1710 5402 est,
1750 5337 2039 5398 dicendum

444 5418 535 5487 est
569 5409 645 5465 illi
673 5426 795 5468 eum
846 5415 1167 5488 fornicatur,
1200 5423 1328 5493 quia
1377 5439 1485 5481 non
1516 5426 1619 5483 sibi
1653 5428 1751 5484 sed
1780 5429 1836 5485 in
1858 5431 2041 5489 Eccle-

447 5501 589 5596 siam
615 5516 822 5575 peccat.
869 5508 1040 5568 Porro
1064 5525 1246 5572 autem
1285 5517 1419 5574 dicit
1455 5518 1750 5590 Apostolus
1780 5523 1908 5594 quia
1942 5525 2035 5596 qui

444 5591 750 5688 fornicatur
775 5616 872 5670 per
896 5603 950 5659 id
979 5607 1121 5675 quod
1158 5610 1213 5665 in
1243 5612 1544 5680 portionem
1588 5628 1743 5671 suam
1788 5591 2036 5688 deliquit,

447 5683 508 5741 ia
542 5702 740 5760 corpus
767 5707 923 5750 suum
946 5706 1153 5765 peccat.
1174 5700 1269 5760 .Au
1299 5703 1526 5769 nescitis,
1561 5705 1757 5777 inquit,
1785 5683 2035 5780 quoniam

446 5781 539 5850 qui
559 5783 791 5841 attineret
818 5790 1076 5845 meretrici
1126 5809 1286 5848 unum
1339 5812 1526 5868 corpus
1556 5809 1631 5855 est
1651 5800 1676 5854 ?
1694 5812 1845 5857 erunt
1874 5802 2029 5870 enim,

2173 1937 2390 2006 dixerit,
2422 1953 2758 2011 quaecunque
2778 1950 3023 2011 peccata,
3051 1951 3108 1999 et
3126 1945 3244 2000 solo
3266 1946 3370 2001 hoc
3391 1951 3778 2006 tatimmmodo

2169 2028 2548 2087 fornicationis
2588 2032 2730 2087 malo
2755 2033 2810 2089 in
2862 2049 3062 2106 corpus
3101 2038 3380 2107 proprium
3427 2052 3679 2107 peccare
3699 2043 3777 2098 (ﬁ-

2167 2122 2333 2189 xerit,
2364 2122 2490 2193 quia
2518 2124 2725 2194 majore
2750 2124 2994 2182 libidinis
3020 2127 3218 2183 ardore
3237 2143 3346 2199 quo
3369 2131 3637 2199 superior
3665 2132 3777 2187 nul-

2167 2211 2252 2270 lus
2282 2225 2386 2283 est,
2436 2216 2686 2288 voluptas
2724 2218 2894 2289 ipsius
2929 2219 3177 2290 corporis
3208 2227 3354 2275 tenet
3398 2235 3634 2276 servum
3663 2222 3776 2278 εὖ.

2164 2305 2347 2376 citquc
2375 2307 2668 2377 captivum.
2699 2308 2791 2363 Ait
2827 2325 2899 2364 an
2932 2310 3142 2364 nescitis
3171 2327 3395 2381 corpora
3434 2323 3622 2366 πειτα
3657 2323 3777 2369 tel-

2163 2395 2308 2467 plum
2339 2396 2480 2452 Dei?
2508 2396 2664 2465 dixit,
2694 2399 2785 2456 hic
2827 2402 3078 2473 templum
3121 2402 3356 2474 Spiritus
3395 2407 3576 2459 sancti
3610 2422 3772 2477 qum

2163 2485 2378 2545 habetis
2412 2504 2442 2544 a
2465 2490 2610 2559 Deo;
2639 2495 2887 2563 superius
2916 2495 3164 2566 templum
3191 2496 3288 2551 Dei
3315 2498 3477 2565 dixit,
3509 2501 3607 2557 hic
3643 2513 3771 2557 tetu-

2160 2577 2309 2651 plum
2329 2580 2563 2653 Spiritus
2592 2586 2762 2639 sancti
2785 2587 2911 2657 quia
2944 2586 2998 2642 in
3034 2590 3364 2657 substantia,
3403 2592 3515 2649 hoc
3538 2605 3629 2649 ea
3659 2597 3771 2666 spi-

2164 2670 2325 2738 ritus,
2369 2674 2513 2743 quod
2540 2673 2705 2732 Deus.
2736 2675 2851 2754 Hoc
2903 2679 3107 2737 idcirco
3132 2681 3269 2736 dixit
3314 2692 3375 2738 ut
3403 2700 3647 2756 corpora
3682 2703 3772 2744 no-

2162 2770 2275 2817 stra
2306 2762 2733 2825 ineontaminata
2759 2782 3062 2837 servemus,
3092 2779 3152 2826 ut
3176 2773 3347 2843 possit
3377 2773 3491 2831 illic
3529 2775 3768 2848 Spiritus

2162 2862 2386 2908 sanctus
2418 2854 2687 2912 habitare.

2231 2963 2301 3019 Et
2327 2982 2432 3021 non
2462 2968 2586 3023 estis
2612 2971 2791 3037 vestri,
2828 2973 2988 3044 empti
3019 2974 3159 3029 enim
3187 2976 3312 3032 estis
3345 2978 3520 3049 pretio
3549 2996 3765 3051 magno.

2161 3052 2503 3114 Manifestum
2529 3068 2632 3128 est,
2658 3061 2752 3132 qui
2775 3075 2989 3135 emptus
3014 3073 3120 3133 est,
3150 3081 3258 3123 non
3302 3077 3391 3124 est
3416 3070 3504 3125 sui
3525 3072 3763 3139 arbitrii,

2161 3146 2257 3202 sed
2299 3146 2415 3219 ejus
2435 3164 2466 3204 a
2497 3165 2606 3221 quo
2660 3161 2875 3225 emptus
2904 3161 3011 3222 est,
3041 3164 3097 3211 ut
3126 3172 3239 3212 non
3266 3174 3460 3224 suam,
3493 3161 3590 3216 sed
3625 3161 3767 3217 illius

2082 3208 2129 3274 ο
2158 3208 2702 3298 faciatvvoluntatcm.
2739 3208 2804 3297 Et
2831 3245 2961 3315 quia
2988 3208 3153 3301 chare
3180 3249 3347 3320 empti
3403 3247 3598 3306 su'mus
3640 3268 3767 3323 pro-

2154 3329 2379 3401 pensius
2431 3330 2545 3388 Deo
2575 3340 2765 3389 nostro
2815 3335 3023 3391 servire
3073 3335 3354 3403 debemus,
3408 3354 3479 3395 ne
3524 3339 3766 3398 offensus

2153 3433 2186 3474 a
2221 3435 2328 3491 qua
2381 3436 2483 3478 nos
2535 3423 2765 3479 redemit
2794 3425 2957 3481 morti
3005 3440 3105 3482 nos
3150 3427 3342 3483 reddat
3368 3467 3389 3496 ,
3420 3445 3591 3501 quam
3616 3431 3762 3487 enim

2155 3510 2478 3570 charissima
2496 3513 2675 3585 pretio
2701 3530 2802 3571 nos
2819 3516 2953 3572 emit
2979 3524 3041 3572 ut
3065 3517 3382 3589 sanguinem
3414 3534 3580 3575 suum
3608 3520 3763 3578 daret

2152 3615 2253 3672 pro
2280 3602 2464 3658 nobis!

2225 3694 2545 3753 Clarillcate
2571 3705 2619 3752 et
2644 3706 2852 3768 portate
2874 3698 3045 3755 Deum
3071 3700 3128 3756 in
3155 3716 3371 3771 corpore
3416 3711 3613 3757 vestro.
3647 3700 3757 3759 Hoc

2151 3792 2236 3841 est
2256 3785 2544 3855 clariﬁcate
2578 3797 2626 3842 et
2651 3797 2852 3860 portate
2885 3788 3056 3844 Deum
3095 3790 3151 3845 in
3175 3807 3414 3862 corpore,
3461 3802 3527 3847 ut
3553 3809 3750 3849 secun-

2152 3877 2278 3932 dum
2301 3877 2476 3949 legem
2501 3878 2620 3949 ejus
2653 3881 3012 3949 ambulemus,
3058 3897 3156 3952 per
3204 3882 3376 3954 legem
3416 3885 3567 3941 enim
3599 3901 3752 3945 suam

2150 3969 2495 4040 ipsevidetur
2517 3971 2572 4026 in
2601 3973 2789 4038 nobis;
2814 3983 3040 4044 portate,
3073 3974 3270 4045 inquit,
3300 3974 3494 4043 Deum,
3522 3979 3629 4033 hoc
3649 3986 3749 4044 est,

2151 4059 2440 4134 imaginem
2482 4063 2579 4120 Dei
2626 4064 2680 4120 in
2719 4064 2883 4123 rebus
2914 4066 3054 4124 bene
3095 4066 3266 4138 gestis
3301 4070 3596 4125 ostendite.
3634 4070 3746 4127 Duo

2147 4162 2275 4209 sunt
2304 4163 2531 4224 peccata
2580 4164 2639 4212 et
2681 4156 2788 4212 duo
2820 4171 3017 4229 genera
3048 4166 3421 4227 peccatorum,
3477 4171 3577 4215 aut
3603 4161 3743 4216 enim

2148 4246 2204 4301 in
2252 4246 2424 4303 Deum
2465 4249 2630 4304 homo
2660 4258 2874 4320 peccat,
2912 4257 3007 4304 aut
3035 4249 3089 4304 in
3121 4249 3419 4306 hominem.
3480 4251 3744 4309 Peccatur

2149 4346 2331 4393 autem
2360 4338 2415 4393 in
2446 4337 2615 4394 Deum
2658 4338 2826 4394 etiam
2872 4339 3269 4410 corrumpendo
3317 4341 3583 4413 templum
3628 4342 3739 4413 ejus

2147 4427 2201 4484 iu
2227 4438 2304 4497 te,
2332 4429 2534 4486 etenim
2567 4429 2831 4486 Dominus
2862 4430 3095 4486 redemit
3122 4439 3175 4487 te
3221 4432 3487 4504 sanguine
3509 4433 3633 4489 Filii
3658 4437 3738 4490 sui

2146 4536 2456 4592 quanquam
2479 4531 2536 4578 et
2560 4530 2851 4592 antequam
2874 4522 3242 4591 redimereris,
3275 4522 3434 4593 cujus
3463 4526 3734 4590 eras,uisi

2144 4614 2263 4684 ejus
2278 4614 2373 4684 qui
2398 4613 2637 4669 condidit
2659 4613 2877 4668 omnia?
2900 4611 3258 4670 Peculiariter
3282 4623 3462 4671 tanien
3483 4615 3734 4685 quodam-

2144 4703 2303 4758 modo
2323 4703 2523 4759 habere
2540 4702 2711 4758 voluit
2732 4704 3071 4775 redemptum
3088 4704 3349 4778 sanguine
3365 4705 3459 4762 filii
3475 4708 3584 4764 sui.
3616 4707 3731 4763 Non

2144 4798 2288 4862 estis,
2324 4797 2520 4868 inquit,
2559 4798 2733 4866 uestri,
2760 4798 2921 4870 empti
2962 4800 3103 4853 enim
3140 4799 3263 4855 estis
3308 4800 3480 4868 pretio
3522 4817 3724 4871 magno.

2146 4887 2438 4960 gloriﬁcate
2480 4897 2530 4944 et
2584 4898 2793 4961 portate
2844 4888 3132 4946 Dominum
3177 4890 3233 4945 in
3276 4906 3496 4961 carpere
3542 4901 3724 4954 uestro,

2150 4980 2291 5052 Ergo
2320 4980 2407 5035 illc
2431 4996 2464 5035 a
2500 4994 2609 5052 quo
2638 4981 2951 5052 redemptus
2969 4997 3030 5039 es
3050 4980 3214 5039 efficit
3239 4982 3527 5038 tedomum
3556 4998 3722 5038 suam.

2143 5069 2399 5141 Nunquid
2436 5079 2492 5126 tu
2527 5071 2610 5127 vis
2646 5072 2865 5129 domum
2900 5083 3050 5129 tuam
3101 5073 3316 5129 everti?
3348 5073 3398 5128 si
3437 5088 3542 5129 nec
3591 5073 3724 5129 Deus

2143 5176 2320 5228 suam,
2346 5162 2449 5217 hoc
2474 5169 2580 5226 est,
2620 5169 2672 5217 te
2700 5163 2915 5233 ipsum?
2935 5163 2994 5219 Si
3031 5163 3127 5219 tibi
3154 5178 3261 5218 nou
3298 5164 3485 5234 parcis
3510 5172 3722 5236 propter

2143 5262 2200 5310 te
2232 5253 2432 5324 ipsum,
2472 5267 2635 5325 parce
2658 5253 2754 5310 tibi
2778 5253 2863 5310 vel
2898 5262 3120 5327 propter
3165 5253 3362 5320 Deum,
3397 5255 3492 5324 qui
3525 5264 3581 5311 te
3601 5253 3721 5310 fecit

2143 5341 2405 5414 templum
2441 5357 2622 5408 suum,
2692 5342 2950 5414 templum
2979 5342 3128 5399 enim
3188 5344 3287 5399 Dei
3345 5352 3598 5401 sanctum
3639 5348 3718 5399 est

2138 5431 2289 5504 quod
2350 5432 2485 5489 estis
2526 5448 2627 5503 vos
2655 5472 2674 5499 ,
2709 5441 2768 5492 et
2820 5433 2915 5504 qui
2971 5420 3235 5505 templum
3275 5433 3369 5489 Dei
3418 5433 3715 5500 violaverit.

2138 5524 2420 5596 disperdat
2462 5524 2616 5582 illum
2666 5526 2829 5583 Deus.
2861 5525 2987 5583 Ideo
3020 5541 3250 5583 necesse
3290 5534 3465 5583 estut
3513 5527 3719 5585 studeat

2140 5614 2514 5686 unusquisque
2559 5616 2826 5672 mundare
2899 5631 2996 5673 cor
3045 5631 3202 5671 suum
3263 5617 3333 5672 ab
3389 5618 3538 5673 omni
3589 5631 3713 5672 cau-

2139 5710 2475 5783 cupiscentia
2515 5710 2679 5777 mala,
2729 5720 2787 5768 et
2833 5712 3003 5768 vitam
3057 5727 3210 5769 suam
3255 5712 3324 5767 ab
3370 5713 3519 5768 omni
3564 5711 3713 5777 sorde

2138 5812 2487 5874 peccatorum
2520 5811 2575 5858 et
2600 5804 2765 5874 opere
2793 5802 3019 5861 nefario
3036 5844 3050 5872 ,
3075 5810 3343 5874 quatenus
3372 5812 3636 5859 mercatur
3656 5802 3709 5856 in
