  <div class='ocr_page' id='page_1' title='image "/cluster/home/n/w/nwhite01/storage/ocr_20150623/110/hvd.32044015466865/222.png"; bbox 0 0 3960 6360; ppageno 0'>
   <div class='ocr_carea' id='block_1_1' title="bbox 186 351 299 412">
    <p class='ocr_par' dir='ltr' id='par_1_1' title="bbox 186 351 299 412">
     <span class='ocr_line' id='line_1_1' title="bbox 186 351 299 412; baseline 0.018 -3"><span class='ocrx_word' id='word_1_1' title='bbox 186 351 299 412; x_wconf 74' lang='grc'><strong>421</strong></span> 
     </span>
    </p>
   </div>
   <div class='ocr_carea' id='block_1_2' title="bbox 1282 342 2373 423">
    <p class='ocr_par' dir='ltr' id='par_1_2' title="bbox 1282 342 2373 423">
     <span class='ocr_line' id='line_1_2' title="bbox 1282 342 2373 423; baseline 0 -21"><span class='ocrx_word' id='word_1_2' title='bbox 1282 344 1589 404; x_wconf 71' lang='lat' dir='ltr'><strong>IIOMILUE</strong></span> <span class='ocrx_word' id='word_1_3' title='bbox 1627 344 1697 401; x_wconf 89' lang='lat' dir='ltr'><strong>IN</strong></span> <span class='ocrx_word' id='word_1_4' title='bbox 1734 342 2006 401; x_wconf 78' lang='lat' dir='ltr'><strong>EVANG.~</strong></span> <span class='ocrx_word' id='word_1_5' title='bbox 2028 343 2117 401; x_wconf 85' lang='lat' dir='ltr'><strong>ET</strong></span> <span class='ocrx_word' id='word_1_6' title='bbox 2154 344 2373 423; x_wconf 77' lang='lat' dir='ltr'><strong>EPIST.</strong></span> 
     </span>
    </p>
   </div>
   <div class='ocr_carea' id='block_1_3' title="bbox 3324 338 3451 400">
    <p class='ocr_par' dir='ltr' id='par_1_3' title="bbox 3324 338 3451 400">
     <span class='ocr_line' id='line_1_3' title="bbox 3324 338 3451 400; baseline -0.031 1"><span class='ocrx_word' id='word_1_7' title='bbox 3324 338 3451 400; x_wconf 63' lang='lat'><strong>422</strong></span> 
     </span>
    </p>
   </div>
   <div class='ocr_carea' id='block_1_4' title="bbox 187 462 3453 539">
    <p class='ocr_par' dir='ltr' id='par_1_4' title="bbox 187 462 3453 539">
     <span class='ocr_line' id='line_1_4' title="bbox 187 462 3453 539; baseline -0.002 -13"><span class='ocrx_word' id='word_1_8' title='bbox 187 484 255 526; x_wconf 88' lang='lat' dir='ltr'><strong>se</strong></span> <span class='ocrx_word' id='word_1_9' title='bbox 306 463 663 539; x_wconf 84' lang='lat' dir='ltr'><strong>habitatorem</strong></span> <span class='ocrx_word' id='word_1_10' title='bbox 707 463 908 520; x_wconf 82' lang='lat' dir='ltr'><strong>habere</strong></span> <span class='ocrx_word' id='word_1_11' title='bbox 954 463 1171 531; x_wconf 87' lang='lat' dir='ltr'><strong>Deum;</strong></span> <span class='ocrx_word' id='word_1_12' title='bbox 1219 464 1313 533; x_wconf 85' lang='lat' dir='ltr'><strong>qui</strong></span> <span class='ocrx_word' id='word_1_13' title='bbox 1370 465 1425 519; x_wconf 90' lang='lat' dir='ltr'><strong>in</strong></span> <span class='ocrx_word' id='word_1_14' title='bbox 1467 462 1673 517; x_wconf 88' lang='lat' dir='ltr'><strong>unitate</strong></span> <span class='ocrx_word' id='word_1_15' title='bbox 1714 471 1771 519; x_wconf 86' lang='lat' dir='ltr'><strong>et</strong></span> <span class='ocrx_word' id='word_1_16' title='bbox 1797 466 1841 525; x_wconf 79' lang='grc' dir='ltr'><strong>Α</strong></span> <span class='ocrx_word' id='word_1_17' title='bbox 1872 479 2049 535; x_wconf 88' lang='lat' dir='ltr'><strong>neque</strong></span> <span class='ocrx_word' id='word_1_18' title='bbox 2079 464 2183 530; x_wconf 86' lang='lat' dir='ltr'><strong>bi,-</strong></span> <span class='ocrx_word' id='word_1_19' title='bbox 2208 464 2302 534; x_wconf 91' lang='lat' dir='ltr'><strong>qui</strong></span> <span class='ocrx_word' id='word_1_20' title='bbox 2348 463 2609 534; x_wconf 75' lang='lat' dir='ltr'><strong>Spiritum</strong></span> <span class='ocrx_word' id='word_1_21' title='bbox 2646 469 2893 521; x_wconf 86' lang='lat' dir='ltr'><strong>sanctum</strong></span> <span class='ocrx_word' id='word_1_22' title='bbox 2933 478 3041 518; x_wconf 91' lang='lat' dir='ltr'><strong>non</strong></span> <span class='ocrx_word' id='word_1_23' title='bbox 3084 475 3235 531; x_wconf 87' lang='lat' dir='ltr'><strong>esse,</strong></span> <span class='ocrx_word' id='word_1_24' title='bbox 3273 477 3453 535; x_wconf 80' lang='lat' dir='ltr'><strong>neque</strong></span> 
     </span>
    </p>
   </div>
   <div class='ocr_carea' id='block_1_5' title="bbox 191 552 1777 627">
    <p class='ocr_par' dir='ltr' id='par_1_5' title="bbox 191 552 1777 627">
     <span class='ocr_line' id='line_1_5' title="bbox 191 552 1777 627; baseline -0.004 -11"><span class='ocrx_word' id='word_1_25' title='bbox 191 556 472 616; x_wconf 78' lang='lat' dir='ltr'><strong>Trinitate</strong></span> <span class='ocrx_word' id='word_1_26' title='bbox 494 556 731 627; x_wconf 85' lang='lat' dir='ltr'><strong>perfecta</strong></span> <span class='ocrx_word' id='word_1_27' title='bbox 751 556 1091 627; x_wconf 83' lang='lat' dir='ltr'><strong>omnipotens</strong></span> <span class='ocrx_word' id='word_1_28' title='bbox 1109 557 1252 610; x_wconf 87' lang='lat' dir='ltr'><strong>Deus</strong></span> <span class='ocrx_word' id='word_1_29' title='bbox 1267 563 1455 626; x_wconf 88' lang='lat' dir='ltr'><strong>regnat</strong></span> <span class='ocrx_word' id='word_1_30' title='bbox 1473 567 1573 624; x_wconf 88' lang='lat' dir='ltr'><strong>per</strong></span> <span class='ocrx_word' id='word_1_31' title='bbox 1593 552 1777 610; x_wconf 83' lang='lat' dir='ltr'><strong>omnia</strong></span> 
     </span>
    </p>
   </div>
   <div class='ocr_carea' id='block_1_6' title="bbox 194 650 767 713">
    <p class='ocr_par' dir='ltr' id='par_1_6' title="bbox 194 650 767 713">
     <span class='ocr_line' id='line_1_6' title="bbox 194 650 767 713; baseline -0.016 0"><span class='ocrx_word' id='word_1_32' title='bbox 194 654 547 713; x_wconf 70' lang='lat' dir='ltr'><strong>saeculorum.</strong></span> <span class='ocrx_word' id='word_1_33' title='bbox 574 650 767 707; x_wconf 84' lang='lat' dir='ltr'><strong>Amen.</strong></span> 
     </span>
    </p>
   </div>
   <div class='ocr_carea' id='block_1_7' title="bbox 712 735 1257 795">
    <p class='ocr_par' dir='ltr' id='par_1_7' title="bbox 712 735 1257 795">
     <span class='ocr_line' id='line_1_7' title="bbox 712 735 1257 795; baseline -0.002 -1"><span class='ocrx_word' id='word_1_34' title='bbox 712 736 994 795; x_wconf 75' lang='lat' dir='ltr'><strong>HOMILIA</strong></span> <span class='ocrx_word' id='word_1_35' title='bbox 1031 735 1257 793; x_wconf 78' lang='lat' dir='ltr'><strong>CXLIII.</strong></span> 
     </span>
    </p>
   </div>
   <div class='ocr_carea' id='block_1_8' title="bbox 786 845 1207 888">
    <p class='ocr_par' dir='ltr' id='par_1_8' title="bbox 786 845 1207 888">
     <span class='ocr_line' id='line_1_8' title="bbox 786 845 1207 888; baseline -0.01 -1"><span class='ocrx_word' id='word_1_36' title='bbox 786 846 806 887; x_wconf 77' lang='grc'><strong>1</strong></span> <span class='ocrx_word' id='word_1_37' title='bbox 812 846 917 888; x_wconf 69' lang='grc'><strong>’1⁵81</strong></span> <span class='ocrx_word' id='word_1_38' title='bbox 940 845 1094 886; x_wconf 72' lang='lat' dir='ltr'><strong>FERIA</strong></span> <span class='ocrx_word' id='word_1_39' title='bbox 1134 845 1207 884; x_wconf 76' lang='lat' dir='ltr'><strong>IV.</strong></span> 
     </span>
    </p>
   </div>
   <div class='ocr_carea' id='block_1_9' title="bbox 271 917 1669 992">
    <p class='ocr_par' dir='ltr' id='par_1_9' title="bbox 271 917 1669 992">
     <span class='ocr_line' id='line_1_9' title="bbox 271 917 1669 992; baseline -0.008 -7"><span class='ocrx_word' id='word_1_40' title='bbox 271 922 463 986; x_wconf 81' lang='lat' dir='ltr'><strong>Lectio</strong></span> <span class='ocrx_word' id='word_1_41' title='bbox 496 923 668 981; x_wconf 90' lang='lat' dir='ltr'><strong>sancti</strong></span> <span class='ocrx_word' id='word_1_42' title='bbox 697 921 971 992; x_wconf 79' lang='lat' dir='ltr'><strong>Evangelii</strong></span> <span class='ocrx_word' id='word_1_43' title='bbox 998 921 1294 977; x_wconf 87' lang='lat' dir='ltr'><strong>secundum</strong></span> <span class='ocrx_word' id='word_1_44' title='bbox 1340 917 1669 977; x_wconf 82' lang='lat' dir='ltr'><strong>Matthaeum.</strong></span> 
     </span>
    </p>
   </div>
   <div class='ocr_carea' id='block_1_10' title="bbox 271 1009 1779 1104">
    <p class='ocr_par' dir='ltr' id='par_1_10' title="bbox 271 1009 1779 1104">
     <span class='ocr_line' id='line_1_10' title="bbox 271 1009 1779 1104; baseline -0.007 -29"><span class='ocrx_word' id='word_1_45' title='bbox 271 1021 345 1075; x_wconf 82' lang='lat' dir='ltr'><strong>In</strong></span> <span class='ocrx_word' id='word_1_46' title='bbox 367 1018 458 1074; x_wconf 90' lang='lat' dir='ltr'><strong>illo</strong></span> <span class='ocrx_word' id='word_1_47' title='bbox 480 1028 707 1104; x_wconf 51' lang='lat' dir='ltr'><strong>tempoze</strong></span> <span class='ocrx_word' id='word_1_48' title='bbox 747 1014 880 1069; x_wconf 67' lang='lat' dir='ltr'><strong>dixit</strong></span> <span class='ocrx_word' id='word_1_49' title='bbox 906 1011 1064 1068; x_wconf 79' lang='lat' dir='ltr'><strong>Iesus</strong></span> <span class='ocrx_word' id='word_1_50' title='bbox 1090 1012 1375 1067; x_wconf 69' lang='lat' dir='ltr'><strong>Pharisa&#39;is</strong></span> <span class='ocrx_word' id='word_1_51' title='bbox 1399 1024 1418 1063; x_wconf 90' lang='lat'><strong>:</strong></span> <span class='ocrx_word' id='word_1_52' title='bbox 1444 1009 1547 1077; x_wconf 86' lang='lat' dir='ltr'><strong>Qui</strong></span> <span class='ocrx_word' id='word_1_53' title='bbox 1567 1027 1671 1065; x_wconf 85' lang='lat' dir='ltr'><strong>non</strong></span> <span class='ocrx_word' id='word_1_54' title='bbox 1702 1017 1779 1064; x_wconf 82' lang='lat' dir='ltr'><strong>est</strong></span> 
     </span>
    </p>
   </div>
   <div class='ocr_carea' id='block_1_11' title="bbox 190 1104 1777 1176">
    <p class='ocr_par' dir='ltr' id='par_1_11' title="bbox 190 1104 1777 1176">
     <span class='ocr_line' id='line_1_11' title="bbox 190 1104 1777 1176; baseline -0.007 -10"><span class='ocrx_word' id='word_1_55' title='bbox 190 1126 425 1175; x_wconf 70' lang='lat' dir='ltr'><strong>meeum,</strong></span> <span class='ocrx_word' id='word_1_56' title='bbox 453 1117 637 1164; x_wconf 78' lang='lat' dir='ltr'><strong>contra</strong></span> <span class='ocrx_word' id='word_1_57' title='bbox 668 1122 750 1161; x_wconf 81' lang='lat' dir='ltr'><strong>me</strong></span> <span class='ocrx_word' id='word_1_58' title='bbox 771 1114 885 1171; x_wconf 82' lang='lat' dir='ltr'><strong>est;</strong></span> <span class='ocrx_word' id='word_1_59' title='bbox 909 1113 958 1160; x_wconf 88' lang='lat' dir='ltr'><strong>et</strong></span> <span class='ocrx_word' id='word_1_60' title='bbox 980 1104 1073 1176; x_wconf 90' lang='lat' dir='ltr'><strong>qui</strong></span> <span class='ocrx_word' id='word_1_61' title='bbox 1112 1120 1217 1159; x_wconf 81' lang='lat' dir='ltr'><strong>non</strong></span> <span class='ocrx_word' id='word_1_62' title='bbox 1243 1112 1522 1174; x_wconf 71' lang='lat' dir='ltr'><strong><em>congregat</em></strong></span> <span class='ocrx_word' id='word_1_63' title='bbox 1552 1117 1777 1169; x_wconf 80' lang='lat' dir='ltr'><strong>mecura,</strong></span> 
     </span>
    </p>
   </div>
   <div class='ocr_carea' id='block_1_12' title="bbox 192 1200 559 1272">
    <p class='ocr_par' dir='ltr' id='par_1_12' title="bbox 192 1200 559 1272">
     <span class='ocr_line' id='line_1_12' title="bbox 192 1200 559 1272; baseline -0.008 -17"><span class='ocrx_word' id='word_1_64' title='bbox 192 1200 423 1272; x_wconf 74' lang='lat' dir='ltr'><strong>spargit,</strong></span> <span class='ocrx_word' id='word_1_65' title='bbox 454 1207 559 1254; x_wconf 80' lang='lat' dir='ltr'><strong>etc.</strong></span> 
     </span>
    </p>
   </div>
   <div class='ocr_carea' id='block_1_13' title="bbox 277 1286 1782 1362">
    <p class='ocr_par' dir='ltr' id='par_1_13' title="bbox 277 1286 1782 1362">
     <span class='ocr_line' id='line_1_13' title="bbox 277 1286 1782 1362; baseline -0.004 -13"><span class='ocrx_word' id='word_1_66' title='bbox 277 1289 397 1349; x_wconf 83' lang='lat' dir='ltr'><strong>Non</strong></span> <span class='ocrx_word' id='word_1_67' title='bbox 426 1299 580 1362; x_wconf 88' lang='lat' dir='ltr'><strong>putet</strong></span> <span class='ocrx_word' id='word_1_68' title='bbox 606 1290 891 1362; x_wconf 83' lang='lat' dir='ltr'><strong>quisquam</strong></span> <span class='ocrx_word' id='word_1_69' title='bbox 933 1290 1001 1344; x_wconf 89' lang='lat' dir='ltr'><strong>de</strong></span> <span class='ocrx_word' id='word_1_70' title='bbox 1024 1287 1295 1344; x_wconf 63' lang='lat' dir='ltr'><strong>haereticis</strong></span> <span class='ocrx_word' id='word_1_71' title='bbox 1315 1286 1518 1344; x_wconf 87' lang='lat' dir='ltr'><strong>dictum</strong></span> <span class='ocrx_word' id='word_1_72' title='bbox 1546 1294 1602 1344; x_wconf 90' lang='lat' dir='ltr'><strong>et</strong></span> <span class='ocrx_word' id='word_1_73' title='bbox 1637 1287 1782 1344; x_wconf 86' lang='lat' dir='ltr'><strong>sebi-</strong></span> 
     </span>
    </p>
   </div>
   <div class='ocr_carea' id='block_1_14' title="bbox 196 1378 1782 1457">
    <p class='ocr_par' dir='ltr' id='par_1_14' title="bbox 196 1378 1782 1457">
     <span class='ocr_line' id='line_1_14' title="bbox 196 1378 1782 1457; baseline -0.005 -16"><span class='ocrx_word' id='word_1_74' title='bbox 196 1384 475 1449; x_wconf 84' lang='lat' dir='ltr'><strong>smaticis,</strong></span> <span class='ocrx_word' id='word_1_75' title='bbox 513 1396 821 1453; x_wconf 82' lang='lat' dir='ltr'><strong>quanquam</strong></span> <span class='ocrx_word' id='word_1_76' title='bbox 867 1390 920 1435; x_wconf 90' lang='lat' dir='ltr'><strong>et</strong></span> <span class='ocrx_word' id='word_1_77' title='bbox 948 1381 1024 1435; x_wconf 89' lang='lat' dir='ltr'><strong>ita</strong></span> <span class='ocrx_word' id='word_1_78' title='bbox 1053 1394 1142 1457; x_wconf 80' lang='lat' dir='ltr'><strong>ex</strong></span> <span class='ocrx_word' id='word_1_79' title='bbox 1170 1378 1440 1449; x_wconf 83' lang='lat' dir='ltr'><strong>superﬂuo</strong></span> <span class='ocrx_word' id='word_1_80' title='bbox 1483 1379 1656 1449; x_wconf 87' lang='lat' dir='ltr'><strong>possit</strong></span> <span class='ocrx_word' id='word_1_81' title='bbox 1701 1379 1782 1434; x_wconf 84' lang='lat' dir='ltr'><strong>in-</strong></span> 
     </span>
    </p>
   </div>
   <div class='ocr_carea' id='block_1_15' title="bbox 198 1468 1781 1546">
    <p class='ocr_par' dir='ltr' id='par_1_15' title="bbox 198 1468 1781 1546">
     <span class='ocr_line' id='line_1_15' title="bbox 198 1468 1781 1546; baseline -0.004 -17"><span class='ocrx_word' id='word_1_82' title='bbox 198 1474 394 1546; x_wconf 79' lang='lat' dir='ltr'><strong>telligi,</strong></span> <span class='ocrx_word' id='word_1_83' title='bbox 424 1473 517 1529; x_wconf 89' lang='lat' dir='ltr'><strong>sed</strong></span> <span class='ocrx_word' id='word_1_84' title='bbox 543 1488 612 1529; x_wconf 82' lang='lat' dir='ltr'><strong>ex</strong></span> <span class='ocrx_word' id='word_1_85' title='bbox 644 1471 1106 1540; x_wconf 74' lang='lat' dir='ltr'><strong>consequentibus</strong></span> <span class='ocrx_word' id='word_1_86' title='bbox 1132 1477 1390 1539; x_wconf 78' lang='lat' dir='ltr'><strong>textaque</strong></span> <span class='ocrx_word' id='word_1_87' title='bbox 1418 1469 1686 1524; x_wconf 83' lang='lat' dir='ltr'><strong>sermonis</strong></span> <span class='ocrx_word' id='word_1_88' title='bbox 1713 1468 1781 1523; x_wconf 92' lang='lat' dir='ltr'><strong>ad</strong></span> 
     </span>
    </p>
   </div>
   <div class='ocr_carea' id='block_1_16' title="bbox 194 1558 1785 1633">
    <p class='ocr_par' dir='ltr' id='par_1_16' title="bbox 194 1558 1785 1633">
     <span class='ocr_line' id='line_1_16' title="bbox 194 1558 1785 1633; baseline -0.006 -10"><span class='ocrx_word' id='word_1_89' title='bbox 194 1566 478 1623; x_wconf 84' lang='lat' dir='ltr'><strong>diabolum</strong></span> <span class='ocrx_word' id='word_1_90' title='bbox 506 1563 758 1631; x_wconf 85' lang='lat' dir='ltr'><strong>refertur,</strong></span> <span class='ocrx_word' id='word_1_91' title='bbox 773 1563 915 1633; x_wconf 87' lang='lat' dir='ltr'><strong>quod</strong></span> <span class='ocrx_word' id='word_1_92' title='bbox 947 1577 1054 1617; x_wconf 91' lang='lat' dir='ltr'><strong>non</strong></span> <span class='ocrx_word' id='word_1_93' title='bbox 1081 1562 1463 1633; x_wconf 83' lang='lat' dir='ltr'><strong>possintOpera</strong></span> <span class='ocrx_word' id='word_1_94' title='bbox 1485 1558 1785 1615; x_wconf 85' lang='lat' dir='ltr'><strong>Salvatoris</strong></span> 
     </span>
    </p>
   </div>
   <div class='ocr_carea' id='block_1_17' title="bbox 197 1650 1783 1728">
    <p class='ocr_par' dir='ltr' id='par_1_17' title="bbox 197 1650 1783 1728">
     <span class='ocr_line' id='line_1_17' title="bbox 197 1650 1783 1728; baseline -0.006 -12"><span class='ocrx_word' id='word_1_95' title='bbox 197 1659 477 1715; x_wconf 86' lang='lat' dir='ltr'><strong>Belsebub</strong></span> <span class='ocrx_word' id='word_1_96' title='bbox 496 1655 751 1728; x_wconf 85' lang='lat' dir='ltr'><strong>operibus</strong></span> <span class='ocrx_word' id='word_1_97' title='bbox 779 1653 1109 1725; x_wconf 89' lang='lat' dir='ltr'><strong>comparari;</strong></span> <span class='ocrx_word' id='word_1_98' title='bbox 1144 1653 1232 1708; x_wconf 90' lang='lat' dir='ltr'><strong>ille</strong></span> <span class='ocrx_word' id='word_1_99' title='bbox 1271 1652 1414 1723; x_wconf 90' lang='lat' dir='ltr'><strong>cupit</strong></span> <span class='ocrx_word' id='word_1_100' title='bbox 1439 1652 1650 1707; x_wconf 89' lang='lat' dir='ltr'><strong>animas</strong></span> <span class='ocrx_word' id='word_1_101' title='bbox 1684 1650 1783 1707; x_wconf 49' lang='lat' dir='ltr'><strong>ho.</strong></span> 
     </span>
    </p>
   </div>
   <div class='ocr_carea' id='block_1_18' title="bbox 195 1739 1782 1815">
    <p class='ocr_par' dir='ltr' id='par_1_18' title="bbox 195 1739 1782 1815">
     <span class='ocr_line' id='line_1_18' title="bbox 195 1739 1782 1815; baseline -0.006 -12"><span class='ocrx_word' id='word_1_102' title='bbox 195 1748 414 1803; x_wconf 80' lang='lat' dir='ltr'><strong>minum</strong></span> <span class='ocrx_word' id='word_1_103' title='bbox 444 1753 629 1801; x_wconf 86' lang='lat' dir='ltr'><strong>tenere</strong></span> <span class='ocrx_word' id='word_1_104' title='bbox 646 1743 907 1815; x_wconf 88' lang='lat' dir='ltr'><strong>captivas,</strong></span> <span class='ocrx_word' id='word_1_105' title='bbox 953 1742 1211 1798; x_wconf 87' lang='lat' dir='ltr'><strong>Dominus</strong></span> <span class='ocrx_word' id='word_1_106' title='bbox 1238 1740 1505 1806; x_wconf 89' lang='lat' dir='ltr'><strong>liberare;</strong></span> <span class='ocrx_word' id='word_1_107' title='bbox 1533 1739 1620 1794; x_wconf 91' lang='lat' dir='ltr'><strong>ille</strong></span> <span class='ocrx_word' id='word_1_108' title='bbox 1639 1754 1782 1809; x_wconf 73' lang='lat' dir='ltr'><strong>pra:—</strong></span> 
     </span>
    </p>
   </div>
   <div class='ocr_carea' id='block_1_19' title="bbox 1877 552 3453 625">
    <p class='ocr_par' dir='ltr' id='par_1_19' title="bbox 1877 552 3453 625">
     <span class='ocr_line' id='line_1_19' title="bbox 1877 552 3453 625; baseline 0.002 -18"><span class='ocrx_word' id='word_1_109' title='bbox 1877 553 1969 624; x_wconf 89' lang='lat' dir='ltr'><strong>qui</strong></span> <span class='ocrx_word' id='word_1_110' title='bbox 2003 552 2145 608; x_wconf 87' lang='lat' dir='ltr'><strong>hunc</strong></span> <span class='ocrx_word' id='word_1_111' title='bbox 2166 552 2333 608; x_wconf 90' lang='lat' dir='ltr'><strong>Deum</strong></span> <span class='ocrx_word' id='word_1_112' title='bbox 2359 556 2575 623; x_wconf 87' lang='lat' dir='ltr'><strong>quidem</strong></span> <span class='ocrx_word' id='word_1_113' title='bbox 2606 568 2747 619; x_wconf 88' lang='lat' dir='ltr'><strong>esse,</strong></span> <span class='ocrx_word' id='word_1_114' title='bbox 2772 554 2865 608; x_wconf 89' lang='lat' dir='ltr'><strong>sed</strong></span> <span class='ocrx_word' id='word_1_115' title='bbox 2897 552 3057 609; x_wconf 89' lang='lat' dir='ltr'><strong>Patre</strong></span> <span class='ocrx_word' id='word_1_116' title='bbox 3081 552 3325 625; x_wconf 87' lang='lat' dir='ltr'><strong>Filioque</strong></span> <span class='ocrx_word' id='word_1_117' title='bbox 3349 555 3453 610; x_wconf 79' lang='lat' dir='ltr'><strong>mi-</strong></span> 
     </span>
    </p>
   </div>
   <div class='ocr_carea' id='block_1_20' title="bbox 1877 641 3451 710">
    <p class='ocr_par' dir='ltr' id='par_1_20' title="bbox 1877 641 3451 710">
     <span class='ocr_line' id='line_1_20' title="bbox 1877 641 3451 710; baseline 0.001 -14"><span class='ocrx_word' id='word_1_118' title='bbox 1877 654 2066 697; x_wconf 84' lang='lat' dir='ltr'><strong>norem</strong></span> <span class='ocrx_word' id='word_1_119' title='bbox 2082 641 2309 697; x_wconf 89' lang='lat' dir='ltr'><strong>credunt</strong></span> <span class='ocrx_word' id='word_1_120' title='bbox 2323 648 2379 695; x_wconf 86' lang='lat' dir='ltr'><strong>et</strong></span> <span class='ocrx_word' id='word_1_121' title='bbox 2391 641 2738 707; x_wconf 78' lang='lat' dir='ltr'><strong>conﬁtentur,</strong></span> <span class='ocrx_word' id='word_1_122' title='bbox 2758 642 2883 710; x_wconf 88' lang='lat' dir='ltr'><strong>quia</strong></span> <span class='ocrx_word' id='word_1_123' title='bbox 2904 656 3011 696; x_wconf 91' lang='lat' dir='ltr'><strong>non</strong></span> <span class='ocrx_word' id='word_1_124' title='bbox 3035 641 3323 697; x_wconf 79' lang='lat' dir='ltr'><strong>invidentia</strong></span> <span class='ocrx_word' id='word_1_125' title='bbox 3340 642 3451 697; x_wconf 79' lang='lat' dir='ltr'><strong>dia-</strong></span> 
     </span>
    </p>
   </div>
   <div class='ocr_carea' id='block_1_21' title="bbox 1876 728 3452 799">
    <p class='ocr_par' dir='ltr' id='par_1_21' title="bbox 1876 728 3452 799">
     <span class='ocr_line' id='line_1_21' title="bbox 1876 728 3452 799; baseline 0.001 -13"><span class='ocrx_word' id='word_1_126' title='bbox 1876 728 2072 796; x_wconf 87' lang='lat' dir='ltr'><strong>bolica,</strong></span> <span class='ocrx_word' id='word_1_127' title='bbox 2100 730 2195 785; x_wconf 90' lang='lat' dir='ltr'><strong>sed</strong></span> <span class='ocrx_word' id='word_1_128' title='bbox 2223 730 2459 785; x_wconf 88' lang='lat' dir='ltr'><strong>humana</strong></span> <span class='ocrx_word' id='word_1_129' title='bbox 2498 729 2797 799; x_wconf 80' lang='lat' dir='ltr'><strong>ignorantia</strong></span> <span class='ocrx_word' id='word_1_130' title='bbox 2828 730 2972 786; x_wconf 89' lang='lat' dir='ltr'><strong>ducti</strong></span> <span class='ocrx_word' id='word_1_131' title='bbox 3005 730 3225 797; x_wconf 91' lang='lat' dir='ltr'><strong>faciunt,</strong></span> <span class='ocrx_word' id='word_1_132' title='bbox 3251 731 3352 787; x_wconf 89' lang='lat' dir='ltr'><strong>hoc</strong></span> <span class='ocrx_word' id='word_1_133' title='bbox 3378 731 3452 787; x_wconf 88' lang='lat' dir='ltr'><strong>ir-</strong></span> 
     </span>
    </p>
   </div>
   <div class='ocr_carea' id='block_1_22' title="bbox 1876 814 3451 893">
    <p class='ocr_par' dir='ltr' id='par_1_22' title="bbox 1876 814 3451 893">
     <span class='ocr_line' id='line_1_22' title="bbox 1876 814 3451 893; baseline 0 -16"><span class='ocrx_word' id='word_1_134' title='bbox 1876 821 2217 877; x_wconf 89' lang='lat' dir='ltr'><strong>remissibilis</strong></span> <span class='ocrx_word' id='word_1_135' title='bbox 2236 821 2581 891; x_wconf 70' lang='lat' dir='ltr'><strong>blasphemia:</strong></span> <span class='ocrx_word' id='word_1_136' title='bbox 2592 814 2817 877; x_wconf 79' lang='lat' dir='ltr'><strong>crimine</strong></span> <span class='ocrx_word' id='word_1_137' title='bbox 2830 823 3099 879; x_wconf 89' lang='lat' dir='ltr'><strong>tenentur.</strong></span> <span class='ocrx_word' id='word_1_138' title='bbox 3114 822 3451 893; x_wconf 84' lang='lat' dir='ltr'><strong>Quapropter</strong></span> 
     </span>
    </p>
   </div>
   <div class='ocr_carea' id='block_1_23' title="bbox 1877 910 3447 982">
    <p class='ocr_par' dir='ltr' id='par_1_23' title="bbox 1877 910 3447 982">
     <span class='ocr_line' id='line_1_23' title="bbox 1877 910 3447 982; baseline -0.001 -16"><span class='ocrx_word' id='word_1_139' title='bbox 1877 912 2151 982; x_wconf 85' lang='lat' dir='ltr'><strong>principes</strong></span> <span class='ocrx_word' id='word_1_140' title='bbox 2173 910 2477 966; x_wconf 62' lang='lat' dir='ltr'><strong>Iudaeorum</strong></span> <span class='ocrx_word' id='word_1_141' title='bbox 2517 920 2573 965; x_wconf 90' lang='lat' dir='ltr'><strong>et</strong></span> <span class='ocrx_word' id='word_1_142' title='bbox 2597 912 2797 981; x_wconf 88' lang='lat' dir='ltr'><strong>quique</strong></span> <span class='ocrx_word' id='word_1_143' title='bbox 2823 911 3017 966; x_wconf 87' lang='lat' dir='ltr'><strong>similis</strong></span> <span class='ocrx_word' id='word_1_144' title='bbox 3048 911 3261 966; x_wconf 71' lang='lat' dir='ltr'><strong>invidia:</strong></span> <span class='ocrx_word' id='word_1_145' title='bbox 3296 920 3447 981; x_wconf 86' lang='lat' dir='ltr'><strong>peste</strong></span> 
     </span>
    </p>
   </div>
   <div class='ocr_carea' id='block_1_24' title="bbox 1878 999 3449 1071">
    <p class='ocr_par' dir='ltr' id='par_1_24' title="bbox 1878 999 3449 1071">
     <span class='ocr_line' id='line_1_24' title="bbox 1878 999 3449 1071; baseline -0.001 -15"><span class='ocrx_word' id='word_1_146' title='bbox 1878 1001 2118 1069; x_wconf 89' lang='lat' dir='ltr'><strong>corrupti</strong></span> <span class='ocrx_word' id='word_1_147' title='bbox 2147 999 2483 1069; x_wconf 80' lang='lat' dir='ltr'><strong>maiestatem</strong></span> <span class='ocrx_word' id='word_1_148' title='bbox 2503 999 2899 1071; x_wconf 88' lang='lat' dir='ltr'><strong>blasphemant,</strong></span> <span class='ocrx_word' id='word_1_149' title='bbox 2914 1000 3029 1056; x_wconf 89' lang='lat' dir='ltr'><strong>sine</strong></span> <span class='ocrx_word' id='word_1_150' title='bbox 3052 1000 3157 1055; x_wconf 86' lang='lat' dir='ltr'><strong>line</strong></span> <span class='ocrx_word' id='word_1_151' title='bbox 3176 1002 3449 1070; x_wconf 88' lang='lat' dir='ltr'><strong>peribunt.</strong></span> 
     </span>
    </p>
   </div>
   <div class='ocr_carea' id='block_1_25' title="bbox 1948 1089 3452 1162">
    <p class='ocr_par' dir='ltr' id='par_1_25' title="bbox 1948 1089 3452 1162">
     <span class='ocr_line' id='line_1_25' title="bbox 1948 1089 3452 1162; baseline -0.001 -18"><span class='ocrx_word' id='word_1_152' title='bbox 1948 1089 2016 1144; x_wconf 81' lang='lat' dir='ltr'><strong>Et</strong></span> <span class='ocrx_word' id='word_1_153' title='bbox 2038 1091 2328 1162; x_wconf 78' lang='lat' dir='ltr'><strong>quicunque</strong></span> <span class='ocrx_word' id='word_1_154' title='bbox 2353 1091 2544 1145; x_wconf 76' lang='lat' dir='ltr'><strong>dixerit</strong></span> <span class='ocrx_word' id='word_1_155' title='bbox 2576 1091 2780 1145; x_wconf 75' lang='lat' dir='ltr'><strong>verbum</strong></span> <span class='ocrx_word' id='word_1_156' title='bbox 2805 1101 2985 1145; x_wconf 72' lang='lat' dir='ltr'><strong>contra</strong></span> <span class='ocrx_word' id='word_1_157' title='bbox 3009 1091 3177 1159; x_wconf 85' lang='lat' dir='ltr'><strong>ﬁlium</strong></span> <span class='ocrx_word' id='word_1_158' title='bbox 3205 1091 3452 1154; x_wconf 83' lang='lat' dir='ltr'><strong>hominis,</strong></span> 
     </span>
    </p>
   </div>
   <div class='ocr_carea' id='block_1_26' title="bbox 1879 1180 3453 1252">
    <p class='ocr_par' dir='ltr' id='par_1_26' title="bbox 1879 1180 3453 1252">
     <span class='ocr_line' id='line_1_26' title="bbox 1879 1180 3453 1252; baseline 0.002 -19"><span class='ocrx_word' id='word_1_159' title='bbox 1879 1182 2170 1234; x_wconf 77' lang='lat' dir='ltr'><strong>remittetur</strong></span> <span class='ocrx_word' id='word_1_160' title='bbox 2203 1181 2270 1236; x_wconf 91' lang='lat' dir='ltr'><strong>ei.</strong></span> <span class='ocrx_word' id='word_1_161' title='bbox 2301 1181 2379 1237; x_wconf 84' lang='lat' dir='ltr'><strong>Ac</strong></span> <span class='ocrx_word' id='word_1_162' title='bbox 2431 1181 2480 1236; x_wconf 92' lang='lat' dir='ltr'><strong>si</strong></span> <span class='ocrx_word' id='word_1_163' title='bbox 2510 1180 2631 1236; x_wconf 90' lang='lat' dir='ltr'><strong>aliis</strong></span> <span class='ocrx_word' id='word_1_164' title='bbox 2671 1181 2854 1237; x_wconf 90' lang='lat' dir='ltr'><strong>verbis</strong></span> <span class='ocrx_word' id='word_1_165' title='bbox 2896 1181 3117 1247; x_wconf 83' lang='lat' dir='ltr'><strong>diceret,</strong></span> <span class='ocrx_word' id='word_1_166' title='bbox 3147 1181 3453 1252; x_wconf 85' lang='lat' dir='ltr'><strong>quicunque</strong></span> 
     </span>
    </p>
   </div>
   <div class='ocr_carea' id='block_1_27' title="bbox 1879 1270 3451 1339">
    <p class='ocr_par' dir='ltr' id='par_1_27' title="bbox 1879 1270 3451 1339">
     <span class='ocr_line' id='line_1_27' title="bbox 1879 1270 3451 1339; baseline -0.003 -13"><span class='ocrx_word' id='word_1_167' title='bbox 1879 1272 2116 1326; x_wconf 78' lang='lat' dir='ltr'><strong>convitia</strong></span> <span class='ocrx_word' id='word_1_168' title='bbox 2173 1271 2370 1326; x_wconf 81' lang='lat' dir='ltr'><strong>dixerit</strong></span> <span class='ocrx_word' id='word_1_169' title='bbox 2417 1279 2605 1326; x_wconf 88' lang='lat' dir='ltr'><strong>contra</strong></span> <span class='ocrx_word' id='word_1_170' title='bbox 2653 1285 2760 1336; x_wconf 89' lang='lat' dir='ltr'><strong>me,</strong></span> <span class='ocrx_word' id='word_1_171' title='bbox 2812 1271 3206 1325; x_wconf 89' lang='lat' dir='ltr'><strong>scandalizatus</strong></span> <span class='ocrx_word' id='word_1_172' title='bbox 3253 1270 3451 1339; x_wconf 85' lang='lat' dir='ltr'><strong>quippe</strong></span> 
     </span>
    </p>
   </div>
   <div class='ocr_carea' id='block_1_28' title="bbox 1880 1358 3454 1429">
    <p class='ocr_par' dir='ltr' id='par_1_28' title="bbox 1880 1358 3454 1429">
     <span class='ocr_line' id='line_1_28' title="bbox 1880 1358 3454 1429; baseline -0.002 -15"><span class='ocrx_word' id='word_1_173' title='bbox 1880 1374 2045 1415; x_wconf 88' lang='lat' dir='ltr'><strong>carne</strong></span> <span class='ocrx_word' id='word_1_174' title='bbox 2073 1374 2214 1426; x_wconf 89' lang='lat' dir='ltr'><strong>mea,</strong></span> <span class='ocrx_word' id='word_1_175' title='bbox 2238 1369 2293 1415; x_wconf 88' lang='lat' dir='ltr'><strong>et</strong></span> <span class='ocrx_word' id='word_1_176' title='bbox 2330 1374 2417 1415; x_wconf 90' lang='lat' dir='ltr'><strong>me</strong></span> <span class='ocrx_word' id='word_1_177' title='bbox 2460 1359 2729 1415; x_wconf 87' lang='lat' dir='ltr'><strong>hominem</strong></span> <span class='ocrx_word' id='word_1_178' title='bbox 2760 1369 2966 1414; x_wconf 89' lang='lat' dir='ltr'><strong>tantum</strong></span> <span class='ocrx_word' id='word_1_179' title='bbox 3011 1360 3284 1414; x_wconf 90' lang='lat' dir='ltr'><strong>arbitrans</strong></span> <span class='ocrx_word' id='word_1_180' title='bbox 3311 1358 3454 1429; x_wconf 86' lang='lat' dir='ltr'><strong>quod</strong></span> 
     </span>
    </p>
   </div>
   <div class='ocr_carea' id='block_1_29' title="bbox 1880 1445 3457 1513">
    <p class='ocr_par' dir='ltr' id='par_1_29' title="bbox 1880 1445 3457 1513">
     <span class='ocr_line' id='line_1_29' title="bbox 1880 1445 3457 1513; baseline -0.003 -9"><span class='ocrx_word' id='word_1_181' title='bbox 1880 1449 2023 1505; x_wconf 82' lang='lat' dir='ltr'><strong>filius</strong></span> <span class='ocrx_word' id='word_1_182' title='bbox 2071 1449 2172 1504; x_wconf 85' lang='lat' dir='ltr'><strong>sim</strong></span> <span class='ocrx_word' id='word_1_183' title='bbox 2223 1446 2385 1513; x_wconf 82' lang='lat' dir='ltr'><strong>fabri,</strong></span> <span class='ocrx_word' id='word_1_184' title='bbox 2437 1457 2491 1503; x_wconf 91' lang='lat' dir='ltr'><strong>et</strong></span> <span class='ocrx_word' id='word_1_185' title='bbox 2538 1447 2735 1505; x_wconf 82' lang='lat' dir='ltr'><strong>fratres</strong></span> <span class='ocrx_word' id='word_1_186' title='bbox 2793 1449 3021 1503; x_wconf 82' lang='lat' dir='ltr'><strong>habeam</strong></span> <span class='ocrx_word' id='word_1_187' title='bbox 3069 1445 3351 1512; x_wconf 80' lang='lat' dir='ltr'><strong>Iacobum,</strong></span> <span class='ocrx_word' id='word_1_188' title='bbox 3401 1453 3457 1499; x_wconf 88' lang='lat' dir='ltr'><strong>et</strong></span> 
     </span>
    </p>
   </div>
   <div class='ocr_carea' id='block_1_30' title="bbox 1880 1535 3454 1612">
    <p class='ocr_par' dir='ltr' id='par_1_30' title="bbox 1880 1535 3454 1612">
     <span class='ocr_line' id='line_1_30' title="bbox 1880 1535 3454 1612; baseline -0.005 -15"><span class='ocrx_word' id='word_1_189' title='bbox 1880 1541 2112 1612; x_wconf 79' lang='lat' dir='ltr'><strong>Ioseph,</strong></span> <span class='ocrx_word' id='word_1_190' title='bbox 2172 1548 2228 1597; x_wconf 88' lang='lat' dir='ltr'><strong>et</strong></span> <span class='ocrx_word' id='word_1_191' title='bbox 2282 1538 2504 1604; x_wconf 87' lang='lat' dir='ltr'><strong>Iudam,</strong></span> <span class='ocrx_word' id='word_1_192' title='bbox 2568 1548 2624 1594; x_wconf 85' lang='lat' dir='ltr'><strong>et</strong></span> <span class='ocrx_word' id='word_1_193' title='bbox 2685 1539 2849 1593; x_wconf 85' lang='lat' dir='ltr'><strong>homo</strong></span> <span class='ocrx_word' id='word_1_194' title='bbox 2911 1548 3164 1603; x_wconf 82' lang='lat' dir='ltr'><strong>vorator,</strong></span> <span class='ocrx_word' id='word_1_195' title='bbox 3224 1546 3279 1592; x_wconf 92' lang='lat' dir='ltr'><strong>et</strong></span> <span class='ocrx_word' id='word_1_196' title='bbox 3338 1535 3454 1590; x_wconf 83' lang='lat' dir='ltr'><strong>vini</strong></span> 
     </span>
    </p>
   </div>
   <div class='ocr_carea' id='block_1_31' title="bbox 1880 1626 3455 1706">
    <p class='ocr_par' dir='ltr' id='par_1_31' title="bbox 1880 1626 3455 1706">
     <span class='ocr_line' id='line_1_31' title="bbox 1880 1626 3455 1706; baseline -0.006 -16"><span class='ocrx_word' id='word_1_197' title='bbox 1880 1643 2096 1706; x_wconf 90' lang='lat' dir='ltr'><strong>potator</strong></span> <span class='ocrx_word' id='word_1_198' title='bbox 2136 1632 2258 1699; x_wconf 89' lang='lat' dir='ltr'><strong>sim,</strong></span> <span class='ocrx_word' id='word_1_199' title='bbox 2304 1630 2429 1686; x_wconf 89' lang='lat' dir='ltr'><strong>talis</strong></span> <span class='ocrx_word' id='word_1_200' title='bbox 2461 1631 2642 1701; x_wconf 83' lang='lat' dir='ltr'><strong>Opinio</strong></span> <span class='ocrx_word' id='word_1_201' title='bbox 2691 1639 2853 1699; x_wconf 88' lang='lat' dir='ltr'><strong>atque</strong></span> <span class='ocrx_word' id='word_1_202' title='bbox 2906 1626 3240 1699; x_wconf 83' lang='lat' dir='ltr'><strong>blasphemia</strong></span> <span class='ocrx_word' id='word_1_203' title='bbox 3280 1642 3455 1697; x_wconf 90' lang='lat' dir='ltr'><strong>quan-</strong></span> 
     </span>
    </p>
   </div>
   <div class='ocr_carea' id='block_1_32' title="bbox 1883 1706 3456 1794">
    <p class='ocr_par' dir='ltr' id='par_1_32' title="bbox 1883 1706 3456 1794">
     <span class='ocr_line' id='line_1_32' title="bbox 1883 1706 3456 1794; baseline -0.004 -17"><span class='ocrx_word' id='word_1_204' title='bbox 1883 1739 2043 1794; x_wconf 85' lang='lat' dir='ltr'><strong>quam</strong></span> <span class='ocrx_word' id='word_1_205' title='bbox 2075 1723 2228 1792; x_wconf 91' lang='lat' dir='ltr'><strong>culpa</strong></span> <span class='ocrx_word' id='word_1_206' title='bbox 2258 1736 2365 1776; x_wconf 89' lang='lat' dir='ltr'><strong>non</strong></span> <span class='ocrx_word' id='word_1_207' title='bbox 2385 1728 2571 1775; x_wconf 89' lang='lat' dir='ltr'><strong>careat</strong></span> <span class='ocrx_word' id='word_1_208' title='bbox 2594 1720 2815 1785; x_wconf 89' lang='lat' dir='ltr'><strong>erroris,</strong></span> <span class='ocrx_word' id='word_1_209' title='bbox 2845 1728 3023 1773; x_wconf 86' lang='lat' dir='ltr'><strong>tamen</strong></span> <span class='ocrx_word' id='word_1_210' title='bbox 3049 1706 3456 1791; x_wconf 35' lang='lat' dir='ltr'><strong>habet-veniam</strong></span> 
     </span>
    </p>
   </div>
   <div class='ocr_carea' id='block_1_33' title="bbox 196 1808 3453 1899">
    <p class='ocr_par' dir='ltr' id='par_1_33' title="bbox 196 1808 3453 1899">
     <span class='ocr_line' id='line_1_33' title="bbox 196 1808 3453 1899; baseline -0.009 -9"><span class='ocrx_word' id='word_1_211' title='bbox 196 1835 356 1890; x_wconf 88' lang='lat' dir='ltr'><strong>dicat</strong></span> <span class='ocrx_word' id='word_1_212' title='bbox 380 1833 542 1899; x_wconf 88' lang='lat' dir='ltr'><strong>idola,</strong></span> <span class='ocrx_word' id='word_1_213' title='bbox 577 1833 668 1889; x_wconf 85' lang='lat' dir='ltr'><strong>hic</strong></span> <span class='ocrx_word' id='word_1_214' title='bbox 713 1808 880 1887; x_wconf 71' lang='lat' dir='ltr'><strong>unius</strong></span> <span class='ocrx_word' id='word_1_215' title='bbox 913 1830 1007 1887; x_wconf 90' lang='lat' dir='ltr'><strong>Dei</strong></span> <span class='ocrx_word' id='word_1_216' title='bbox 1042 1829 1322 1897; x_wconf 89' lang='lat' dir='ltr'><strong>notitiam;</strong></span> <span class='ocrx_word' id='word_1_217' title='bbox 1363 1816 1459 1884; x_wconf 82' lang='lat' dir='ltr'><strong>ille</strong></span> <span class='ocrx_word' id='word_1_218' title='bbox 1494 1808 1663 1883; x_wconf 74' lang='lat' dir='ltr'><strong>trahit</strong></span> <span class='ocrx_word' id='word_1_219' title='bbox 1713 1826 1782 1883; x_wconf 83' lang='lat' dir='ltr'><strong>ad</strong></span> <span class='ocrx_word' id='word_1_220' title='bbox 1809 1816 1857 1875; x_wconf 90' lang='lat' dir='ltr'><strong>B</strong></span> <span class='ocrx_word' id='word_1_221' title='bbox 1883 1824 2103 1887; x_wconf 85' lang='lat' dir='ltr'><strong>propter</strong></span> <span class='ocrx_word' id='word_1_222' title='bbox 2122 1814 2363 1884; x_wconf 88' lang='lat' dir='ltr'><strong>corporis</strong></span> <span class='ocrx_word' id='word_1_223' title='bbox 2387 1809 2820 1867; x_wconf 85' lang='lat' dir='ltr'><strong>vilitatem.Nam</strong></span> <span class='ocrx_word' id='word_1_224' title='bbox 2852 1809 2904 1864; x_wconf 90' lang='lat' dir='ltr'><strong>in</strong></span> <span class='ocrx_word' id='word_1_225' title='bbox 2925 1825 2989 1864; x_wconf 90' lang='lat' dir='ltr'><strong>eo</strong></span> <span class='ocrx_word' id='word_1_226' title='bbox 3009 1809 3149 1879; x_wconf 87' lang='lat' dir='ltr'><strong>quod</strong></span> <span class='ocrx_word' id='word_1_227' title='bbox 3173 1808 3453 1878; x_wconf 86' lang='lat' dir='ltr'><strong>sequitur:</strong></span> 
     </span>
    </p>
   </div>
   <div class='ocr_carea' id='block_1_34' title="bbox 194 1920 1784 1993">
    <p class='ocr_par' dir='ltr' id='par_1_34' title="bbox 194 1920 1784 1993">
     <span class='ocr_line' id='line_1_34' title="bbox 194 1920 1784 1993; baseline 0 -17"><span class='ocrx_word' id='word_1_228' title='bbox 194 1924 355 1988; x_wconf 82' lang='lat' dir='ltr'><strong>vitia,</strong></span> <span class='ocrx_word' id='word_1_229' title='bbox 395 1924 484 1979; x_wconf 82' lang='lat' dir='ltr'><strong>hic</strong></span> <span class='ocrx_word' id='word_1_230' title='bbox 528 1923 596 1978; x_wconf 88' lang='lat' dir='ltr'><strong>ad</strong></span> <span class='ocrx_word' id='word_1_231' title='bbox 641 1921 872 1978; x_wconf 79' lang='lat' dir='ltr'><strong>virtutes</strong></span> <span class='ocrx_word' id='word_1_232' title='bbox 900 1929 1137 1977; x_wconf 86' lang='lat' dir='ltr'><strong>revocat.</strong></span> <span class='ocrx_word' id='word_1_233' title='bbox 1187 1920 1470 1988; x_wconf 88' lang='lat' dir='ltr'><strong>Quomodo</strong></span> <span class='ocrx_word' id='word_1_234' title='bbox 1505 1937 1635 1992; x_wconf 86' lang='lat' dir='ltr'><strong>ergo</strong></span> <span class='ocrx_word' id='word_1_235' title='bbox 1660 1936 1784 1993; x_wconf 87' lang='lat' dir='ltr'><strong>pos-</strong></span> 
     </span>
    </p>
   </div>
   <div class='ocr_carea' id='block_1_35' title="bbox 196 2009 1785 2080">
    <p class='ocr_par' dir='ltr' id='par_1_35' title="bbox 196 2009 1785 2080">
     <span class='ocr_line' id='line_1_35' title="bbox 196 2009 1785 2080; baseline -0.001 -14"><span class='ocrx_word' id='word_1_236' title='bbox 196 2013 554 2067; x_wconf 70' lang='lat' dir='ltr'><strong>suntliabere</strong></span> <span class='ocrx_word' id='word_1_237' title='bbox 580 2011 922 2068; x_wconf 87' lang='lat' dir='ltr'><strong>concordiam</strong></span> <span class='ocrx_word' id='word_1_238' title='bbox 965 2009 1107 2066; x_wconf 88' lang='lat' dir='ltr'><strong>inter</strong></span> <span class='ocrx_word' id='word_1_239' title='bbox 1130 2024 1190 2066; x_wconf 90' lang='lat' dir='ltr'><strong>se</strong></span> <span class='ocrx_word' id='word_1_240' title='bbox 1232 2024 1463 2080; x_wconf 89' lang='lat' dir='ltr'><strong>quorum</strong></span> <span class='ocrx_word' id='word_1_241' title='bbox 1488 2023 1651 2080; x_wconf 89' lang='lat' dir='ltr'><strong>opera</strong></span> <span class='ocrx_word' id='word_1_242' title='bbox 1698 2009 1785 2065; x_wconf 88' lang='lat' dir='ltr'><strong>di-</strong></span> 
     </span>
    </p>
   </div>
   <div class='ocr_carea' id='block_1_36' title="bbox 200 2099 513 2158">
    <p class='ocr_par' dir='ltr' id='par_1_36' title="bbox 200 2099 513 2158">
     <span class='ocr_line' id='line_1_36' title="bbox 200 2099 513 2158; baseline 0 -2"><span class='ocrx_word' id='word_1_243' title='bbox 200 2099 325 2158; x_wconf 84' lang='lat' dir='ltr'><strong>visa</strong></span> <span class='ocrx_word' id='word_1_244' title='bbox 345 2101 513 2157; x_wconf 76' lang='lat' dir='ltr'><strong>sunt?</strong></span> 
     </span>
    </p>
   </div>
   <div class='ocr_carea' id='block_1_37' title="bbox 274 2190 1786 2262">
    <p class='ocr_par' dir='ltr' id='par_1_37' title="bbox 274 2190 1786 2262">
     <span class='ocr_line' id='line_1_37' title="bbox 274 2190 1786 2262; baseline -0.001 -15"><span class='ocrx_word' id='word_1_245' title='bbox 274 2193 408 2249; x_wconf 82' lang='lat' dir='ltr'><strong>Ideo</strong></span> <span class='ocrx_word' id='word_1_246' title='bbox 455 2193 572 2247; x_wconf 85' lang='lat' dir='ltr'><strong>dico</strong></span> <span class='ocrx_word' id='word_1_247' title='bbox 618 2192 796 2249; x_wconf 78' lang='lat' dir='ltr'><strong>vobis:</strong></span> <span class='ocrx_word' id='word_1_248' title='bbox 852 2190 1020 2247; x_wconf 83' lang='lat' dir='ltr'><strong>Omne</strong></span> <span class='ocrx_word' id='word_1_249' title='bbox 1055 2201 1326 2262; x_wconf 85' lang='lat' dir='ltr'><strong>peceatum</strong></span> <span class='ocrx_word' id='word_1_250' title='bbox 1367 2201 1415 2247; x_wconf 88' lang='lat' dir='ltr'><strong>et</strong></span> <span class='ocrx_word' id='word_1_251' title='bbox 1466 2190 1786 2262; x_wconf 80' lang='lat' dir='ltr'><strong>blasphemia</strong></span> 
     </span>
    </p>
   </div>
   <div class='ocr_carea' id='block_1_38' title="bbox 198 2280 1787 2352">
    <p class='ocr_par' dir='ltr' id='par_1_38' title="bbox 198 2280 1787 2352">
     <span class='ocr_line' id='line_1_38' title="bbox 198 2280 1787 2352; baseline -0.002 -14"><span class='ocrx_word' id='word_1_252' title='bbox 198 2286 535 2338; x_wconf 76' lang='lat' dir='ltr'><strong>remittantur</strong></span> <span class='ocrx_word' id='word_1_253' title='bbox 559 2283 874 2337; x_wconf 85' lang='lat' dir='ltr'><strong>hominibus.</strong></span> <span class='ocrx_word' id='word_1_254' title='bbox 898 2281 1090 2337; x_wconf 88' lang='lat' dir='ltr'><strong>Omnia</strong></span> <span class='ocrx_word' id='word_1_255' title='bbox 1112 2291 1336 2352; x_wconf 88' lang='lat' dir='ltr'><strong>peccata</strong></span> <span class='ocrx_word' id='word_1_256' title='bbox 1356 2289 1412 2336; x_wconf 90' lang='lat' dir='ltr'><strong>et</strong></span> <span class='ocrx_word' id='word_1_257' title='bbox 1438 2280 1787 2351; x_wconf 70' lang='lat' dir='ltr'><strong>blasphemia:</strong></span> 
     </span>
    </p>
   </div>
   <div class='ocr_carea' id='block_1_39' title="bbox 198 2370 1787 2446">
    <p class='ocr_par' dir='ltr' id='par_1_39' title="bbox 198 2370 1787 2446">
     <span class='ocr_line' id='line_1_39' title="bbox 198 2370 1787 2446; baseline -0.002 -15"><span class='ocrx_word' id='word_1_258' title='bbox 198 2391 314 2431; x_wconf 91' lang='lat' dir='ltr'><strong>non</strong></span> <span class='ocrx_word' id='word_1_259' title='bbox 342 2375 546 2446; x_wconf 85' lang='lat' dir='ltr'><strong>passim</strong></span> <span class='ocrx_word' id='word_1_260' title='bbox 581 2375 921 2430; x_wconf 90' lang='lat' dir='ltr'><strong>dimittuntur</strong></span> <span class='ocrx_word' id='word_1_261' title='bbox 941 2370 1191 2430; x_wconf 87' lang='lat' dir='ltr'><strong>omnibus</strong></span> <span class='ocrx_word' id='word_1_262' title='bbox 1222 2374 1551 2439; x_wconf 91' lang='lat' dir='ltr'><strong>hominibus,</strong></span> <span class='ocrx_word' id='word_1_263' title='bbox 1581 2374 1675 2428; x_wconf 86' lang='lat' dir='ltr'><strong>sed</strong></span> <span class='ocrx_word' id='word_1_264' title='bbox 1700 2372 1787 2428; x_wconf 91' lang='lat' dir='ltr'><strong>bis</strong></span> 
     </span>
    </p>
   </div>
   <div class='ocr_carea' id='block_1_40' title="bbox 200 2463 1786 2536">
    <p class='ocr_par' dir='ltr' id='par_1_40' title="bbox 200 2463 1786 2536">
     <span class='ocr_line' id='line_1_40' title="bbox 200 2463 1786 2536; baseline -0.002 -17"><span class='ocrx_word' id='word_1_265' title='bbox 200 2466 295 2535; x_wconf 84' lang='lat' dir='ltr'><strong>qui</strong></span> <span class='ocrx_word' id='word_1_266' title='bbox 324 2465 539 2536; x_wconf 77' lang='lat' dir='ltr'><strong>dignam</strong></span> <span class='ocrx_word' id='word_1_267' title='bbox 563 2479 661 2534; x_wconf 91' lang='lat' dir='ltr'><strong>pro</strong></span> <span class='ocrx_word' id='word_1_268' title='bbox 686 2464 954 2519; x_wconf 85' lang='lat' dir='ltr'><strong>erratibus</strong></span> <span class='ocrx_word' id='word_1_269' title='bbox 983 2464 1096 2519; x_wconf 84' lang='lat' dir='ltr'><strong>suis</strong></span> <span class='ocrx_word' id='word_1_270' title='bbox 1146 2463 1199 2517; x_wconf 91' lang='lat' dir='ltr'><strong>in</strong></span> <span class='ocrx_word' id='word_1_271' title='bbox 1223 2464 1325 2518; x_wconf 89' lang='lat' dir='ltr'><strong>hac</strong></span> <span class='ocrx_word' id='word_1_272' title='bbox 1372 2463 1485 2517; x_wconf 84' lang='lat' dir='ltr'><strong>vita</strong></span> <span class='ocrx_word' id='word_1_273' title='bbox 1514 2463 1786 2534; x_wconf 72' lang='lat' dir='ltr'><strong>ptenitcn-</strong></span> 
     </span>
    </p>
   </div>
   <div class='ocr_carea' id='block_1_41' title="bbox 202 2552 1789 2626">
    <p class='ocr_par' dir='ltr' id='par_1_41' title="bbox 202 2552 1789 2626">
     <span class='ocr_line' id='line_1_41' title="bbox 202 2552 1789 2626; baseline -0.002 -16"><span class='ocrx_word' id='word_1_274' title='bbox 202 2558 336 2615; x_wconf 88' lang='lat' dir='ltr'><strong>tiam</strong></span> <span class='ocrx_word' id='word_1_275' title='bbox 367 2556 596 2626; x_wconf 87' lang='lat' dir='ltr'><strong>egerint.</strong></span> <span class='ocrx_word' id='word_1_276' title='bbox 627 2552 810 2624; x_wconf 87' lang='lat' dir='ltr'><strong>Neque</strong></span> <span class='ocrx_word' id='word_1_277' title='bbox 857 2553 1025 2608; x_wconf 90' lang='lat' dir='ltr'><strong>ullum</strong></span> <span class='ocrx_word' id='word_1_278' title='bbox 1068 2554 1233 2609; x_wconf 85' lang='lat' dir='ltr'><strong>habet</strong></span> <span class='ocrx_word' id='word_1_279' title='bbox 1267 2553 1445 2608; x_wconf 87' lang='lat' dir='ltr'><strong>locum</strong></span> <span class='ocrx_word' id='word_1_280' title='bbox 1474 2567 1653 2623; x_wconf 76' lang='lat' dir='ltr'><strong>prava:</strong></span> <span class='ocrx_word' id='word_1_281' title='bbox 1700 2567 1789 2607; x_wconf 87' lang='lat' dir='ltr'><strong>as-</strong></span> 
     </span>
    </p>
   </div>
   <div class='ocr_carea' id='block_1_42' title="bbox 198 2643 1790 2715">
    <p class='ocr_par' dir='ltr' id='par_1_42' title="bbox 198 2643 1790 2715">
     <span class='ocr_line' id='line_1_42' title="bbox 198 2643 1790 2715; baseline -0.002 -14"><span class='ocrx_word' id='word_1_282' title='bbox 198 2644 487 2710; x_wconf 80' lang='lat' dir='ltr'><strong>set-tionis,</strong></span> <span class='ocrx_word' id='word_1_283' title='bbox 515 2644 598 2699; x_wconf 88' lang='lat' dir='ltr'><strong>vel</strong></span> <span class='ocrx_word' id='word_1_284' title='bbox 632 2643 980 2710; x_wconf 79' lang='lat' dir='ltr'><strong>Novatianus,</strong></span> <span class='ocrx_word' id='word_1_285' title='bbox 1008 2652 1068 2698; x_wconf 92' lang='lat' dir='ltr'><strong>ut</strong></span> <span class='ocrx_word' id='word_1_286' title='bbox 1098 2644 1484 2715; x_wconf 83' lang='lat' dir='ltr'><strong>paenitentibus</strong></span> <span class='ocrx_word' id='word_1_287' title='bbox 1511 2643 1590 2698; x_wconf 88' lang='lat' dir='ltr'><strong>eis</strong></span> <span class='ocrx_word' id='word_1_288' title='bbox 1613 2643 1702 2713; x_wconf 89' lang='lat' dir='ltr'><strong>qui</strong></span> <span class='ocrx_word' id='word_1_289' title='bbox 1735 2643 1790 2698; x_wconf 91' lang='lat' dir='ltr'><strong>in</strong></span> 
     </span>
    </p>
   </div>
   <div class='ocr_carea' id='block_1_43' title="bbox 202 2734 1787 2807">
    <p class='ocr_par' dir='ltr' id='par_1_43' title="bbox 202 2734 1787 2807">
     <span class='ocr_line' id='line_1_43' title="bbox 202 2734 1787 2807; baseline -0.003 -16"><span class='ocrx_word' id='word_1_290' title='bbox 202 2737 474 2807; x_wconf 86' lang='lat' dir='ltr'><strong>martyrio</strong></span> <span class='ocrx_word' id='word_1_291' title='bbox 507 2735 641 2806; x_wconf 87' lang='lat' dir='ltr'><strong>lapsi</strong></span> <span class='ocrx_word' id='word_1_292' title='bbox 678 2743 823 2802; x_wconf 89' lang='lat' dir='ltr'><strong>sunt,</strong></span> <span class='ocrx_word' id='word_1_293' title='bbox 849 2736 1062 2791; x_wconf 80' lang='lat' dir='ltr'><strong>veniam</strong></span> <span class='ocrx_word' id='word_1_294' title='bbox 1090 2744 1250 2806; x_wconf 80' lang='lat' dir='ltr'><strong>neget</strong></span> <span class='ocrx_word' id='word_1_295' title='bbox 1281 2750 1403 2791; x_wconf 89' lang='lat' dir='ltr'><strong>esse</strong></span> <span class='ocrx_word' id='word_1_296' title='bbox 1430 2734 1787 2799; x_wconf 86' lang='lat' dir='ltr'><strong>tribuendam,</strong></span> 
     </span>
    </p>
   </div>
   <div class='ocr_carea' id='block_1_44' title="bbox 199 2822 1793 2898">
    <p class='ocr_par' dir='ltr' id='par_1_44' title="bbox 199 2822 1793 2898">
     <span class='ocr_line' id='line_1_44' title="bbox 199 2822 1793 2898; baseline -0.004 -14"><span class='ocrx_word' id='word_1_297' title='bbox 199 2825 300 2883; x_wconf 81' lang='lat' dir='ltr'><strong>vel</strong></span> <span class='ocrx_word' id='word_1_298' title='bbox 340 2825 618 2898; x_wconf 73' lang='lat' dir='ltr'><strong>Origenes,</strong></span> <span class='ocrx_word' id='word_1_299' title='bbox 662 2833 723 2880; x_wconf 91' lang='lat' dir='ltr'><strong>ut</strong></span> <span class='ocrx_word' id='word_1_300' title='bbox 766 2833 978 2881; x_wconf 85' lang='lat' dir='ltr'><strong>asserat</strong></span> <span class='ocrx_word' id='word_1_301' title='bbox 1015 2832 1138 2895; x_wconf 88' lang='lat' dir='ltr'><strong>post</strong></span> <span class='ocrx_word' id='word_1_302' title='bbox 1173 2822 1435 2894; x_wconf 78' lang='lat' dir='ltr'><strong>judicium</strong></span> <span class='ocrx_word' id='word_1_303' title='bbox 1491 2823 1793 2878; x_wconf 83' lang='lat' dir='ltr'><strong>universale</strong></span> 
     </span>
    </p>
   </div>
   <div class='ocr_carea' id='block_1_45' title="bbox 205 2913 1789 2979">
    <p class='ocr_par' dir='ltr' id='par_1_45' title="bbox 205 2913 1789 2979">
     <span class='ocr_line' id='line_1_45' title="bbox 205 2913 1789 2979; baseline -0.004 -6"><span class='ocrx_word' id='word_1_304' title='bbox 205 2916 499 2973; x_wconf 85' lang='lat' dir='ltr'><strong>transactis</strong></span> <span class='ocrx_word' id='word_1_305' title='bbox 541 2916 670 2973; x_wconf 89' lang='lat' dir='ltr'><strong>licet</strong></span> <span class='ocrx_word' id='word_1_306' title='bbox 708 2916 1029 2972; x_wconf 61' lang='lat' dir='ltr'><strong>seculorum</strong></span> <span class='ocrx_word' id='word_1_307' title='bbox 1059 2916 1424 2971; x_wconf 84' lang='lat' dir='ltr'><strong>voluminibus</strong></span> <span class='ocrx_word' id='word_1_308' title='bbox 1469 2913 1789 2979; x_wconf 74' lang='lat' dir='ltr'><strong>innumeris,</strong></span> 
     </span>
    </p>
   </div>
   <div class='ocr_carea' id='block_1_46' title="bbox 203 3005 1794 3078">
    <p class='ocr_par' dir='ltr' id='par_1_46' title="bbox 203 3005 1794 3078">
     <span class='ocr_line' id='line_1_46' title="bbox 203 3005 1794 3078; baseline -0.003 -15"><span class='ocrx_word' id='word_1_309' title='bbox 203 3016 437 3064; x_wconf 83' lang='lat' dir='ltr'><strong>cunctos</strong></span> <span class='ocrx_word' id='word_1_310' title='bbox 480 3015 794 3078; x_wconf 89' lang='lat' dir='ltr'><strong>peceatores</strong></span> <span class='ocrx_word' id='word_1_311' title='bbox 831 3021 896 3061; x_wconf 92' lang='lat' dir='ltr'><strong>ae</strong></span> <span class='ocrx_word' id='word_1_312' title='bbox 936 3006 1284 3075; x_wconf 87' lang='lat' dir='ltr'><strong>blasphemos</strong></span> <span class='ocrx_word' id='word_1_313' title='bbox 1330 3005 1543 3060; x_wconf 83' lang='lat' dir='ltr'><strong>veniam</strong></span> <span class='ocrx_word' id='word_1_314' title='bbox 1601 3019 1794 3073; x_wconf 85' lang='lat' dir='ltr'><strong>pecca-</strong></span> 
     </span>
    </p>
   </div>
   <div class='ocr_carea' id='block_1_47' title="bbox 202 3096 1792 3168">
    <p class='ocr_par' dir='ltr' id='par_1_47' title="bbox 202 3096 1792 3168">
     <span class='ocr_line' id='line_1_47' title="bbox 202 3096 1792 3168; baseline -0.002 -14"><span class='ocrx_word' id='word_1_315' title='bbox 202 3110 388 3155; x_wconf 87' lang='lat' dir='ltr'><strong>torum</strong></span> <span class='ocrx_word' id='word_1_316' title='bbox 413 3114 533 3154; x_wconf 85' lang='lat' dir='ltr'><strong>esse</strong></span> <span class='ocrx_word' id='word_1_317' title='bbox 576 3108 989 3164; x_wconf 89' lang='lat' dir='ltr'><strong>consecuturos,</strong></span> <span class='ocrx_word' id='word_1_318' title='bbox 1018 3106 1177 3168; x_wconf 87' lang='lat' dir='ltr'><strong>atque</strong></span> <span class='ocrx_word' id='word_1_319' title='bbox 1205 3098 1272 3152; x_wconf 90' lang='lat' dir='ltr'><strong>ad</strong></span> <span class='ocrx_word' id='word_1_320' title='bbox 1311 3112 1532 3167; x_wconf 84' lang='lat' dir='ltr'><strong>regnum</strong></span> <span class='ocrx_word' id='word_1_321' title='bbox 1571 3096 1792 3151; x_wconf 78' lang='lat' dir='ltr'><strong>emleste</strong></span> 
     </span>
    </p>
   </div>
   <div class='ocr_carea' id='block_1_48' title="bbox 1888 1922 3458 1997">
    <p class='ocr_par' dir='ltr' id='par_1_48' title="bbox 1888 1922 3458 1997">
     <span class='ocr_line' id='line_1_48' title="bbox 1888 1922 3458 1997; baseline -0.009 -12"><span class='ocrx_word' id='word_1_322' title='bbox 1888 1935 1905 1974; x_wconf 82' lang='lat'><strong>-&#39;</strong></span> <span class='ocrx_word' id='word_1_323' title='bbox 1957 1929 2062 1997; x_wconf 82' lang='lat' dir='ltr'><strong>Qui</strong></span> <span class='ocrx_word' id='word_1_324' title='bbox 2102 1937 2276 1984; x_wconf 86' lang='lat' dir='ltr'><strong>autem</strong></span> <span class='ocrx_word' id='word_1_325' title='bbox 2314 1926 2509 1983; x_wconf 71' lang='lat' dir='ltr'><strong>dixerit</strong></span> <span class='ocrx_word' id='word_1_326' title='bbox 2556 1934 2738 1979; x_wconf 81' lang='lat' dir='ltr'><strong>contra</strong></span> <span class='ocrx_word' id='word_1_327' title='bbox 2764 1922 3022 1994; x_wconf 86' lang='lat' dir='ltr'><strong>Spiritum</strong></span> <span class='ocrx_word' id='word_1_328' title='bbox 3062 1930 3323 1984; x_wconf 85' lang='lat' dir='ltr'><strong>sanctum,</strong></span> <span class='ocrx_word' id='word_1_329' title='bbox 3354 1922 3458 1971; x_wconf 83' lang='lat' dir='ltr'><strong>non</strong></span> 
     </span>
    </p>
   </div>
   <div class='ocr_carea' id='block_1_49' title="bbox 1885 2010 3456 2089">
    <p class='ocr_par' dir='ltr' id='par_1_49' title="bbox 1885 2010 3456 2089">
     <span class='ocr_line' id='line_1_49' title="bbox 1885 2010 3456 2089; baseline -0.008 -14"><span class='ocrx_word' id='word_1_330' title='bbox 1885 2021 2173 2075; x_wconf 83' lang='lat' dir='ltr'><strong>remittetur</strong></span> <span class='ocrx_word' id='word_1_331' title='bbox 2204 2019 2252 2072; x_wconf 90' lang='lat' dir='ltr'><strong>ei</strong></span> <span class='ocrx_word' id='word_1_332' title='bbox 2273 2033 2434 2089; x_wconf 87' lang='lat' dir='ltr'><strong>neque</strong></span> <span class='ocrx_word' id='word_1_333' title='bbox 2453 2016 2506 2070; x_wconf 88' lang='lat' dir='ltr'><strong>in</strong></span> <span class='ocrx_word' id='word_1_334' title='bbox 2531 2016 2628 2069; x_wconf 88' lang='lat' dir='ltr'><strong>hoc</strong></span> <span class='ocrx_word' id='word_1_335' title='bbox 2648 2012 2862 2079; x_wconf 67' lang='lat' dir='ltr'><strong>sa&#39;culo,</strong></span> <span class='ocrx_word' id='word_1_336' title='bbox 2888 2027 3049 2083; x_wconf 88' lang='lat' dir='ltr'><strong>neque</strong></span> <span class='ocrx_word' id='word_1_337' title='bbox 3073 2011 3129 2064; x_wconf 89' lang='lat' dir='ltr'><strong>in</strong></span> <span class='ocrx_word' id='word_1_338' title='bbox 3150 2010 3348 2081; x_wconf 78' lang='lat' dir='ltr'><strong>futuro,</strong></span> <span class='ocrx_word' id='word_1_339' title='bbox 3390 2023 3456 2062; x_wconf 74' lang='lat' dir='ltr'><strong>ex</strong></span> 
     </span>
    </p>
   </div>
   <div class='ocr_carea' id='block_1_50' title="bbox 1886 2099 3459 2174">
    <p class='ocr_par' dir='ltr' id='par_1_50' title="bbox 1886 2099 3459 2174">
     <span class='ocr_line' id='line_1_50' title="bbox 1886 2099 3459 2174; baseline -0.008 -8"><span class='ocrx_word' id='word_1_340' title='bbox 1886 2109 1974 2166; x_wconf 88' lang='lat' dir='ltr'><strong>bis</strong></span> <span class='ocrx_word' id='word_1_341' title='bbox 2015 2109 2195 2165; x_wconf 89' lang='lat' dir='ltr'><strong>verbis</strong></span> <span class='ocrx_word' id='word_1_342' title='bbox 2241 2108 2406 2162; x_wconf 88' lang='lat' dir='ltr'><strong>Deum</strong></span> <span class='ocrx_word' id='word_1_343' title='bbox 2447 2107 2603 2162; x_wconf 88' lang='lat' dir='ltr'><strong>datur</strong></span> <span class='ocrx_word' id='word_1_344' title='bbox 2635 2103 2855 2174; x_wconf 83' lang='lat' dir='ltr'><strong>intelligi</strong></span> <span class='ocrx_word' id='word_1_345' title='bbox 2895 2102 3152 2173; x_wconf 86' lang='lat' dir='ltr'><strong>quasdam</strong></span> <span class='ocrx_word' id='word_1_346' title='bbox 3194 2100 3378 2170; x_wconf 86' lang='lat' dir='ltr'><strong>culpas</strong></span> <span class='ocrx_word' id='word_1_347' title='bbox 3408 2099 3459 2153; x_wconf 90' lang='lat' dir='ltr'><strong>in</strong></span> 
     </span>
    </p>
   </div>
   <div class='ocr_carea' id='block_1_51' title="bbox 1887 2191 3460 2266">
    <p class='ocr_par' dir='ltr' id='par_1_51' title="bbox 1887 2191 3460 2266">
     <span class='ocr_line' id='line_1_51' title="bbox 1887 2191 3460 2266; baseline -0.008 -12"><span class='ocrx_word' id='word_1_348' title='bbox 1887 2198 1988 2254; x_wconf 86' lang='lat' dir='ltr'><strong>hoc</strong></span> <span class='ocrx_word' id='word_1_349' title='bbox 2016 2197 2231 2263; x_wconf 77' lang='lat' dir='ltr'><strong>szeculo,</strong></span> <span class='ocrx_word' id='word_1_350' title='bbox 2259 2195 2518 2266; x_wconf 88' lang='lat' dir='ltr'><strong>quasdam</strong></span> <span class='ocrx_word' id='word_1_351' title='bbox 2543 2207 2674 2263; x_wconf 87' lang='lat' dir='ltr'><strong>vero</strong></span> <span class='ocrx_word' id='word_1_352' title='bbox 2713 2194 2769 2248; x_wconf 93' lang='lat' dir='ltr'><strong>in</strong></span> <span class='ocrx_word' id='word_1_353' title='bbox 2829 2193 3010 2248; x_wconf 91' lang='lat' dir='ltr'><strong>futuro</strong></span> <span class='ocrx_word' id='word_1_354' title='bbox 3043 2191 3260 2255; x_wconf 81' lang='lat' dir='ltr'><strong>laxare;</strong></span> <span class='ocrx_word' id='word_1_355' title='bbox 3317 2191 3460 2258; x_wconf 81' lang='lat' dir='ltr'><strong>quod</strong></span> 
     </span>
    </p>
   </div>
   <div class='ocr_carea' id='block_1_52' title="bbox 1886 2281 3458 2354">
    <p class='ocr_par' dir='ltr' id='par_1_52' title="bbox 1886 2281 3458 2354">
     <span class='ocr_line' id='line_1_52' title="bbox 1886 2281 3458 2354; baseline -0.009 -9"><span class='ocrx_word' id='word_1_356' title='bbox 1886 2289 2031 2345; x_wconf 89' lang='lat' dir='ltr'><strong>enim</strong></span> <span class='ocrx_word' id='word_1_357' title='bbox 2055 2288 2121 2343; x_wconf 92' lang='lat' dir='ltr'><strong>de</strong></span> <span class='ocrx_word' id='word_1_358' title='bbox 2146 2302 2254 2341; x_wconf 89' lang='lat' dir='ltr'><strong>uno</strong></span> <span class='ocrx_word' id='word_1_359' title='bbox 2280 2294 2534 2354; x_wconf 83' lang='lat' dir='ltr'><strong>negatur,</strong></span> <span class='ocrx_word' id='word_1_360' title='bbox 2559 2298 2896 2354; x_wconf 89' lang='lat' dir='ltr'><strong>consequens</strong></span> <span class='ocrx_word' id='word_1_361' title='bbox 2944 2281 3248 2337; x_wconf 87' lang='lat' dir='ltr'><strong>intellectus</strong></span> <span class='ocrx_word' id='word_1_362' title='bbox 3291 2287 3458 2349; x_wconf 80' lang='lat' dir='ltr'><strong>patet,</strong></span> 
     </span>
    </p>
   </div>
   <div class='ocr_carea' id='block_1_53' title="bbox 1887 2372 3459 2452">
    <p class='ocr_par' dir='ltr' id='par_1_53' title="bbox 1887 2372 3459 2452">
     <span class='ocr_line' id='line_1_53' title="bbox 1887 2372 3459 2452; baseline -0.006 -18"><span class='ocrx_word' id='word_1_363' title='bbox 1887 2380 2012 2452; x_wconf 91' lang='lat' dir='ltr'><strong>quia</strong></span> <span class='ocrx_word' id='word_1_364' title='bbox 2055 2380 2120 2435; x_wconf 91' lang='lat' dir='ltr'><strong>de</strong></span> <span class='ocrx_word' id='word_1_365' title='bbox 2166 2379 2488 2450; x_wconf 88' lang='lat' dir='ltr'><strong>quibusdam</strong></span> <span class='ocrx_word' id='word_1_366' title='bbox 2519 2375 2851 2431; x_wconf 88' lang='lat' dir='ltr'><strong>conceditur.</strong></span> <span class='ocrx_word' id='word_1_367' title='bbox 2884 2373 2991 2429; x_wconf 87' lang='lat' dir='ltr'><strong>Sed</strong></span> <span class='ocrx_word' id='word_1_368' title='bbox 3039 2381 3213 2427; x_wconf 90' lang='lat' dir='ltr'><strong>tamen</strong></span> <span class='ocrx_word' id='word_1_369' title='bbox 3251 2372 3354 2426; x_wconf 84' lang='lat' dir='ltr'><strong>hoc</strong></span> <span class='ocrx_word' id='word_1_370' title='bbox 3393 2372 3459 2425; x_wconf 74' lang='lat' dir='ltr'><strong>de</strong></span> 
     </span>
    </p>
   </div>
   <div class='ocr_carea' id='block_1_54' title="bbox 1888 2463 3460 2543">
    <p class='ocr_par' dir='ltr' id='par_1_54' title="bbox 1888 2463 3460 2543">
     <span class='ocr_line' id='line_1_54' title="bbox 1888 2463 3460 2543; baseline -0.008 -16"><span class='ocrx_word' id='word_1_371' title='bbox 1888 2472 2073 2543; x_wconf 86' lang='lat' dir='ltr'><strong>parvis</strong></span> <span class='ocrx_word' id='word_1_372' title='bbox 2122 2471 2468 2540; x_wconf 86' lang='lat' dir='ltr'><strong>minimisque</strong></span> <span class='ocrx_word' id='word_1_373' title='bbox 2498 2468 2737 2540; x_wconf 86' lang='lat' dir='ltr'><strong>peccatis</strong></span> <span class='ocrx_word' id='word_1_374' title='bbox 2774 2466 2891 2521; x_wconf 84' lang='lat' dir='ltr'><strong>ﬁeri</strong></span> <span class='ocrx_word' id='word_1_375' title='bbox 2930 2480 3087 2535; x_wconf 88' lang='lat' dir='ltr'><strong>posse</strong></span> <span class='ocrx_word' id='word_1_376' title='bbox 3133 2463 3460 2519; x_wconf 75' lang='lat' dir='ltr'><strong>credendum</strong></span> 
     </span>
    </p>
   </div>
   <div class='ocr_carea' id='block_1_55' title="bbox 1890 2554 3463 2631">
    <p class='ocr_par' dir='ltr' id='par_1_55' title="bbox 1890 2554 3463 2631">
     <span class='ocr_line' id='line_1_55' title="bbox 1890 2554 3463 2631; baseline -0.009 -11"><span class='ocrx_word' id='word_1_377' title='bbox 1890 2573 1996 2631; x_wconf 92' lang='lat' dir='ltr'><strong>cst,</strong></span> <span class='ocrx_word' id='word_1_378' title='bbox 2027 2564 2167 2620; x_wconf 88' lang='lat' dir='ltr'><strong>sicut</strong></span> <span class='ocrx_word' id='word_1_379' title='bbox 2192 2571 2276 2619; x_wconf 90' lang='lat' dir='ltr'><strong>est</strong></span> <span class='ocrx_word' id='word_1_380' title='bbox 2312 2562 2559 2616; x_wconf 87' lang='lat' dir='ltr'><strong>assiduus</strong></span> <span class='ocrx_word' id='word_1_381' title='bbox 2588 2559 2795 2614; x_wconf 90' lang='lat' dir='ltr'><strong>otiosus</strong></span> <span class='ocrx_word' id='word_1_382' title='bbox 2836 2571 3034 2622; x_wconf 89' lang='lat' dir='ltr'><strong>sermo,</strong></span> <span class='ocrx_word' id='word_1_383' title='bbox 3079 2554 3463 2610; x_wconf 77' lang='lat' dir='ltr'><strong>immoderatus</strong></span> 
     </span>
    </p>
   </div>
   <div class='ocr_carea' id='block_1_56' title="bbox 1893 2645 3459 2726">
    <p class='ocr_par' dir='ltr' id='par_1_56' title="bbox 1893 2645 3459 2726">
     <span class='ocr_line' id='line_1_56' title="bbox 1893 2645 3459 2726; baseline -0.008 -16"><span class='ocrx_word' id='word_1_384' title='bbox 1893 2656 2054 2721; x_wconf 89' lang='lat' dir='ltr'><strong>risus,</strong></span> <span class='ocrx_word' id='word_1_385' title='bbox 2107 2653 2192 2709; x_wconf 88' lang='lat' dir='ltr'><strong>vel</strong></span> <span class='ocrx_word' id='word_1_386' title='bbox 2240 2660 2521 2726; x_wconf 88' lang='lat' dir='ltr'><strong>peccatum</strong></span> <span class='ocrx_word' id='word_1_387' title='bbox 2556 2664 2701 2706; x_wconf 72' lang='lat' dir='ltr'><strong>cura:</strong></span> <span class='ocrx_word' id='word_1_388' title='bbox 2745 2649 2823 2704; x_wconf 89' lang='lat' dir='ltr'><strong>rei</strong></span> <span class='ocrx_word' id='word_1_389' title='bbox 2868 2647 3179 2714; x_wconf 79' lang='lat' dir='ltr'><strong>familiaris,</strong></span> <span class='ocrx_word' id='word_1_390' title='bbox 3218 2660 3336 2716; x_wconf 74' lang='lat' dir='ltr'><strong>qua:</strong></span> <span class='ocrx_word' id='word_1_391' title='bbox 3368 2645 3459 2699; x_wconf 71' lang='lat' dir='ltr'><strong>vix</strong></span> 
     </span>
    </p>
   </div>
   <div class='ocr_carea' id='block_1_57' title="bbox 1891 2736 3464 2816">
    <p class='ocr_par' dir='ltr' id='par_1_57' title="bbox 1891 2736 3464 2816">
     <span class='ocr_line' id='line_1_57' title="bbox 1891 2736 3464 2816; baseline -0.009 -13"><span class='ocrx_word' id='word_1_392' title='bbox 1891 2749 2009 2804; x_wconf 89' lang='lat' dir='ltr'><strong>sine</strong></span> <span class='ocrx_word' id='word_1_393' title='bbox 2034 2745 2191 2816; x_wconf 88' lang='lat' dir='ltr'><strong>culpa</strong></span> <span class='ocrx_word' id='word_1_394' title='bbox 2236 2745 2322 2799; x_wconf 87' lang='lat' dir='ltr'><strong>vel</strong></span> <span class='ocrx_word' id='word_1_395' title='bbox 2351 2745 2419 2800; x_wconf 90' lang='lat' dir='ltr'><strong>ab</strong></span> <span class='ocrx_word' id='word_1_396' title='bbox 2446 2743 2579 2814; x_wconf 88' lang='lat' dir='ltr'><strong>ipsis</strong></span> <span class='ocrx_word' id='word_1_397' title='bbox 2630 2742 2826 2813; x_wconf 83' lang='lat' dir='ltr'><strong>agitur,</strong></span> <span class='ocrx_word' id='word_1_398' title='bbox 2871 2739 2961 2812; x_wconf 69' lang='lat' dir='ltr'><strong>Qui</strong></span> <span class='ocrx_word' id='word_1_399' title='bbox 2994 2740 3203 2810; x_wconf 89' lang='lat' dir='ltr'><strong>culpam</strong></span> <span class='ocrx_word' id='word_1_400' title='bbox 3232 2736 3464 2808; x_wconf 77' lang='lat' dir='ltr'><strong>qualiter</strong></span> 
     </span>
    </p>
   </div>
   <div class='ocr_carea' id='block_1_58' title="bbox 1893 2826 3462 2901">
    <p class='ocr_par' dir='ltr' id='par_1_58' title="bbox 1893 2826 3462 2901">
     <span class='ocr_line' id='line_1_58' title="bbox 1893 2826 3462 2901; baseline -0.011 -6"><span class='ocrx_word' id='word_1_401' title='bbox 1893 2836 2149 2895; x_wconf 78' lang='lat' dir='ltr'><strong>declinari</strong></span> <span class='ocrx_word' id='word_1_402' title='bbox 2187 2835 2378 2891; x_wconf 82' lang='lat' dir='ltr'><strong>debeat</strong></span> <span class='ocrx_word' id='word_1_403' title='bbox 2429 2834 2643 2897; x_wconf 87' lang='lat' dir='ltr'><strong>sciunt,</strong></span> <span class='ocrx_word' id='word_1_404' title='bbox 2697 2839 2791 2885; x_wconf 89' lang='lat' dir='ltr'><strong>aut</strong></span> <span class='ocrx_word' id='word_1_405' title='bbox 2843 2846 2950 2886; x_wconf 87' lang='lat' dir='ltr'><strong>non</strong></span> <span class='ocrx_word' id='word_1_406' title='bbox 2987 2829 3239 2901; x_wconf 79' lang='lat' dir='ltr'><strong>gravibus</strong></span> <span class='ocrx_word' id='word_1_407' title='bbox 3291 2826 3462 2895; x_wconf 77' lang='lat' dir='ltr'><strong>culpis</strong></span> 
     </span>
    </p>
   </div>
   <div class='ocr_carea' id='block_1_59' title="bbox 1892 2919 3505 2995">
    <p class='ocr_par' dir='ltr' id='par_1_59' title="bbox 1892 2919 3505 2995">
     <span class='ocr_line' id='line_1_59' title="bbox 1892 2919 3505 2995; baseline -0.011 -13"><span class='ocrx_word' id='word_1_408' title='bbox 1892 2939 2081 2982; x_wconf 89' lang='lat' dir='ltr'><strong>errore</strong></span> <span class='ocrx_word' id='word_1_409' title='bbox 2128 2923 2465 2995; x_wconf 38' lang='lat' dir='ltr'><strong>ignorantia),</strong></span> <span class='ocrx_word' id='word_1_410' title='bbox 2495 2936 2615 2992; x_wconf 70' lang='lat' dir='ltr'><strong>qua:</strong></span> <span class='ocrx_word' id='word_1_411' title='bbox 2652 2929 2844 2975; x_wconf 88' lang='lat' dir='ltr'><strong>cuncta</strong></span> <span class='ocrx_word' id='word_1_412' title='bbox 2896 2919 3057 2973; x_wconf 88' lang='lat' dir='ltr'><strong>etiam</strong></span> <span class='ocrx_word' id='word_1_413' title='bbox 3086 2923 3209 2988; x_wconf 90' lang='lat' dir='ltr'><strong>post</strong></span> <span class='ocrx_word' id='word_1_414' title='bbox 3236 2924 3463 2969; x_wconf 81' lang='lat' dir='ltr'><strong>mortem</strong></span> <span class='ocrx_word' id='word_1_415' title='bbox 3503 2962 3505 2965; x_wconf 83' lang='lat'><strong>.</strong></span> 
     </span>
    </p>
   </div>
   <div class='ocr_carea' id='block_1_60' title="bbox 1894 3006 3464 3088">
    <p class='ocr_par' dir='ltr' id='par_1_60' title="bbox 1894 3006 3464 3088">
     <span class='ocr_line' id='line_1_60' title="bbox 1894 3006 3464 3088; baseline -0.008 -16"><span class='ocrx_word' id='word_1_416' title='bbox 1894 3024 2123 3088; x_wconf 83' lang='lat' dir='ltr'><strong>gravant</strong></span> <span class='ocrx_word' id='word_1_417' title='bbox 2143 3017 2187 3071; x_wconf 90' lang='lat' dir='ltr'><strong>si</strong></span> <span class='ocrx_word' id='word_1_418' title='bbox 2212 3016 2388 3070; x_wconf 84' lang='lat' dir='ltr'><strong>adhuc</strong></span> <span class='ocrx_word' id='word_1_419' title='bbox 2430 3014 2485 3069; x_wconf 90' lang='lat' dir='ltr'><strong>in</strong></span> <span class='ocrx_word' id='word_1_420' title='bbox 2517 3014 2622 3067; x_wconf 88' lang='lat' dir='ltr'><strong>vita</strong></span> <span class='ocrx_word' id='word_1_421' title='bbox 2652 3012 2753 3067; x_wconf 90' lang='lat' dir='ltr'><strong>bac</strong></span> <span class='ocrx_word' id='word_1_422' title='bbox 2780 3010 2973 3080; x_wconf 81' lang='lat' dir='ltr'><strong>positis</strong></span> <span class='ocrx_word' id='word_1_423' title='bbox 3018 3008 3237 3063; x_wconf 88' lang='lat' dir='ltr'><strong>minime</strong></span> <span class='ocrx_word' id='word_1_424' title='bbox 3265 3006 3464 3061; x_wconf 90' lang='lat' dir='ltr'><strong>fuerint</strong></span> 
     </span>
    </p>
   </div>
   <div class='ocr_carea' id='block_1_61' title="bbox 1895 3097 3460 3170">
    <p class='ocr_par' dir='ltr' id='par_1_61' title="bbox 1895 3097 3460 3170">
     <span class='ocr_line' id='line_1_61' title="bbox 1895 3097 3460 3170; baseline -0.01 -6"><span class='ocrx_word' id='word_1_425' title='bbox 1895 3109 2155 3164; x_wconf 82' lang='lat' dir='ltr'><strong>relaxata.</strong></span> <span class='ocrx_word' id='word_1_426' title='bbox 2187 3105 2299 3161; x_wconf 83' lang='lat' dir='ltr'><strong>Hoc</strong></span> <span class='ocrx_word' id='word_1_427' title='bbox 2322 3115 2502 3159; x_wconf 89' lang='lat' dir='ltr'><strong>autem</strong></span> <span class='ocrx_word' id='word_1_428' title='bbox 2530 3103 2806 3159; x_wconf 91' lang='lat' dir='ltr'><strong>sciendum</strong></span> <span class='ocrx_word' id='word_1_429' title='bbox 2838 3109 2945 3166; x_wconf 89' lang='lat' dir='ltr'><strong>est,</strong></span> <span class='ocrx_word' id='word_1_430' title='bbox 2970 3100 3094 3170; x_wconf 85' lang='lat' dir='ltr'><strong>quia</strong></span> <span class='ocrx_word' id='word_1_431' title='bbox 3133 3099 3241 3152; x_wconf 89' lang='lat' dir='ltr'><strong>illic</strong></span> <span class='ocrx_word' id='word_1_432' title='bbox 3268 3097 3460 3152; x_wconf 87' lang='lat' dir='ltr'><strong>saltem</strong></span> 
     </span>
    </p>
   </div>
   <div class='ocr_carea' id='block_1_62' title="bbox 201 3169 1787 3265">
    <p class='ocr_par' dir='ltr' id='par_1_62' title="bbox 201 3185 1787 3263">
     <span class='ocr_line' id='line_1_62' title="bbox 201 3185 1787 3263; baseline -0.003 -17"><span class='ocrx_word' id='word_1_433' title='bbox 201 3186 612 3260; x_wconf 88' lang='lat' dir='ltr'><strong>perducendos,</strong></span> <span class='ocrx_word' id='word_1_434' title='bbox 641 3187 793 3258; x_wconf 88' lang='lat' dir='ltr'><strong>cujus</strong></span> <span class='ocrx_word' id='word_1_435' title='bbox 836 3203 1077 3244; x_wconf 87' lang='lat' dir='ltr'><strong>errorem</strong></span> <span class='ocrx_word' id='word_1_436' title='bbox 1117 3188 1395 3258; x_wconf 86' lang='lat' dir='ltr'><strong>sequentia</strong></span> <span class='ocrx_word' id='word_1_437' title='bbox 1431 3185 1787 3263; x_wconf 89' lang='lat' dir='ltr'><strong>quoqueDo-</strong></span> 
     </span>
    </p>
   </div>
   <div class='ocr_carea' id='block_1_63' title="bbox 1892 3169 3462 3265">
    <p class='ocr_par' dir='ltr' id='par_1_63' title="bbox 1896 3169 3462 3265">
     <span class='ocr_line' id='line_1_63' title="bbox 1896 3169 3462 3265; baseline -0.01 -11"><span class='ocrx_word' id='word_1_438' title='bbox 1896 3199 1963 3254; x_wconf 90' lang='lat' dir='ltr'><strong>de</strong></span> <span class='ocrx_word' id='word_1_439' title='bbox 2008 3196 2248 3252; x_wconf 88' lang='lat' dir='ltr'><strong>minimis</strong></span> <span class='ocrx_word' id='word_1_440' title='bbox 2284 3195 2358 3250; x_wconf 90' lang='lat' dir='ltr'><strong>nil</strong></span> <span class='ocrx_word' id='word_1_441' title='bbox 2395 3195 2621 3265; x_wconf 75' lang='lat' dir='ltr'><strong>quisque</strong></span> <span class='ocrx_word' id='word_1_442' title='bbox 2652 3169 3001 3263; x_wconf 80' lang='lat' dir='ltr'><strong>purgationis</strong></span> <span class='ocrx_word' id='word_1_443' title='bbox 3028 3187 3311 3253; x_wconf 87' lang='lat' dir='ltr'><strong>obtinebit,</strong></span> <span class='ocrx_word' id='word_1_444' title='bbox 3358 3186 3462 3240; x_wconf 81' lang='lat' dir='ltr'><strong>nisi</strong></span> 
     </span>
    </p>
   </div>
   <div class='ocr_carea' id='block_1_64' title="bbox 202 3276 1472 3348">
    <p class='ocr_par' dir='ltr' id='par_1_64' title="bbox 202 3276 1472 3348">
     <span class='ocr_line' id='line_1_64' title="bbox 202 3276 1472 3348; baseline -0.006 -12"><span class='ocrx_word' id='word_1_445' title='bbox 202 3280 343 3335; x_wconf 85' lang='lat' dir='ltr'><strong>mini</strong></span> <span class='ocrx_word' id='word_1_446' title='bbox 374 3278 539 3333; x_wconf 88' lang='lat' dir='ltr'><strong>verba</strong></span> <span class='ocrx_word' id='word_1_447' title='bbox 568 3277 922 3348; x_wconf 80' lang='lat' dir='ltr'><strong>redarguunt,</strong></span> <span class='ocrx_word' id='word_1_448' title='bbox 953 3292 1075 3331; x_wconf 89' lang='lat' dir='ltr'><strong>eum</strong></span> <span class='ocrx_word' id='word_1_449' title='bbox 1097 3276 1472 3346; x_wconf 89' lang='lat' dir='ltr'><strong>subsequitur:</strong></span> 
     </span>
    </p>
   </div>
   <div class='ocr_carea' id='block_1_65' title="bbox 278 3364 1793 3440">
    <p class='ocr_par' dir='ltr' id='par_1_65' title="bbox 278 3364 1793 3440">
     <span class='ocr_line' id='line_1_65' title="bbox 278 3364 1793 3440; baseline -0.003 -16"><span class='ocrx_word' id='word_1_450' title='bbox 278 3368 510 3440; x_wconf 78' lang='lat' dir='ltr'><strong>Spiritus</strong></span> <span class='ocrx_word' id='word_1_451' title='bbox 532 3377 707 3421; x_wconf 88' lang='lat' dir='ltr'><strong>autem</strong></span> <span class='ocrx_word' id='word_1_452' title='bbox 733 3367 1067 3438; x_wconf 70' lang='lat' dir='ltr'><strong>blasphemia:</strong></span> <span class='ocrx_word' id='word_1_453' title='bbox 1088 3384 1191 3422; x_wconf 88' lang='lat' dir='ltr'><strong>non</strong></span> <span class='ocrx_word' id='word_1_454' title='bbox 1219 3367 1526 3421; x_wconf 87' lang='lat' dir='ltr'><strong>remittetur.</strong></span> <span class='ocrx_word' id='word_1_455' title='bbox 1551 3364 1793 3435; x_wconf 87' lang='lat' dir='ltr'><strong>Quicrgo</strong></span> 
     </span>
    </p>
   </div>
   <div class='ocr_carea' id='block_1_66' title="bbox 205 3459 1795 3532">
    <p class='ocr_par' dir='ltr' id='par_1_66' title="bbox 205 3459 1795 3532">
     <span class='ocr_line' id='line_1_66' title="bbox 205 3459 1795 3532; baseline -0.001 -14"><span class='ocrx_word' id='word_1_456' title='bbox 205 3461 499 3519; x_wconf 81' lang='lat' dir='ltr'><strong>manifeste</strong></span> <span class='ocrx_word' id='word_1_457' title='bbox 523 3460 827 3532; x_wconf 80' lang='lat' dir='ltr'><strong>intelligens</strong></span> <span class='ocrx_word' id='word_1_458' title='bbox 848 3474 1010 3531; x_wconf 88' lang='lat' dir='ltr'><strong>opera</strong></span> <span class='ocrx_word' id='word_1_459' title='bbox 1028 3460 1146 3526; x_wconf 90' lang='lat' dir='ltr'><strong>Dei,</strong></span> <span class='ocrx_word' id='word_1_460' title='bbox 1164 3476 1285 3515; x_wconf 91' lang='lat' dir='ltr'><strong>eum</strong></span> <span class='ocrx_word' id='word_1_461' title='bbox 1310 3459 1403 3515; x_wconf 91' lang='lat' dir='ltr'><strong>Dei</strong></span> <span class='ocrx_word' id='word_1_462' title='bbox 1426 3460 1676 3514; x_wconf 77' lang='lat' dir='ltr'><strong>virtutem</strong></span> <span class='ocrx_word' id='word_1_463' title='bbox 1702 3475 1795 3516; x_wconf 85' lang='lat' dir='ltr'><strong>ne-</strong></span> 
     </span>
    </p>
   </div>
   <div class='ocr_carea' id='block_1_67' title="bbox 201 3552 1796 3625">
    <p class='ocr_par' dir='ltr' id='par_1_67' title="bbox 201 3552 1796 3625">
     <span class='ocr_line' id='line_1_67' title="bbox 201 3552 1796 3625; baseline 0.001 -18"><span class='ocrx_word' id='word_1_464' title='bbox 201 3570 338 3624; x_wconf 88' lang='lat' dir='ltr'><strong>gare</strong></span> <span class='ocrx_word' id='word_1_465' title='bbox 361 3570 467 3609; x_wconf 90' lang='lat' dir='ltr'><strong>non</strong></span> <span class='ocrx_word' id='word_1_466' title='bbox 493 3553 685 3625; x_wconf 89' lang='lat' dir='ltr'><strong>possit,</strong></span> <span class='ocrx_word' id='word_1_467' title='bbox 716 3553 1022 3608; x_wconf 86' lang='lat' dir='ltr'><strong>stimulatus</strong></span> <span class='ocrx_word' id='word_1_468' title='bbox 1043 3553 1243 3609; x_wconf 89' lang='lat' dir='ltr'><strong>invidia</strong></span> <span class='ocrx_word' id='word_1_469' title='bbox 1266 3552 1627 3609; x_wconf 86' lang='lat' dir='ltr'><strong>calumniatur</strong></span> <span class='ocrx_word' id='word_1_470' title='bbox 1640 3553 1796 3609; x_wconf 82' lang='lat' dir='ltr'><strong>Chri-</strong></span> 
     </span>
    </p>
   </div>
   <div class='ocr_carea' id='block_1_68' title="bbox 201 3644 1796 3716">
    <p class='ocr_par' dir='ltr' id='par_1_68' title="bbox 201 3644 1796 3716">
     <span class='ocr_line' id='line_1_68' title="bbox 201 3644 1796 3716; baseline 0.001 -17"><span class='ocrx_word' id='word_1_471' title='bbox 201 3653 378 3708; x_wconf 88' lang='lat' dir='ltr'><strong>stum,</strong></span> <span class='ocrx_word' id='word_1_472' title='bbox 404 3644 608 3714; x_wconf 85' lang='lat' dir='ltr'><strong>Deique</strong></span> <span class='ocrx_word' id='word_1_473' title='bbox 630 3645 877 3711; x_wconf 86' lang='lat' dir='ltr'><strong>verbum,</strong></span> <span class='ocrx_word' id='word_1_474' title='bbox 903 3652 959 3699; x_wconf 91' lang='lat' dir='ltr'><strong>et</strong></span> <span class='ocrx_word' id='word_1_475' title='bbox 985 3659 1147 3716; x_wconf 89' lang='lat' dir='ltr'><strong>opera</strong></span> <span class='ocrx_word' id='word_1_476' title='bbox 1188 3644 1422 3716; x_wconf 90' lang='lat' dir='ltr'><strong>Spiritus</strong></span> <span class='ocrx_word' id='word_1_477' title='bbox 1459 3651 1632 3702; x_wconf 89' lang='lat' dir='ltr'><strong>sancti</strong></span> <span class='ocrx_word' id='word_1_478' title='bbox 1662 3646 1796 3701; x_wconf 89' lang='lat' dir='ltr'><strong>dicit</strong></span> 
     </span>
    </p>
   </div>
   <div class='ocr_carea' id='block_1_69' title="bbox 197 3730 1793 3806">
    <p class='ocr_par' dir='ltr' id='par_1_69' title="bbox 197 3730 1793 3806">
     <span class='ocr_line' id='line_1_69' title="bbox 197 3730 1793 3806; baseline 0.002 -17"><span class='ocrx_word' id='word_1_479' title='bbox 197 3730 642 3789; x_wconf 85' lang='lat' dir='ltr'><strong>esseBelsebub:</strong></span> <span class='ocrx_word' id='word_1_480' title='bbox 672 3732 760 3788; x_wconf 90' lang='lat' dir='ltr'><strong>isti</strong></span> <span class='ocrx_word' id='word_1_481' title='bbox 783 3749 888 3788; x_wconf 92' lang='lat' dir='ltr'><strong>non</strong></span> <span class='ocrx_word' id='word_1_482' title='bbox 911 3732 1228 3801; x_wconf 89' lang='lat' dir='ltr'><strong>dimittetur,</strong></span> <span class='ocrx_word' id='word_1_483' title='bbox 1258 3749 1431 3804; x_wconf 90' lang='lat' dir='ltr'><strong>neque</strong></span> <span class='ocrx_word' id='word_1_484' title='bbox 1454 3735 1507 3789; x_wconf 90' lang='lat' dir='ltr'><strong>in</strong></span> <span class='ocrx_word' id='word_1_485' title='bbox 1538 3737 1793 3806; x_wconf 83' lang='lat' dir='ltr'><strong>praesenti</strong></span> 
     </span>
    </p>
   </div>
   <div class='ocr_carea' id='block_1_70' title="bbox 198 3822 1796 3896">
    <p class='ocr_par' dir='ltr' id='par_1_70' title="bbox 198 3822 1796 3896">
     <span class='ocr_line' id='line_1_70' title="bbox 198 3822 1796 3896; baseline 0.002 -17"><span class='ocrx_word' id='word_1_486' title='bbox 198 3822 404 3879; x_wconf 74' lang='lat' dir='ltr'><strong>sa:on</strong></span> <span class='ocrx_word' id='word_1_487' title='bbox 422 3838 597 3893; x_wconf 88' lang='lat' dir='ltr'><strong>neque</strong></span> <span class='ocrx_word' id='word_1_488' title='bbox 613 3824 666 3877; x_wconf 90' lang='lat' dir='ltr'><strong>in</strong></span> <span class='ocrx_word' id='word_1_489' title='bbox 684 3822 883 3879; x_wconf 87' lang='lat' dir='ltr'><strong>futuro.</strong></span> <span class='ocrx_word' id='word_1_490' title='bbox 899 3823 1013 3879; x_wconf 87' lang='lat' dir='ltr'><strong>Non</strong></span> <span class='ocrx_word' id='word_1_491' title='bbox 1037 3824 1179 3895; x_wconf 89' lang='lat' dir='ltr'><strong>quod</strong></span> <span class='ocrx_word' id='word_1_492' title='bbox 1193 3840 1448 3896; x_wconf 80' lang='lat' dir='ltr'><strong>negemus</strong></span> <span class='ocrx_word' id='word_1_493' title='bbox 1467 3835 1522 3882; x_wconf 92' lang='lat' dir='ltr'><strong>et</strong></span> <span class='ocrx_word' id='word_1_494' title='bbox 1541 3827 1590 3882; x_wconf 91' lang='lat' dir='ltr'><strong>ei</strong></span> <span class='ocrx_word' id='word_1_495' title='bbox 1613 3827 1656 3881; x_wconf 92' lang='lat' dir='ltr'><strong>si</strong></span> <span class='ocrx_word' id='word_1_496' title='bbox 1679 3842 1796 3896; x_wconf 86' lang='lat' dir='ltr'><strong>pee-</strong></span> 
     </span>
    </p>
   </div>
   <div class='ocr_carea' id='block_1_71' title="bbox 199 3912 1797 3986">
    <p class='ocr_par' dir='ltr' id='par_1_71' title="bbox 199 3912 1797 3986">
     <span class='ocr_line' id='line_1_71' title="bbox 199 3912 1797 3986; baseline 0.003 -18"><span class='ocrx_word' id='word_1_497' title='bbox 199 3912 493 3968; x_wconf 88' lang='lat' dir='ltr'><strong>uitentiam</strong></span> <span class='ocrx_word' id='word_1_498' title='bbox 518 3928 678 3983; x_wconf 84' lang='lat' dir='ltr'><strong>agere</strong></span> <span class='ocrx_word' id='word_1_499' title='bbox 702 3914 928 3969; x_wconf 88' lang='lat' dir='ltr'><strong>voluerit</strong></span> <span class='ocrx_word' id='word_1_500' title='bbox 952 3928 1109 3984; x_wconf 89' lang='lat' dir='ltr'><strong>posse</strong></span> <span class='ocrx_word' id='word_1_501' title='bbox 1134 3914 1353 3981; x_wconf 90' lang='lat' dir='ltr'><strong>dimitti,</strong></span> <span class='ocrx_word' id='word_1_502' title='bbox 1383 3916 1451 3970; x_wconf 89' lang='lat' dir='ltr'><strong>ab</strong></span> <span class='ocrx_word' id='word_1_503' title='bbox 1476 3917 1652 3986; x_wconf 88' lang='lat' dir='ltr'><strong>coqui</strong></span> <span class='ocrx_word' id='word_1_504' title='bbox 1683 3917 1797 3972; x_wconf 87' lang='lat' dir='ltr'><strong>vult</strong></span> 
     </span>
    </p>
   </div>
   <div class='ocr_carea' id='block_1_72' title="bbox 197 4004 1795 4077">
    <p class='ocr_par' dir='ltr' id='par_1_72' title="bbox 197 4004 1795 4077">
     <span class='ocr_line' id='line_1_72' title="bbox 197 4004 1795 4077; baseline 0.001 -15"><span class='ocrx_word' id='word_1_505' title='bbox 197 4019 401 4062; x_wconf 86' lang='lat' dir='ltr'><strong>omnes</strong></span> <span class='ocrx_word' id='word_1_506' title='bbox 426 4005 670 4061; x_wconf 82' lang='lat' dir='ltr'><strong>homines</strong></span> <span class='ocrx_word' id='word_1_507' title='bbox 692 4004 867 4061; x_wconf 88' lang='lat' dir='ltr'><strong>salvos</strong></span> <span class='ocrx_word' id='word_1_508' title='bbox 883 4005 1022 4072; x_wconf 75' lang='lat' dir='ltr'><strong>fieri,</strong></span> <span class='ocrx_word' id='word_1_509' title='bbox 1048 4006 1178 4062; x_wconf 90' lang='lat' dir='ltr'><strong>etin</strong></span> <span class='ocrx_word' id='word_1_510' title='bbox 1204 4006 1527 4077; x_wconf 81' lang='lat' dir='ltr'><strong>agnitionem</strong></span> <span class='ocrx_word' id='word_1_511' title='bbox 1549 4009 1795 4065; x_wconf 74' lang='lat' dir='ltr'><strong>veritatis</strong></span> 
     </span>
    </p>
   </div>
   <div class='ocr_carea' id='block_1_73' title="bbox 198 4094 1795 4169">
    <p class='ocr_par' dir='ltr' id='par_1_73' title="bbox 198 4094 1795 4169">
     <span class='ocr_line' id='line_1_73' title="bbox 198 4094 1795 4169; baseline 0.002 -17"><span class='ocrx_word' id='word_1_512' title='bbox 198 4095 431 4162; x_wconf 83' lang='lat' dir='ltr'><strong>venire;</strong></span> <span class='ocrx_word' id='word_1_513' title='bbox 446 4096 538 4152; x_wconf 90' lang='lat' dir='ltr'><strong>sed</strong></span> <span class='ocrx_word' id='word_1_514' title='bbox 551 4096 690 4166; x_wconf 90' lang='lat' dir='ltr'><strong>quod</strong></span> <span class='ocrx_word' id='word_1_515' title='bbox 706 4097 804 4167; x_wconf 88' lang='lat' dir='ltr'><strong>ipsi</strong></span> <span class='ocrx_word' id='word_1_516' title='bbox 822 4094 989 4165; x_wconf 86' lang='lat' dir='ltr'><strong>judici</strong></span> <span class='ocrx_word' id='word_1_517' title='bbox 1002 4105 1056 4151; x_wconf 89' lang='lat' dir='ltr'><strong>et</strong></span> <span class='ocrx_word' id='word_1_518' title='bbox 1072 4096 1309 4169; x_wconf 88' lang='lat' dir='ltr'><strong>largitori</strong></span> <span class='ocrx_word' id='word_1_519' title='bbox 1335 4099 1501 4154; x_wconf 74' lang='lat' dir='ltr'><strong>venia:</strong></span> <span class='ocrx_word' id='word_1_520' title='bbox 1514 4100 1795 4155; x_wconf 89' lang='lat' dir='ltr'><strong>credentes</strong></span> 
     </span>
    </p>
   </div>
   <div class='ocr_carea' id='block_1_74' title="bbox 200 4184 1796 4259">
    <p class='ocr_par' dir='ltr' id='par_1_74' title="bbox 200 4184 1796 4259">
     <span class='ocr_line' id='line_1_74' title="bbox 200 4184 1796 4259; baseline 0.004 -20"><span class='ocrx_word' id='word_1_521' title='bbox 200 4184 311 4257; x_wconf 86' lang='lat' dir='ltr'><strong>qui</strong></span> <span class='ocrx_word' id='word_1_522' title='bbox 329 4195 386 4241; x_wconf 86' lang='lat' dir='ltr'><strong>et</strong></span> <span class='ocrx_word' id='word_1_523' title='bbox 404 4199 461 4240; x_wconf 87' lang='lat' dir='ltr'><strong>se</strong></span> <span class='ocrx_word' id='word_1_524' title='bbox 481 4186 842 4256; x_wconf 75' lang='lat' dir='ltr'><strong>pmnitentiam</strong></span> <span class='ocrx_word' id='word_1_525' title='bbox 865 4199 1077 4258; x_wconf 89' lang='lat' dir='ltr'><strong>semper</strong></span> <span class='ocrx_word' id='word_1_526' title='bbox 1091 4191 1655 4259; x_wconf 87' lang='lat' dir='ltr'><strong>aceepturumethanc</strong></span> <span class='ocrx_word' id='word_1_527' title='bbox 1682 4191 1796 4246; x_wconf 85' lang='lat' dir='ltr'><strong>blu-</strong></span> 
     </span>
    </p>
   </div>
   <div class='ocr_carea' id='block_1_75' title="bbox 199 4277 1796 4354">
    <p class='ocr_par' dir='ltr' id='par_1_75' title="bbox 199 4277 1796 4354">
     <span class='ocr_line' id='line_1_75' title="bbox 199 4277 1796 4354; baseline 0.003 -19"><span class='ocrx_word' id='word_1_528' title='bbox 199 4277 513 4349; x_wconf 82' lang='lat' dir='ltr'><strong>spbemiam</strong></span> <span class='ocrx_word' id='word_1_529' title='bbox 543 4294 803 4348; x_wconf 88' lang='lat' dir='ltr'><strong>nusquam</strong></span> <span class='ocrx_word' id='word_1_530' title='bbox 844 4278 976 4335; x_wconf 89' lang='lat' dir='ltr'><strong>dicit</strong></span> <span class='ocrx_word' id='word_1_531' title='bbox 1001 4294 1122 4354; x_wconf 84' lang='lat' dir='ltr'><strong>esse</strong></span> <span class='ocrx_word' id='word_1_532' title='bbox 1157 4282 1556 4349; x_wconf 88' lang='lat' dir='ltr'><strong>remittendam,</strong></span> <span class='ocrx_word' id='word_1_533' title='bbox 1608 4283 1796 4339; x_wconf 86' lang='lat' dir='ltr'><strong>creda-</strong></span> 
     </span>
    </p>
   </div>
   <div class='ocr_carea' id='block_1_76' title="bbox 203 4367 1798 4443">
    <p class='ocr_par' dir='ltr' id='par_1_76' title="bbox 203 4367 1798 4443">
     <span class='ocr_line' id='line_1_76' title="bbox 203 4367 1798 4443; baseline 0.001 -17"><span class='ocrx_word' id='word_1_534' title='bbox 203 4384 337 4426; x_wconf 86' lang='lat' dir='ltr'><strong>mus</strong></span> <span class='ocrx_word' id='word_1_535' title='bbox 381 4369 525 4424; x_wconf 88' lang='lat' dir='ltr'><strong>bunc</strong></span> <span class='ocrx_word' id='word_1_536' title='bbox 568 4367 940 4440; x_wconf 88' lang='lat' dir='ltr'><strong>blasphemum</strong></span> <span class='ocrx_word' id='word_1_537' title='bbox 988 4371 1329 4443; x_wconf 82' lang='lat' dir='ltr'><strong>exigentibus</strong></span> <span class='ocrx_word' id='word_1_538' title='bbox 1380 4373 1593 4428; x_wconf 89' lang='lat' dir='ltr'><strong>meritis</strong></span> <span class='ocrx_word' id='word_1_539' title='bbox 1656 4373 1798 4428; x_wconf 89' lang='lat' dir='ltr'><strong>sicut</strong></span> 
     </span>
    </p>
   </div>
   <div class='ocr_carea' id='block_1_77' title="bbox 204 4450 1786 4534">
    <p class='ocr_par' dir='ltr' id='par_1_77' title="bbox 204 4450 1786 4534">
     <span class='ocr_line' id='line_1_77' title="bbox 204 4450 1786 4534; baseline 0.004 -20"><span class='ocrx_word' id='word_1_540' title='bbox 204 4473 487 4528; x_wconf 88' lang='lat' dir='ltr'><strong>nunquam</strong></span> <span class='ocrx_word' id='word_1_541' title='bbox 530 4459 599 4514; x_wconf 90' lang='lat' dir='ltr'><strong>ad</strong></span> <span class='ocrx_word' id='word_1_542' title='bbox 638 4460 1030 4527; x_wconf 89' lang='lat' dir='ltr'><strong>remissionem,</strong></span> <span class='ocrx_word' id='word_1_543' title='bbox 1062 4462 1138 4516; x_wconf 90' lang='lat' dir='ltr'><strong>ita</strong></span> <span class='ocrx_word' id='word_1_544' title='bbox 1189 4476 1291 4517; x_wconf 92' lang='lat' dir='ltr'><strong>nec</strong></span> <span class='ocrx_word' id='word_1_545' title='bbox 1331 4463 1402 4518; x_wconf 91' lang='lat' dir='ltr'><strong>ad</strong></span> <span class='ocrx_word' id='word_1_546' title='bbox 1434 4450 1587 4533; x_wconf 37' lang='lat' dir='ltr'><strong>ipsos.</strong></span> <span class='ocrx_word' id='word_1_547' title='bbox 1613 4463 1786 4534; x_wconf 82' lang='lat' dir='ltr'><strong>dignae</strong></span> 
     </span>
    </p>
   </div>
   <div class='ocr_carea' id='block_1_78' title="bbox 1892 3277 3467 3351">
    <p class='ocr_par' dir='ltr' id='par_1_78' title="bbox 1892 3277 3467 3351">
     <span class='ocr_line' id='line_1_78' title="bbox 1892 3277 3467 3351; baseline -0.008 -7"><span class='ocrx_word' id='word_1_548' title='bbox 1892 3287 2049 3344; x_wconf 91' lang='lat' dir='ltr'><strong>bouis</strong></span> <span class='ocrx_word' id='word_1_549' title='bbox 2078 3287 2181 3342; x_wconf 85' lang='lat' dir='ltr'><strong>hoc</strong></span> <span class='ocrx_word' id='word_1_550' title='bbox 2207 3284 2416 3340; x_wconf 76' lang='lat' dir='ltr'><strong>actibus</strong></span> <span class='ocrx_word' id='word_1_551' title='bbox 2443 3285 2498 3339; x_wconf 91' lang='lat' dir='ltr'><strong>in</strong></span> <span class='ocrx_word' id='word_1_552' title='bbox 2527 3285 2628 3339; x_wconf 89' lang='lat' dir='ltr'><strong>hac</strong></span> <span class='ocrx_word' id='word_1_553' title='bbox 2655 3282 2830 3337; x_wconf 89' lang='lat' dir='ltr'><strong>adhuc</strong></span> <span class='ocrx_word' id='word_1_554' title='bbox 2872 3281 2980 3335; x_wconf 87' lang='lat' dir='ltr'><strong>vita</strong></span> <span class='ocrx_word' id='word_1_555' title='bbox 3014 3278 3241 3351; x_wconf 90' lang='lat' dir='ltr'><strong>positus,</strong></span> <span class='ocrx_word' id='word_1_556' title='bbox 3271 3286 3327 3332; x_wconf 88' lang='lat' dir='ltr'><strong>ut</strong></span> <span class='ocrx_word' id='word_1_557' title='bbox 3358 3277 3467 3332; x_wconf 87' lang='lat' dir='ltr'><strong>illic</strong></span> 
     </span>
    </p>
   </div>
   <div class='ocr_carea' id='block_1_79' title="bbox 1892 3379 2548 3448">
    <p class='ocr_par' dir='ltr' id='par_1_79' title="bbox 1892 3379 2548 3448">
     <span class='ocr_line' id='line_1_79' title="bbox 1892 3379 2548 3448; baseline -0.008 -14"><span class='ocrx_word' id='word_1_558' title='bbox 1892 3379 2130 3434; x_wconf 87' lang='lat' dir='ltr'><strong>obtineat</strong></span> <span class='ocrx_word' id='word_1_559' title='bbox 2157 3385 2548 3448; x_wconf 85' lang='lat' dir='ltr'><strong>promereatur.</strong></span> 
     </span>
    </p>
   </div>
   <div class='ocr_carea' id='block_1_80' title="bbox 1918 3454 3462 3539">
    <p class='ocr_par' dir='ltr' id='par_1_80' title="bbox 1918 3454 3462 3539">
     <span class='ocr_line' id='line_1_80' title="bbox 1918 3454 3462 3539; baseline -0.006 -16"><span class='ocrx_word' id='word_1_560' title='bbox 1918 3464 1923 3467; x_wconf 17' lang='grc' dir='ltr'><strong>Ἴ</strong></span> <span class='ocrx_word' id='word_1_561' title='bbox 1964 3469 2067 3523; x_wconf 81' lang='lat' dir='ltr'><strong>Aut</strong></span> <span class='ocrx_word' id='word_1_562' title='bbox 2103 3469 2261 3539; x_wconf 77' lang='lat' dir='ltr'><strong>facite</strong></span> <span class='ocrx_word' id='word_1_563' title='bbox 2287 3467 2522 3521; x_wconf 81' lang='lat' dir='ltr'><strong>arborem</strong></span> <span class='ocrx_word' id='word_1_564' title='bbox 2545 3465 2732 3520; x_wconf 85' lang='lat' dir='ltr'><strong>bonam</strong></span> <span class='ocrx_word' id='word_1_565' title='bbox 2754 3473 2802 3519; x_wconf 85' lang='lat' dir='ltr'><strong>et</strong></span> <span class='ocrx_word' id='word_1_566' title='bbox 2835 3454 3062 3534; x_wconf 78' lang='lat' dir='ltr'><strong>fructum</strong></span> <span class='ocrx_word' id='word_1_567' title='bbox 3091 3463 3206 3534; x_wconf 83' lang='lat' dir='ltr'><strong>ejus</strong></span> <span class='ocrx_word' id='word_1_568' title='bbox 3236 3462 3462 3524; x_wconf 85' lang='lat' dir='ltr'><strong>bonum;</strong></span> 
     </span>
    </p>
   </div>
   <div class='ocr_carea' id='block_1_81' title="bbox 1894 3551 3464 3628">
    <p class='ocr_par' dir='ltr' id='par_1_81' title="bbox 1894 3551 3464 3628">
     <span class='ocr_line' id='line_1_81' title="bbox 1894 3551 3464 3628; baseline -0.006 -16"><span class='ocrx_word' id='word_1_569' title='bbox 1894 3566 1985 3614; x_wconf 84' lang='lat' dir='ltr'><strong>aut</strong></span> <span class='ocrx_word' id='word_1_570' title='bbox 2026 3557 2183 3628; x_wconf 79' lang='lat' dir='ltr'><strong>facite</strong></span> <span class='ocrx_word' id='word_1_571' title='bbox 2213 3558 2450 3611; x_wconf 84' lang='lat' dir='ltr'><strong>arborem</strong></span> <span class='ocrx_word' id='word_1_572' title='bbox 2496 3555 2690 3609; x_wconf 90' lang='lat' dir='ltr'><strong>malam</strong></span> <span class='ocrx_word' id='word_1_573' title='bbox 2729 3564 2776 3608; x_wconf 87' lang='lat' dir='ltr'><strong>et</strong></span> <span class='ocrx_word' id='word_1_574' title='bbox 2811 3553 3038 3624; x_wconf 82' lang='lat' dir='ltr'><strong>fructum</strong></span> <span class='ocrx_word' id='word_1_575' title='bbox 3081 3553 3196 3623; x_wconf 84' lang='lat' dir='ltr'><strong>ejus</strong></span> <span class='ocrx_word' id='word_1_576' title='bbox 3225 3551 3464 3616; x_wconf 84' lang='lat' dir='ltr'><strong>malum;</strong></span> 
     </span>
    </p>
   </div>
   <div class='ocr_carea' id='block_1_82' title="bbox 1892 3643 3462 3719">
    <p class='ocr_par' dir='ltr' id='par_1_82' title="bbox 1892 3643 3462 3719">
     <span class='ocr_line' id='line_1_82' title="bbox 1892 3643 3462 3719; baseline -0.004 -16"><span class='ocrx_word' id='word_1_577' title='bbox 1892 3665 1957 3703; x_wconf 73' lang='lat' dir='ltr'><strong>ea:</strong></span> <span class='ocrx_word' id='word_1_578' title='bbox 1984 3649 2158 3719; x_wconf 76' lang='lat' dir='ltr'><strong>fructu</strong></span> <span class='ocrx_word' id='word_1_579' title='bbox 2186 3648 2440 3719; x_wconf 79' lang='lat' dir='ltr'><strong>siquidem</strong></span> <span class='ocrx_word' id='word_1_580' title='bbox 2471 3646 2629 3700; x_wconf 89' lang='lat' dir='ltr'><strong>arbor</strong></span> <span class='ocrx_word' id='word_1_581' title='bbox 2656 3646 2973 3714; x_wconf 81' lang='lat' dir='ltr'><strong>agnoscitur.</strong></span> <span class='ocrx_word' id='word_1_582' title='bbox 3011 3643 3344 3715; x_wconf 84' lang='lat' dir='ltr'><strong>Coustringit</strong></span> <span class='ocrx_word' id='word_1_583' title='bbox 3367 3658 3462 3697; x_wconf 82' lang='lat' dir='ltr'><strong>eos</strong></span> 
     </span>
    </p>
   </div>
   <div class='ocr_carea' id='block_1_83' title="bbox 1892 3730 3463 3811">
    <p class='ocr_par' dir='ltr' id='par_1_83' title="bbox 1892 3730 3463 3811">
     <span class='ocr_line' id='line_1_83' title="bbox 1892 3730 3463 3811; baseline -0.006 -18"><span class='ocrx_word' id='word_1_584' title='bbox 1892 3738 2226 3811; x_wconf 79' lang='lat' dir='ltr'><strong>syllogismo,</strong></span> <span class='ocrx_word' id='word_1_585' title='bbox 2255 3752 2416 3808; x_wconf 89' lang='lat' dir='ltr'><strong>quem</strong></span> <span class='ocrx_word' id='word_1_586' title='bbox 2444 3734 2620 3791; x_wconf 67' lang='lat' dir='ltr'><strong>Graeci</strong></span> <span class='ocrx_word' id='word_1_587' title='bbox 2643 3741 2836 3789; x_wconf 86' lang='lat' dir='ltr'><strong>vocant</strong></span> <span class='ocrx_word' id='word_1_588' title='bbox 2858 3734 3084 3804; x_wconf 80' lang='lat' dir='ltr'><strong>Apciton</strong></span> <span class='ocrx_word' id='word_1_589' title='bbox 3107 3730 3463 3804; x_wconf 75' lang='lat' dir='ltr'><strong>[Aphucton],</strong></span> 
     </span>
    </p>
   </div>
   <div class='ocr_carea' id='block_1_84' title="bbox 1893 3824 3464 3897">
    <p class='ocr_par' dir='ltr' id='par_1_84' title="bbox 1893 3824 3464 3897">
     <span class='ocr_line' id='line_1_84' title="bbox 1893 3824 3464 3897; baseline -0.006 -11"><span class='ocrx_word' id='word_1_590' title='bbox 1893 3846 1991 3886; x_wconf 91' lang='lat' dir='ltr'><strong>nos</strong></span> <span class='ocrx_word' id='word_1_591' title='bbox 2009 3840 2187 3885; x_wconf 83' lang='lat' dir='ltr'><strong>autem</strong></span> <span class='ocrx_word' id='word_1_592' title='bbox 2204 3827 2565 3884; x_wconf 84' lang='lat' dir='ltr'><strong>inevitabilem</strong></span> <span class='ocrx_word' id='word_1_593' title='bbox 2581 3841 2868 3897; x_wconf 89' lang='lat' dir='ltr'><strong>possumus</strong></span> <span class='ocrx_word' id='word_1_594' title='bbox 2883 3824 3170 3895; x_wconf 81' lang='lat' dir='ltr'><strong>appellare,</strong></span> <span class='ocrx_word' id='word_1_595' title='bbox 3189 3824 3277 3893; x_wconf 90' lang='lat' dir='ltr'><strong>qui</strong></span> <span class='ocrx_word' id='word_1_596' title='bbox 3296 3824 3464 3877; x_wconf 83' lang='lat' dir='ltr'><strong>inter-</strong></span> 
     </span>
    </p>
   </div>
   <div class='ocr_carea' id='block_1_85' title="bbox 1893 3915 3458 3991">
    <p class='ocr_par' dir='ltr' id='par_1_85' title="bbox 1893 3915 3458 3991">
     <span class='ocr_line' id='line_1_85' title="bbox 1893 3915 3458 3991; baseline -0.004 -17"><span class='ocrx_word' id='word_1_597' title='bbox 1893 3930 2114 3991; x_wconf 79' lang='lat' dir='ltr'><strong>regatos</strong></span> <span class='ocrx_word' id='word_1_598' title='bbox 2132 3920 2259 3975; x_wconf 89' lang='lat' dir='ltr'><strong>hinc</strong></span> <span class='ocrx_word' id='word_1_599' title='bbox 2279 3919 2403 3973; x_wconf 88' lang='lat' dir='ltr'><strong>inde</strong></span> <span class='ocrx_word' id='word_1_600' title='bbox 2420 3917 2716 3982; x_wconf 88' lang='lat' dir='ltr'><strong>concludit,</strong></span> <span class='ocrx_word' id='word_1_601' title='bbox 2738 3925 2788 3971; x_wconf 92' lang='lat' dir='ltr'><strong>et</strong></span> <span class='ocrx_word' id='word_1_602' title='bbox 2806 3924 3035 3985; x_wconf 87' lang='lat' dir='ltr'><strong>utroque</strong></span> <span class='ocrx_word' id='word_1_603' title='bbox 3051 3930 3215 3970; x_wconf 89' lang='lat' dir='ltr'><strong>cornu</strong></span> <span class='ocrx_word' id='word_1_604' title='bbox 3237 3915 3458 3985; x_wconf 81' lang='lat' dir='ltr'><strong>premit.</strong></span> 
     </span>
    </p>
   </div>
   <div class='ocr_carea' id='block_1_86' title="bbox 1896 4004 3463 4081">
    <p class='ocr_par' dir='ltr' id='par_1_86' title="bbox 1896 4004 3463 4081">
     <span class='ocr_line' id='line_1_86' title="bbox 1896 4004 3463 4081; baseline -0.004 -15"><span class='ocrx_word' id='word_1_605' title='bbox 1896 4008 1954 4066; x_wconf 89' lang='lat' dir='ltr'><strong>Si</strong></span> <span class='ocrx_word' id='word_1_606' title='bbox 1984 4010 2175 4081; x_wconf 92' lang='lat' dir='ltr'><strong>inquit,</strong></span> <span class='ocrx_word' id='word_1_607' title='bbox 2207 4009 2449 4065; x_wconf 90' lang='lat' dir='ltr'><strong>diabolus</strong></span> <span class='ocrx_word' id='word_1_608' title='bbox 2470 4017 2554 4064; x_wconf 90' lang='lat' dir='ltr'><strong>est</strong></span> <span class='ocrx_word' id='word_1_609' title='bbox 2584 4007 2757 4063; x_wconf 91' lang='lat' dir='ltr'><strong>malus</strong></span> <span class='ocrx_word' id='word_1_610' title='bbox 2780 4006 2920 4061; x_wconf 90' lang='lat' dir='ltr'><strong>bona</strong></span> <span class='ocrx_word' id='word_1_611' title='bbox 2956 4020 3117 4075; x_wconf 86' lang='lat' dir='ltr'><strong>opera</strong></span> <span class='ocrx_word' id='word_1_612' title='bbox 3147 4004 3326 4060; x_wconf 79' lang='lat' dir='ltr'><strong>facere</strong></span> <span class='ocrx_word' id='word_1_613' title='bbox 3358 4021 3463 4059; x_wconf 86' lang='lat' dir='ltr'><strong>non</strong></span> 
     </span>
    </p>
   </div>
   <div class='ocr_carea' id='block_1_87' title="bbox 1892 4095 3460 4173">
    <p class='ocr_par' dir='ltr' id='par_1_87' title="bbox 1892 4095 3460 4173">
     <span class='ocr_line' id='line_1_87' title="bbox 1892 4095 3460 4173; baseline -0.006 -15"><span class='ocrx_word' id='word_1_614' title='bbox 1892 4112 2091 4173; x_wconf 78' lang='lat' dir='ltr'><strong>potest,</strong></span> <span class='ocrx_word' id='word_1_615' title='bbox 2142 4101 2189 4155; x_wconf 90' lang='lat' dir='ltr'><strong>si</strong></span> <span class='ocrx_word' id='word_1_616' title='bbox 2239 4108 2422 4155; x_wconf 87' lang='lat' dir='ltr'><strong>autem</strong></span> <span class='ocrx_word' id='word_1_617' title='bbox 2476 4101 2616 4154; x_wconf 87' lang='lat' dir='ltr'><strong>bona</strong></span> <span class='ocrx_word' id='word_1_618' title='bbox 2662 4106 2787 4152; x_wconf 88' lang='lat' dir='ltr'><strong>sunt</strong></span> <span class='ocrx_word' id='word_1_619' title='bbox 2833 4111 2952 4166; x_wconf 71' lang='lat' dir='ltr'><strong>qua:</strong></span> <span class='ocrx_word' id='word_1_620' title='bbox 3001 4096 3143 4150; x_wconf 84' lang='lat' dir='ltr'><strong>facta</strong></span> <span class='ocrx_word' id='word_1_621' title='bbox 3198 4095 3460 4159; x_wconf 87' lang='lat' dir='ltr'><strong>cernitis,</strong></span> 
     </span>
    </p>
   </div>
   <div class='ocr_carea' id='block_1_88' title="bbox 1893 4184 3463 4264">
    <p class='ocr_par' dir='ltr' id='par_1_88' title="bbox 1893 4184 3463 4264">
     <span class='ocr_line' id='line_1_88' title="bbox 1893 4184 3463 4264; baseline -0.006 -15"><span class='ocrx_word' id='word_1_622' title='bbox 1893 4195 2141 4264; x_wconf 86' lang='lat' dir='ltr'><strong>sequitur</strong></span> <span class='ocrx_word' id='word_1_623' title='bbox 2187 4199 2247 4246; x_wconf 88' lang='lat' dir='ltr'><strong>ut</strong></span> <span class='ocrx_word' id='word_1_624' title='bbox 2286 4207 2392 4245; x_wconf 91' lang='lat' dir='ltr'><strong>non</strong></span> <span class='ocrx_word' id='word_1_625' title='bbox 2429 4190 2500 4245; x_wconf 90' lang='lat' dir='ltr'><strong>sit</strong></span> <span class='ocrx_word' id='word_1_626' title='bbox 2536 4187 2781 4243; x_wconf 89' lang='lat' dir='ltr'><strong>diabolus</strong></span> <span class='ocrx_word' id='word_1_627' title='bbox 2828 4186 2919 4256; x_wconf 89' lang='lat' dir='ltr'><strong>qui</strong></span> <span class='ocrx_word' id='word_1_628' title='bbox 2966 4201 3029 4240; x_wconf 89' lang='lat' dir='ltr'><strong>ea</strong></span> <span class='ocrx_word' id='word_1_629' title='bbox 3068 4184 3198 4240; x_wconf 82' lang='lat' dir='ltr'><strong>facit</strong></span> <span class='ocrx_word' id='word_1_630' title='bbox 3234 4199 3249 4239; x_wconf 89' lang='lat'><strong>:</strong></span> <span class='ocrx_word' id='word_1_631' title='bbox 3288 4200 3463 4254; x_wconf 88' lang='lat' dir='ltr'><strong>neque</strong></span> 
     </span>
    </p>
   </div>
   <div class='ocr_carea' id='block_1_89' title="bbox 1893 4279 3462 4357">
    <p class='ocr_par' dir='ltr' id='par_1_89' title="bbox 1893 4279 3462 4357">
     <span class='ocr_line' id='line_1_89' title="bbox 1893 4279 3462 4357; baseline -0.007 -13"><span class='ocrx_word' id='word_1_632' title='bbox 1893 4288 2039 4344; x_wconf 90' lang='lat' dir='ltr'><strong>enim</strong></span> <span class='ocrx_word' id='word_1_633' title='bbox 2079 4285 2194 4341; x_wconf 82' lang='lat' dir='ltr'><strong>ﬁeri</strong></span> <span class='ocrx_word' id='word_1_634' title='bbox 2225 4291 2424 4357; x_wconf 91' lang='lat' dir='ltr'><strong>potest,</strong></span> <span class='ocrx_word' id='word_1_635' title='bbox 2452 4292 2512 4338; x_wconf 92' lang='lat' dir='ltr'><strong>ut</strong></span> <span class='ocrx_word' id='word_1_636' title='bbox 2567 4296 2633 4338; x_wconf 82' lang='lat' dir='ltr'><strong>ex</strong></span> <span class='ocrx_word' id='word_1_637' title='bbox 2679 4280 2822 4338; x_wconf 90' lang='lat' dir='ltr'><strong>malo</strong></span> <span class='ocrx_word' id='word_1_638' title='bbox 2855 4280 3076 4346; x_wconf 88' lang='lat' dir='ltr'><strong>bonum,</strong></span> <span class='ocrx_word' id='word_1_639' title='bbox 3102 4286 3195 4333; x_wconf 90' lang='lat' dir='ltr'><strong>aut</strong></span> <span class='ocrx_word' id='word_1_640' title='bbox 3225 4293 3291 4334; x_wconf 81' lang='lat' dir='ltr'><strong>ex</strong></span> <span class='ocrx_word' id='word_1_641' title='bbox 3319 4279 3462 4334; x_wconf 90' lang='lat' dir='ltr'><strong>bono</strong></span> 
     </span>
    </p>
   </div>
   <div class='ocr_carea' id='block_1_90' title="bbox 1893 4377 2361 4438">
    <p class='ocr_par' dir='ltr' id='par_1_90' title="bbox 1893 4377 2361 4438">
     <span class='ocr_line' id='line_1_90' title="bbox 1893 4377 2361 4438; baseline -0.011 -1"><span class='ocrx_word' id='word_1_642' title='bbox 1893 4381 2104 4438; x_wconf 88' lang='lat' dir='ltr'><strong>oriatur</strong></span> <span class='ocrx_word' id='word_1_643' title='bbox 2140 4377 2361 4434; x_wconf 89' lang='lat' dir='ltr'><strong>malum.</strong></span> 
     </span>
    </p>
   </div>
   <div class='ocr_carea' id='block_1_91' title="bbox 1964 4462 3460 4543">
    <p class='ocr_par' dir='ltr' id='par_1_91' title="bbox 1964 4462 3460 4543">
     <span class='ocr_line' id='line_1_91' title="bbox 1964 4462 3460 4543; baseline -0.007 -16"><span class='ocrx_word' id='word_1_644' title='bbox 1964 4469 2245 4543; x_wconf 81' lang='lat' dir='ltr'><strong>Progenies</strong></span> <span class='ocrx_word' id='word_1_645' title='bbox 2273 4471 2563 4541; x_wconf 87' lang='lat' dir='ltr'><strong>viperarum</strong></span> <span class='ocrx_word' id='word_1_646' title='bbox 2582 4508 2596 4533; x_wconf 93' lang='lat'><strong>,</strong></span> <span class='ocrx_word' id='word_1_647' title='bbox 2621 4466 2879 4539; x_wconf 83' lang='lat' dir='ltr'><strong>quomodo</strong></span> <span class='ocrx_word' id='word_1_648' title='bbox 2903 4464 3114 4539; x_wconf 83' lang='lat' dir='ltr'><strong>potestis</strong></span> <span class='ocrx_word' id='word_1_649' title='bbox 3151 4463 3285 4518; x_wconf 85' lang='lat' dir='ltr'><strong>bona</strong></span> <span class='ocrx_word' id='word_1_650' title='bbox 3317 4462 3460 4535; x_wconf 87' lang='lat' dir='ltr'><strong>loqui</strong></span> 
     </span>
    </p>
   </div>
   <div class='ocr_carea' id='block_1_92' title="bbox 202 4523 3481 4631">
    <p class='ocr_par' dir='ltr' id='par_1_92' title="bbox 202 4523 3481 4631">
     <span class='ocr_line' id='line_1_92' title="bbox 202 4523 3481 4631; baseline 0.002 -29"><span class='ocrx_word' id='word_1_651' title='bbox 202 4548 545 4620; x_wconf 68' lang='lat' dir='ltr'><strong>pmnitentia:</strong></span> <span class='ocrx_word' id='word_1_652' title='bbox 590 4547 797 4606; x_wconf 80' lang='lat' dir='ltr'><strong>fructus</strong></span> <span class='ocrx_word' id='word_1_653' title='bbox 843 4564 963 4607; x_wconf 89' lang='lat' dir='ltr'><strong>esse</strong></span> <span class='ocrx_word' id='word_1_654' title='bbox 1006 4560 1408 4623; x_wconf 85' lang='lat' dir='ltr'><strong>perventurum.</strong></span> <span class='ocrx_word' id='word_1_655' title='bbox 1465 4554 1627 4611; x_wconf 74' lang='lat' dir='ltr'><strong>quta</strong></span> <span class='ocrx_word' id='word_1_656' title='bbox 1682 4556 1786 4610; x_wconf 88' lang='lat' dir='ltr'><strong>hoc</strong></span> <span class='ocrx_word' id='word_1_657' title='bbox 1813 4523 1863 4583; x_wconf 69' lang='grc' dir='ltr'><strong>Β</strong></span> <span class='ocrx_word' id='word_1_658' title='bbox 1888 4578 2006 4617; x_wconf 87' lang='lat' dir='ltr'><strong>eum</strong></span> <span class='ocrx_word' id='word_1_659' title='bbox 2034 4523 2151 4616; x_wconf 55' lang='lat' dir='ltr'><strong>silis</strong></span> <span class='ocrx_word' id='word_1_660' title='bbox 2188 4523 2356 4615; x_wconf 52' lang='lat' dir='ltr'><strong>mali&#39;?</strong></span> <span class='ocrx_word' id='word_1_661' title='bbox 2396 4523 2676 4631; x_wconf 72' lang='lat' dir='ltr'><strong>Progenies</strong></span> <span class='ocrx_word' id='word_1_662' title='bbox 2708 4523 2997 4629; x_wconf 55' lang='lat' dir='ltr'><strong>viperarum</strong></span> <span class='ocrx_word' id='word_1_663' title='bbox 3026 4571 3120 4613; x_wconf 86' lang='lat' dir='ltr'><strong>eos</strong></span> <span class='ocrx_word' id='word_1_664' title='bbox 3146 4556 3296 4620; x_wconf 89' lang='lat' dir='ltr'><strong>dicit,</strong></span> <span class='ocrx_word' id='word_1_665' title='bbox 3333 4523 3459 4623; x_wconf 79' lang='lat' dir='ltr'><strong>quia</strong></span> 
     </span>
    </p>
   </div>
   <div class='ocr_carea' id='block_1_93' title="bbox 205 4638 1788 4718">
    <p class='ocr_par' dir='ltr' id='par_1_93' title="bbox 205 4638 1788 4718">
     <span class='ocr_line' id='line_1_93' title="bbox 205 4638 1788 4718; baseline 0.006 -25"><span class='ocrx_word' id='word_1_666' title='bbox 205 4640 355 4712; x_wconf 87' lang='lat' dir='ltr'><strong>quod</strong></span> <span class='ocrx_word' id='word_1_667' title='bbox 375 4638 606 4697; x_wconf 88' lang='lat' dir='ltr'><strong>Ioannes</strong></span> <span class='ocrx_word' id='word_1_668' title='bbox 627 4641 985 4714; x_wconf 86' lang='lat' dir='ltr'><strong>Evangelista,</strong></span> <span class='ocrx_word' id='word_1_669' title='bbox 1003 4643 1069 4698; x_wconf 90' lang='lat' dir='ltr'><strong>de</strong></span> <span class='ocrx_word' id='word_1_670' title='bbox 1097 4643 1416 4713; x_wconf 89' lang='lat' dir='ltr'><strong>quibusdam</strong></span> <span class='ocrx_word' id='word_1_671' title='bbox 1442 4645 1788 4718; x_wconf 65' lang='lat' dir='ltr'><strong>blasphemiae</strong></span> 
     </span>
    </p>
   </div>
   <div class='ocr_carea' id='block_1_94' title="bbox 205 4734 1789 4809">
    <p class='ocr_par' dir='ltr' id='par_1_94' title="bbox 205 4734 1789 4809">
     <span class='ocr_line' id='line_1_94' title="bbox 205 4734 1789 4809; baseline 0.003 -21"><span class='ocrx_word' id='word_1_672' title='bbox 205 4750 324 4789; x_wconf 75' lang='lat' dir='ltr'><strong>sua:</strong></span> <span class='ocrx_word' id='word_1_673' title='bbox 352 4734 545 4789; x_wconf 90' lang='lat' dir='ltr'><strong>merito</strong></span> <span class='ocrx_word' id='word_1_674' title='bbox 556 4735 838 4790; x_wconf 71' lang='lat' dir='ltr'><strong>excmcatis</strong></span> <span class='ocrx_word' id='word_1_675' title='bbox 862 4734 1205 4791; x_wconf 89' lang='lat' dir='ltr'><strong>veracissime</strong></span> <span class='ocrx_word' id='word_1_676' title='bbox 1233 4736 1449 4805; x_wconf 88' lang='lat' dir='ltr'><strong>scripsit</strong></span> <span class='ocrx_word' id='word_1_677' title='bbox 1474 4735 1789 4809; x_wconf 86' lang='lat' dir='ltr'><strong>:Propterea</strong></span> 
     </span>
    </p>
   </div>
   <div class='ocr_carea' id='block_1_95' title="bbox 207 4824 1791 4896">
    <p class='ocr_par' dir='ltr' id='par_1_95' title="bbox 207 4824 1791 4896">
     <span class='ocr_line' id='line_1_95' title="bbox 207 4824 1791 4896; baseline 0.004 -17"><span class='ocrx_word' id='word_1_678' title='bbox 207 4842 319 4879; x_wconf 83' lang='lat' dir='ltr'><strong>non</strong></span> <span class='ocrx_word' id='word_1_679' title='bbox 335 4835 573 4896; x_wconf 84' lang='lat' dir='ltr'><strong>poterunt</strong></span> <span class='ocrx_word' id='word_1_680' title='bbox 594 4824 820 4892; x_wconf 82' lang='lat' dir='ltr'><strong>credere,</strong></span> <span class='ocrx_word' id='word_1_681' title='bbox 837 4824 964 4895; x_wconf 89' lang='lat' dir='ltr'><strong>quia</strong></span> <span class='ocrx_word' id='word_1_682' title='bbox 989 4825 1187 4880; x_wconf 87' lang='lat' dir='ltr'><strong>iterum</strong></span> <span class='ocrx_word' id='word_1_683' title='bbox 1210 4824 1346 4880; x_wconf 82' lang='lat' dir='ltr'><strong>dixit</strong></span> <span class='ocrx_word' id='word_1_684' title='bbox 1367 4826 1535 4883; x_wconf 89' lang='lat' dir='ltr'><strong>Isaias</strong></span> <span class='ocrx_word' id='word_1_685' title='bbox 1558 4846 1573 4883; x_wconf 95' lang='lat'><strong>:</strong></span> <span class='ocrx_word' id='word_1_686' title='bbox 1605 4826 1791 4885; x_wconf 71' lang='lat' dir='ltr'><strong>Excru-</strong></span> 
     </span>
    </p>
   </div>
   <div class='ocr_carea' id='block_1_96' title="bbox 205 4915 1790 4982">
    <p class='ocr_par' dir='ltr' id='par_1_96' title="bbox 205 4915 1790 4982">
     <span class='ocr_line' id='line_1_96' title="bbox 205 4915 1790 4982; baseline 0.003 -12"><span class='ocrx_word' id='word_1_687' title='bbox 205 4916 347 4970; x_wconf 82' lang='lat' dir='ltr'><strong>cavit</strong></span> <span class='ocrx_word' id='word_1_688' title='bbox 372 4915 548 4969; x_wconf 87' lang='lat' dir='ltr'><strong>oculos</strong></span> <span class='ocrx_word' id='word_1_689' title='bbox 573 4931 776 4982; x_wconf 85' lang='lat' dir='ltr'><strong>eorum,</strong></span> <span class='ocrx_word' id='word_1_690' title='bbox 802 4925 849 4970; x_wconf 90' lang='lat' dir='ltr'><strong>et</strong></span> <span class='ocrx_word' id='word_1_691' title='bbox 882 4916 1149 4971; x_wconf 79' lang='lat' dir='ltr'><strong>induravit</strong></span> <span class='ocrx_word' id='word_1_692' title='bbox 1170 4931 1352 4970; x_wconf 89' lang='lat' dir='ltr'><strong>eorum</strong></span> <span class='ocrx_word' id='word_1_693' title='bbox 1381 4935 1472 4972; x_wconf 87' lang='lat' dir='ltr'><strong>cor</strong></span> <span class='ocrx_word' id='word_1_694' title='bbox 1500 4927 1558 4972; x_wconf 85' lang='lat' dir='ltr'><strong>ut</strong></span> <span class='ocrx_word' id='word_1_695' title='bbox 1589 4934 1695 4974; x_wconf 88' lang='lat' dir='ltr'><strong>non</strong></span> <span class='ocrx_word' id='word_1_696' title='bbox 1718 4920 1790 4974; x_wconf 82' lang='lat' dir='ltr'><strong>ui-</strong></span> 
     </span>
    </p>
   </div>
   <div class='ocr_carea' id='block_1_97' title="bbox 206 5008 1785 5081">
    <p class='ocr_par' dir='ltr' id='par_1_97' title="bbox 206 5008 1785 5081">
     <span class='ocr_line' id='line_1_97' title="bbox 206 5008 1785 5081; baseline 0.003 -17"><span class='ocrx_word' id='word_1_697' title='bbox 206 5010 370 5064; x_wconf 85' lang='lat' dir='ltr'><strong>deant</strong></span> <span class='ocrx_word' id='word_1_698' title='bbox 391 5008 576 5075; x_wconf 82' lang='lat' dir='ltr'><strong>oculis,</strong></span> <span class='ocrx_word' id='word_1_699' title='bbox 601 5019 646 5063; x_wconf 89' lang='lat' dir='ltr'><strong>et</strong></span> <span class='ocrx_word' id='word_1_700' title='bbox 669 5009 961 5081; x_wconf 86' lang='lat' dir='ltr'><strong>intelligant</strong></span> <span class='ocrx_word' id='word_1_701' title='bbox 983 5011 1138 5065; x_wconf 86' lang='lat' dir='ltr'><strong>corde</strong></span> <span class='ocrx_word' id='word_1_702' title='bbox 1157 5019 1207 5066; x_wconf 90' lang='lat' dir='ltr'><strong>et</strong></span> <span class='ocrx_word' id='word_1_703' title='bbox 1236 5021 1605 5067; x_wconf 83' lang='lat' dir='ltr'><strong>convertantur</strong></span> <span class='ocrx_word' id='word_1_704' title='bbox 1627 5021 1677 5068; x_wconf 83' lang='lat' dir='ltr'><strong>et</strong></span> <span class='ocrx_word' id='word_1_705' title='bbox 1699 5030 1785 5068; x_wconf 86' lang='lat' dir='ltr'><strong>sa-</strong></span> 
     </span>
    </p>
   </div>
   <div class='ocr_carea' id='block_1_98' title="bbox 207 5095 1784 5174">
    <p class='ocr_par' dir='ltr' id='par_1_98' title="bbox 207 5095 1784 5174">
     <span class='ocr_line' id='line_1_98' title="bbox 207 5095 1784 5174; baseline 0.003 -21"><span class='ocrx_word' id='word_1_706' title='bbox 207 5115 332 5153; x_wconf 84' lang='lat' dir='ltr'><strong>nem</strong></span> <span class='ocrx_word' id='word_1_707' title='bbox 360 5097 499 5153; x_wconf 87' lang='lat' dir='ltr'><strong>illos.</strong></span> <span class='ocrx_word' id='word_1_708' title='bbox 538 5095 664 5153; x_wconf 89' lang='lat' dir='ltr'><strong>Sola</strong></span> <span class='ocrx_word' id='word_1_709' title='bbox 713 5113 841 5171; x_wconf 84' lang='lat' dir='ltr'><strong>ergo</strong></span> <span class='ocrx_word' id='word_1_710' title='bbox 880 5100 1211 5170; x_wconf 87' lang='lat' dir='ltr'><strong>blasphemia</strong></span> <span class='ocrx_word' id='word_1_711' title='bbox 1250 5101 1304 5157; x_wconf 87' lang='lat' dir='ltr'><strong>in</strong></span> <span class='ocrx_word' id='word_1_712' title='bbox 1349 5101 1614 5174; x_wconf 89' lang='lat' dir='ltr'><strong>Spiritum</strong></span> <span class='ocrx_word' id='word_1_713' title='bbox 1654 5118 1784 5160; x_wconf 88' lang='lat' dir='ltr'><strong>san-</strong></span> 
     </span>
    </p>
   </div>
   <div class='ocr_carea' id='block_1_99' title="bbox 205 5187 1787 5266">
    <p class='ocr_par' dir='ltr' id='par_1_99' title="bbox 205 5187 1787 5266">
     <span class='ocr_line' id='line_1_99' title="bbox 205 5187 1787 5266; baseline 0.004 -22"><span class='ocrx_word' id='word_1_714' title='bbox 205 5198 381 5253; x_wconf 89' lang='lat' dir='ltr'><strong>ctum,</strong></span> <span class='ocrx_word' id='word_1_715' title='bbox 411 5202 516 5258; x_wconf 90' lang='lat' dir='ltr'><strong>qua</strong></span> <span class='ocrx_word' id='word_1_716' title='bbox 551 5187 778 5260; x_wconf 88' lang='lat' dir='ltr'><strong>quisque</strong></span> <span class='ocrx_word' id='word_1_717' title='bbox 806 5190 856 5244; x_wconf 91' lang='lat' dir='ltr'><strong>in</strong></span> <span class='ocrx_word' id='word_1_718' title='bbox 884 5190 1289 5247; x_wconf 85' lang='lat' dir='ltr'><strong>similitudinem</strong></span> <span class='ocrx_word' id='word_1_719' title='bbox 1314 5193 1513 5249; x_wconf 88' lang='lat' dir='ltr'><strong>diaboli</strong></span> <span class='ocrx_word' id='word_1_720' title='bbox 1542 5203 1598 5251; x_wconf 89' lang='lat' dir='ltr'><strong>et</strong></span> <span class='ocrx_word' id='word_1_721' title='bbox 1621 5208 1787 5266; x_wconf 87' lang='lat' dir='ltr'><strong>ange-</strong></span> 
     </span>
    </p>
   </div>
   <div class='ocr_carea' id='block_1_100' title="bbox 205 5277 1783 5353">
    <p class='ocr_par' dir='ltr' id='par_1_100' title="bbox 205 5277 1783 5353">
     <span class='ocr_line' id='line_1_100' title="bbox 205 5277 1783 5353; baseline 0.005 -20"><span class='ocrx_word' id='word_1_722' title='bbox 205 5277 390 5333; x_wconf 90' lang='lat' dir='ltr'><strong>lorum</strong></span> <span class='ocrx_word' id='word_1_723' title='bbox 437 5277 557 5349; x_wconf 83' lang='lat' dir='ltr'><strong>ejus</strong></span> <span class='ocrx_word' id='word_1_724' title='bbox 586 5288 772 5334; x_wconf 90' lang='lat' dir='ltr'><strong>contra</strong></span> <span class='ocrx_word' id='word_1_725' title='bbox 823 5281 1209 5336; x_wconf 81' lang='lat' dir='ltr'><strong>conscientiam</strong></span> <span class='ocrx_word' id='word_1_726' title='bbox 1256 5297 1408 5339; x_wconf 87' lang='lat' dir='ltr'><strong>suam</strong></span> <span class='ocrx_word' id='word_1_727' title='bbox 1444 5284 1783 5353; x_wconf 76' lang='lat' dir='ltr'><strong>maiestatem</strong></span> 
     </span>
    </p>
   </div>
   <div class='ocr_carea' id='block_1_101' title="bbox 204 5366 1785 5441">
    <p class='ocr_par' dir='ltr' id='par_1_101' title="bbox 204 5366 1785 5441">
     <span class='ocr_line' id='line_1_101' title="bbox 204 5366 1785 5441; baseline 0.006 -19"><span class='ocrx_word' id='word_1_728' title='bbox 204 5366 442 5424; x_wconf 88' lang='lat' dir='ltr'><strong>Deitatis</strong></span> <span class='ocrx_word' id='word_1_729' title='bbox 482 5384 791 5441; x_wconf 83' lang='lat' dir='ltr'><strong>oppugnare</strong></span> <span class='ocrx_word' id='word_1_730' title='bbox 816 5386 923 5426; x_wconf 90' lang='lat' dir='ltr'><strong>non</strong></span> <span class='ocrx_word' id='word_1_731' title='bbox 954 5372 1209 5440; x_wconf 89' lang='lat' dir='ltr'><strong>trepidat,</strong></span> <span class='ocrx_word' id='word_1_732' title='bbox 1246 5387 1354 5428; x_wconf 90' lang='lat' dir='ltr'><strong>non</strong></span> <span class='ocrx_word' id='word_1_733' title='bbox 1383 5375 1548 5431; x_wconf 87' lang='lat' dir='ltr'><strong>habet</strong></span> <span class='ocrx_word' id='word_1_734' title='bbox 1590 5377 1785 5432; x_wconf 84' lang='lat' dir='ltr'><strong>remis-</strong></span> 
     </span>
    </p>
   </div>
   <div class='ocr_carea' id='block_1_102' title="bbox 205 5461 1781 5534">
    <p class='ocr_par' dir='ltr' id='par_1_102' title="bbox 205 5461 1781 5534">
     <span class='ocr_line' id='line_1_102' title="bbox 205 5461 1781 5534; baseline 0.005 -19"><span class='ocrx_word' id='word_1_735' title='bbox 205 5462 420 5516; x_wconf 85' lang='lat' dir='ltr'><strong>sionem</strong></span> <span class='ocrx_word' id='word_1_736' title='bbox 461 5461 514 5516; x_wconf 90' lang='lat' dir='ltr'><strong>in</strong></span> <span class='ocrx_word' id='word_1_737' title='bbox 552 5470 833 5529; x_wconf 69' lang='lat' dir='ltr'><strong>arternum,</strong></span> <span class='ocrx_word' id='word_1_738' title='bbox 887 5463 982 5519; x_wconf 89' lang='lat' dir='ltr'><strong>sed</strong></span> <span class='ocrx_word' id='word_1_739' title='bbox 1011 5477 1137 5520; x_wconf 87' lang='lat' dir='ltr'><strong>reus</strong></span> <span class='ocrx_word' id='word_1_740' title='bbox 1187 5464 1294 5519; x_wconf 87' lang='lat' dir='ltr'><strong>erit</strong></span> <span class='ocrx_word' id='word_1_741' title='bbox 1337 5466 1525 5521; x_wconf 66' lang='lat' dir='ltr'><strong>aeterni</strong></span> <span class='ocrx_word' id='word_1_742' title='bbox 1577 5466 1781 5534; x_wconf 89' lang='lat' dir='ltr'><strong>delicti,</strong></span> 
     </span>
    </p>
   </div>
   <div class='ocr_carea' id='block_1_103' title="bbox 207 5550 1782 5627">
    <p class='ocr_par' dir='ltr' id='par_1_103' title="bbox 207 5550 1782 5627">
     <span class='ocr_line' id='line_1_103' title="bbox 207 5550 1782 5627; baseline 0.004 -21"><span class='ocrx_word' id='word_1_743' title='bbox 207 5553 354 5607; x_wconf 88' lang='lat' dir='ltr'><strong>sicut</strong></span> <span class='ocrx_word' id='word_1_744' title='bbox 398 5550 735 5623; x_wconf 83' lang='lat' dir='ltr'><strong>Evangelista</strong></span> <span class='ocrx_word' id='word_1_745' title='bbox 785 5552 996 5608; x_wconf 87' lang='lat' dir='ltr'><strong>Marcus</strong></span> <span class='ocrx_word' id='word_1_746' title='bbox 1043 5552 1327 5608; x_wconf 74' lang='lat' dir='ltr'><strong>manifeste</strong></span> <span class='ocrx_word' id='word_1_747' title='bbox 1372 5555 1639 5623; x_wconf 86' lang='lat' dir='ltr'><strong>declarat,</strong></span> <span class='ocrx_word' id='word_1_748' title='bbox 1691 5557 1782 5627; x_wconf 88' lang='lat' dir='ltr'><strong>qui</strong></span> 
     </span>
    </p>
   </div>
   <div class='ocr_carea' id='block_1_104' title="bbox 206 5640 1780 5714">
    <p class='ocr_par' dir='ltr' id='par_1_104' title="bbox 206 5640 1780 5714">
     <span class='ocr_line' id='line_1_104' title="bbox 206 5640 1780 5714; baseline 0.004 -20"><span class='ocrx_word' id='word_1_749' title='bbox 206 5640 392 5711; x_wconf 90' lang='lat' dir='ltr'><strong>posito</strong></span> <span class='ocrx_word' id='word_1_750' title='bbox 423 5641 526 5696; x_wconf 85' lang='lat' dir='ltr'><strong>hoc</strong></span> <span class='ocrx_word' id='word_1_751' title='bbox 554 5642 762 5697; x_wconf 90' lang='lat' dir='ltr'><strong>Domini</strong></span> <span class='ocrx_word' id='word_1_752' title='bbox 791 5643 1097 5697; x_wconf 88' lang='lat' dir='ltr'><strong>testimonio</strong></span> <span class='ocrx_word' id='word_1_753' title='bbox 1135 5642 1429 5713; x_wconf 63' lang='lat' dir='ltr'><strong>subiunxit,</strong></span> <span class='ocrx_word' id='word_1_754' title='bbox 1457 5652 1618 5714; x_wconf 84' lang='lat' dir='ltr'><strong>atque</strong></span> <span class='ocrx_word' id='word_1_755' title='bbox 1659 5647 1734 5701; x_wconf 89' lang='lat' dir='ltr'><strong>ait</strong></span> <span class='ocrx_word' id='word_1_756' title='bbox 1765 5662 1780 5701; x_wconf 95' lang='lat'><strong>:</strong></span> 
     </span>
    </p>
   </div>
   <div class='ocr_carea' id='block_1_105' title="bbox 211 5729 1780 5804">
    <p class='ocr_par' dir='ltr' id='par_1_105' title="bbox 211 5729 1780 5804">
     <span class='ocr_line' id='line_1_105' title="bbox 211 5729 1780 5804; baseline 0.006 -21"><span class='ocrx_word' id='word_1_757' title='bbox 211 5729 476 5796; x_wconf 79' lang='lat' dir='ltr'><strong>Quoniam</strong></span> <span class='ocrx_word' id='word_1_758' title='bbox 507 5732 778 5789; x_wconf 83' lang='lat' dir='ltr'><strong>dicebant:</strong></span> <span class='ocrx_word' id='word_1_759' title='bbox 800 5732 1054 5804; x_wconf 85' lang='lat' dir='ltr'><strong>Spiritum</strong></span> <span class='ocrx_word' id='word_1_760' title='bbox 1076 5734 1397 5789; x_wconf 81' lang='lat' dir='ltr'><strong>imnluudum</strong></span> <span class='ocrx_word' id='word_1_761' title='bbox 1430 5734 1621 5790; x_wconf 85' lang='lat' dir='ltr'><strong>habet:</strong></span> <span class='ocrx_word' id='word_1_762' title='bbox 1656 5751 1780 5792; x_wconf 86' lang='lat' dir='ltr'><strong>nam</strong></span> 
     </span>
    </p>
   </div>
   <div class='ocr_carea' id='block_1_106' title="bbox 1890 4645 3460 4719">
    <p class='ocr_par' dir='ltr' id='par_1_106' title="bbox 1890 4645 3460 4719">
     <span class='ocr_line' id='line_1_106' title="bbox 1890 4645 3460 4719; baseline -0.004 -13"><span class='ocrx_word' id='word_1_763' title='bbox 1890 4649 2088 4706; x_wconf 85' lang='lat' dir='ltr'><strong>diaboli</strong></span> <span class='ocrx_word' id='word_1_764' title='bbox 2141 4649 2281 4705; x_wconf 76' lang='lat' dir='ltr'><strong>ﬁlios</strong></span> <span class='ocrx_word' id='word_1_765' title='bbox 2333 4664 2427 4706; x_wconf 88' lang='lat' dir='ltr'><strong>cos</strong></span> <span class='ocrx_word' id='word_1_766' title='bbox 2467 4648 2738 4719; x_wconf 83' lang='lat' dir='ltr'><strong>appellat:</strong></span> <span class='ocrx_word' id='word_1_767' title='bbox 2784 4647 2837 4701; x_wconf 89' lang='lat' dir='ltr'><strong>in</strong></span> <span class='ocrx_word' id='word_1_768' title='bbox 2885 4654 3091 4700; x_wconf 88' lang='lat' dir='ltr'><strong>tantum</strong></span> <span class='ocrx_word' id='word_1_769' title='bbox 3143 4645 3285 4700; x_wconf 89' lang='lat' dir='ltr'><strong>enim</strong></span> <span class='ocrx_word' id='word_1_770' title='bbox 3336 4645 3460 4712; x_wconf 87' lang='lat' dir='ltr'><strong>quis</strong></span> 
     </span>
    </p>
   </div>
   <div class='ocr_carea' id='block_1_107' title="bbox 1887 4732 3457 4811">
    <p class='ocr_par' dir='ltr' id='par_1_107' title="bbox 1887 4732 3457 4811">
     <span class='ocr_line' id='line_1_107' title="bbox 1887 4732 3457 4811; baseline -0.008 -15"><span class='ocrx_word' id='word_1_771' title='bbox 1887 4739 2033 4796; x_wconf 85' lang='lat' dir='ltr'><strong>ﬁlius</strong></span> <span class='ocrx_word' id='word_1_772' title='bbox 2056 4740 2173 4811; x_wconf 64' lang='lat' dir='ltr'><strong>eius</strong></span> <span class='ocrx_word' id='word_1_773' title='bbox 2188 4747 2296 4806; x_wconf 84' lang='lat' dir='ltr'><strong>est,</strong></span> <span class='ocrx_word' id='word_1_774' title='bbox 2342 4739 2394 4792; x_wconf 82' lang='lat' dir='ltr'><strong>in</strong></span> <span class='ocrx_word' id='word_1_775' title='bbox 2427 4745 2684 4807; x_wconf 90' lang='lat' dir='ltr'><strong>quantum</strong></span> <span class='ocrx_word' id='word_1_776' title='bbox 2728 4749 2848 4789; x_wconf 90' lang='lat' dir='ltr'><strong>eum</strong></span> <span class='ocrx_word' id='word_1_777' title='bbox 2876 4733 3153 4804; x_wconf 87' lang='lat' dir='ltr'><strong>peccando</strong></span> <span class='ocrx_word' id='word_1_778' title='bbox 3194 4732 3457 4786; x_wconf 84' lang='lat' dir='ltr'><strong>imitatur.</strong></span> 
     </span>
    </p>
   </div>
   <div class='ocr_carea' id='block_1_108' title="bbox 1889 4822 3481 4905">
    <p class='ocr_par' dir='ltr' id='par_1_108' title="bbox 1889 4822 3481 4905">
     <span class='ocr_line' id='line_1_108' title="bbox 1889 4822 3481 4905; baseline -0.009 -17"><span class='ocrx_word' id='word_1_779' title='bbox 1889 4831 2043 4901; x_wconf 83' lang='lat' dir='ltr'><strong>Quod</strong></span> <span class='ocrx_word' id='word_1_780' title='bbox 2062 4831 2210 4885; x_wconf 79' lang='lat' dir='ltr'><strong>enim</strong></span> <span class='ocrx_word' id='word_1_781' title='bbox 2234 4830 2367 4885; x_wconf 90' lang='lat' dir='ltr'><strong>dicit</strong></span> <span class='ocrx_word' id='word_1_782' title='bbox 2404 4827 2663 4899; x_wconf 87' lang='lat' dir='ltr'><strong>quomodo</strong></span> <span class='ocrx_word' id='word_1_783' title='bbox 2705 4824 2919 4897; x_wconf 81' lang='lat' dir='ltr'><strong>potestis</strong></span> <span class='ocrx_word' id='word_1_784' title='bbox 2971 4825 3105 4878; x_wconf 85' lang='lat' dir='ltr'><strong>bona</strong></span> <span class='ocrx_word' id='word_1_785' title='bbox 3145 4822 3309 4894; x_wconf 68' lang='lat' dir='ltr'><strong>loqui,</strong></span> <span class='ocrx_word' id='word_1_786' title='bbox 3339 4837 3481 4905; x_wconf 23' lang='lat' dir='ltr'><strong>eum.</strong></span> 
     </span>
    </p>
   </div>
   <div class='ocr_carea' id='block_1_109' title="bbox 1867 4910 3457 4987">
    <p class='ocr_par' dir='ltr' id='par_1_109' title="bbox 1867 4910 3457 4987">
     <span class='ocr_line' id='line_1_109' title="bbox 1867 4910 3457 4987; baseline -0.006 -12"><span class='ocrx_word' id='word_1_787' title='bbox 1867 4923 2004 4987; x_wconf 86' lang='lat' dir='ltr'><strong>_sitis</strong></span> <span class='ocrx_word' id='word_1_788' title='bbox 2030 4921 2157 4975; x_wconf 87' lang='lat' dir='ltr'><strong>mali</strong></span> <span class='ocrx_word' id='word_1_789' title='bbox 2180 4919 2462 4975; x_wconf 69' lang='lat' dir='ltr'><strong>lostendit</strong></span> <span class='ocrx_word' id='word_1_790' title='bbox 2502 4916 2624 4972; x_wconf 89' lang='lat' dir='ltr'><strong>illos</strong></span> <span class='ocrx_word' id='word_1_791' title='bbox 2648 4917 2900 4972; x_wconf 87' lang='lat' dir='ltr'><strong>arborem</strong></span> <span class='ocrx_word' id='word_1_792' title='bbox 2949 4914 3172 4978; x_wconf 87' lang='lat' dir='ltr'><strong>malam,</strong></span> <span class='ocrx_word' id='word_1_793' title='bbox 3216 4919 3271 4966; x_wconf 90' lang='lat' dir='ltr'><strong>et</strong></span> <span class='ocrx_word' id='word_1_794' title='bbox 3322 4910 3457 4966; x_wconf 87' lang='lat' dir='ltr'><strong>tales</strong></span> 
     </span>
    </p>
   </div>
   <div class='ocr_carea' id='block_1_110' title="bbox 1888 5000 3459 5078">
    <p class='ocr_par' dir='ltr' id='par_1_110' title="bbox 1888 5000 3459 5078">
     <span class='ocr_line' id='line_1_110' title="bbox 1888 5000 3459 5078; baseline -0.007 -12"><span class='ocrx_word' id='word_1_795' title='bbox 1888 5010 2102 5066; x_wconf 87' lang='lat' dir='ltr'><strong>adferre</strong></span> <span class='ocrx_word' id='word_1_796' title='bbox 2128 5009 2333 5065; x_wconf 88' lang='lat' dir='ltr'><strong>fructus</strong></span> <span class='ocrx_word' id='word_1_797' title='bbox 2372 5006 2704 5078; x_wconf 89' lang='lat' dir='ltr'><strong>blasphemia</strong></span> <span class='ocrx_word' id='word_1_798' title='bbox 2734 5005 3113 5067; x_wconf 85' lang='lat' dir='ltr'><strong>redundantes,</strong></span> <span class='ocrx_word' id='word_1_799' title='bbox 3150 5000 3328 5072; x_wconf 90' lang='lat' dir='ltr'><strong>qualia</strong></span> <span class='ocrx_word' id='word_1_800' title='bbox 3361 5001 3459 5055; x_wconf 83' lang='lat' dir='ltr'><strong>ha-</strong></span> 
     </span>
    </p>
   </div>
   <div class='ocr_carea' id='block_1_111' title="bbox 1887 5098 2564 5156">
    <p class='ocr_par' dir='ltr' id='par_1_111' title="bbox 1887 5098 2564 5156">
     <span class='ocr_line' id='line_1_111' title="bbox 1887 5098 2564 5156; baseline -0.007 0"><span class='ocrx_word' id='word_1_801' title='bbox 1887 5100 2087 5156; x_wconf 89' lang='lat' dir='ltr'><strong>bebant</strong></span> <span class='ocrx_word' id='word_1_802' title='bbox 2110 5100 2313 5156; x_wconf 88' lang='lat' dir='ltr'><strong>semina</strong></span> <span class='ocrx_word' id='word_1_803' title='bbox 2345 5098 2564 5154; x_wconf 89' lang='lat' dir='ltr'><strong>diaboli.</strong></span> 
     </span>
    </p>
   </div>
   <div class='ocr_carea' id='block_1_112' title="bbox 1957 5184 3454 5262">
    <p class='ocr_par' dir='ltr' id='par_1_112' title="bbox 1957 5184 3454 5262">
     <span class='ocr_line' id='line_1_112' title="bbox 1957 5184 3454 5262; baseline -0.004 -16"><span class='ocrx_word' id='word_1_804' title='bbox 1957 5192 2044 5247; x_wconf 82' lang='lat' dir='ltr'><strong>Ea:</strong></span> <span class='ocrx_word' id='word_1_805' title='bbox 2063 5191 2384 5246; x_wconf 83' lang='lat' dir='ltr'><strong>abundantia</strong></span> <span class='ocrx_word' id='word_1_806' title='bbox 2416 5192 2552 5245; x_wconf 88' lang='lat' dir='ltr'><strong>enim</strong></span> <span class='ocrx_word' id='word_1_807' title='bbox 2578 5191 2751 5262; x_wconf 71' lang='lat' dir='ltr'><strong>cordis</strong></span> <span class='ocrx_word' id='word_1_808' title='bbox 2783 5206 2840 5245; x_wconf 89' lang='lat' dir='ltr'><strong>os</strong></span> <span class='ocrx_word' id='word_1_809' title='bbox 2871 5187 3121 5259; x_wconf 85' lang='lat' dir='ltr'><strong>loquitur.</strong></span> <span class='ocrx_word' id='word_1_810' title='bbox 3151 5184 3454 5241; x_wconf 79' lang='lat' dir='ltr'><strong>Humanum</strong></span> 
     </span>
    </p>
   </div>
   <div class='ocr_carea' id='block_1_113' title="bbox 1887 5276 3458 5356">
    <p class='ocr_par' dir='ltr' id='par_1_113' title="bbox 1887 5276 3458 5356">
     <span class='ocr_line' id='line_1_113' title="bbox 1887 5276 3458 5356; baseline -0.004 -18"><span class='ocrx_word' id='word_1_811' title='bbox 1887 5285 2101 5356; x_wconf 88' lang='lat' dir='ltr'><strong>quidem</strong></span> <span class='ocrx_word' id='word_1_812' title='bbox 2130 5282 2393 5354; x_wconf 83' lang='lat' dir='ltr'><strong>judicium</strong></span> <span class='ocrx_word' id='word_1_813' title='bbox 2438 5295 2579 5353; x_wconf 75' lang='lat' dir='ltr'><strong>smpe</strong></span> <span class='ocrx_word' id='word_1_814' title='bbox 2610 5282 2767 5347; x_wconf 89' lang='lat' dir='ltr'><strong>fallit,</strong></span> <span class='ocrx_word' id='word_1_815' title='bbox 2805 5281 2929 5351; x_wconf 91' lang='lat' dir='ltr'><strong>quia</strong></span> <span class='ocrx_word' id='word_1_816' title='bbox 2966 5292 3061 5334; x_wconf 89' lang='lat' dir='ltr'><strong>cor</strong></span> <span class='ocrx_word' id='word_1_817' title='bbox 3106 5276 3336 5350; x_wconf 76' lang='lat' dir='ltr'><strong>proximi</strong></span> <span class='ocrx_word' id='word_1_818' title='bbox 3366 5292 3458 5332; x_wconf 84' lang='lat' dir='ltr'><strong>ne-</strong></span> 
     </span>
    </p>
   </div>
   <div class='ocr_carea' id='block_1_114' title="bbox 1885 5362 3465 5446">
    <p class='ocr_par' dir='ltr' id='par_1_114' title="bbox 1885 5362 3465 5446">
     <span class='ocr_line' id='line_1_114' title="bbox 1885 5362 3465 5446; baseline -0.006 -14"><span class='ocrx_word' id='word_1_819' title='bbox 1885 5362 2008 5441; x_wconf 84' lang='lat' dir='ltr'><strong>scit,</strong></span> <span class='ocrx_word' id='word_1_820' title='bbox 2037 5377 2137 5432; x_wconf 91' lang='lat' dir='ltr'><strong>nisi</strong></span> <span class='ocrx_word' id='word_1_821' title='bbox 2175 5390 2241 5431; x_wconf 80' lang='lat' dir='ltr'><strong>ex</strong></span> <span class='ocrx_word' id='word_1_822' title='bbox 2268 5390 2364 5431; x_wconf 91' lang='lat' dir='ltr'><strong>ore</strong></span> <span class='ocrx_word' id='word_1_823' title='bbox 2400 5383 2456 5431; x_wconf 90' lang='lat' dir='ltr'><strong>et</strong></span> <span class='ocrx_word' id='word_1_824' title='bbox 2501 5388 2665 5444; x_wconf 83' lang='lat' dir='ltr'><strong>opere</strong></span> <span class='ocrx_word' id='word_1_825' title='bbox 2689 5386 2959 5443; x_wconf 88' lang='lat' dir='ltr'><strong>pensare:</strong></span> <span class='ocrx_word' id='word_1_826' title='bbox 2988 5370 3244 5425; x_wconf 88' lang='lat' dir='ltr'><strong>Dominus</strong></span> <span class='ocrx_word' id='word_1_827' title='bbox 3272 5376 3465 5446; x_wconf 30' lang='lat' dir='ltr'><strong>autem.</strong></span> 
     </span>
    </p>
   </div>
   <div class='ocr_carea' id='block_1_115' title="bbox 1884 5459 3459 5538">
    <p class='ocr_par' dir='ltr' id='par_1_115' title="bbox 1884 5459 3459 5538">
     <span class='ocr_line' id='line_1_115' title="bbox 1884 5459 3459 5538; baseline -0.005 -16"><span class='ocrx_word' id='word_1_828' title='bbox 1884 5465 2057 5538; x_wconf 90' lang='lat' dir='ltr'><strong>ipsum</strong></span> <span class='ocrx_word' id='word_1_829' title='bbox 2082 5482 2218 5537; x_wconf 89' lang='lat' dir='ltr'><strong>opus</strong></span> <span class='ocrx_word' id='word_1_830' title='bbox 2243 5474 2298 5522; x_wconf 86' lang='lat' dir='ltr'><strong>et</strong></span> <span class='ocrx_word' id='word_1_831' title='bbox 2328 5474 2610 5522; x_wconf 87' lang='lat' dir='ltr'><strong>sermones</strong></span> <span class='ocrx_word' id='word_1_832' title='bbox 2652 5471 2886 5529; x_wconf 83' lang='lat' dir='ltr'><strong>nostros,</strong></span> <span class='ocrx_word' id='word_1_833' title='bbox 2930 5472 3065 5533; x_wconf 85' lang='lat' dir='ltr'><strong>quos</strong></span> <span class='ocrx_word' id='word_1_834' title='bbox 3089 5460 3267 5516; x_wconf 81' lang='lat' dir='ltr'><strong>cordis</strong></span> <span class='ocrx_word' id='word_1_835' title='bbox 3289 5474 3353 5515; x_wconf 90' lang='lat' dir='ltr'><strong>os</strong></span> <span class='ocrx_word' id='word_1_836' title='bbox 3376 5459 3459 5514; x_wconf 80' lang='lat' dir='ltr'><strong>lo-</strong></span> 
     </span>
    </p>
   </div>
   <div class='ocr_carea' id='block_1_116' title="bbox 1885 5552 3456 5626">
    <p class='ocr_par' dir='ltr' id='par_1_116' title="bbox 1885 5552 3456 5626">
     <span class='ocr_line' id='line_1_116' title="bbox 1885 5552 3456 5626; baseline -0.006 -15"><span class='ocrx_word' id='word_1_837' title='bbox 1885 5557 2069 5626; x_wconf 87' lang='lat' dir='ltr'><strong>quitur</strong></span> <span class='ocrx_word' id='word_1_838' title='bbox 2101 5555 2331 5624; x_wconf 84' lang='lat' dir='ltr'><strong>judicat,</strong></span> <span class='ocrx_word' id='word_1_839' title='bbox 2383 5555 2475 5624; x_wconf 88' lang='lat' dir='ltr'><strong>qui</strong></span> <span class='ocrx_word' id='word_1_840' title='bbox 2513 5567 2581 5608; x_wconf 79' lang='lat' dir='ltr'><strong>ex</strong></span> <span class='ocrx_word' id='word_1_841' title='bbox 2631 5568 2738 5624; x_wconf 89' lang='lat' dir='ltr'><strong>qua</strong></span> <span class='ocrx_word' id='word_1_842' title='bbox 2790 5552 3087 5609; x_wconf 89' lang='lat' dir='ltr'><strong>intentione</strong></span> <span class='ocrx_word' id='word_1_843' title='bbox 3131 5558 3456 5623; x_wconf 80' lang='lat' dir='ltr'><strong>promantur</strong></span> 
     </span>
    </p>
   </div>
   <div class='ocr_carea' id='block_1_117' title="bbox 1883 5648 2436 5719">
    <p class='ocr_par' dir='ltr' id='par_1_117' title="bbox 1883 5648 2436 5719">
     <span class='ocr_line' id='line_1_117' title="bbox 1883 5648 2436 5719; baseline -0.002 -18"><span class='ocrx_word' id='word_1_844' title='bbox 1883 5648 2049 5703; x_wconf 86' lang='lat' dir='ltr'><strong>verba</strong></span> <span class='ocrx_word' id='word_1_845' title='bbox 2076 5660 2180 5702; x_wconf 90' lang='lat' dir='ltr'><strong>non</strong></span> <span class='ocrx_word' id='word_1_846' title='bbox 2207 5648 2436 5719; x_wconf 82' lang='lat' dir='ltr'><strong>ignorat.</strong></span> 
     </span>
    </p>
   </div>
   <div class='ocr_carea' id='block_1_118' title="bbox 1956 5734 3452 5806">
    <p class='ocr_par' dir='ltr' id='par_1_118' title="bbox 1956 5734 3452 5806">
     <span class='ocr_line' id='line_1_118' title="bbox 1956 5734 3452 5806; baseline -0.006 -16"><span class='ocrx_word' id='word_1_847' title='bbox 1956 5737 2135 5792; x_wconf 82' lang='lat' dir='ltr'><strong>Bonus</strong></span> <span class='ocrx_word' id='word_1_848' title='bbox 2158 5739 2309 5793; x_wconf 87' lang='lat' dir='ltr'><strong>homo</strong></span> <span class='ocrx_word' id='word_1_849' title='bbox 2333 5735 2395 5790; x_wconf 83' lang='lat' dir='ltr'><strong>tle</strong></span> <span class='ocrx_word' id='word_1_850' title='bbox 2423 5736 2554 5790; x_wconf 84' lang='lat' dir='ltr'><strong>bono</strong></span> <span class='ocrx_word' id='word_1_851' title='bbox 2574 5734 2817 5791; x_wconf 83' lang='lat' dir='ltr'><strong>thesauro</strong></span> <span class='ocrx_word' id='word_1_852' title='bbox 2844 5734 3038 5806; x_wconf 76' lang='lat' dir='ltr'><strong>profert</strong></span> <span class='ocrx_word' id='word_1_853' title='bbox 3076 5734 3241 5796; x_wconf 87' lang='lat' dir='ltr'><strong>bona;</strong></span> <span class='ocrx_word' id='word_1_854' title='bbox 3268 5739 3315 5785; x_wconf 84' lang='lat' dir='ltr'><strong>et</strong></span> <span class='ocrx_word' id='word_1_855' title='bbox 3339 5744 3452 5783; x_wconf 88' lang='lat' dir='ltr'><strong>ma-</strong></span> 
     </span>
    </p>
   </div>
  </div>
