3960 6360
198 441 319 500 425

1294 435 1600 496 HOMILUE
1636 434 1706 493 ΙΝ
1745 433 1963 497 EPIST.
2002 435 2090 492 ET
2128 433 2380 494 EVANG.

3379 438 3488 497 426

194 573 238 612 α
284 556 614 628 generatione
657 554 774 616 hac.
820 556 1078 625 Loquens
1103 550 1272 608 multa
1301 551 1561 610 Dominus
1588 552 1659 611 de
1696 552 1795 609 ad-
1822 558 1877 618 Α
1900 549 2206 607 dubitemus
2263 549 2441 605 inesse
2507 555 2736 608 testante
2787 546 2991 605 Joanne
3045 552 3139 622 qui
3191 564 3486 626 utrumque

194 652 405 703 ventus
429 645 511 702 sui
539 644 713 717 gloria
729 685 745 713 ,
778 652 1040 701 terrorem
1054 642 1290 716 ,quoque'
1315 642 1582 715 passionis
1609 643 1798 716 paucis

199 740 455 799 inserere
475 739 707 807 curavit,
733 747 796 795 ut
813 753 936 796 cum
956 738 1284 795 morientem
1302 745 1614 805 cernerent,
1635 751 1798 808 quem

196 830 621 906 gloriﬁcandum
650 830 953 899 audierant,
983 829 1226 888 dolorem
1252 829 1523 901 passionis
1549 843 1646 902 spe
1673 842 1800 901 pro-

198 926 392 983 missae
417 924 827 998 gloriﬁcationis
875 924 1209 997 mitigarent,
1266 922 1537 995 simulque
1586 936 1646 980 se
1695 921 1797 994 ipsi

197 1024 508 1090 pararent,
554 1016 601 1073 si
648 1014 876 1088 gloriam
922 1015 1076 1087 regni
1104 1013 1421 1088 diligerent,
1462 1012 1655 1069 mortis
1687 1026 1798 1069 non

196 1109 435 1167 horrere
452 1106 776 1181 periculum.
803 1106 1223 1164 Generationem
1245 1114 1427 1162 autem
1453 1119 1563 1161 non
1588 1111 1798 1160 tantum

198 1198 542 1268 Iudaeorum,
563 1214 753 1256 verum
797 1199 1039 1257 omnium
1086 1199 1442 1272 reproborum
1486 1196 1721 1269 appellat
1765 1210 1798 1252 a

200 1291 408 1363 quibus
450 1290 617 1347 etiam
655 1304 803 1346 nunc
840 1289 985 1346 ﬁlius
1032 1288 1271 1345 hominis
1299 1288 1353 1344 in
1398 1302 1627 1360 corpore
1673 1300 1796 1356 suo,

200 1378 317 1439 hoc
338 1386 441 1448 est,
465 1379 522 1436 in
546 1377 777 1436 ecclesia
798 1379 967 1435 multa
993 1378 1199 1451 patitur
1218 1389 1274 1434 et
1294 1378 1634 1450 reprobatur.

279 1467 352 1523 Et
379 1470 512 1525 sicut
538 1468 739 1539 factum
762 1476 837 1524 est
863 1469 924 1525 in
947 1468 1130 1524 diebus
1154 1468 1272 1525 Noe
1288 1509 1305 1537 ,
1331 1470 1407 1525 ita
1430 1469 1528 1525 erit
1555 1477 1605 1524 et
1632 1468 1689 1524 in
1712 1468 1799 1523 die

200 1559 309 1631 filii
341 1559 586 1616 hominis.
634 1558 883 1616 Subitam
922 1560 1190 1618 adventus
1224 1561 1308 1619 sui
1348 1560 1495 1617 diem
1547 1560 1796 1633 plurimis

201 1649 442 1706 aﬁirmat
471 1650 732 1722 exemplis
773 1669 788 1707 :
826 1666 953 1707 nam
1003 1665 1163 1723 quem
1215 1651 1416 1725 fulguri
1455 1652 1564 1709 cito
1611 1652 1796 1709 omnia

202 1741 566 1799 transvolanti
589 1751 1031 1815 comparaverat,
1059 1744 1310 1802 eumdem
1341 1744 1530 1802 diebus
1572 1745 1686 1804 Noe
1710 1748 1794 1805 vel

202 1835 371 1904 Loth,
387 1837 603 1908 quando
624 1836 941 1910 repentinus
961 1838 1285 1896 mortalibus
1314 1841 1624 1912 supervenit
1648 1840 1790 1899 inte-

202 1928 370 1997 ritus,
396 1930 717 2003 aequiperat.

277 2020 519 2077 Edebant
545 2032 595 2078 et
639 2023 901 2092 bibebant,
927 2040 1118 2084 uxores
1139 2028 1432 2096 ducebant,
1461 2038 1510 2084 et
1534 2028 1800 2085 dabantur

203 2111 281 2168 ad
329 2114 560 2185 nuptias.
619 2114 740 2172 Non
802 2117 891 2175 hic
916 2116 1073 2188 juxta
1111 2134 1372 2176 vesanum
1418 2119 1707 2177 Marcionis
1745 2127 1802 2176 et

205 2202 491 2261 Manichaei
516 2247 533 2274 ,
561 2215 621 2263 et
644 2206 857 2264 Tatiani
887 2210 1149 2282 principis
1177 2212 1567 2268 encratitarum
1608 2212 1799 2285 dogma

205 2295 460 2367 coniugia
503 2298 588 2354 vel
645 2298 903 2356 alimenta
930 2302 1277 2370 damnantur,
1309 2319 1431 2359 cum
1472 2304 1528 2358 in
1559 2302 1646 2359 bis
1672 2318 1799 2360 suc-

205 2388 493 2455 cessionis,
524 2388 582 2443 in
616 2388 722 2445 illis
747 2399 956 2448 naturae
1010 2393 1120 2449 sint
1158 2394 1339 2465 posita
1382 2395 1643 2452 subsidia.
1693 2394 1802 2452 Sed

199 2475 360 2548 juxta
387 2479 531 2550 quod
558 2479 846 2552 Apostolus
880 2483 981 2551 ait,
1008 2485 1185 2540 omnia
1210 2486 1340 2540 mihi
1368 2486 1544 2554 licent,
1579 2486 1670 2541 sed
1694 2502 1802 2541 non

207 2571 388 2625 omnia
417 2571 717 2642 expediunt,
749 2572 1139 2631 immoderatus
1166 2576 1349 2648 potius
1375 2576 1646 2634 licitorum
1670 2591 1800 2633 usus

206 2661 490 2732 arguitur;
519 2677 695 2733 neque
714 2663 856 2719 enim
885 2665 1012 2736 quia
1037 2666 1154 2722 haec
1173 2667 1425 2738 agebant,
1448 2668 1543 2723 sed
1563 2669 1689 2740 quia
1715 2668 1801 2724 his

206 2770 270 2811 se
302 2763 445 2813 totos
470 2755 715 2815 dedendo
739 2758 835 2816 Dei
855 2759 1059 2831 judicia
1084 2762 1527 2832 contemnebant,
1547 2779 1690 2836 aqua
1713 2764 1800 2822 vel

207 2844 341 2917 igne
363 2848 662 2918 perierunt.

286 2935 461 3011 Usque
483 2941 538 2996 in
568 2942 707 2998 diem
730 2961 837 3016 qua
860 2945 1073 3002 intravit
1103 2944 1220 3004 Noe
1250 2963 1306 3002 tn
1332 2963 1512 3002 arcam
1530 2987 1546 3015 ,
1585 2954 1635 3002 et
1665 2948 1800 3003 venit

205 3027 490 3100 diluvium,
525 3042 573 3087 et
598 3035 825 3105 perdidit
850 3052 1047 3093 omnes.
1075 3036 1189 3094 Noe
1211 3054 1396 3095 arcam
1420 3038 1653 3095 aediﬁcat
1673 3054 1798 3096 cum

207 3118 475 3178 Dominus
521 3123 809 3181 ecclesiam
859 3125 926 3182 de
970 3126 1102 3183 viris
1142 3126 1390 3184 ﬁdelibus
1437 3128 1593 3199 quasi
1638 3128 1801 3200 lignis

206 3208 458 3285 levigatis
501 3215 787 3273 adunando
831 3218 1131 3287 construit,
1181 3234 1347 3290 quam
1389 3218 1632 3291 perfecte
1660 3235 1793 3277 con-

1898 640 2080 712 ignem
2107 646 2164 695 et
2208 638 2401 696 subitae
2434 638 2642 694 scilicet
2662 639 3019 709 correptionis
3060 648 3115 696 et
3142 643 3488 715 sempiternae

1898 732 2355 791 concremationis
2381 731 2697 789 describens
2743 732 2856 798 ait,
2896 743 2948 788 et
2974 734 3240 790 descendit
3270 737 3407 809 ignis
3450 755 3487 795 a

1899 824 2010 881 Deo
2031 825 2096 881 de
2115 827 2262 892 calo,
2289 835 2338 881 et
2359 824 2618 882 devoravit
2642 843 2749 893 eos,
2767 835 2815 881 et
2835 825 3075 882 diabolus
3095 828 3186 900 qui
3206 828 3488 886 seducebat

1897 934 1985 975 eos
2012 919 2202 975 missus
2244 918 2399 974 estin
2426 928 2669 991 stagnum
2710 919 2844 990 ignis
2874 929 2922 974 et
2959 918 3260 991 sulphuris,
3294 921 3387 977 ubi
3437 932 3495 978 et

1896 1007 2075 1067 bestia
2113 1018 2171 1067 et
2193 1011 2675 1084 pseudoprophette
2700 1011 3087 1069 cruciabuntur
3115 1013 3205 1071 die
3237 1028 3305 1071 ac
3328 1022 3491 1072 nocte

1898 1100 1954 1157 in
1976 1102 2172 1159 saecula
2198 1102 2541 1160 saeculorum.

1972 1194 2277 1252 Secundum
2288 1197 2401 1252 haec
2414 1196 2513 1251 erit
2533 1212 2637 1268 qua
2656 1196 2742 1252 die
2752 1194 2897 1267 ﬁlius
2908 1197 3135 1254 hominis
3157 1197 3489 1255 revelabitur.

1896 1285 2131 1343 Pulchre
2161 1287 2510 1356 revelabitur,
2559 1288 2651 1359 qui
2678 1288 2898 1345 interim
2932 1305 3041 1345 non
3070 1305 3337 1363 apparens
3372 1306 3493 1349 om-

1897 1379 1986 1434 nia
2017 1378 2269 1437 videlicet
2292 1388 2423 1436 tunc
2458 1394 2724 1452 apparens
2744 1378 3029 1451 iudicabit.

1967 1470 2037 1525 In
2052 1469 2147 1527 illa
2166 1472 2321 1539 hora,
2342 1473 2433 1541 qui
2454 1472 2612 1542 fuerit
2628 1474 2685 1527 in
2705 1482 2861 1541 tecto,
2885 1483 2933 1530 et
2954 1492 3083 1530 vasa
3101 1476 3216 1548 ejus
3236 1477 3291 1532 in
3312 1476 3491 1542 domo,

1896 1574 1961 1617 ne
1980 1561 2260 1618 descendat
2280 1562 2459 1619 tollere
2472 1562 2586 1620 illa.
2613 1563 2888 1622 Hactenus
2905 1566 2971 1623 de
2989 1581 3076 1645 e9,
3100 1568 3243 1638 quod
3266 1583 3493 1640 regnum

1895 1654 2017 1720 Dei,
2079 1655 2136 1711 id
2179 1662 2265 1712 est
2321 1655 2594 1723 Christus,
2626 1673 2735 1714 non
2780 1674 2905 1714 cum
2951 1658 3352 1723 observatione,
3397 1659 3493 1715 sed

1894 1744 2202 1817 insperatus
2229 1747 2511 1819 adveniat;
2541 1763 2686 1804 nunc
2714 1763 2745 1802 a
2775 1747 3026 1821 qualibus
3054 1748 3195 1805 idem
3223 1749 3491 1804 adventus

1894 1839 2201 1910 exspectari
2240 1839 2436 1895 debeat
2471 1839 2795 1896 ostenditur.
2827 1839 2888 1895 In
2917 1846 3063 1897 tecto
3106 1854 3240 1910 ergo
3288 1847 3373 1897 est
3397 1837 3493 1909 qui

1826 1922 1873 1984 B
1900 1932 2167 1989 excedens
2194 1933 2432 1989 carnalia
2460 1942 2720 2005 tanquam
2740 1934 2798 1990 in
2824 1948 2956 1989 aura
2979 1934 3149 1991 libera
3172 1932 3493 2005 spiritaliter

1897 2021 2052 2090 vivit,
2077 2036 2209 2078 vasa
2232 2022 2350 2095 ejus
2378 2023 2435 2078 in
2463 2024 2624 2080 domo
2650 2025 3106 2096 concupiscentiae
3139 2032 3267 2081 sunt
3290 2039 3491 2081 carna-

1898 2114 2013 2182 les,
2056 2130 2194 2187 quas
2236 2115 2293 2171 in
2319 2114 2443 2171 imis
2472 2126 2773 2185 amaverat,
2815 2118 2912 2174 sed
2959 2132 3195 2190 superna
3219 2125 3412 2188 petens
3439 2117 3496 2172 in

1898 2208 2003 2265 hoc
2029 2209 2231 2265 mundo
2256 2210 2582 2281 reliquerat,
2625 2226 2761 2283 quas
2802 2210 3117 2269 imminente
3142 2214 3348 2287 judicio
3400 2229 3497 2270 ne-

1900 2315 2053 2357 cesse
2079 2309 2164 2357 est
2192 2301 2497 2358 nullatenus
2546 2311 2779 2375 repetat,
2808 2304 2957 2360 illam
2990 2307 3137 2362 enim
3165 2308 3358 2365 horam
3381 2325 3491 2366 non

1899 2406 2020 2448 eam
2056 2408 2161 2464 qua
2184 2391 2354 2463 judex
2384 2393 2564 2462 venit,
2595 2397 2691 2451 sed
2724 2410 2830 2466 qua
2857 2404 3118 2455 venturus
3145 2407 3230 2455 est
3260 2399 3413 2463 dicit.

1973 2482 2041 2538 Et
2075 2484 2164 2556 qui
2190 2485 2245 2538 in
2273 2501 2434 2556 agro,
2465 2502 2571 2541 non
2609 2485 2783 2540 redeat
2814 2496 2973 2542 retro.
3002 2488 3105 2556 Qui
3134 2497 3393 2560 operatur
3437 2490 3493 2545 in

1898 2572 2162 2641 Ecclesia,
2203 2581 2258 2629 et
2285 2574 2427 2630 sicut
2466 2574 2665 2631 Paulus
2693 2586 2749 2631 et
2790 2575 2983 2648 Apollo
3003 2578 3211 2649 plantat
3234 2590 3290 2638 et
3332 2582 3497 2653 rigat,

1899 2680 2010 2723 non
2047 2665 2304 2737 respiciat
2331 2666 2402 2721 ad
2430 2666 2689 2723 saeculum
2728 2668 2816 2723 cui
2850 2671 3203 2726 renuntiavit.

1971 2756 2231 2815 Memores
2266 2768 2428 2815 estote
2470 2762 2653 2816 uxoris
2677 2758 2833 2816 Loth.
2867 2762 3016 2820 Uxor
3044 2764 3184 2821 Loth
3229 2765 3500 2837 signiﬁcat

1899 2862 1994 2906 eos
2024 2849 2117 2919 qui
2152 2849 2208 2904 in
2232 2849 2581 2906 tribulatione
2616 2859 2765 2907 retro
2799 2852 3118 2923 respiciunt,
3142 2861 3198 2909 et
3223 2870 3284 2910 se
3306 2856 3374 2911 ab
3405 2870 3501 2926 spe

1900 2938 2097 2995 divinae
2141 2939 2521 3009 promissionis
2567 2948 2838 2997 avertunt.
2880 2940 2949 2996 Et
3001 2942 3125 2999 ideo
3166 2943 3224 2998 in
3259 2951 3497 3000 statuam

1900 3029 2034 3085 salis
2064 3029 2209 3085 facta
2225 3037 2329 3096 est,
2354 3037 2413 3084 ut
2433 3030 2778 3087 admonendo
2802 3030 3051 3088 homines
3075 3048 3145 3088 ne
3172 3033 3277 3089 hoc
3298 3034 3501 3089 faciant

1901 3130 2157 3193 tanquam
2186 3122 2405 3179 condiat
2425 3138 2523 3179 cor
2546 3138 2759 3190 eorum,
2793 3139 2862 3181 ne
2890 3125 2999 3181 sint
3019 3125 3175 3182 fatui.

1973 3214 2283 3287 Quicunque
2310 3216 2576 3287 qutesierit
2602 3216 2837 3272 animam
2876 3233 3028 3273 suam
3058 3217 3261 3273 salvam
3286 3217 3461 3288 facere
3481 3260 3497 3285 ,

206 3311 540 3361 summatem
579 3305 881 3380 ingreditur
907 3348 923 3375 ,
979 3324 1105 3365 cum
1149 3309 1292 3366 hanc
1349 3309 1406 3365 in
1467 3311 1556 3367 die
1606 3310 1798 3383 judicii
1824 3299 1870 3362 C
1900 3307 2077 3378 perdet
2132 3306 2300 3362 illam.
2351 3306 2572 3363 Duobus
2626 3308 2803 3365 modis
2862 3309 2980 3364 haec
3034 3308 3304 3365 sententia
3352 3318 3501 3366 recte

204 3394 501 3465 praesentia
546 3411 661 3454 suae
686 3397 912 3454 visionis
953 3406 1190 3455 aeternus
1221 3399 1498 3456 habitator
1546 3399 1795 3457 illustrat.

207 3485 323 3545 Sed
348 3503 468 3545 cum
512 3505 641 3551 arca
680 3491 1009 3561 aediﬁcatur,
1056 3491 1225 3564 iniqui
1265 3492 1628 3560 luxuriantur,
1673 3509 1800 3551 cum

204 3594 344 3636 vero
363 3580 617 3650 intratur,
648 3581 941 3651 intereunt,
964 3583 1091 3656 quia
1119 3584 1214 3655 qui
1239 3584 1445 3641 sanctis
1466 3584 1557 3641 hic
1584 3594 1801 3642 certan-

204 3672 356 3728 tibus
381 3672 668 3745 insultant,
688 3675 771 3755 eis
784 3675 898 3734 illic
916 3676 1211 3745 coronatis,
1230 3683 1436 3735 aeterna
1454 3678 1802 3738 damnatione

199 3764 534 3836 plectemur.

282 3857 537 3917 Similiter
559 3862 694 3917 sicut
718 3860 917 3932 factum
937 3872 1012 3919 est
1041 3863 1099 3918 in
1121 3861 1303 3919 diebus
1325 3862 1458 3918 Loth
1476 3862 1728 3919 :edebant
1753 3871 1800 3918 et

201 3951 471 4018 bibebant,
512 3953 748 4009 emebant
775 3963 825 4010 et
852 3954 1171 4021 vendebant,
1198 3953 1508 4025 plantabant
1548 3964 1595 4010 et
1627 3954 1797 4024 aedi/i—

198 4043 420 4132 cabant.
442 4043 820 4105 Praetermisso
840 4046 1102 4104 Dominus
1119 4046 1213 4104 illo
1234 4049 1474 4104 maximo
1500 4056 1558 4104 et
1578 4046 1802 4104 infando

198 4132 577 4189 Sodomorum
634 4135 838 4193 scelere
855 4176 872 4204 ,
927 4136 1043 4194 sola
1091 4152 1155 4194 ea
1198 4151 1319 4207 quae
1363 4136 1505 4194 levia
1525 4137 1611 4194 vel
1655 4136 1801 4192 nulla

191 4225 396 4297 putari
446 4234 699 4297 poterant
728 4228 921 4286 delicta
967 4237 1391 4296 commemorat,
1431 4237 1493 4285 ut
1533 4228 1817 4301 intelligas

196 4316 399 4373 illicita
424 4317 571 4388 quali
591 4332 750 4389 pinna
777 4319 1062 4387 feriantur,
1092 4320 1139 4377 si
1167 4320 1317 4377 licita
1341 4331 1399 4377 et
1419 4336 1486 4377 ea
1528 4320 1648 4377 sine
1677 4320 1800 4392 qui-

194 4406 312 4463 bus
347 4408 465 4464 haec
492 4408 601 4465 vita
626 4425 737 4468 non
759 4410 978 4469 ducitur
1005 4411 1418 4469 immoderatius
1440 4420 1562 4468 acta
1596 4412 1720 4485 igne
1748 4419 1804 4468 et

198 4497 469 4569 sulphure
505 4500 823 4572 puniuntur.

278 4589 401 4656 Qua
433 4590 518 4646 dic
546 4602 723 4648 autem
743 4594 872 4651 exiit
897 4592 1030 4650 Loth
1057 4612 1092 4650 a
1128 4594 1397 4663 Sodomis,
1427 4594 1561 4667 pluit
1586 4595 1721 4668 ignis
1751 4604 1800 4651 et

1901 3404 2084 3469 potest
2112 3396 2369 3471 intelligi,
2407 3398 2502 3455 sed
2533 3399 2600 3455 ad
2626 3414 2795 3454 unum
2822 3399 3046 3456 omnino
3074 3398 3240 3455 ﬁnem
3265 3407 3497 3472 uterque

1904 3489 2212 3548 intellectus
2241 3489 2493 3556 refertur,
2523 3499 2583 3545 ut
2615 3490 2866 3547 videlicet
2889 3491 3119 3547 adversa
3144 3506 3248 3562 pro
3274 3489 3498 3547 Christo

1902 3582 2036 3652 pati,
2079 3582 2189 3638 imo
2232 3582 2405 3655 ipsam
2451 3597 2681 3640 mortem
2711 3598 2820 3639 non
2867 3584 3154 3640 timeamus
3182 3583 3371 3651 obire,
3400 3585 3498 3656 qui

1901 3676 2067 3741 enim,
2099 3676 2342 3732 minante
2365 3685 2597 3733 mortem
2626 3684 2996 3747 persecutore,
3016 3677 3062 3733 si
3086 3690 3192 3732 non
3216 3678 3500 3750 negaverit

1902 3766 2201 3835 Christum,
2244 3767 2418 3840 magis
2467 3768 2621 3841 eligit
2661 3769 2728 3824 ad
2756 3778 2967 3839 tempus
3002 3768 3215 3824 salvare
3258 3769 3499 3823 animam

1904 3875 2058 3915 suam
2089 3862 2355 3932 negando,
2385 3869 2601 3918 aeternae
2627 3862 2767 3918 hanc
2798 3861 2989 3933 procul
3014 3862 3179 3918 dubio
3201 3862 3497 3934 perditioni

1902 3958 2207 4021 praeparat,
2264 3950 2396 4006 item
2453 3951 2547 4022 qui
2595 3951 2827 4007 salutem
2880 3952 3076 4008 animat
3126 3966 3239 4008 suae
3303 3953 3501 4024 quaerit

1892 4040 2163 4099 'teternam
2193 4042 2561 4115 temporaliter
2597 4057 2717 4098 eam
2762 4043 2906 4098 inter
2932 4049 3343 4112 persecutorum
3382 4058 3501 4098 ma-

1903 4150 2006 4189 nus
2030 4132 2279 4205 perdere,
2312 4134 2417 4189 hoc
2446 4141 2552 4200 est,
2590 4133 2646 4188 in
2673 4139 2906 4188 mortem
2935 4132 3067 4188 dare
3108 4148 3218 4188 non
3263 4132 3494 4189 dubitat.

1903 4228 2022 4286 Utri
2048 4235 2229 4286 autem
2261 4228 2446 4285 sensui
2476 4234 2739 4299 congruat
2767 4233 2892 4297 apte
2913 4225 3057 4297 quod
3086 4226 3349 4296 sequitur.

1972 4320 2043 4375 Et
2066 4320 2359 4393 quicunque
2378 4318 2662 4391 perdiderit
2682 4316 2851 4384 illam,
2879 4316 3159 4387 viviﬁcabit
3176 4333 3313 4372 eam.
3335 4315 3393 4373 1d
3414 4324 3501 4373 est

1902 4413 1995 4485 qui
2044 4413 2135 4469 hic
2189 4411 2513 4485 perdiderit,
2572 4410 2681 4466 illic
2735 4408 3031 4467 viviﬁcabit
3058 4450 3074 4477 ,
3130 4409 3222 4479 qui
3275 4416 3501 4480 propter

1902 4505 2180 4562 Christum
2201 4505 2363 4561 morti
2387 4502 2700 4569 tradiderit,
2728 4510 2839 4558 tota
2864 4501 2951 4558 die
2978 4500 3257 4556 aestimans
3283 4514 3407 4555 eam
3436 4507 3500 4555 ut

1903 4613 2062 4655 ovem
2080 4597 2369 4656 occisionis
2392 4603 2720 4668 exsurgente
2745 4604 2870 4651 tunc
2889 4600 2944 4648 et
2964 4592 3252 4663 adiuvante
3277 4590 3500 4647 Christo

198 4682 432 4754 sulphur
457 4684 522 4739 de
552 4684 679 4740 cwlo
708 4695 759 4742 et
786 4703 964 4743 omnes
992 4686 1240 4759 perdidit.
1275 4686 1551 4765 Hactenus
1577 4667 1720 4744 Loth
1743 4688 1799 4743 in
1824 4667 1881 4729 Ῑ)
1904 4690 2133 4747 liberam
2158 4703 2279 4745 eam
2304 4687 2545 4744 inveniet
2572 4667 2795 4757 propter
2822 4697 3019 4738 nomen
3047 4680 3272 4736 Christi.

201 4775 479 4842 Sodomis,
512 4776 569 4833 id
605 4786 710 4846 est,
739 4777 1038 4836 electorum
1095 4778 1324 4851 populus
1371 4779 1515 4834 inter
1542 4779 1800 4849 reprobos

200 4878 269 4925 ut
289 4871 501 4927 advena
529 4883 794 4942 moratur,
824 4883 879 4931 et
900 4873 1016 4944 ipse
1040 4881 1261 4943 aspectu
1289 4882 1346 4929 et
1366 4872 1552 4929 auditu
1599 4872 1799 4943 justus,

200 4968 261 5017 et
280 4959 443 5031 juxta
470 4962 977 5035 interpretationem
998 4964 1236 5021 nominis
1259 4962 1420 5033 Loth,
1438 4979 1625 5023 eorum
1644 4962 1799 5036 ﬂagi-

202 5056 285 5111 tia
330 5065 595 5127 quantum
640 5057 783 5114 valet
809 5057 1106 5114 declinans.
1150 5057 1396 5114 Exeunte
1440 5066 1625 5114 autem
1661 5057 1803 5114 Loth

199 5147 449 5205 Sodoma
480 5149 699 5220 peribit,
729 5151 858 5220 quia
883 5150 939 5206 in
969 5152 1435 5208 consummatione
1476 5151 1658 5208 saeculi
1704 5166 1802 5208 61--

195 5237 367 5293 ibnnt
390 5239 568 5309 angeli
588 5247 643 5294 et
664 5240 994 5311 separabnnt
1021 5240 1195 5298 malos
1222 5242 1287 5297 de
1312 5242 1491 5299 medio
1506 5243 1800 5314 iustorum,

192 5339 261 5388 et
277 5332 503 5389 mittent
525 5349 622 5391 eos
647 5335 699 5389 in
723 5334 998 5391 caminum
1020 5336 1182 5407 ignis.
1211 5334 1310 5391 Ubi
1332 5336 1630 5392 notandum
1656 5335 1805 5407 quod

195 5424 354 5497 ignis
381 5433 438 5480 et
464 5426 716 5498 sulphur,
761 5443 885 5500 quae
904 5429 975 5484 de
999 5428 1137 5484 ctelo
1161 5428 1363 5500 pluisse
1387 5437 1798 5499 commemorat,

196 5531 323 5574 non
348 5516 525 5589 ipsam
556 5520 812 5591 perennis
849 5520 1099 5594 supplicii
1122 5519 1397 5577 flammam
1414 5563 1429 5590 ,
1472 5523 1567 5579 sed
1596 5524 1802 5580 subita-

194 5623 375 5664 neum
405 5609 514 5667 diei
559 5610 703 5667 illius
755 5611 1027 5683 signiﬁcat
1072 5612 1401 5678 adventum;
1451 5627 1629 5683 neque
1653 5613 1801 5669 enim

191 5701 354 5775 ignis
379 5701 470 5758 ille
495 5714 796 5777 perpetuus
825 5705 1217 5777 superveniens
1239 5704 1436 5778 impios
1461 5706 1670 5776 puniet,
1704 5706 1803 5762 sed

193 5793 313 5867 ipsi
341 5795 523 5865 potius
560 5812 592 5851 a
619 5811 909 5870 conspectu
933 5799 1136 5872 iudicis
1157 5798 1337 5870 eiecti,
1381 5799 1437 5854 in
1463 5799 1644 5871 ignem
1671 5800 1800 5856 mit-

197 5894 402 5945 tentur
422 5894 709 5946 aeternum.
737 5889 998 5959 Quamvis
1027 5899 1082 5949 et
1104 5890 1282 5952 eidem
1304 5890 1415 5961 igni
1441 5890 1665 5962 sulphur
1694 5906 1798 5946 non

537 5979 812 6046 Panos.
858 5982 988 6046 CX.

1973 4780 2103 4835 Dico
2121 4779 2265 4835 vobis
2288 4795 2306 4834 :
2335 4777 2443 4832 Illa
2467 4784 2612 4832 nocte
2639 4784 2790 4829 erunt
2815 4773 2920 4828 duo
2944 4771 3156 4827 inlecta
3174 4787 3303 4827 uno.
3333 4770 3496 4826 Dixe-

1904 4880 1992 4928 rat
2017 4886 2180 4942 supra
2207 4870 2470 4927 Dominus
2492 4883 2617 4924 eum
2650 4868 2742 4937 qui
2782 4867 2835 4922 in
2864 4881 2995 4939 agro
3040 4865 3113 4921 sit
3159 4864 3337 4919 redire
3388 4879 3496 4918 non

1905 4966 2103 5022 debere
2133 4983 2146 5019 :
2179 4963 2325 5035 quod
2369 4977 2439 5019 ne
2467 4962 2533 5018 de
2558 4961 2644 5017 his
2670 4968 2902 5027 tantum,
2936 4959 3028 5030 qui
3057 4965 3245 5029 aperte
3274 4957 3339 5012 de
3369 4971 3502 5029 agro

1904 5055 2156 5121 redituri,
2185 5054 2288 5110 hoc
2316 5060 2418 5122 est,
2448 5052 2626 5123 palam
2649 5051 2936 5108 Dominum
2960 5048 3206 5121 negaturi
3241 5057 3368 5104 sunt
3413 5048 3496 5104 di-

1910 5156 2057 5204 ctum
2099 5155 2322 5219 putares
2347 5187 2362 5214 ,
2411 5146 2588 5219 pergit
2615 5145 2901 5202 ostendere
2929 5141 3219 5200 nonnullos
3239 5143 3331 5213 qui
3372 5158 3498 5199 cum

1907 5238 2104 5296 faciem
2135 5240 2191 5294 in
2219 5238 2494 5294 anteriora
2540 5245 2729 5294 tenere
2761 5235 3067 5301 videantur,
3106 5231 3288 5288 animo
3318 5241 3500 5289 tamen

1909 5347 1974 5389 ac
2003 5338 2186 5387 mente
2218 5338 2368 5386 retro
2414 5328 2729 5400 respiciant.
2758 5326 2817 5381 In
2852 5325 2942 5380 illa
2989 5339 3120 5396 ergo
3152 5332 3312 5381 nocte
3359 5322 3498 5379 dixit

1906 5439 1977 5481 ne
2018 5423 2109 5479 illa
2148 5422 2499 5478 tribulatione
2547 5429 2657 5476 tam
2708 5419 2992 5476 tenebrosa
3035 5425 3095 5472 ut
3144 5415 3199 5472 in
3253 5430 3496 5474 errorem

1907 5516 2252 5584 inducantur,
2287 5515 2333 5571 si
2352 5514 2469 5570 ﬁeri
2495 5520 2693 5586 potest,
2723 5512 2886 5569 etiam
2911 5510 3093 5580 electi,
3117 5513 3223 5568 duo
3251 5517 3416 5568 erunt
3440 5509 3498 5564 in

1908 5609 2068 5677 lecto,
2114 5608 2190 5664 illi
2219 5606 2491 5674 videlicet,
2541 5606 2633 5676 qui
2663 5605 2835 5662 otium
2880 5613 2939 5662 et
2980 5605 3217 5676 quietem
3242 5601 3492 5673 eligunt:

1908 5716 2083 5774 neque
2135 5698 2368 5771 negotiis
2415 5697 2785 5767 saecularibus,
2832 5712 3009 5770 neque
3055 5686 3289 5769 negotiis
3318 5693 3465 5750 eccle

1908 5792 2144 5850 siasticis
2186 5790 2457 5862 occupati,
2485 5806 2606 5861 quae
2643 5789 2857 5848 illorum
2903 5791 3061 5863 quies
3111 5787 3237 5846 lecti
3276 5783 3498 5841 nomine

1910 5883 2215 5958 signiﬁcata
2256 5890 2358 5939 est.

2945 5975 3015 6040 1's
