  <div class='ocr_page' id='page_1' title='image "/cluster/home/n/w/nwhite01/storage/ocr_20150623/110/hvd.32044015466865/225.png"; bbox 0 0 3960 6360; ppageno 0'>
   <div class='ocr_carea' id='block_1_1' title="bbox 503 349 609 406">
    <p class='ocr_par' dir='ltr' id='par_1_1' title="bbox 503 349 609 406">
     <span class='ocr_line' id='line_1_1' title="bbox 503 349 609 406; baseline -0.019 0"><span class='ocrx_word' id='word_1_1' title='bbox 503 349 609 406; x_wconf 69' lang='grc'><strong><em>42⁵1</em></strong></span> 
     </span>
    </p>
   </div>
   <div class='ocr_carea' id='block_1_2' title="bbox 1146 344 3121 407">
    <p class='ocr_par' dir='ltr' id='par_1_2' title="bbox 1146 344 3121 407">
     <span class='ocr_line' id='line_1_2' title="bbox 1146 344 3121 407; baseline 0.001 -7"><span class='ocrx_word' id='word_1_2' title='bbox 1146 344 1206 400; x_wconf 85' lang='grc' dir='ltr'><strong>Β.</strong></span> <span class='ocrx_word' id='word_1_3' title='bbox 1247 345 1500 400; x_wconf 83' lang='lat' dir='ltr'><strong><em>RABANI</em></strong></span> <span class='ocrx_word' id='word_1_4' title='bbox 1541 344 1760 403; x_wconf 81' lang='lat' dir='ltr'><strong>MAURI</strong></span> <span class='ocrx_word' id='word_1_5' title='bbox 1796 344 2117 403; x_wconf 83' lang='lat' dir='ltr'><strong><em>ARCHIEP.</em></strong></span> <span class='ocrx_word' id='word_1_6' title='bbox 2163 348 2477 407; x_wconf 83' lang='lat' dir='ltr'><strong><em>MOGUNT.</em></strong></span> <span class='ocrx_word' id='word_1_7' title='bbox 2520 347 2805 404; x_wconf 81' lang='lat' dir='ltr'><strong><em>OPERUM</em></strong></span> <span class='ocrx_word' id='word_1_8' title='bbox 2842 346 3024 404; x_wconf 82' lang='lat' dir='ltr'><strong><em>PARS</em></strong></span> <span class='ocrx_word' id='word_1_9' title='bbox 3059 344 3121 403; x_wconf 86' lang='lat' dir='ltr'><strong><em>ll.</em></strong></span> 
     </span>
    </p>
   </div>
   <div class='ocr_carea' id='block_1_3' title="bbox 3704 348 3803 408">
    <p class='ocr_par' dir='ltr' id='par_1_3' title="bbox 3704 348 3803 408">
     <span class='ocr_line' id='line_1_3' title="bbox 3704 348 3803 408; baseline 0.01 -1"><span class='ocrx_word' id='word_1_10' title='bbox 3704 348 3803 408; x_wconf 63' lang='grc' dir='ltr'><strong><em>ΕΒ</em></strong></span> 
     </span>
    </p>
   </div>
   <div class='ocr_carea' id='block_1_4' title="bbox 573 460 3803 535">
    <p class='ocr_par' dir='ltr' id='par_1_4' title="bbox 573 460 3803 535">
     <span class='ocr_line' id='line_1_4' title="bbox 573 460 3803 535; baseline 0.001 -17"><span class='ocrx_word' id='word_1_11' title='bbox 573 462 721 519; x_wconf 87' lang='lat' dir='ltr'><strong><em>Unus</em></strong></span> <span class='ocrx_word' id='word_1_12' title='bbox 750 470 1047 517; x_wconf 74' lang='lat' dir='ltr'><strong><em>assumatur</em></strong></span> <span class='ocrx_word' id='word_1_13' title='bbox 1072 471 1120 517; x_wconf 90' lang='lat' dir='ltr'><strong><em>et</em></strong></span> <span class='ocrx_word' id='word_1_14' title='bbox 1148 461 1282 516; x_wconf 83' lang='lat' dir='ltr'><strong><em>alter</em></strong></span> <span class='ocrx_word' id='word_1_15' title='bbox 1308 461 1647 535; x_wconf 81' lang='lat' dir='ltr'><strong><em>relinquetur.</em></strong></span> <span class='ocrx_word' id='word_1_16' title='bbox 1677 462 1796 517; x_wconf 88' lang='lat' dir='ltr'><strong><em>Non</em></strong></span> <span class='ocrx_word' id='word_1_17' title='bbox 1836 462 1990 532; x_wconf 87' lang='lat' dir='ltr'><strong><em>quasi</em></strong></span> <span class='ocrx_word' id='word_1_18' title='bbox 2022 461 2090 517; x_wconf 89' lang='lat' dir='ltr'><strong><em>de</em></strong></span> <span class='ocrx_word' id='word_1_19' title='bbox 2117 465 2169 527; x_wconf 80' lang='grc' dir='ltr'><strong>Α</strong></span> <span class='ocrx_word' id='word_1_20' title='bbox 2192 480 2365 519; x_wconf 89' lang='lat' dir='ltr'><strong><em>meum</em></strong></span> <span class='ocrx_word' id='word_1_21' title='bbox 2385 482 2417 518; x_wconf 89' lang='lat' dir='ltr'><strong><em>a</em></strong></span> <span class='ocrx_word' id='word_1_22' title='bbox 2441 463 2754 535; x_wconf 74' lang='lat' dir='ltr'><strong><em>perditione,</em></strong></span> <span class='ocrx_word' id='word_1_23' title='bbox 2783 479 2815 517; x_wconf 89' lang='lat' dir='ltr'><strong><em>a</em></strong></span> <span class='ocrx_word' id='word_1_24' title='bbox 2838 461 3022 533; x_wconf 82' lang='lat' dir='ltr'><strong><em>laqueo</em></strong></span> <span class='ocrx_word' id='word_1_25' title='bbox 3050 460 3244 533; x_wconf 72' lang='lat' dir='ltr'><strong><em>linguae</em></strong></span> <span class='ocrx_word' id='word_1_26' title='bbox 3272 461 3473 534; x_wconf 69' lang='lat' dir='ltr'><strong><em>iniquae</em></strong></span> <span class='ocrx_word' id='word_1_27' title='bbox 3491 470 3547 518; x_wconf 73' lang='lat' dir='ltr'><strong><em>et</em></strong></span> <span class='ocrx_word' id='word_1_28' title='bbox 3585 479 3625 517; x_wconf 79' lang='grc' dir='ltr'>α</span> <span class='ocrx_word' id='word_1_29' title='bbox 3647 462 3803 520; x_wconf 79' lang='lat' dir='ltr'><strong><em>labiis</em></strong></span> 
     </span>
    </p>
   </div>
   <div class='ocr_carea' id='block_1_5' title="bbox 500 555 2089 631">
    <p class='ocr_par' dir='ltr' id='par_1_5' title="bbox 500 555 2089 631">
     <span class='ocr_line' id='line_1_5' title="bbox 500 555 2089 631; baseline -0.001 -17"><span class='ocrx_word' id='word_1_30' title='bbox 500 557 710 623; x_wconf 83' lang='lat' dir='ltr'><strong><em>duobus</em></strong></span> <span class='ocrx_word' id='word_1_31' title='bbox 734 555 1049 613; x_wconf 80' lang='lat' dir='ltr'><strong><em>hominibus</em></strong></span> <span class='ocrx_word' id='word_1_32' title='bbox 1078 555 1279 611; x_wconf 86' lang='lat' dir='ltr'><strong><em>dictum</em></strong></span> <span class='ocrx_word' id='word_1_33' title='bbox 1302 564 1407 623; x_wconf 86' lang='lat' dir='ltr'><strong><em>est,</em></strong></span> <span class='ocrx_word' id='word_1_34' title='bbox 1437 557 1530 611; x_wconf 86' lang='lat' dir='ltr'><strong><em>sed</em></strong></span> <span class='ocrx_word' id='word_1_35' title='bbox 1557 557 1621 612; x_wconf 92' lang='lat' dir='ltr'><strong><em>de</em></strong></span> <span class='ocrx_word' id='word_1_36' title='bbox 1644 557 1850 613; x_wconf 89' lang='lat' dir='ltr'><strong><em>duobus</em></strong></span> <span class='ocrx_word' id='word_1_37' title='bbox 1876 556 2089 631; x_wconf 87' lang='lat' dir='ltr'><strong><em>generi-</em></strong></span> 
     </span>
    </p>
   </div>
   <div class='ocr_carea' id='block_1_6' title="bbox 491 647 2085 719">
    <p class='ocr_par' dir='ltr' id='par_1_6' title="bbox 491 647 2085 719">
     <span class='ocr_line' id='line_1_6' title="bbox 491 647 2085 719; baseline -0.004 -6"><span class='ocrx_word' id='word_1_38' title='bbox 491 649 598 713; x_wconf 66' lang='lat' dir='ltr'><strong><em>bus</em></strong></span> <span class='ocrx_word' id='word_1_39' title='bbox 624 647 993 705; x_wconf 73' lang='lat' dir='ltr'><strong><em>atl‘ectionum.</em></strong></span> <span class='ocrx_word' id='word_1_40' title='bbox 1039 647 1143 715; x_wconf 85' lang='lat' dir='ltr'><strong><em>Qui</em></strong></span> <span class='ocrx_word' id='word_1_41' title='bbox 1172 649 1316 703; x_wconf 88' lang='lat' dir='ltr'><strong><em>enim</em></strong></span> <span class='ocrx_word' id='word_1_42' title='bbox 1344 657 1568 719; x_wconf 84' lang='lat' dir='ltr'><strong><em>propter</em></strong></span> <span class='ocrx_word' id='word_1_43' title='bbox 1592 648 1770 705; x_wconf 85' lang='lat' dir='ltr'><strong><em>‘Deum</em></strong></span> <span class='ocrx_word' id='word_1_44' title='bbox 1798 651 2085 706; x_wconf 86' lang='lat' dir='ltr'><strong><em>continen-</em></strong></span> 
     </span>
    </p>
   </div>
   <div class='ocr_carea' id='block_1_7' title="bbox 494 742 2087 813">
    <p class='ocr_par' dir='ltr' id='par_1_7' title="bbox 494 742 2087 813">
     <span class='ocr_line' id='line_1_7' title="bbox 494 742 2087 813; baseline -0.001 -12"><span class='ocrx_word' id='word_1_45' title='bbox 494 744 588 805; x_wconf 80' lang='lat' dir='ltr'><strong><em>tiae</em></strong></span> <span class='ocrx_word' id='word_1_46' title='bbox 608 743 899 809; x_wconf 73' lang='lat' dir='ltr'><strong><em>studuerit,</em></strong></span> <span class='ocrx_word' id='word_1_47' title='bbox 925 750 984 797; x_wconf 90' lang='lat' dir='ltr'><strong><em>ut</em></strong></span> <span class='ocrx_word' id='word_1_48' title='bbox 1002 742 1121 799; x_wconf 84' lang='lat' dir='ltr'><strong><em>sine</em></strong></span> <span class='ocrx_word' id='word_1_49' title='bbox 1144 742 1506 799; x_wconf 75' lang='lat' dir='ltr'><strong><em>sollicitudine</em></strong></span> <span class='ocrx_word' id='word_1_50' title='bbox 1528 743 1714 799; x_wconf 87' lang='lat' dir='ltr'><strong><em>vivens</em></strong></span> <span class='ocrx_word' id='word_1_51' title='bbox 1739 744 1938 813; x_wconf 76' lang='lat' dir='ltr'><strong><em>cogitet</em></strong></span> <span class='ocrx_word' id='word_1_52' title='bbox 1968 760 2087 813; x_wconf 66' lang='lat' dir='ltr'><strong><em>qua:</em></strong></span> 
     </span>
    </p>
   </div>
   <div class='ocr_carea' id='block_1_8' title="bbox 494 831 2087 901">
    <p class='ocr_par' dir='ltr' id='par_1_8' title="bbox 494 831 2087 901">
     <span class='ocr_line' id='line_1_8' title="bbox 494 831 2087 901; baseline 0.001 -13"><span class='ocrx_word' id='word_1_53' title='bbox 494 831 591 895; x_wconf 83' lang='lat' dir='ltr'><strong><em>Dei</em></strong></span> <span class='ocrx_word' id='word_1_54' title='bbox 609 840 756 898; x_wconf 90' lang='lat' dir='ltr'><strong><em>sunt,</em></strong></span> <span class='ocrx_word' id='word_1_55' title='bbox 775 841 1082 889; x_wconf 85' lang='lat' dir='ltr'><strong><em>assumetur</em></strong></span> <span class='ocrx_word' id='word_1_56' title='bbox 1094 848 1126 887; x_wconf 92' lang='lat' dir='ltr'><strong><em>a</em></strong></span> <span class='ocrx_word' id='word_1_57' title='bbox 1150 833 1257 888; x_wconf 92' lang='lat' dir='ltr'><strong><em>Deo</em></strong></span> <span class='ocrx_word' id='word_1_58' title='bbox 1276 849 1290 899; x_wconf 89' lang='lat'><strong>;</strong></span> <span class='ocrx_word' id='word_1_59' title='bbox 1307 831 1398 901; x_wconf 87' lang='lat' dir='ltr'><strong><em>qui</em></strong></span> <span class='ocrx_word' id='word_1_60' title='bbox 1413 847 1543 888; x_wconf 91' lang='lat' dir='ltr'><strong><em>vero</em></strong></span> <span class='ocrx_word' id='word_1_61' title='bbox 1557 833 1641 889; x_wconf 95' lang='lat' dir='ltr'><strong><em>vel</em></strong></span> <span class='ocrx_word' id='word_1_62' title='bbox 1656 833 2087 889; x_wconf 66' lang='lat' dir='ltr'><strong><em>humanmlaudis</em></strong></span> 
     </span>
    </p>
   </div>
   <div class='ocr_carea' id='block_1_9' title="bbox 494 908 2087 994">
    <p class='ocr_par' dir='ltr' id='par_1_9' title="bbox 494 908 2087 994">
     <span class='ocr_line' id='line_1_9' title="bbox 494 908 2087 994; baseline 0.002 -17"><span class='ocrx_word' id='word_1_63' title='bbox 494 936 682 981; x_wconf 86' lang='lat' dir='ltr'><strong><em>amore</em></strong></span> <span class='ocrx_word' id='word_1_64' title='bbox 708 932 765 979; x_wconf 89' lang='lat' dir='ltr'><strong><em>et</em></strong></span> <span class='ocrx_word' id='word_1_65' title='bbox 793 922 896 977; x_wconf 89' lang='lat' dir='ltr'><strong><em>alia</em></strong></span> <span class='ocrx_word' id='word_1_66' title='bbox 928 922 1170 993; x_wconf 88' lang='lat' dir='ltr'><strong><em>qualibet</em></strong></span> <span class='ocrx_word' id='word_1_67' title='bbox 1192 924 1447 979; x_wconf 88' lang='lat' dir='ltr'><strong><em>vitiorum</em></strong></span> <span class='ocrx_word' id='word_1_68' title='bbox 1478 908 1839 994; x_wconf 87' lang='lat' dir='ltr'><strong><em>correptione,</em></strong></span> <span class='ocrx_word' id='word_1_69' title='bbox 1884 933 2087 980; x_wconf 88' lang='lat' dir='ltr'><strong><em>statum</em></strong></span> 
     </span>
    </p>
   </div>
   <div class='ocr_carea' id='block_1_10' title="bbox 491 1014 2087 1085">
    <p class='ocr_par' dir='ltr' id='par_1_10' title="bbox 491 1014 2087 1085">
     <span class='ocr_line' id='line_1_10' title="bbox 491 1014 2087 1085; baseline 0.001 -17"><span class='ocrx_word' id='word_1_70' title='bbox 491 1014 809 1081; x_wconf 71' lang='lat' dir='ltr'><strong><em>monasticze</em></strong></span> <span class='ocrx_word' id='word_1_71' title='bbox 840 1014 986 1080; x_wconf 66' lang='lat' dir='ltr'><strong><em>vitae,</em></strong></span> <span class='ocrx_word' id='word_1_72' title='bbox 1030 1029 1141 1085; x_wconf 89' lang='lat' dir='ltr'><strong><em>quo</em></strong></span> <span class='ocrx_word' id='word_1_73' title='bbox 1170 1015 1410 1071; x_wconf 88' lang='lat' dir='ltr'><strong><em>imbutus</em></strong></span> <span class='ocrx_word' id='word_1_74' title='bbox 1441 1024 1545 1082; x_wconf 89' lang='lat' dir='ltr'><strong><em>est,</em></strong></span> <span class='ocrx_word' id='word_1_75' title='bbox 1597 1014 1798 1070; x_wconf 76' lang='lat' dir='ltr'><strong><em>laeserit</em></strong></span> <span class='ocrx_word' id='word_1_76' title='bbox 1823 1056 1839 1080; x_wconf 89' lang='lat'><strong><em>,</em></strong></span> <span class='ocrx_word' id='word_1_77' title='bbox 1880 1016 1970 1070; x_wconf 90' lang='lat' dir='ltr'><strong><em>hic</em></strong></span> <span class='ocrx_word' id='word_1_78' title='bbox 1995 1015 2087 1070; x_wconf 88' lang='lat' dir='ltr'><strong><em>ubi</em></strong></span> 
     </span>
    </p>
   </div>
   <div class='ocr_carea' id='block_1_11' title="bbox 491 1107 2084 1179">
    <p class='ocr_par' dir='ltr' id='par_1_11' title="bbox 491 1107 2084 1179">
     <span class='ocr_line' id='line_1_11' title="bbox 491 1107 2084 1179; baseline 0.002 -18"><span class='ocrx_word' id='word_1_79' title='bbox 491 1107 879 1179; x_wconf 89' lang='lat' dir='ltr'><strong><em>relinquendus</em></strong></span> <span class='ocrx_word' id='word_1_80' title='bbox 905 1108 975 1163; x_wconf 87' lang='lat' dir='ltr'><strong><em>sit</em></strong></span> <span class='ocrx_word' id='word_1_81' title='bbox 999 1108 1286 1163; x_wconf 61' lang='lat' dir='ltr'><strong><em>Hieremiae</em></strong></span> <span class='ocrx_word' id='word_1_82' title='bbox 1327 1108 1747 1165; x_wconf 80' lang='lat' dir='ltr'><strong><em>lamentationes</em></strong></span> <span class='ocrx_word' id='word_1_83' title='bbox 1774 1108 2084 1176; x_wconf 85' lang='lat' dir='ltr'><strong><em>insinuant,</em></strong></span> 
     </span>
    </p>
   </div>
   <div class='ocr_carea' id='block_1_12' title="bbox 490 1197 2086 1273">
    <p class='ocr_par' dir='ltr' id='par_1_12' title="bbox 490 1197 2086 1273">
     <span class='ocr_line' id='line_1_12' title="bbox 490 1197 2086 1273; baseline -0.001 -16"><span class='ocrx_word' id='word_1_84' title='bbox 490 1199 584 1269; x_wconf 80' lang='lat' dir='ltr'><strong><em>qui</em></strong></span> <span class='ocrx_word' id='word_1_85' title='bbox 608 1199 797 1263; x_wconf 73' lang='lat' dir='ltr'><strong><em>otiosa:</em></strong></span> <span class='ocrx_word' id='word_1_86' title='bbox 822 1197 1110 1269; x_wconf 83' lang='lat' dir='ltr'><strong><em>cujuslibet</em></strong></span> <span class='ocrx_word' id='word_1_87' title='bbox 1130 1209 1183 1256; x_wconf 88' lang='lat' dir='ltr'><strong><em>et</em></strong></span> <span class='ocrx_word' id='word_1_88' title='bbox 1207 1200 1529 1273; x_wconf 89' lang='lat' dir='ltr'><strong><em>peccatricis</em></strong></span> <span class='ocrx_word' id='word_1_89' title='bbox 1551 1200 1745 1257; x_wconf 81' lang='lat' dir='ltr'><strong><em>animae</em></strong></span> <span class='ocrx_word' id='word_1_90' title='bbox 1766 1200 1867 1256; x_wconf 88' lang='lat' dir='ltr'><strong><em>sub</em></strong></span> <span class='ocrx_word' id='word_1_91' title='bbox 1889 1199 2086 1255; x_wconf 80' lang='lat' dir='ltr'><strong><em>Judacae</em></strong></span> 
     </span>
    </p>
   </div>
   <div class='ocr_carea' id='block_1_13' title="bbox 488 1290 2087 1361">
    <p class='ocr_par' dir='ltr' id='par_1_13' title="bbox 488 1290 2087 1361">
     <span class='ocr_line' id='line_1_13' title="bbox 488 1290 2087 1361; baseline 0.002 -17"><span class='ocrx_word' id='word_1_92' title='bbox 488 1291 671 1360; x_wconf 88' lang='lat' dir='ltr'><strong><em>specie</em></strong></span> <span class='ocrx_word' id='word_1_93' title='bbox 695 1290 907 1361; x_wconf 89' lang='lat' dir='ltr'><strong><em>lapsum</em></strong></span> <span class='ocrx_word' id='word_1_94' title='bbox 943 1291 1257 1351; x_wconf 84' lang='lat' dir='ltr'><strong><em>describens</em></strong></span> <span class='ocrx_word' id='word_1_95' title='bbox 1285 1292 1382 1359; x_wconf 89' lang='lat' dir='ltr'><strong><em>ait,</em></strong></span> <span class='ocrx_word' id='word_1_96' title='bbox 1411 1292 1649 1349; x_wconf 82' lang='lat' dir='ltr'><strong><em>uiderunt</em></strong></span> <span class='ocrx_word' id='word_1_97' title='bbox 1677 1310 1792 1348; x_wconf 88' lang='lat' dir='ltr'><strong><em>eam</em></strong></span> <span class='ocrx_word' id='word_1_98' title='bbox 1819 1294 1991 1349; x_wconf 78' lang='lat' dir='ltr'><strong><em>hostes</em></strong></span> <span class='ocrx_word' id='word_1_99' title='bbox 2037 1302 2087 1347; x_wconf 91' lang='lat' dir='ltr'><strong><em>et</em></strong></span> 
     </span>
    </p>
   </div>
   <div class='ocr_carea' id='block_1_14' title="bbox 493 1381 1204 1452">
    <p class='ocr_par' dir='ltr' id='par_1_14' title="bbox 493 1381 1204 1452">
     <span class='ocr_line' id='line_1_14' title="bbox 493 1381 1204 1452; baseline 0.006 -19"><span class='ocrx_word' id='word_1_100' title='bbox 493 1382 788 1436; x_wconf 81' lang='lat' dir='ltr'><strong><em>deriserunt</em></strong></span> <span class='ocrx_word' id='word_1_101' title='bbox 815 1381 1034 1437; x_wconf 89' lang='lat' dir='ltr'><strong><em>sabbata</em></strong></span> <span class='ocrx_word' id='word_1_102' title='bbox 1072 1382 1204 1452; x_wconf 80' lang='lat' dir='ltr'><strong><em>ejus.</em></strong></span> 
     </span>
    </p>
   </div>
   <div class='ocr_carea' id='block_1_15' title="bbox 563 1472 2082 1547">
    <p class='ocr_par' dir='ltr' id='par_1_15' title="bbox 563 1472 2082 1547">
     <span class='ocr_line' id='line_1_15' title="bbox 563 1472 2082 1547; baseline 0.005 -20"><span class='ocrx_word' id='word_1_103' title='bbox 563 1472 698 1528; x_wconf 76' lang='lat' dir='ltr'><strong><em>Dua:</em></strong></span> <span class='ocrx_word' id='word_1_104' title='bbox 712 1483 865 1531; x_wconf 87' lang='lat' dir='ltr'><strong><em>erunt</em></strong></span> <span class='ocrx_word' id='word_1_105' title='bbox 890 1473 1137 1531; x_wconf 89' lang='lat' dir='ltr'><strong><em>molentes</em></strong></span> <span class='ocrx_word' id='word_1_106' title='bbox 1159 1474 1214 1531; x_wconf 88' lang='lat' dir='ltr'><strong><em>in</em></strong></span> <span class='ocrx_word' id='word_1_107' title='bbox 1235 1490 1420 1529; x_wconf 90' lang='lat' dir='ltr'><strong><em>unum.</em></strong></span> <span class='ocrx_word' id='word_1_108' title='bbox 1439 1473 1698 1532; x_wconf 78' lang='lat' dir='ltr'><strong><em>Molentes</em></strong></span> <span class='ocrx_word' id='word_1_109' title='bbox 1715 1475 1946 1547; x_wconf 84' lang='lat' dir='ltr'><strong><em>appellat</em></strong></span> <span class='ocrx_word' id='word_1_110' title='bbox 1967 1493 2082 1543; x_wconf 89' lang='lat' dir='ltr'><strong><em>eos,</em></strong></span> 
     </span>
    </p>
   </div>
   <div class='ocr_carea' id='block_1_16' title="bbox 483 1564 2084 1637">
    <p class='ocr_par' dir='ltr' id='par_1_16' title="bbox 483 1564 2084 1637">
     <span class='ocr_line' id='line_1_16' title="bbox 483 1564 2084 1637; baseline 0.003 -19"><span class='ocrx_word' id='word_1_111' title='bbox 483 1565 575 1635; x_wconf 88' lang='lat' dir='ltr'><strong><em>qui</em></strong></span> <span class='ocrx_word' id='word_1_112' title='bbox 590 1565 644 1619; x_wconf 92' lang='lat' dir='ltr'><strong><em>in</em></strong></span> <span class='ocrx_word' id='word_1_113' title='bbox 656 1564 1090 1635; x_wconf 82' lang='lat' dir='ltr'><strong><em>plebibuscousti</em></strong></span> <span class='ocrx_word' id='word_1_114' title='bbox 1098 1565 1197 1620; x_wconf 88' lang='lat' dir='ltr'><strong><em>tuti</em></strong></span> <span class='ocrx_word' id='word_1_115' title='bbox 1212 1572 1472 1637; x_wconf 86' lang='lat' dir='ltr'><strong><em>reguntur</em></strong></span> <span class='ocrx_word' id='word_1_116' title='bbox 1486 1580 1516 1620; x_wconf 87' lang='lat' dir='ltr'><strong><em>a</em></strong></span> <span class='ocrx_word' id='word_1_117' title='bbox 1533 1566 1849 1621; x_wconf 85' lang='lat' dir='ltr'><strong><em>doctoribus</em></strong></span> <span class='ocrx_word' id='word_1_118' title='bbox 1862 1575 2084 1637; x_wconf 82' lang='lat' dir='ltr'><strong><em>agentes</em></strong></span> 
     </span>
    </p>
   </div>
   <div class='ocr_carea' id='block_1_17' title="bbox 488 1644 2081 1727">
    <p class='ocr_par' dir='ltr' id='par_1_17' title="bbox 488 1644 2081 1727">
     <span class='ocr_line' id='line_1_17' title="bbox 488 1644 2081 1727; baseline 0.002 -16"><span class='ocrx_word' id='word_1_119' title='bbox 488 1672 553 1711; x_wconf 87' lang='lat' dir='ltr'><strong><em>ea</em></strong></span> <span class='ocrx_word' id='word_1_120' title='bbox 585 1671 705 1726; x_wconf 69' lang='lat' dir='ltr'><strong><em>qum</em></strong></span> <span class='ocrx_word' id='word_1_121' title='bbox 730 1665 859 1713; x_wconf 90' lang='lat' dir='ltr'><strong><em>sunt</em></strong></span> <span class='ocrx_word' id='word_1_122' title='bbox 890 1644 1051 1726; x_wconf 80' lang='lat' dir='ltr'><strong><em>hujus</em></strong></span> <span class='ocrx_word' id='word_1_123' title='bbox 1082 1657 1270 1713; x_wconf 87' lang='lat' dir='ltr'><strong><em>seculi.</em></strong></span> <span class='ocrx_word' id='word_1_124' title='bbox 1325 1657 1472 1727; x_wconf 82' lang='lat' dir='ltr'><strong><em>Quos</em></strong></span> <span class='ocrx_word' id='word_1_125' title='bbox 1517 1669 1572 1715; x_wconf 89' lang='lat' dir='ltr'><strong><em>et</em></strong></span> <span class='ocrx_word' id='word_1_126' title='bbox 1616 1657 1937 1714; x_wconf 82' lang='lat' dir='ltr'><strong><em>feminarum</em></strong></span> <span class='ocrx_word' id='word_1_127' title='bbox 1982 1674 2081 1714; x_wconf 91' lang='lat' dir='ltr'><strong><em>no-</em></strong></span> 
     </span>
    </p>
   </div>
   <div class='ocr_carea' id='block_1_18' title="bbox 484 1746 2082 1819">
    <p class='ocr_par' dir='ltr' id='par_1_18' title="bbox 484 1746 2082 1819">
     <span class='ocr_line' id='line_1_18' title="bbox 484 1746 2082 1819; baseline 0.001 -16"><span class='ocrx_word' id='word_1_128' title='bbox 484 1747 629 1803; x_wconf 84' lang='lat' dir='ltr'><strong><em>mine</em></strong></span> <span class='ocrx_word' id='word_1_129' title='bbox 650 1746 1143 1819; x_wconf 66' lang='lat' dir='ltr'><strong><em>significavit,quia</em></strong></span> <span class='ocrx_word' id='word_1_130' title='bbox 1167 1748 1410 1805; x_wconf 90' lang='lat' dir='ltr'><strong><em>consiliis</em></strong></span> <span class='ocrx_word' id='word_1_131' title='bbox 1431 1758 1491 1807; x_wconf 91' lang='lat' dir='ltr'><strong><em>ut</em></strong></span> <span class='ocrx_word' id='word_1_132' title='bbox 1515 1749 1625 1805; x_wconf 74' lang='lat' dir='ltr'><strong><em>dixi</em></strong></span> <span class='ocrx_word' id='word_1_133' title='bbox 1649 1750 1945 1818; x_wconf 88' lang='lat' dir='ltr'><strong><em>peritorum</em></strong></span> <span class='ocrx_word' id='word_1_134' title='bbox 1969 1751 2082 1817; x_wconf 84' lang='lat' dir='ltr'><strong><em>regi</em></strong></span> 
     </span>
    </p>
   </div>
   <div class='ocr_carea' id='block_1_19' title="bbox 2189 554 3030 627">
    <p class='ocr_par' dir='ltr' id='par_1_19' title="bbox 2189 554 3030 627">
     <span class='ocr_line' id='line_1_19' title="bbox 2189 554 3030 627; baseline -0.004 -17"><span class='ocrx_word' id='word_1_135' title='bbox 2189 556 2515 627; x_wconf 79' lang='lat' dir='ltr'><strong><em>operantium</em></strong></span> <span class='ocrx_word' id='word_1_136' title='bbox 2538 554 2888 627; x_wconf 79' lang='lat' dir='ltr'><strong><em>mendacium,</em></strong></span> <span class='ocrx_word' id='word_1_137' title='bbox 2925 560 3030 608; x_wconf 88' lang='lat' dir='ltr'><strong><em>etc.</em></strong></span> 
     </span>
    </p>
   </div>
   <div class='ocr_carea' id='block_1_20' title="bbox 2262 646 3804 705">
    <p class='ocr_par' dir='ltr' id='par_1_20' title="bbox 2262 646 3804 705">
     <span class='ocr_line' id='line_1_20' title="bbox 2262 646 3804 705; baseline 0.001 -2"><span class='ocrx_word' id='word_1_138' title='bbox 2262 648 2522 705; x_wconf 88' lang='lat' dir='ltr'><strong><em>Dominus</em></strong></span> <span class='ocrx_word' id='word_1_139' title='bbox 2548 648 2693 703; x_wconf 87' lang='lat' dir='ltr'><strong><em>enim</em></strong></span> <span class='ocrx_word' id='word_1_140' title='bbox 2722 655 2777 703; x_wconf 89' lang='lat' dir='ltr'><strong><em>et</em></strong></span> <span class='ocrx_word' id='word_1_141' title='bbox 2800 662 2896 702; x_wconf 79' lang='lat' dir='ltr'><strong><em>rex</em></strong></span> <span class='ocrx_word' id='word_1_142' title='bbox 2919 646 3062 702; x_wconf 84' lang='lat' dir='ltr'><strong><em>Deus</em></strong></span> <span class='ocrx_word' id='word_1_143' title='bbox 3083 655 3139 701; x_wconf 89' lang='lat' dir='ltr'><strong><em>et</em></strong></span> <span class='ocrx_word' id='word_1_144' title='bbox 3164 646 3407 701; x_wconf 80' lang='lat' dir='ltr'><strong><em>salvator</em></strong></span> <span class='ocrx_word' id='word_1_145' title='bbox 3431 646 3695 704; x_wconf 70' lang='lat' dir='ltr'><strong><em>ecclesiae</em></strong></span> <span class='ocrx_word' id='word_1_146' title='bbox 3724 658 3804 704; x_wconf 61' lang='lat' dir='ltr'><strong><em>at</em></strong></span> 
     </span>
    </p>
   </div>
   <div class='ocr_carea' id='block_1_21' title="bbox 2187 738 3803 810">
    <p class='ocr_par' dir='ltr' id='par_1_21' title="bbox 2187 738 3803 810">
     <span class='ocr_line' id='line_1_21' title="bbox 2187 738 3803 810; baseline 0.001 -15"><span class='ocrx_word' id='word_1_147' title='bbox 2187 738 2343 796; x_wconf 80' lang='lat' dir='ltr'><strong><em>Jesns</em></strong></span> <span class='ocrx_word' id='word_1_148' title='bbox 2360 738 2607 796; x_wconf 90' lang='lat' dir='ltr'><strong><em>Christus</em></strong></span> <span class='ocrx_word' id='word_1_149' title='bbox 2638 739 2814 810; x_wconf 83' lang='lat' dir='ltr'><strong><em>quiet</em></strong></span> <span class='ocrx_word' id='word_1_150' title='bbox 2831 746 2995 808; x_wconf 85' lang='lat' dir='ltr'><strong><em>caput</em></strong></span> <span class='ocrx_word' id='word_1_151' title='bbox 3010 745 3070 795; x_wconf 86' lang='lat' dir='ltr'><strong><em>et</em></strong></span> <span class='ocrx_word' id='word_1_152' title='bbox 3095 753 3329 808; x_wconf 82' lang='lat' dir='ltr'><strong><em>sponsus</em></strong></span> <span class='ocrx_word' id='word_1_153' title='bbox 3354 738 3481 810; x_wconf 84' lang='lat' dir='ltr'><strong><em>ejus</em></strong></span> <span class='ocrx_word' id='word_1_154' title='bbox 3507 748 3627 807; x_wconf 82' lang='lat' dir='ltr'><strong><em>est,</em></strong></span> <span class='ocrx_word' id='word_1_155' title='bbox 3659 742 3803 798; x_wconf 75' lang='lat' dir='ltr'><strong><em>unde</em></strong></span> 
     </span>
    </p>
   </div>
   <div class='ocr_carea' id='block_1_22' title="bbox 2188 829 3803 902">
    <p class='ocr_par' dir='ltr' id='par_1_22' title="bbox 2188 829 3803 902">
     <span class='ocr_line' id='line_1_22' title="bbox 2188 829 3803 902; baseline 0.003 -16"><span class='ocrx_word' id='word_1_156' title='bbox 2188 832 2478 902; x_wconf 79' lang='lat' dir='ltr'><strong><em>Apostolus</em></strong></span> <span class='ocrx_word' id='word_1_157' title='bbox 2504 831 2775 887; x_wconf 89' lang='lat' dir='ltr'><strong><em>mouendo</em></strong></span> <span class='ocrx_word' id='word_1_158' title='bbox 2794 829 3051 887; x_wconf 81' lang='lat' dir='ltr'><strong><em>mulieres</em></strong></span> <span class='ocrx_word' id='word_1_159' title='bbox 3084 829 3217 885; x_wconf 88' lang='lat' dir='ltr'><strong><em>viris</em></strong></span> <span class='ocrx_word' id='word_1_160' title='bbox 3247 830 3365 885; x_wconf 85' lang='lat' dir='ltr'><strong><em>suis</em></strong></span> <span class='ocrx_word' id='word_1_161' title='bbox 3392 830 3657 886; x_wconf 81' lang='lat' dir='ltr'><strong><em>subditas</em></strong></span> <span class='ocrx_word' id='word_1_162' title='bbox 3681 846 3803 891; x_wconf 74' lang='lat' dir='ltr'><strong><em>esse</em></strong></span> 
     </span>
    </p>
   </div>
   <div class='ocr_carea' id='block_1_23' title="bbox 2188 920 3801 997">
    <p class='ocr_par' dir='ltr' id='par_1_23' title="bbox 2188 920 3801 997">
     <span class='ocr_line' id='line_1_23' title="bbox 2188 920 3801 997; baseline 0 -19"><span class='ocrx_word' id='word_1_163' title='bbox 2188 922 2256 978; x_wconf 84' lang='lat' dir='ltr'><strong><em>ad</em></strong></span> <span class='ocrx_word' id='word_1_164' title='bbox 2280 923 2544 993; x_wconf 77' lang='lat' dir='ltr'><strong><em>Ephesios</em></strong></span> <span class='ocrx_word' id='word_1_165' title='bbox 2572 923 2796 994; x_wconf 81' lang='lat' dir='ltr'><strong><em>scripsit</em></strong></span> <span class='ocrx_word' id='word_1_166' title='bbox 2817 922 3004 997; x_wconf 89' lang='lat' dir='ltr'><strong><em>dicens</em></strong></span> <span class='ocrx_word' id='word_1_167' title='bbox 3033 940 3045 976; x_wconf 90' lang='lat'>:</span> <span class='ocrx_word' id='word_1_168' title='bbox 3079 920 3330 979; x_wconf 74' lang='lat' dir='ltr'><strong><em>Mulieres</em></strong></span> <span class='ocrx_word' id='word_1_169' title='bbox 3360 923 3489 979; x_wconf 80' lang='lat' dir='ltr'><strong><em>uiris</em></strong></span> <span class='ocrx_word' id='word_1_170' title='bbox 3523 925 3651 981; x_wconf 81' lang='lat' dir='ltr'><strong><em>suis</em></strong></span> <span class='ocrx_word' id='word_1_171' title='bbox 3679 925 3801 978; x_wconf 73' lang='lat' dir='ltr'><strong><em>sab-</em></strong></span> 
     </span>
    </p>
   </div>
   <div class='ocr_carea' id='block_1_24' title="bbox 2178 1013 3797 1086">
    <p class='ocr_par' dir='ltr' id='par_1_24' title="bbox 2178 1013 3797 1086">
     <span class='ocr_line' id='line_1_24' title="bbox 2178 1013 3797 1086; baseline 0.001 -17"><span class='ocrx_word' id='word_1_172' title='bbox 2178 1014 2336 1083; x_wconf 70' lang='lat' dir='ltr'><strong><em>jecta:</em></strong></span> <span class='ocrx_word' id='word_1_173' title='bbox 2347 1016 2453 1071; x_wconf 86' lang='lat' dir='ltr'><strong><em>sint</em></strong></span> <span class='ocrx_word' id='word_1_174' title='bbox 2474 1015 2608 1070; x_wconf 86' lang='lat' dir='ltr'><strong><em>sicut</em></strong></span> <span class='ocrx_word' id='word_1_175' title='bbox 2630 1014 2876 1080; x_wconf 86' lang='lat' dir='ltr'><strong><em>Domino,</em></strong></span> <span class='ocrx_word' id='word_1_176' title='bbox 2898 1014 3148 1086; x_wconf 85' lang='lat' dir='ltr'><strong><em>quoniam</em></strong></span> <span class='ocrx_word' id='word_1_177' title='bbox 3162 1013 3238 1069; x_wconf 79' lang='lat' dir='ltr'><strong><em>uir</em></strong></span> <span class='ocrx_word' id='word_1_178' title='bbox 3257 1022 3415 1084; x_wconf 83' lang='lat' dir='ltr'><strong><em>caput</em></strong></span> <span class='ocrx_word' id='word_1_179' title='bbox 3435 1023 3513 1069; x_wconf 86' lang='lat' dir='ltr'><strong><em>est</em></strong></span> <span class='ocrx_word' id='word_1_180' title='bbox 3526 1014 3797 1085; x_wconf 74' lang='lat' dir='ltr'><strong><em>mulieris,</em></strong></span> 
     </span>
    </p>
   </div>
   <div class='ocr_carea' id='block_1_25' title="bbox 2187 1104 3802 1178">
    <p class='ocr_par' dir='ltr' id='par_1_25' title="bbox 2187 1104 3802 1178">
     <span class='ocr_line' id='line_1_25' title="bbox 2187 1104 3802 1178; baseline 0.002 -18"><span class='ocrx_word' id='word_1_181' title='bbox 2187 1105 2324 1161; x_wconf 83' lang='lat' dir='ltr'><strong><em>sicut</em></strong></span> <span class='ocrx_word' id='word_1_182' title='bbox 2347 1115 2396 1161; x_wconf 91' lang='lat' dir='ltr'><strong><em>et</em></strong></span> <span class='ocrx_word' id='word_1_183' title='bbox 2423 1106 2663 1163; x_wconf 73' lang='lat' dir='ltr'><strong><em>Christus</em></strong></span> <span class='ocrx_word' id='word_1_184' title='bbox 2688 1115 2844 1178; x_wconf 83' lang='lat' dir='ltr'><strong><em>caput</em></strong></span> <span class='ocrx_word' id='word_1_185' title='bbox 2871 1115 2945 1163; x_wconf 86' lang='lat' dir='ltr'><strong><em>est</em></strong></span> <span class='ocrx_word' id='word_1_186' title='bbox 2971 1104 3244 1172; x_wconf 75' lang='lat' dir='ltr'><strong><em>Ecclesirv,</em></strong></span> <span class='ocrx_word' id='word_1_187' title='bbox 3272 1106 3386 1177; x_wconf 88' lang='lat' dir='ltr'><strong><em>ipse</em></strong></span> <span class='ocrx_word' id='word_1_188' title='bbox 3424 1105 3688 1175; x_wconf 68' lang='lat' dir='ltr'><strong><em>salvator</em></strong></span> <span class='ocrx_word' id='word_1_189' title='bbox 3718 1116 3802 1163; x_wconf 84' lang='lat' dir='ltr'><strong><em>est</em></strong></span> 
     </span>
    </p>
   </div>
   <div class='ocr_carea' id='block_1_26' title="bbox 2188 1197 3801 1270">
    <p class='ocr_par' dir='ltr' id='par_1_26' title="bbox 2188 1197 3801 1270">
     <span class='ocr_line' id='line_1_26' title="bbox 2188 1197 3801 1270; baseline -0.001 -15"><span class='ocrx_word' id='word_1_190' title='bbox 2188 1198 2450 1269; x_wconf 85' lang='lat' dir='ltr'><strong><em>corporis.</em></strong></span> <span class='ocrx_word' id='word_1_191' title='bbox 2478 1200 2543 1254; x_wconf 88' lang='lat' dir='ltr'><strong><em>Et</em></strong></span> <span class='ocrx_word' id='word_1_192' title='bbox 2562 1199 2692 1255; x_wconf 88' lang='lat' dir='ltr'><strong><em>item</em></strong></span> <span class='ocrx_word' id='word_1_193' title='bbox 2717 1217 2729 1254; x_wconf 90' lang='lat'><strong>:</strong></span> <span class='ocrx_word' id='word_1_194' title='bbox 2766 1197 2898 1265; x_wconf 84' lang='lat' dir='ltr'><strong><em>Viri,</em></strong></span> <span class='ocrx_word' id='word_1_195' title='bbox 2926 1198 3122 1268; x_wconf 85' lang='lat' dir='ltr'><strong><em>inquit,</em></strong></span> <span class='ocrx_word' id='word_1_196' title='bbox 3140 1214 3334 1255; x_wconf 85' lang='lat' dir='ltr'><strong><em>uxores</em></strong></span> <span class='ocrx_word' id='word_1_197' title='bbox 3354 1207 3559 1261; x_wconf 74' lang='lat' dir='ltr'><strong><em>uestras</em></strong></span> 
     </span>
    </p>
   </div>
   <div class='ocr_carea' id='block_1_27' title="bbox 2134 1276 3798 1362">
    <p class='ocr_par' dir='ltr' id='par_1_27' title="bbox 2134 1276 3798 1362">
     <span class='ocr_line' id='line_1_27' title="bbox 2134 1276 3798 1362; baseline 0.003 -18"><span class='ocrx_word' id='word_1_198' title='bbox 2134 1276 2137 1281; x_wconf 51' lang='grc'><em>’</em></span> <span class='ocrx_word' id='word_1_199' title='bbox 2187 1289 2320 1345; x_wconf 85' lang='lat' dir='ltr'><strong><em>sicut</em></strong></span> <span class='ocrx_word' id='word_1_200' title='bbox 2348 1299 2395 1344; x_wconf 89' lang='lat' dir='ltr'><strong><em>et</em></strong></span> <span class='ocrx_word' id='word_1_201' title='bbox 2421 1288 2660 1345; x_wconf 83' lang='lat' dir='ltr'><strong><em>Christus</em></strong></span> <span class='ocrx_word' id='word_1_202' title='bbox 2684 1289 2867 1345; x_wconf 88' lang='lat' dir='ltr'><strong><em>dilexit</em></strong></span> <span class='ocrx_word' id='word_1_203' title='bbox 2880 1284 3172 1346; x_wconf 83' lang='lat' dir='ltr'><strong><em>Ecclesium</em></strong></span> <span class='ocrx_word' id='word_1_204' title='bbox 3200 1298 3249 1345; x_wconf 86' lang='lat' dir='ltr'><strong><em>et</em></strong></span> <span class='ocrx_word' id='word_1_205' title='bbox 3279 1306 3335 1345; x_wconf 87' lang='lat' dir='ltr'><strong><em>se</em></strong></span> <span class='ocrx_word' id='word_1_206' title='bbox 3360 1290 3537 1362; x_wconf 81' lang='lat' dir='ltr'><strong><em>ipsum</em></strong></span> <span class='ocrx_word' id='word_1_207' title='bbox 3569 1290 3798 1349; x_wconf 74' lang='lat' dir='ltr'><strong><em>tradidit</em></strong></span> 
     </span>
    </p>
   </div>
   <div class='ocr_carea' id='block_1_28' title="bbox 2172 1380 3799 1452">
    <p class='ocr_par' dir='ltr' id='par_1_28' title="bbox 2172 1380 3799 1452">
     <span class='ocr_line' id='line_1_28' title="bbox 2172 1380 3799 1452; baseline 0.003 -18"><span class='ocrx_word' id='word_1_208' title='bbox 2172 1396 2278 1452; x_wconf 68' lang='lat' dir='ltr'><strong><em>pro</em></strong></span> <span class='ocrx_word' id='word_1_209' title='bbox 2307 1396 2369 1435; x_wconf 90' lang='lat' dir='ltr'><strong><em>ea</em></strong></span> <span class='ocrx_word' id='word_1_210' title='bbox 2391 1419 2411 1446; x_wconf 82' lang='lat'><strong><em>,</em></strong></span> <span class='ocrx_word' id='word_1_211' title='bbox 2458 1390 2513 1435; x_wconf 87' lang='lat' dir='ltr'><strong><em>ut</em></strong></span> <span class='ocrx_word' id='word_1_212' title='bbox 2536 1380 2683 1436; x_wconf 86' lang='lat' dir='ltr'><strong><em>illam</em></strong></span> <span class='ocrx_word' id='word_1_213' title='bbox 2712 1381 3066 1450; x_wconf 76' lang='lat' dir='ltr'><strong><em>sanctiﬁcaret</em></strong></span> <span class='ocrx_word' id='word_1_214' title='bbox 3094 1381 3358 1436; x_wconf 75' lang='lat' dir='ltr'><strong><em>mandans</em></strong></span> <span class='ocrx_word' id='word_1_215' title='bbox 3389 1380 3621 1439; x_wconf 77' lang='lat' dir='ltr'><strong><em>laer</em></strong></span> <span class='ocrx_word' id='word_1_216' title='bbox 3646 1397 3799 1451; x_wconf 66' lang='lat' dir='ltr'><strong><em>aqua</em></strong></span> 
     </span>
    </p>
   </div>
   <div class='ocr_carea' id='block_1_29' title="bbox 2184 1471 3795 1546">
    <p class='ocr_par' dir='ltr' id='par_1_29' title="bbox 2184 1471 3795 1546">
     <span class='ocr_line' id='line_1_29' title="bbox 2184 1471 3795 1546; baseline 0 -18"><span class='ocrx_word' id='word_1_217' title='bbox 2184 1475 2243 1530; x_wconf 87' lang='lat' dir='ltr'><strong><em>in</em></strong></span> <span class='ocrx_word' id='word_1_218' title='bbox 2280 1474 2465 1542; x_wconf 82' lang='lat' dir='ltr'><strong><em>uerbo,</em></strong></span> <span class='ocrx_word' id='word_1_219' title='bbox 2504 1486 2561 1530; x_wconf 88' lang='lat' dir='ltr'><strong><em>ut</em></strong></span> <span class='ocrx_word' id='word_1_220' title='bbox 2614 1474 2873 1533; x_wconf 75' lang='lat' dir='ltr'><strong><em>exhiberet</em></strong></span> <span class='ocrx_word' id='word_1_221' title='bbox 2913 1474 3022 1546; x_wconf 84' lang='lat' dir='ltr'><strong><em>ipse</em></strong></span> <span class='ocrx_word' id='word_1_222' title='bbox 3049 1474 3152 1529; x_wconf 84' lang='lat' dir='ltr'><strong><em>sibi</em></strong></span> <span class='ocrx_word' id='word_1_223' title='bbox 3174 1474 3461 1545; x_wconf 77' lang='lat' dir='ltr'><strong><em>gloriosam</em></strong></span> <span class='ocrx_word' id='word_1_224' title='bbox 3486 1471 3795 1528; x_wconf 68' lang='lat' dir='ltr'><strong><em>Ecclesium</em></strong></span> 
     </span>
    </p>
   </div>
   <div class='ocr_carea' id='block_1_30' title="bbox 2187 1563 3798 1637">
    <p class='ocr_par' dir='ltr' id='par_1_30' title="bbox 2187 1563 3798 1637">
     <span class='ocr_line' id='line_1_30' title="bbox 2187 1563 3798 1637; baseline -0.004 -16"><span class='ocrx_word' id='word_1_225' title='bbox 2187 1583 2292 1621; x_wconf 82' lang='lat' dir='ltr'><strong><em>non</em></strong></span> <span class='ocrx_word' id='word_1_226' title='bbox 2317 1566 2591 1622; x_wconf 75' lang='lat' dir='ltr'><strong><em>habentem</em></strong></span> <span class='ocrx_word' id='word_1_227' title='bbox 2610 1566 2877 1621; x_wconf 87' lang='lat' dir='ltr'><strong><em>maculam</em></strong></span> <span class='ocrx_word' id='word_1_228' title='bbox 2898 1576 2991 1620; x_wconf 86' lang='lat' dir='ltr'><strong><em>aut</em></strong></span> <span class='ocrx_word' id='word_1_229' title='bbox 3017 1581 3224 1637; x_wconf 87' lang='lat' dir='ltr'><strong><em>rugam,</em></strong></span> <span class='ocrx_word' id='word_1_230' title='bbox 3248 1574 3340 1619; x_wconf 87' lang='lat' dir='ltr'><strong><em>aut</em></strong></span> <span class='ocrx_word' id='word_1_231' title='bbox 3363 1564 3577 1632; x_wconf 73' lang='lat' dir='ltr'><strong><em>aliquid</em></strong></span> <span class='ocrx_word' id='word_1_232' title='bbox 3602 1563 3798 1632; x_wconf 66' lang='lat' dir='ltr'><strong><em>hujus-</em></strong></span> 
     </span>
    </p>
   </div>
   <div class='ocr_carea' id='block_1_31' title="bbox 2185 1654 3799 1727">
    <p class='ocr_par' dir='ltr' id='par_1_31' title="bbox 2185 1654 3799 1727">
     <span class='ocr_line' id='line_1_31' title="bbox 2185 1654 3799 1727; baseline -0.002 -15"><span class='ocrx_word' id='word_1_233' title='bbox 2185 1656 2350 1724; x_wconf 90' lang='lat' dir='ltr'><strong><em>modi,</em></strong></span> <span class='ocrx_word' id='word_1_234' title='bbox 2374 1657 2465 1712; x_wconf 84' lang='lat' dir='ltr'><strong><em>sed</em></strong></span> <span class='ocrx_word' id='word_1_235' title='bbox 2489 1666 2545 1711; x_wconf 90' lang='lat' dir='ltr'><strong><em>ut</em></strong></span> <span class='ocrx_word' id='word_1_236' title='bbox 2567 1659 2636 1713; x_wconf 89' lang='lat' dir='ltr'><strong><em>sit</em></strong></span> <span class='ocrx_word' id='word_1_237' title='bbox 2660 1667 2847 1713; x_wconf 85' lang='lat' dir='ltr'><strong><em>sancta</em></strong></span> <span class='ocrx_word' id='word_1_238' title='bbox 2875 1666 2924 1713; x_wconf 91' lang='lat' dir='ltr'><strong><em>et</em></strong></span> <span class='ocrx_word' id='word_1_239' title='bbox 2948 1655 3310 1723; x_wconf 79' lang='lat' dir='ltr'><strong><em>immaculata.</em></strong></span> <span class='ocrx_word' id='word_1_240' title='bbox 3340 1654 3442 1719; x_wconf 76' lang='lat' dir='ltr'><strong><em>Hic</em></strong></span> <span class='ocrx_word' id='word_1_241' title='bbox 3468 1670 3615 1727; x_wconf 86' lang='lat' dir='ltr'><strong><em>ergo</em></strong></span> <span class='ocrx_word' id='word_1_242' title='bbox 3646 1655 3799 1726; x_wconf 66' lang='lat' dir='ltr'><strong><em>adju-</em></strong></span> 
     </span>
    </p>
   </div>
   <div class='ocr_carea' id='block_1_32' title="bbox 2188 1749 3795 1822">
    <p class='ocr_par' dir='ltr' id='par_1_32' title="bbox 2188 1749 3795 1822">
     <span class='ocr_line' id='line_1_32' title="bbox 2188 1749 3795 1822; baseline -0.002 -15"><span class='ocrx_word' id='word_1_243' title='bbox 2188 1759 2273 1807; x_wconf 90' lang='lat' dir='ltr'><strong><em>tor</em></strong></span> <span class='ocrx_word' id='word_1_244' title='bbox 2298 1759 2355 1807; x_wconf 92' lang='lat' dir='ltr'><strong><em>et</em></strong></span> <span class='ocrx_word' id='word_1_245' title='bbox 2387 1759 2662 1822; x_wconf 86' lang='lat' dir='ltr'><strong><em>protector</em></strong></span> <span class='ocrx_word' id='word_1_246' title='bbox 2689 1749 2866 1807; x_wconf 86' lang='lat' dir='ltr'><strong><em>factus</em></strong></span> <span class='ocrx_word' id='word_1_247' title='bbox 2894 1758 2979 1809; x_wconf 88' lang='lat' dir='ltr'><strong><em>est</em></strong></span> <span class='ocrx_word' id='word_1_248' title='bbox 3008 1764 3223 1819; x_wconf 63' lang='lat' dir='ltr'><strong><em>sponsa:</em></strong></span> <span class='ocrx_word' id='word_1_249' title='bbox 3244 1764 3361 1814; x_wconf 63' lang='lat' dir='ltr'><strong><em>sum</em></strong></span> <span class='ocrx_word' id='word_1_250' title='bbox 3384 1764 3512 1804; x_wconf 90' lang='lat' dir='ltr'><strong><em>cum</em></strong></span> <span class='ocrx_word' id='word_1_251' title='bbox 3558 1749 3795 1803; x_wconf 84' lang='lat' dir='ltr'><strong><em>tradidit</em></strong></span> 
     </span>
    </p>
   </div>
   <div class='ocr_carea' id='block_1_33' title="bbox 486 1835 3792 1916">
    <p class='ocr_par' dir='ltr' id='par_1_33' title="bbox 486 1835 3792 1916">
     <span class='ocr_line' id='line_1_33' title="bbox 486 1835 3792 1916; baseline -0.001 -16"><span class='ocrx_word' id='word_1_252' title='bbox 486 1845 566 1900; x_wconf 90' lang='lat' dir='ltr'><strong><em>eis</em></strong></span> <span class='ocrx_word' id='word_1_253' title='bbox 594 1843 843 1915; x_wconf 74' lang='lat' dir='ltr'><strong><em>expedit;</em></strong></span> <span class='ocrx_word' id='word_1_254' title='bbox 873 1854 929 1899; x_wconf 92' lang='lat' dir='ltr'><strong><em>et</em></strong></span> <span class='ocrx_word' id='word_1_255' title='bbox 950 1844 1216 1903; x_wconf 87' lang='lat' dir='ltr'><strong><em>molentes</em></strong></span> <span class='ocrx_word' id='word_1_256' title='bbox 1238 1845 1396 1911; x_wconf 74' lang='lat' dir='ltr'><strong><em>dixit,</em></strong></span> <span class='ocrx_word' id='word_1_257' title='bbox 1441 1855 1661 1915; x_wconf 90' lang='lat' dir='ltr'><strong><em>propter</em></strong></span> <span class='ocrx_word' id='word_1_258' title='bbox 1707 1846 2085 1916; x_wconf 86' lang='lat' dir='ltr'><strong><em>temporalium</em></strong></span> <span class='ocrx_word' id='word_1_259' title='bbox 2112 1835 2160 1895; x_wconf 88' lang='lat' dir='ltr'><strong>B</strong></span> <span class='ocrx_word' id='word_1_260' title='bbox 2189 1844 2539 1915; x_wconf 87' lang='lat' dir='ltr'><strong><em>semetipsum</em></strong></span> <span class='ocrx_word' id='word_1_261' title='bbox 2581 1858 2682 1915; x_wconf 90' lang='lat' dir='ltr'><strong><em>pro</em></strong></span> <span class='ocrx_word' id='word_1_262' title='bbox 2730 1844 2822 1899; x_wconf 85' lang='lat' dir='ltr'><strong><em>illa</em></strong></span> <span class='ocrx_word' id='word_1_263' title='bbox 2853 1852 2915 1898; x_wconf 91' lang='lat' dir='ltr'><strong><em>ut</em></strong></span> <span class='ocrx_word' id='word_1_264' title='bbox 2934 1844 3197 1899; x_wconf 75' lang='lat' dir='ltr'><strong><em>liberaret</em></strong></span> <span class='ocrx_word' id='word_1_265' title='bbox 3222 1843 3368 1907; x_wconf 80' lang='lat' dir='ltr'><strong><em>illam</em></strong></span> <span class='ocrx_word' id='word_1_266' title='bbox 3393 1860 3425 1897; x_wconf 89' lang='lat' dir='ltr'><strong><em>a</em></strong></span> <span class='ocrx_word' id='word_1_267' title='bbox 3451 1843 3792 1914; x_wconf 71' lang='lat' dir='ltr'><strong><em>perditione,</em></strong></span> 
     </span>
    </p>
   </div>
   <div class='ocr_carea' id='block_1_34' title="bbox 482 1935 2078 2007">
    <p class='ocr_par' dir='ltr' id='par_1_34' title="bbox 482 1935 2078 2007">
     <span class='ocr_line' id='line_1_34' title="bbox 482 1935 2078 2007; baseline 0.003 -18"><span class='ocrx_word' id='word_1_268' title='bbox 482 1935 829 2007; x_wconf 79' lang='lat' dir='ltr'><strong><em>negotiorum</em></strong></span> <span class='ocrx_word' id='word_1_269' title='bbox 876 1936 1064 1993; x_wconf 89' lang='lat' dir='ltr'><strong><em>orbem</em></strong></span> <span class='ocrx_word' id='word_1_270' title='bbox 1094 1944 1257 2006; x_wconf 87' lang='lat' dir='ltr'><strong><em>atque</em></strong></span> <span class='ocrx_word' id='word_1_271' title='bbox 1299 1937 1584 1994; x_wconf 89' lang='lat' dir='ltr'><strong><em>circuitum</em></strong></span> <span class='ocrx_word' id='word_1_272' title='bbox 1603 1977 1619 2003; x_wconf 92' lang='lat'><strong><em>,</em></strong></span> <span class='ocrx_word' id='word_1_273' title='bbox 1647 1953 1783 2007; x_wconf 90' lang='lat' dir='ltr'><strong><em>quas</em></strong></span> <span class='ocrx_word' id='word_1_274' title='bbox 1815 1947 1992 1994; x_wconf 80' lang='lat' dir='ltr'><strong><em>tamen</em></strong></span> <span class='ocrx_word' id='word_1_275' title='bbox 2023 1940 2078 1994; x_wconf 91' lang='lat' dir='ltr'><strong><em>in</em></strong></span> 
     </span>
    </p>
   </div>
   <div class='ocr_carea' id='block_1_35' title="bbox 484 2027 2080 2100">
    <p class='ocr_par' dir='ltr' id='par_1_35' title="bbox 484 2027 2080 2100">
     <span class='ocr_line' id='line_1_35' title="bbox 484 2027 2080 2100; baseline 0.002 -19"><span class='ocrx_word' id='word_1_276' title='bbox 484 2044 652 2083; x_wconf 88' lang='lat' dir='ltr'><strong><em>unum</em></strong></span> <span class='ocrx_word' id='word_1_277' title='bbox 708 2027 975 2087; x_wconf 88' lang='lat' dir='ltr'><strong><em>molentes</em></strong></span> <span class='ocrx_word' id='word_1_278' title='bbox 1001 2028 1160 2094; x_wconf 81' lang='lat' dir='ltr'><strong><em>dixit,</em></strong></span> <span class='ocrx_word' id='word_1_279' title='bbox 1192 2030 1248 2086; x_wconf 91' lang='lat' dir='ltr'><strong><em>in</em></strong></span> <span class='ocrx_word' id='word_1_280' title='bbox 1277 2037 1536 2099; x_wconf 88' lang='lat' dir='ltr'><strong><em>quantum</em></strong></span> <span class='ocrx_word' id='word_1_281' title='bbox 1564 2031 1629 2085; x_wconf 91' lang='lat' dir='ltr'><strong><em>de</em></strong></span> <span class='ocrx_word' id='word_1_282' title='bbox 1660 2031 1792 2100; x_wconf 89' lang='lat' dir='ltr'><strong><em>ipsis</em></strong></span> <span class='ocrx_word' id='word_1_283' title='bbox 1820 2031 1983 2085; x_wconf 79' lang='lat' dir='ltr'><strong><em>rebus</em></strong></span> <span class='ocrx_word' id='word_1_284' title='bbox 2025 2036 2080 2084; x_wconf 89' lang='lat' dir='ltr'><strong><em>et</em></strong></span> 
     </span>
    </p>
   </div>
   <div class='ocr_carea' id='block_1_36' title="bbox 481 2119 2080 2192">
    <p class='ocr_par' dir='ltr' id='par_1_36' title="bbox 481 2119 2080 2192">
     <span class='ocr_line' id='line_1_36' title="bbox 481 2119 2080 2192; baseline 0.002 -18"><span class='ocrx_word' id='word_1_285' title='bbox 481 2119 717 2191; x_wconf 87' lang='lat' dir='ltr'><strong><em>negotiis</em></strong></span> <span class='ocrx_word' id='word_1_286' title='bbox 765 2120 877 2177; x_wconf 85' lang='lat' dir='ltr'><strong><em>suis</em></strong></span> <span class='ocrx_word' id='word_1_287' title='bbox 912 2121 1159 2191; x_wconf 78' lang='lat' dir='ltr'><strong><em>praebent</em></strong></span> <span class='ocrx_word' id='word_1_288' title='bbox 1190 2122 1376 2178; x_wconf 89' lang='lat' dir='ltr'><strong><em>usibus</em></strong></span> <span class='ocrx_word' id='word_1_289' title='bbox 1415 2121 1661 2178; x_wconf 65' lang='lat' dir='ltr'><strong><em>ecclesia:</em></strong></span> <span class='ocrx_word' id='word_1_290' title='bbox 1693 2140 1705 2176; x_wconf 91' lang='lat'><strong>:</strong></span> <span class='ocrx_word' id='word_1_291' title='bbox 1741 2136 2080 2192; x_wconf 76' lang='lat' dir='ltr'><strong><em>unaqmeque</em></strong></span> 
     </span>
    </p>
   </div>
   <div class='ocr_carea' id='block_1_37' title="bbox 481 2210 2078 2286">
    <p class='ocr_par' dir='ltr' id='par_1_37' title="bbox 481 2210 2078 2286">
     <span class='ocr_line' id='line_1_37' title="bbox 481 2210 2078 2286; baseline 0.001 -18"><span class='ocrx_word' id='word_1_292' title='bbox 481 2212 629 2271; x_wconf 86' lang='lat' dir='ltr'><strong><em>enim</em></strong></span> <span class='ocrx_word' id='word_1_293' title='bbox 661 2210 825 2281; x_wconf 89' lang='lat' dir='ltr'><strong><em>hujus</em></strong></span> <span class='ocrx_word' id='word_1_294' title='bbox 853 2213 1039 2269; x_wconf 90' lang='lat' dir='ltr'><strong><em>mundi</em></strong></span> <span class='ocrx_word' id='word_1_295' title='bbox 1070 2215 1215 2271; x_wconf 88' lang='lat' dir='ltr'><strong><em>actio</em></strong></span> <span class='ocrx_word' id='word_1_296' title='bbox 1244 2214 1385 2269; x_wconf 87' lang='lat' dir='ltr'><strong><em>mola</em></strong></span> <span class='ocrx_word' id='word_1_297' title='bbox 1413 2223 1529 2281; x_wconf 91' lang='lat' dir='ltr'><strong><em>est,</em></strong></span> <span class='ocrx_word' id='word_1_298' title='bbox 1560 2230 1680 2286; x_wconf 86' lang='lat' dir='ltr'><strong><em>quae</em></strong></span> <span class='ocrx_word' id='word_1_299' title='bbox 1709 2216 1837 2271; x_wconf 91' lang='lat' dir='ltr'><strong><em>dum</em></strong></span> <span class='ocrx_word' id='word_1_300' title='bbox 1879 2213 2078 2270; x_wconf 87' lang='lat' dir='ltr'><strong><em>multas</em></strong></span> 
     </span>
    </p>
   </div>
   <div class='ocr_carea' id='block_1_38' title="bbox 478 2304 2076 2378">
    <p class='ocr_par' dir='ltr' id='par_1_38' title="bbox 478 2304 2076 2378">
     <span class='ocr_line' id='line_1_38' title="bbox 478 2304 2076 2378; baseline 0.002 -21"><span class='ocrx_word' id='word_1_301' title='bbox 478 2317 638 2359; x_wconf 90' lang='lat' dir='ltr'><strong><em>curas</em></strong></span> <span class='ocrx_word' id='word_1_302' title='bbox 666 2304 931 2375; x_wconf 77' lang='lat' dir='ltr'><strong><em>congerit,</em></strong></span> <span class='ocrx_word' id='word_1_303' title='bbox 980 2304 1246 2361; x_wconf 86' lang='lat' dir='ltr'><strong><em>humanas</em></strong></span> <span class='ocrx_word' id='word_1_304' title='bbox 1292 2313 1519 2365; x_wconf 80' lang='lat' dir='ltr'><strong><em>mentes</em></strong></span> <span class='ocrx_word' id='word_1_305' title='bbox 1546 2307 1703 2377; x_wconf 89' lang='lat' dir='ltr'><strong><em>quasi</em></strong></span> <span class='ocrx_word' id='word_1_306' title='bbox 1742 2320 1842 2376; x_wconf 88' lang='lat' dir='ltr'><strong><em>per</em></strong></span> <span class='ocrx_word' id='word_1_307' title='bbox 1886 2320 2076 2378; x_wconf 78' lang='lat' dir='ltr'><strong><em>gyrum</em></strong></span> 
     </span>
    </p>
   </div>
   <div class='ocr_carea' id='block_1_39' title="bbox 477 2396 2078 2469">
    <p class='ocr_par' dir='ltr' id='par_1_39' title="bbox 477 2396 2078 2469">
     <span class='ocr_line' id='line_1_39' title="bbox 477 2396 2078 2469; baseline 0.003 -20"><span class='ocrx_word' id='word_1_308' title='bbox 477 2396 657 2460; x_wconf 80' lang='lat' dir='ltr'><strong><em>vertit,</em></strong></span> <span class='ocrx_word' id='word_1_309' title='bbox 684 2404 846 2465; x_wconf 87' lang='lat' dir='ltr'><strong><em>atque</em></strong></span> <span class='ocrx_word' id='word_1_310' title='bbox 867 2411 935 2452; x_wconf 78' lang='lat' dir='ltr'><strong><em>ex</em></strong></span> <span class='ocrx_word' id='word_1_311' title='bbox 958 2412 1016 2455; x_wconf 83' lang='lat' dir='ltr'><strong><em>se</em></strong></span> <span class='ocrx_word' id='word_1_312' title='bbox 1039 2397 1187 2454; x_wconf 83' lang='lat' dir='ltr'><strong><em>velut</em></strong></span> <span class='ocrx_word' id='word_1_313' title='bbox 1210 2397 1416 2453; x_wconf 80' lang='lat' dir='ltr'><strong><em>farinas</em></strong></span> <span class='ocrx_word' id='word_1_314' title='bbox 1430 2396 1669 2467; x_wconf 88' lang='lat' dir='ltr'><strong><em>projicit,</em></strong></span> <span class='ocrx_word' id='word_1_315' title='bbox 1692 2399 1820 2468; x_wconf 85' lang='lat' dir='ltr'><strong><em>quia</em></strong></span> <span class='ocrx_word' id='word_1_316' title='bbox 1836 2398 2078 2469; x_wconf 89' lang='lat' dir='ltr'><strong><em>inquieto</em></strong></span> 
     </span>
    </p>
   </div>
   <div class='ocr_carea' id='block_1_40' title="bbox 476 2490 1911 2564">
    <p class='ocr_par' dir='ltr' id='par_1_40' title="bbox 476 2490 1911 2564">
     <span class='ocr_line' id='line_1_40' title="bbox 476 2490 1911 2564; baseline 0.002 -20"><span class='ocrx_word' id='word_1_317' title='bbox 476 2490 640 2545; x_wconf 90' lang='lat' dir='ltr'><strong><em>corde</em></strong></span> <span class='ocrx_word' id='word_1_318' title='bbox 671 2505 887 2562; x_wconf 87' lang='lat' dir='ltr'><strong><em>semper</em></strong></span> <span class='ocrx_word' id='word_1_319' title='bbox 918 2493 1312 2550; x_wconf 86' lang='lat' dir='ltr'><strong><em>minutissimas</em></strong></span> <span class='ocrx_word' id='word_1_320' title='bbox 1338 2493 1696 2562; x_wconf 80' lang='lat' dir='ltr'><strong><em>cogitationes</em></strong></span> <span class='ocrx_word' id='word_1_321' title='bbox 1725 2494 1911 2564; x_wconf 88' lang='lat' dir='ltr'><strong><em>gignit.</em></strong></span> 
     </span>
    </p>
   </div>
   <div class='ocr_carea' id='block_1_41' title="bbox 546 2578 2076 2653">
    <p class='ocr_par' dir='ltr' id='par_1_41' title="bbox 546 2578 2076 2653">
     <span class='ocr_line' id='line_1_41' title="bbox 546 2578 2076 2653; baseline 0.005 -18"><span class='ocrx_word' id='word_1_322' title='bbox 546 2578 669 2636; x_wconf 87' lang='lat' dir='ltr'><strong><em>Una</em></strong></span> <span class='ocrx_word' id='word_1_323' title='bbox 689 2592 1009 2649; x_wconf 86' lang='lat' dir='ltr'><strong><em>assumetur,</em></strong></span> <span class='ocrx_word' id='word_1_324' title='bbox 1029 2593 1077 2638; x_wconf 87' lang='lat' dir='ltr'><strong><em>et</em></strong></span> <span class='ocrx_word' id='word_1_325' title='bbox 1103 2582 1269 2638; x_wconf 89' lang='lat' dir='ltr'><strong><em>altera</em></strong></span> <span class='ocrx_word' id='word_1_326' title='bbox 1294 2582 1636 2653; x_wconf 85' lang='lat' dir='ltr'><strong><em>relinquetur.</em></strong></span> <span class='ocrx_word' id='word_1_327' title='bbox 1660 2584 1984 2641; x_wconf 84' lang='lat' dir='ltr'><strong><em>Assumetur</em></strong></span> <span class='ocrx_word' id='word_1_328' title='bbox 2010 2601 2076 2642; x_wconf 87' lang='lat' dir='ltr'><strong><em>ea</em></strong></span> 
     </span>
    </p>
   </div>
   <div class='ocr_carea' id='block_1_42' title="bbox 472 2677 2076 2755">
    <p class='ocr_par' dir='ltr' id='par_1_42' title="bbox 472 2677 2076 2755">
     <span class='ocr_line' id='line_1_42' title="bbox 472 2677 2076 2755; baseline 0.008 -30"><span class='ocrx_word' id='word_1_329' title='bbox 472 2688 603 2742; x_wconf 89' lang='lat' dir='ltr'><strong><em>pars</em></strong></span> <span class='ocrx_word' id='word_1_330' title='bbox 631 2690 752 2743; x_wconf 58' lang='lat' dir='ltr'><strong><em>quae</em></strong></span> <span class='ocrx_word' id='word_1_331' title='bbox 776 2677 1047 2732; x_wconf 88' lang='lat' dir='ltr'><strong><em>connubia</em></strong></span> <span class='ocrx_word' id='word_1_332' title='bbox 1082 2685 1305 2747; x_wconf 90' lang='lat' dir='ltr'><strong><em>propter</em></strong></span> <span class='ocrx_word' id='word_1_333' title='bbox 1328 2695 1572 2735; x_wconf 89' lang='lat' dir='ltr'><strong><em>amorem</em></strong></span> <span class='ocrx_word' id='word_1_334' title='bbox 1613 2688 1823 2736; x_wconf 90' lang='lat' dir='ltr'><strong><em>tantum</em></strong></span> <span class='ocrx_word' id='word_1_335' title='bbox 1854 2684 2076 2755; x_wconf 77' lang='lat' dir='ltr'><strong><em>generis</em></strong></span> 
     </span>
    </p>
   </div>
   <div class='ocr_carea' id='block_1_43' title="bbox 474 2766 2073 2847">
    <p class='ocr_par' dir='ltr' id='par_1_43' title="bbox 474 2766 2073 2847">
     <span class='ocr_line' id='line_1_43' title="bbox 474 2766 2073 2847; baseline 0.01 -30"><span class='ocrx_word' id='word_1_336' title='bbox 474 2766 806 2833; x_wconf 87' lang='lat' dir='ltr'><strong><em>exercuerit,</em></strong></span> <span class='ocrx_word' id='word_1_337' title='bbox 837 2776 1223 2840; x_wconf 86' lang='lat' dir='ltr'><strong><em>terrenamque</em></strong></span> <span class='ocrx_word' id='word_1_338' title='bbox 1249 2771 1608 2829; x_wconf 83' lang='lat' dir='ltr'><strong><em>substantiam</em></strong></span> <span class='ocrx_word' id='word_1_339' title='bbox 1634 2777 1704 2831; x_wconf 90' lang='lat' dir='ltr'><strong><em>ob</em></strong></span> <span class='ocrx_word' id='word_1_340' title='bbox 1740 2777 2073 2847; x_wconf 90' lang='lat' dir='ltr'><strong><em>acquireuda</em></strong></span> 
     </span>
    </p>
   </div>
   <div class='ocr_carea' id='block_1_44' title="bbox 473 2855 2073 2940">
    <p class='ocr_par' dir='ltr' id='par_1_44' title="bbox 473 2855 2073 2940">
     <span class='ocr_line' id='line_1_44' title="bbox 473 2855 2073 2940; baseline 0.009 -30"><span class='ocrx_word' id='word_1_341' title='bbox 473 2855 718 2913; x_wconf 65' lang='lat' dir='ltr'><strong><em>caelestia</em></strong></span> <span class='ocrx_word' id='word_1_342' title='bbox 743 2858 1165 2930; x_wconf 85' lang='lat' dir='ltr'><strong><em>dispensaverit;</em></strong></span> <span class='ocrx_word' id='word_1_343' title='bbox 1212 2864 1547 2935; x_wconf 83' lang='lat' dir='ltr'><strong><em>relinquetur</em></strong></span> <span class='ocrx_word' id='word_1_344' title='bbox 1575 2876 1756 2922; x_wconf 89' lang='lat' dir='ltr'><strong><em>autem</em></strong></span> <span class='ocrx_word' id='word_1_345' title='bbox 1792 2885 1911 2940; x_wconf 64' lang='lat' dir='ltr'><strong><em>quae</em></strong></span> <span class='ocrx_word' id='word_1_346' title='bbox 1939 2886 2073 2926; x_wconf 90' lang='lat' dir='ltr'><strong><em>con-</em></strong></span> 
     </span>
    </p>
   </div>
   <div class='ocr_carea' id='block_1_45' title="bbox 469 2943 2074 3023">
    <p class='ocr_par' dir='ltr' id='par_1_45' title="bbox 469 2943 2074 3023">
     <span class='ocr_line' id='line_1_45' title="bbox 469 2943 2074 3023; baseline 0.011 -23"><span class='ocrx_word' id='word_1_347' title='bbox 469 2943 640 3017; x_wconf 80' lang='lat' dir='ltr'><strong><em>iugiis</em></strong></span> <span class='ocrx_word' id='word_1_348' title='bbox 684 2948 754 3004; x_wconf 83' lang='lat' dir='ltr'><strong><em>ob</em></strong></span> <span class='ocrx_word' id='word_1_349' title='bbox 789 2950 1071 3007; x_wconf 88' lang='lat' dir='ltr'><strong><em>illecebras</em></strong></span> <span class='ocrx_word' id='word_1_350' title='bbox 1119 2955 1301 3011; x_wconf 86' lang='lat' dir='ltr'><strong><em>carnis</em></strong></span> <span class='ocrx_word' id='word_1_351' title='bbox 1341 2958 1625 3023; x_wconf 87' lang='lat' dir='ltr'><strong><em>servierit,</em></strong></span> <span class='ocrx_word' id='word_1_352' title='bbox 1673 2968 1889 3014; x_wconf 89' lang='lat' dir='ltr'><strong><em>terrena</em></strong></span> <span class='ocrx_word' id='word_1_353' title='bbox 1942 2977 2074 3017; x_wconf 88' lang='lat' dir='ltr'><strong><em>vero</em></strong></span> 
     </span>
    </p>
   </div>
   <div class='ocr_carea' id='block_1_46' title="bbox 483 3036 2075 3116">
    <p class='ocr_par' dir='ltr' id='par_1_46' title="bbox 483 3036 2075 3116">
     <span class='ocr_line' id='line_1_46' title="bbox 483 3036 2075 3116; baseline 0.011 -26"><span class='ocrx_word' id='word_1_354' title='bbox 483 3036 527 3091; x_wconf 91' lang='lat' dir='ltr'><strong><em>si</em></strong></span> <span class='ocrx_word' id='word_1_355' title='bbox 564 3052 670 3107; x_wconf 87' lang='lat' dir='ltr'><strong><em>qua</em></strong></span> <span class='ocrx_word' id='word_1_356' title='bbox 699 3040 943 3097; x_wconf 63' lang='lat' dir='ltr'><strong><em>ecclesiae</em></strong></span> <span class='ocrx_word' id='word_1_357' title='bbox 970 3043 1053 3098; x_wconf 90' lang='lat' dir='ltr'><strong><em>vel</em></strong></span> <span class='ocrx_word' id='word_1_358' title='bbox 1074 3047 1400 3115; x_wconf 85' lang='lat' dir='ltr'><strong><em>pauperibus</em></strong></span> <span class='ocrx_word' id='word_1_359' title='bbox 1420 3048 1700 3116; x_wconf 89' lang='lat' dir='ltr'><strong><em>obtulerit,</em></strong></span> <span class='ocrx_word' id='word_1_360' title='bbox 1736 3051 1856 3106; x_wconf 86' lang='lat' dir='ltr'><strong><em>ideo</em></strong></span> <span class='ocrx_word' id='word_1_361' title='bbox 1885 3051 2075 3108; x_wconf 82' lang='lat' dir='ltr'><strong><em>fecerit</em></strong></span> 
     </span>
    </p>
   </div>
   <div class='ocr_carea' id='block_1_47' title="bbox 485 3130 1947 3208">
    <p class='ocr_par' dir='ltr' id='par_1_47' title="bbox 485 3130 1947 3208">
     <span class='ocr_line' id='line_1_47' title="bbox 485 3130 1947 3208; baseline 0.008 -27"><span class='ocrx_word' id='word_1_362' title='bbox 485 3136 544 3183; x_wconf 91' lang='lat' dir='ltr'><strong><em>ut</em></strong></span> <span class='ocrx_word' id='word_1_363' title='bbox 569 3130 724 3198; x_wconf 89' lang='lat' dir='ltr'><strong><em>quasi</em></strong></span> <span class='ocrx_word' id='word_1_364' title='bbox 752 3131 1055 3202; x_wconf 87' lang='lat' dir='ltr'><strong><em>redemptio</em></strong></span> <span class='ocrx_word' id='word_1_365' title='bbox 1081 3135 1293 3191; x_wconf 90' lang='lat' dir='ltr'><strong><em>Domini</em></strong></span> <span class='ocrx_word' id='word_1_366' title='bbox 1323 3137 1408 3192; x_wconf 88' lang='lat' dir='ltr'><strong><em>his</em></strong></span> <span class='ocrx_word' id='word_1_367' title='bbox 1436 3138 1666 3208; x_wconf 87' lang='lat' dir='ltr'><strong><em>amplius</em></strong></span> <span class='ocrx_word' id='word_1_368' title='bbox 1693 3139 1947 3196; x_wconf 88' lang='lat' dir='ltr'><strong><em>abundet.</em></strong></span> 
     </span>
    </p>
   </div>
   <div class='ocr_carea' id='block_1_48' title="bbox 2179 1935 3792 2007">
    <p class='ocr_par' dir='ltr' id='par_1_48' title="bbox 2179 1935 3792 2007">
     <span class='ocr_line' id='line_1_48' title="bbox 2179 1935 3792 2007; baseline 0 -17"><span class='ocrx_word' id='word_1_369' title='bbox 2179 1935 2235 1990; x_wconf 91' lang='lat' dir='ltr'><strong><em>in</em></strong></span> <span class='ocrx_word' id='word_1_370' title='bbox 2266 1950 2428 2005; x_wconf 89' lang='lat' dir='ltr'><strong><em>quam</em></strong></span> <span class='ocrx_word' id='word_1_371' title='bbox 2478 1950 2577 2003; x_wconf 89' lang='lat' dir='ltr'><strong><em>per</em></strong></span> <span class='ocrx_word' id='word_1_372' title='bbox 2606 1936 3110 2005; x_wconf 64' lang='lat' dir='ltr'><strong><em>praevaricationem</em></strong></span> <span class='ocrx_word' id='word_1_373' title='bbox 3158 1935 3323 2006; x_wconf 90' lang='lat' dir='ltr'><strong><em>primi</em></strong></span> <span class='ocrx_word' id='word_1_374' title='bbox 3355 1935 3608 1995; x_wconf 82' lang='lat' dir='ltr'><strong><em>hominis</em></strong></span> <span class='ocrx_word' id='word_1_375' title='bbox 3640 1936 3792 2007; x_wconf 75' lang='lat' dir='ltr'><strong><em>lapsa</em></strong></span> 
     </span>
    </p>
   </div>
   <div class='ocr_carea' id='block_1_49' title="bbox 2178 2023 3791 2097">
    <p class='ocr_par' dir='ltr' id='par_1_49' title="bbox 2178 2023 3791 2097">
     <span class='ocr_line' id='line_1_49' title="bbox 2178 2023 3791 2097; baseline 0.002 -17"><span class='ocrx_word' id='word_1_376' title='bbox 2178 2032 2283 2091; x_wconf 87' lang='lat' dir='ltr'><strong><em>est,</em></strong></span> <span class='ocrx_word' id='word_1_377' title='bbox 2310 2034 2359 2079; x_wconf 89' lang='lat' dir='ltr'><strong><em>et</em></strong></span> <span class='ocrx_word' id='word_1_378' title='bbox 2385 2041 2417 2077; x_wconf 92' lang='lat' dir='ltr'><strong><em>a</em></strong></span> <span class='ocrx_word' id='word_1_379' title='bbox 2448 2023 2634 2094; x_wconf 86' lang='lat' dir='ltr'><strong><em>laqueo</em></strong></span> <span class='ocrx_word' id='word_1_380' title='bbox 2649 2024 2842 2095; x_wconf 70' lang='lat' dir='ltr'><strong><em>linguae</em></strong></span> <span class='ocrx_word' id='word_1_381' title='bbox 2866 2026 3081 2097; x_wconf 63' lang='lat' dir='ltr'><strong><em>iniquae,</em></strong></span> <span class='ocrx_word' id='word_1_382' title='bbox 3110 2025 3499 2096; x_wconf 78' lang='lat' dir='ltr'><strong><em>ablasphemia</em></strong></span> <span class='ocrx_word' id='word_1_383' title='bbox 3520 2028 3791 2083; x_wconf 80' lang='lat' dir='ltr'><strong><em>nimirum</em></strong></span> 
     </span>
    </p>
   </div>
   <div class='ocr_carea' id='block_1_50' title="bbox 2180 2118 3795 2188">
    <p class='ocr_par' dir='ltr' id='par_1_50' title="bbox 2180 2118 3795 2188">
     <span class='ocr_line' id='line_1_50' title="bbox 2180 2118 3795 2188; baseline 0 -12"><span class='ocrx_word' id='word_1_384' title='bbox 2180 2118 2521 2185; x_wconf 73' lang='lat' dir='ltr'><strong><em>idololatriae,</em></strong></span> <span class='ocrx_word' id='word_1_385' title='bbox 2554 2132 2623 2173; x_wconf 89' lang='lat' dir='ltr'><strong><em>ne</em></strong></span> <span class='ocrx_word' id='word_1_386' title='bbox 2652 2118 2959 2175; x_wconf 88' lang='lat' dir='ltr'><strong><em>immolaret</em></strong></span> <span class='ocrx_word' id='word_1_387' title='bbox 3004 2134 3181 2188; x_wconf 89' lang='lat' dir='ltr'><strong><em>neque</em></strong></span> <span class='ocrx_word' id='word_1_388' title='bbox 3229 2118 3458 2174; x_wconf 79' lang='lat' dir='ltr'><strong><em>serviret</em></strong></span> <span class='ocrx_word' id='word_1_389' title='bbox 3515 2130 3795 2176; x_wconf 66' lang='lat' dir='ltr'><strong><em>creatura</em></strong></span> 
     </span>
    </p>
   </div>
   <div class='ocr_carea' id='block_1_51' title="bbox 2176 2208 3792 2282">
    <p class='ocr_par' dir='ltr' id='par_1_51' title="bbox 2176 2208 3792 2282">
     <span class='ocr_line' id='line_1_51' title="bbox 2176 2208 3792 2282; baseline 0.001 -17"><span class='ocrx_word' id='word_1_390' title='bbox 2176 2210 2359 2282; x_wconf 90' lang='lat' dir='ltr'><strong><em>potius</em></strong></span> <span class='ocrx_word' id='word_1_391' title='bbox 2379 2225 2544 2279; x_wconf 89' lang='lat' dir='ltr'><strong><em>quam</em></strong></span> <span class='ocrx_word' id='word_1_392' title='bbox 2578 2210 2835 2275; x_wconf 87' lang='lat' dir='ltr'><strong><em>creatori,</em></strong></span> <span class='ocrx_word' id='word_1_393' title='bbox 2860 2219 2907 2265; x_wconf 88' lang='lat' dir='ltr'><strong><em>et</em></strong></span> <span class='ocrx_word' id='word_1_394' title='bbox 2935 2227 2967 2265; x_wconf 88' lang='lat' dir='ltr'><strong><em>a</em></strong></span> <span class='ocrx_word' id='word_1_395' title='bbox 3009 2208 3162 2269; x_wconf 84' lang='lat' dir='ltr'><strong><em>labiis</em></strong></span> <span class='ocrx_word' id='word_1_396' title='bbox 3189 2210 3526 2281; x_wconf 75' lang='lat' dir='ltr'><strong><em>operantium</em></strong></span> <span class='ocrx_word' id='word_1_397' title='bbox 3555 2213 3792 2267; x_wconf 68' lang='lat' dir='ltr'><strong><em>mendu-</em></strong></span> 
     </span>
    </p>
   </div>
   <div class='ocr_carea' id='block_1_52' title="bbox 2183 2300 3792 2375">
    <p class='ocr_par' dir='ltr' id='par_1_52' title="bbox 2183 2300 3792 2375">
     <span class='ocr_line' id='line_1_52' title="bbox 2183 2300 3792 2375; baseline 0.002 -20"><span class='ocrx_word' id='word_1_398' title='bbox 2183 2302 2346 2367; x_wconf 88' lang='lat' dir='ltr'><strong><em>cium,</em></strong></span> <span class='ocrx_word' id='word_1_399' title='bbox 2374 2302 2478 2359; x_wconf 90' lang='lat' dir='ltr'><strong><em>hoc</em></strong></span> <span class='ocrx_word' id='word_1_400' title='bbox 2506 2310 2592 2358; x_wconf 91' lang='lat' dir='ltr'><strong><em>est</em></strong></span> <span class='ocrx_word' id='word_1_401' title='bbox 2618 2300 2882 2357; x_wconf 87' lang='lat' dir='ltr'><strong><em>doctrinis</em></strong></span> <span class='ocrx_word' id='word_1_402' title='bbox 2925 2300 3075 2358; x_wconf 81' lang='lat' dir='ltr'><strong><em>falsis</em></strong></span> <span class='ocrx_word' id='word_1_403' title='bbox 3120 2301 3583 2371; x_wconf 85' lang='lat' dir='ltr'><strong><em>philosophorum</em></strong></span> <span class='ocrx_word' id='word_1_404' title='bbox 3624 2315 3792 2375; x_wconf 78' lang='lat' dir='ltr'><strong><em>atque</em></strong></span> 
     </span>
    </p>
   </div>
   <div class='ocr_carea' id='block_1_53' title="bbox 2182 2392 2584 2451">
    <p class='ocr_par' dir='ltr' id='par_1_53' title="bbox 2182 2392 2584 2451">
     <span class='ocr_line' id='line_1_53' title="bbox 2182 2392 2584 2451; baseline -0.015 0"><span class='ocrx_word' id='word_1_405' title='bbox 2182 2392 2584 2451; x_wconf 81' lang='lat' dir='ltr'><strong><em>haereticorum.</em></strong></span> 
     </span>
    </p>
   </div>
   <div class='ocr_carea' id='block_1_54' title="bbox 2249 2494 3787 2567">
    <p class='ocr_par' dir='ltr' id='par_1_54' title="bbox 2249 2494 3787 2567">
     <span class='ocr_line' id='line_1_54' title="bbox 2249 2494 3787 2567; baseline 0.002 -18"><span class='ocrx_word' id='word_1_406' title='bbox 2249 2494 2318 2549; x_wconf 82' lang='lat' dir='ltr'><strong><em>Et</em></strong></span> <span class='ocrx_word' id='word_1_407' title='bbox 2359 2496 2417 2549; x_wconf 86' lang='lat' dir='ltr'><strong><em>in</em></strong></span> <span class='ocrx_word' id='word_1_408' title='bbox 2441 2502 2716 2566; x_wconf 87' lang='lat' dir='ltr'><strong><em>conspectu</em></strong></span> <span class='ocrx_word' id='word_1_409' title='bbox 2741 2498 3027 2550; x_wconf 81' lang='lat' dir='ltr'><strong><em>astantium</em></strong></span> <span class='ocrx_word' id='word_1_410' title='bbox 3054 2494 3229 2566; x_wconf 78' lang='lat' dir='ltr'><strong><em>factus</em></strong></span> <span class='ocrx_word' id='word_1_411' title='bbox 3274 2511 3328 2551; x_wconf 90' lang='lat' dir='ltr'><strong><em>es</em></strong></span> <span class='ocrx_word' id='word_1_412' title='bbox 3355 2497 3489 2551; x_wconf 76' lang='lat' dir='ltr'><strong><em>mihi</em></strong></span> <span class='ocrx_word' id='word_1_413' title='bbox 3539 2498 3787 2567; x_wconf 61' lang='lat' dir='ltr'><strong><em>adjutor.</em></strong></span> 
     </span>
    </p>
   </div>
   <div class='ocr_carea' id='block_1_55' title="bbox 2177 2586 3790 2645">
    <p class='ocr_par' dir='ltr' id='par_1_55' title="bbox 2177 2586 3790 2645">
     <span class='ocr_line' id='line_1_55' title="bbox 2177 2586 3790 2645; baseline 0.002 -4"><span class='ocrx_word' id='word_1_414' title='bbox 2177 2586 2247 2641; x_wconf 87' lang='lat' dir='ltr'><strong><em>Et</em></strong></span> <span class='ocrx_word' id='word_1_415' title='bbox 2270 2586 2502 2642; x_wconf 88' lang='lat' dir='ltr'><strong><em>liberasti</em></strong></span> <span class='ocrx_word' id='word_1_416' title='bbox 2534 2605 2614 2642; x_wconf 87' lang='lat' dir='ltr'><strong><em>me</em></strong></span> <span class='ocrx_word' id='word_1_417' title='bbox 2653 2588 2939 2642; x_wconf 88' lang='lat' dir='ltr'><strong><em>secundum</em></strong></span> <span class='ocrx_word' id='word_1_418' title='bbox 2964 2587 3353 2644; x_wconf 84' lang='lat' dir='ltr'><strong><em>multitudinem</em></strong></span> <span class='ocrx_word' id='word_1_419' title='bbox 3398 2590 3790 2645; x_wconf 63' lang='lat' dir='ltr'><strong><em>misericordia</em></strong></span> 
     </span>
    </p>
   </div>
   <div class='ocr_carea' id='block_1_56' title="bbox 2180 2678 3789 2751">
    <p class='ocr_par' dir='ltr' id='par_1_56' title="bbox 2180 2678 3789 2751">
     <span class='ocr_line' id='line_1_56' title="bbox 2180 2678 3789 2751; baseline 0.002 -18"><span class='ocrx_word' id='word_1_420' title='bbox 2180 2678 2404 2735; x_wconf 86' lang='lat' dir='ltr'><strong><em>nominis</em></strong></span> <span class='ocrx_word' id='word_1_421' title='bbox 2431 2681 2509 2733; x_wconf 90' lang='lat' dir='ltr'><strong><em>tui</em></strong></span> <span class='ocrx_word' id='word_1_422' title='bbox 2537 2697 2571 2732; x_wconf 87' lang='lat' dir='ltr'><strong><em>a</em></strong></span> <span class='ocrx_word' id='word_1_423' title='bbox 2620 2680 2943 2750; x_wconf 88' lang='lat' dir='ltr'><strong><em>rugientibus</em></strong></span> <span class='ocrx_word' id='word_1_424' title='bbox 2982 2679 3294 2751; x_wconf 68' lang='lat' dir='ltr'><strong><em>prreparatis</em></strong></span> <span class='ocrx_word' id='word_1_425' title='bbox 3323 2680 3393 2733; x_wconf 89' lang='lat' dir='ltr'><strong><em>ad</em></strong></span> <span class='ocrx_word' id='word_1_426' title='bbox 3418 2697 3625 2735; x_wconf 86' lang='lat' dir='ltr'><strong><em>escam.</em></strong></span> <span class='ocrx_word' id='word_1_427' title='bbox 3676 2680 3789 2737; x_wconf 79' lang='lat' dir='ltr'><strong><em>Hoc</em></strong></span> 
     </span>
    </p>
   </div>
   <div class='ocr_carea' id='block_1_57' title="bbox 2178 2772 3789 2845">
    <p class='ocr_par' dir='ltr' id='par_1_57' title="bbox 2178 2772 3789 2845">
     <span class='ocr_line' id='line_1_57' title="bbox 2178 2772 3789 2845; baseline 0.002 -19"><span class='ocrx_word' id='word_1_428' title='bbox 2178 2772 2487 2835; x_wconf 84' lang='lat' dir='ltr'><strong><em>testimonio</em></strong></span> <span class='ocrx_word' id='word_1_429' title='bbox 2499 2773 2755 2842; x_wconf 79' lang='lat' dir='ltr'><strong><em>exprimit</em></strong></span> <span class='ocrx_word' id='word_1_430' title='bbox 2771 2781 3149 2843; x_wconf 85' lang='lat' dir='ltr'><strong><em>persecutores</em></strong></span> <span class='ocrx_word' id='word_1_431' title='bbox 3161 2772 3418 2828; x_wconf 71' lang='lat' dir='ltr'><strong><em>Ecclesiae</em></strong></span> <span class='ocrx_word' id='word_1_432' title='bbox 3436 2774 3534 2842; x_wconf 90' lang='lat' dir='ltr'><strong><em>qui</em></strong></span> <span class='ocrx_word' id='word_1_433' title='bbox 3557 2786 3789 2845; x_wconf 80' lang='lat' dir='ltr'><strong><em>propter</em></strong></span> 
     </span>
    </p>
   </div>
   <div class='ocr_carea' id='block_1_58' title="bbox 2176 2863 3785 2935">
    <p class='ocr_par' dir='ltr' id='par_1_58' title="bbox 2176 2863 3785 2935">
     <span class='ocr_line' id='line_1_58' title="bbox 2176 2863 3785 2935; baseline -0.001 -14"><span class='ocrx_word' id='word_1_434' title='bbox 2176 2865 2361 2921; x_wconf 92' lang='lat' dir='ltr'><strong><em>odium</em></strong></span> <span class='ocrx_word' id='word_1_435' title='bbox 2389 2865 2624 2921; x_wconf 89' lang='lat' dir='ltr'><strong><em>nominis</em></strong></span> <span class='ocrx_word' id='word_1_436' title='bbox 2656 2864 2859 2920; x_wconf 89' lang='lat' dir='ltr'><strong><em>Christi</em></strong></span> <span class='ocrx_word' id='word_1_437' title='bbox 2902 2873 3305 2935; x_wconf 89' lang='lat' dir='ltr'><strong><em>persequuntur</em></strong></span> <span class='ocrx_word' id='word_1_438' title='bbox 3331 2863 3523 2919; x_wconf 81' lang='lat' dir='ltr'><strong><em>ﬁdeles</em></strong></span> <span class='ocrx_word' id='word_1_439' title='bbox 3564 2875 3627 2919; x_wconf 85' lang='lat' dir='ltr'><strong><em>et</em></strong></span> <span class='ocrx_word' id='word_1_440' title='bbox 3680 2872 3785 2919; x_wconf 80' lang='lat' dir='ltr'><strong><em>tra-</em></strong></span> 
     </span>
    </p>
   </div>
   <div class='ocr_carea' id='block_1_59' title="bbox 2177 2956 3784 3027">
    <p class='ocr_par' dir='ltr' id='par_1_59' title="bbox 2177 2956 3784 3027">
     <span class='ocr_line' id='line_1_59' title="bbox 2177 2956 3784 3027; baseline 0 -14"><span class='ocrx_word' id='word_1_441' title='bbox 2177 2958 2314 3014; x_wconf 90' lang='lat' dir='ltr'><strong><em>dunt</em></strong></span> <span class='ocrx_word' id='word_1_442' title='bbox 2357 2972 2452 3013; x_wconf 90' lang='lat' dir='ltr'><strong><em>eos</em></strong></span> <span class='ocrx_word' id='word_1_443' title='bbox 2477 2957 2754 3027; x_wconf 87' lang='lat' dir='ltr'><strong><em>suppliciis</em></strong></span> <span class='ocrx_word' id='word_1_444' title='bbox 2781 2957 3009 3012; x_wconf 87' lang='lat' dir='ltr'><strong><em>diversis</em></strong></span> <span class='ocrx_word' id='word_1_445' title='bbox 3037 2957 3200 3013; x_wconf 89' lang='lat' dir='ltr'><strong><em>morti</em></strong></span> <span class='ocrx_word' id='word_1_446' title='bbox 3226 2956 3564 3023; x_wconf 78' lang='lat' dir='ltr'><strong><em>alliciendos,</em></strong></span> <span class='ocrx_word' id='word_1_447' title='bbox 3588 2968 3784 3027; x_wconf 83' lang='lat' dir='ltr'><strong><em>quate-</em></strong></span> 
     </span>
    </p>
   </div>
   <div class='ocr_carea' id='block_1_60' title="bbox 2177 3047 3783 3105">
    <p class='ocr_par' dir='ltr' id='par_1_60' title="bbox 2177 3047 3783 3105">
     <span class='ocr_line' id='line_1_60' title="bbox 2177 3047 3783 3105; baseline 0.001 -3"><span class='ocrx_word' id='word_1_448' title='bbox 2177 3064 2282 3103; x_wconf 88' lang='lat' dir='ltr'><strong><em>nus</em></strong></span> <span class='ocrx_word' id='word_1_449' title='bbox 2303 3062 2399 3104; x_wconf 88' lang='lat' dir='ltr'><strong><em>eos</em></strong></span> <span class='ocrx_word' id='word_1_450' title='bbox 2428 3057 2680 3103; x_wconf 86' lang='lat' dir='ltr'><strong><em>avertant</em></strong></span> <span class='ocrx_word' id='word_1_451' title='bbox 2703 3064 2735 3102; x_wconf 91' lang='lat' dir='ltr'><strong><em>a</em></strong></span> <span class='ocrx_word' id='word_1_452' title='bbox 2767 3047 3110 3103; x_wconf 87' lang='lat' dir='ltr'><strong><em>confessione</em></strong></span> <span class='ocrx_word' id='word_1_453' title='bbox 3156 3047 3439 3104; x_wconf 75' lang='lat' dir='ltr'><strong><em>catholicae</em></strong></span> <span class='ocrx_word' id='word_1_454' title='bbox 3466 3047 3600 3105; x_wconf 81' lang='lat' dir='ltr'><strong><em>ﬁdei</em></strong></span> <span class='ocrx_word' id='word_1_455' title='bbox 3653 3058 3712 3103; x_wconf 85' lang='lat' dir='ltr'><strong><em>et</em></strong></span> <span class='ocrx_word' id='word_1_456' title='bbox 3754 3066 3783 3103; x_wconf 83' lang='lat' dir='ltr'><strong><em>a</em></strong></span> 
     </span>
    </p>
   </div>
   <div class='ocr_carea' id='block_1_61' title="bbox 2178 3138 3784 3220">
    <p class='ocr_par' dir='ltr' id='par_1_61' title="bbox 2178 3138 3784 3220">
     <span class='ocr_line' id='line_1_61' title="bbox 2178 3138 3784 3220; baseline 0.001 -27"><span class='ocrx_word' id='word_1_457' title='bbox 2178 3138 2389 3193; x_wconf 86' lang='lat' dir='ltr'><strong><em>cultura</em></strong></span> <span class='ocrx_word' id='word_1_458' title='bbox 2416 3139 2528 3194; x_wconf 86' lang='lat' dir='ltr'><strong><em>veri</em></strong></span> <span class='ocrx_word' id='word_1_459' title='bbox 2555 3147 2611 3194; x_wconf 90' lang='lat' dir='ltr'><strong><em>et</em></strong></span> <span class='ocrx_word' id='word_1_460' title='bbox 2633 3139 2796 3195; x_wconf 87' lang='lat' dir='ltr'><strong><em>unius</em></strong></span> <span class='ocrx_word' id='word_1_461' title='bbox 2819 3138 2934 3194; x_wconf 90' lang='lat' dir='ltr'><strong><em>Dei.</em></strong></span> <span class='ocrx_word' id='word_1_462' title='bbox 2966 3139 3112 3207; x_wconf 84' lang='lat' dir='ltr'><strong><em>Quos</em></strong></span> <span class='ocrx_word' id='word_1_463' title='bbox 3138 3140 3277 3195; x_wconf 89' lang='lat' dir='ltr'><strong><em>bene</em></strong></span> <span class='ocrx_word' id='word_1_464' title='bbox 3302 3150 3591 3220; x_wconf 83' lang='lat' dir='ltr'><strong><em>comparat</em></strong></span> <span class='ocrx_word' id='word_1_465' title='bbox 3622 3141 3784 3196; x_wconf 69' lang='lat' dir='ltr'><strong><em>smvis</em></strong></span> 
     </span>
    </p>
   </div>
   <div class='ocr_carea' id='block_1_62' title="bbox 547 3219 3783 3301">
    <p class='ocr_par' dir='ltr' id='par_1_62' title="bbox 547 3219 3783 3301">
     <span class='ocr_line' id='line_1_62' title="bbox 547 3219 3783 3301; baseline 0.003 -27"><span class='ocrx_word' id='word_1_466' title='bbox 547 3219 666 3275; x_wconf 89' lang='lat' dir='ltr'><strong><em>Duo</em></strong></span> <span class='ocrx_word' id='word_1_467' title='bbox 691 3222 746 3277; x_wconf 87' lang='lat' dir='ltr'><strong><em>in</em></strong></span> <span class='ocrx_word' id='word_1_468' title='bbox 778 3239 931 3293; x_wconf 88' lang='lat' dir='ltr'><strong><em>agro,</em></strong></span> <span class='ocrx_word' id='word_1_469' title='bbox 955 3240 1091 3281; x_wconf 83' lang='lat' dir='ltr'><strong><em>unus</em></strong></span> <span class='ocrx_word' id='word_1_470' title='bbox 1120 3236 1436 3293; x_wconf 87' lang='lat' dir='ltr'><strong><em>assumetur,</em></strong></span> <span class='ocrx_word' id='word_1_471' title='bbox 1479 3238 1527 3282; x_wconf 90' lang='lat' dir='ltr'><strong><em>et</em></strong></span> <span class='ocrx_word' id='word_1_472' title='bbox 1568 3229 1704 3287; x_wconf 89' lang='lat' dir='ltr'><strong><em>alter</em></strong></span> <span class='ocrx_word' id='word_1_473' title='bbox 1725 3230 2066 3301; x_wconf 84' lang='lat' dir='ltr'><strong><em>relinquetur.</em></strong></span> <span class='ocrx_word' id='word_1_474' title='bbox 2097 3226 2144 3289; x_wconf 87' lang='lat' dir='ltr'><strong><em>C</em></strong></span> <span class='ocrx_word' id='word_1_475' title='bbox 2174 3229 2365 3286; x_wconf 87' lang='lat' dir='ltr'><strong><em>bestiis</em></strong></span> <span class='ocrx_word' id='word_1_476' title='bbox 2384 3245 2505 3301; x_wconf 85' lang='lat' dir='ltr'><strong><em>quae</em></strong></span> <span class='ocrx_word' id='word_1_477' title='bbox 2533 3231 2711 3301; x_wconf 81' lang='lat' dir='ltr'><strong><em>rugitu</em></strong></span> <span class='ocrx_word' id='word_1_478' title='bbox 2741 3230 2872 3287; x_wconf 84' lang='lat' dir='ltr'><strong><em>forti</em></strong></span> <span class='ocrx_word' id='word_1_479' title='bbox 2899 3238 2955 3286; x_wconf 86' lang='lat' dir='ltr'><strong><em>et</em></strong></span> <span class='ocrx_word' id='word_1_480' title='bbox 2996 3230 3167 3287; x_wconf 87' lang='lat' dir='ltr'><strong><em>feroci</em></strong></span> <span class='ocrx_word' id='word_1_481' title='bbox 3203 3231 3355 3286; x_wconf 88' lang='lat' dir='ltr'><strong><em>hiatu</em></strong></span> <span class='ocrx_word' id='word_1_482' title='bbox 3382 3246 3570 3286; x_wconf 87' lang='lat' dir='ltr'><strong><em>escam</em></strong></span> <span class='ocrx_word' id='word_1_483' title='bbox 3609 3247 3783 3301; x_wconf 80' lang='lat' dir='ltr'><strong><em>appe-</em></strong></span> 
     </span>
    </p>
   </div>
   <div class='ocr_carea' id='block_1_63' title="bbox 477 3310 2069 3392">
    <p class='ocr_par' dir='ltr' id='par_1_63' title="bbox 477 3310 2069 3392">
     <span class='ocr_line' id='line_1_63' title="bbox 477 3310 2069 3392; baseline 0.008 -27"><span class='ocrx_word' id='word_1_484' title='bbox 477 3310 633 3369; x_wconf 85' lang='lat' dir='ltr'><strong><em>Sicut</em></strong></span> <span class='ocrx_word' id='word_1_485' title='bbox 654 3328 815 3384; x_wconf 84' lang='lat' dir='ltr'><strong><em>supra</em></strong></span> <span class='ocrx_word' id='word_1_486' title='bbox 847 3313 900 3372; x_wconf 86' lang='lat' dir='ltr'><strong><em>in</em></strong></span> <span class='ocrx_word' id='word_1_487' title='bbox 927 3314 1087 3383; x_wconf 89' lang='lat' dir='ltr'><strong><em>lecto,</em></strong></span> <span class='ocrx_word' id='word_1_488' title='bbox 1117 3324 1171 3373; x_wconf 89' lang='lat' dir='ltr'><strong><em>et</em></strong></span> <span class='ocrx_word' id='word_1_489' title='bbox 1189 3317 1455 3373; x_wconf 84' lang='lat' dir='ltr'><strong><em>molentes</em></strong></span> <span class='ocrx_word' id='word_1_490' title='bbox 1484 3319 1536 3374; x_wconf 91' lang='lat' dir='ltr'><strong><em>in</em></strong></span> <span class='ocrx_word' id='word_1_491' title='bbox 1566 3337 1730 3376; x_wconf 91' lang='lat' dir='ltr'><strong><em>unum</em></strong></span> <span class='ocrx_word' id='word_1_492' title='bbox 1761 3323 1964 3392; x_wconf 89' lang='lat' dir='ltr'><strong><em>posuit,</em></strong></span> <span class='ocrx_word' id='word_1_493' title='bbox 1989 3322 2069 3378; x_wconf 90' lang='lat' dir='ltr'><strong><em>sic</em></strong></span> 
     </span>
    </p>
   </div>
   <div class='ocr_carea' id='block_1_64' title="bbox 477 3402 2069 3485">
    <p class='ocr_par' dir='ltr' id='par_1_64' title="bbox 477 3402 2069 3485">
     <span class='ocr_line' id='line_1_64' title="bbox 477 3402 2069 3485; baseline 0.008 -30"><span class='ocrx_word' id='word_1_494' title='bbox 477 3410 545 3456; x_wconf 75' lang='lat' dir='ltr'><strong><em>et&#39;</em></strong></span> <span class='ocrx_word' id='word_1_495' title='bbox 587 3402 678 3461; x_wconf 87' lang='lat' dir='ltr'><strong><em>hic</em></strong></span> <span class='ocrx_word' id='word_1_496' title='bbox 704 3402 762 3458; x_wconf 87' lang='lat' dir='ltr'><strong><em>in</em></strong></span> <span class='ocrx_word' id='word_1_497' title='bbox 800 3419 931 3475; x_wconf 83' lang='lat' dir='ltr'><strong><em>agro</em></strong></span> <span class='ocrx_word' id='word_1_498' title='bbox 974 3423 1083 3462; x_wconf 87' lang='lat' dir='ltr'><strong><em>uno</em></strong></span> <span class='ocrx_word' id='word_1_499' title='bbox 1136 3423 1259 3464; x_wconf 91' lang='lat' dir='ltr'><strong><em>reor</em></strong></span> <span class='ocrx_word' id='word_1_500' title='bbox 1307 3408 1709 3483; x_wconf 82' lang='lat' dir='ltr'><strong><em>intelligendum</em></strong></span> <span class='ocrx_word' id='word_1_501' title='bbox 1734 3456 1747 3478; x_wconf 91' lang='lat'><strong><em>,</em></strong></span> <span class='ocrx_word' id='word_1_502' title='bbox 1801 3411 2069 3485; x_wconf 79' lang='lat' dir='ltr'><strong><em>signiﬁcat</em></strong></span> 
     </span>
    </p>
   </div>
   <div class='ocr_carea' id='block_1_65' title="bbox 477 3497 2067 3573">
    <p class='ocr_par' dir='ltr' id='par_1_65' title="bbox 477 3497 2067 3573">
     <span class='ocr_line' id='line_1_65' title="bbox 477 3497 2067 3573; baseline 0.009 -27"><span class='ocrx_word' id='word_1_503' title='bbox 477 3500 662 3549; x_wconf 88' lang='lat' dir='ltr'><strong><em>autem</em></strong></span> <span class='ocrx_word' id='word_1_504' title='bbox 701 3509 796 3555; x_wconf 91' lang='lat' dir='ltr'><strong><em>eos</em></strong></span> <span class='ocrx_word' id='word_1_505' title='bbox 853 3497 945 3566; x_wconf 89' lang='lat' dir='ltr'><strong><em>qui</em></strong></span> <span class='ocrx_word' id='word_1_506' title='bbox 999 3508 1293 3567; x_wconf 87' lang='lat' dir='ltr'><strong><em>operantur</em></strong></span> <span class='ocrx_word' id='word_1_507' title='bbox 1344 3500 1395 3555; x_wconf 91' lang='lat' dir='ltr'><strong><em>in</em></strong></span> <span class='ocrx_word' id='word_1_508' title='bbox 1449 3503 1695 3558; x_wconf 68' lang='lat' dir='ltr'><strong><em>ecclesia:</em></strong></span> <span class='ocrx_word' id='word_1_509' title='bbox 1733 3504 2067 3573; x_wconf 85' lang='lat' dir='ltr'><strong><em>ministerio,</em></strong></span> 
     </span>
    </p>
   </div>
   <div class='ocr_carea' id='block_1_66' title="bbox 479 3585 2065 3665">
    <p class='ocr_par' dir='ltr' id='par_1_66' title="bbox 479 3585 2065 3665">
     <span class='ocr_line' id='line_1_66' title="bbox 479 3585 2065 3665; baseline 0.01 -29"><span class='ocrx_word' id='word_1_510' title='bbox 479 3592 742 3653; x_wconf 86' lang='lat' dir='ltr'><strong><em>tauquam</em></strong></span> <span class='ocrx_word' id='word_1_511' title='bbox 792 3585 847 3643; x_wconf 88' lang='lat' dir='ltr'><strong><em>iu</em></strong></span> <span class='ocrx_word' id='word_1_512' title='bbox 897 3602 1028 3659; x_wconf 81' lang='lat' dir='ltr'><strong><em>agro</em></strong></span> <span class='ocrx_word' id='word_1_513' title='bbox 1056 3588 1185 3654; x_wconf 91' lang='lat' dir='ltr'><strong><em>Dei,</em></strong></span> <span class='ocrx_word' id='word_1_514' title='bbox 1228 3592 1316 3645; x_wconf 90' lang='lat' dir='ltr'><strong><em>cui</em></strong></span> <span class='ocrx_word' id='word_1_515' title='bbox 1345 3608 1475 3648; x_wconf 90' lang='lat' dir='ltr'><strong><em>suns</em></strong></span> <span class='ocrx_word' id='word_1_516' title='bbox 1519 3595 1756 3665; x_wconf 87' lang='lat' dir='ltr'><strong><em>agricola</em></strong></span> <span class='ocrx_word' id='word_1_517' title='bbox 1792 3598 2007 3652; x_wconf 87' lang='lat' dir='ltr'><strong><em>dicebat</em></strong></span> <span class='ocrx_word' id='word_1_518' title='bbox 2051 3616 2065 3651; x_wconf 89' lang='lat'><strong>:</strong></span> 
     </span>
    </p>
   </div>
   <div class='ocr_carea' id='block_1_67' title="bbox 472 3674 2070 3759">
    <p class='ocr_par' dir='ltr' id='par_1_67' title="bbox 472 3674 2070 3759">
     <span class='ocr_line' id='line_1_67' title="bbox 472 3674 2070 3759; baseline 0.011 -30"><span class='ocrx_word' id='word_1_519' title='bbox 472 3674 571 3730; x_wconf 87' lang='lat' dir='ltr'><strong><em>Dei</em></strong></span> <span class='ocrx_word' id='word_1_520' title='bbox 593 3678 916 3747; x_wconf 85' lang='lat' dir='ltr'><strong><em>agricultura</em></strong></span> <span class='ocrx_word' id='word_1_521' title='bbox 943 3683 1102 3746; x_wconf 82' lang='lat' dir='ltr'><strong><em>estis;</em></strong></span> <span class='ocrx_word' id='word_1_522' title='bbox 1134 3694 1443 3740; x_wconf 89' lang='lat' dir='ltr'><strong><em>assumetur</em></strong></span> <span class='ocrx_word' id='word_1_523' title='bbox 1469 3695 1648 3741; x_wconf 89' lang='lat' dir='ltr'><strong><em>autem</em></strong></span> <span class='ocrx_word' id='word_1_524' title='bbox 1679 3688 1787 3753; x_wconf 88' lang='lat' dir='ltr'><strong><em>ille,</em></strong></span> <span class='ocrx_word' id='word_1_525' title='bbox 1822 3690 1912 3759; x_wconf 87' lang='lat' dir='ltr'><strong><em>qui</em></strong></span> <span class='ocrx_word' id='word_1_526' title='bbox 1960 3706 2070 3746; x_wconf 89' lang='lat' dir='ltr'><strong><em>non</em></strong></span> 
     </span>
    </p>
   </div>
   <div class='ocr_carea' id='block_1_68' title="bbox 475 3770 2069 3841">
    <p class='ocr_par' dir='ltr' id='par_1_68' title="bbox 475 3770 2069 3841">
     <span class='ocr_line' id='line_1_68' title="bbox 475 3770 2069 3841; baseline 0.008 -16"><span class='ocrx_word' id='word_1_527' title='bbox 475 3770 787 3827; x_wconf 88' lang='lat' dir='ltr'><strong><em>adulterans</em></strong></span> <span class='ocrx_word' id='word_1_528' title='bbox 811 3774 1034 3828; x_wconf 89' lang='lat' dir='ltr'><strong><em>verbum</em></strong></span> <span class='ocrx_word' id='word_1_529' title='bbox 1066 3776 1183 3841; x_wconf 89' lang='lat' dir='ltr'><strong><em>Dei,</em></strong></span> <span class='ocrx_word' id='word_1_530' title='bbox 1212 3777 1305 3831; x_wconf 90' lang='lat' dir='ltr'><strong><em>sed</em></strong></span> <span class='ocrx_word' id='word_1_531' title='bbox 1335 3778 1477 3833; x_wconf 90' lang='lat' dir='ltr'><strong><em>sicut</em></strong></span> <span class='ocrx_word' id='word_1_532' title='bbox 1506 3794 1571 3833; x_wconf 77' lang='lat' dir='ltr'><strong><em>ex</em></strong></span> <span class='ocrx_word' id='word_1_533' title='bbox 1597 3780 1709 3834; x_wconf 90' lang='lat' dir='ltr'><strong><em>Deo</em></strong></span> <span class='ocrx_word' id='word_1_534' title='bbox 1741 3795 1926 3835; x_wconf 91' lang='lat' dir='ltr'><strong><em>coram</em></strong></span> <span class='ocrx_word' id='word_1_535' title='bbox 1958 3782 2069 3837; x_wconf 90' lang='lat' dir='ltr'><strong><em>Deo</em></strong></span> 
     </span>
    </p>
   </div>
   <div class='ocr_carea' id='block_1_69' title="bbox 382 3860 2071 3941">
    <p class='ocr_par' dir='ltr' id='par_1_69' title="bbox 382 3860 2071 3941">
     <span class='ocr_line' id='line_1_69' title="bbox 382 3860 2071 3941; baseline 0.009 -28"><span class='ocrx_word' id='word_1_536' title='bbox 382 3933 393 3941; x_wconf 34' lang='lat'><em>.</em></span> <span class='ocrx_word' id='word_1_537' title='bbox 476 3860 692 3917; x_wconf 88' lang='lat' dir='ltr'><strong><em>locutus</em></strong></span> <span class='ocrx_word' id='word_1_538' title='bbox 721 3861 882 3918; x_wconf 80' lang='lat' dir='ltr'><strong><em>fuerit</em></strong></span> <span class='ocrx_word' id='word_1_539' title='bbox 912 3865 965 3919; x_wconf 92' lang='lat' dir='ltr'><strong><em>in</em></strong></span> <span class='ocrx_word' id='word_1_540' title='bbox 994 3864 1210 3937; x_wconf 81' lang='lat' dir='ltr'><strong><em>Christo</em></strong></span> <span class='ocrx_word' id='word_1_541' title='bbox 1240 3886 1252 3923; x_wconf 91' lang='lat'><strong>:</strong></span> <span class='ocrx_word' id='word_1_542' title='bbox 1279 3869 1370 3937; x_wconf 92' lang='lat' dir='ltr'><strong><em>qui</em></strong></span> <span class='ocrx_word' id='word_1_543' title='bbox 1403 3883 1531 3923; x_wconf 87' lang='lat' dir='ltr'><strong><em>vero</em></strong></span> <span class='ocrx_word' id='word_1_544' title='bbox 1559 3869 1832 3926; x_wconf 89' lang='lat' dir='ltr'><strong><em>Christum</em></strong></span> <span class='ocrx_word' id='word_1_545' title='bbox 1861 3888 2071 3928; x_wconf 88' lang='lat' dir='ltr'><strong><em>annun-</em></strong></span> 
     </span>
    </p>
   </div>
   <div class='ocr_carea' id='block_1_70' title="bbox 477 3953 2064 4033">
    <p class='ocr_par' dir='ltr' id='par_1_70' title="bbox 477 3953 2064 4033">
     <span class='ocr_line' id='line_1_70' title="bbox 477 3953 2064 4033; baseline 0.009 -26"><span class='ocrx_word' id='word_1_546' title='bbox 477 3953 695 4011; x_wconf 87' lang='lat' dir='ltr'><strong><em>tiaverit</em></strong></span> <span class='ocrx_word' id='word_1_547' title='bbox 739 3972 846 4012; x_wconf 90' lang='lat' dir='ltr'><strong><em>non</em></strong></span> <span class='ocrx_word' id='word_1_548' title='bbox 873 3966 1041 4025; x_wconf 86' lang='lat' dir='ltr'><strong><em>caste,</em></strong></span> <span class='ocrx_word' id='word_1_549' title='bbox 1065 3960 1160 4015; x_wconf 88' lang='lat' dir='ltr'><strong><em>sed</em></strong></span> <span class='ocrx_word' id='word_1_550' title='bbox 1185 3961 1493 4027; x_wconf 89' lang='lat' dir='ltr'><strong><em>occasione,</em></strong></span> <span class='ocrx_word' id='word_1_551' title='bbox 1522 3963 1856 4033; x_wconf 87' lang='lat' dir='ltr'><strong><em>relinquetur</em></strong></span> <span class='ocrx_word' id='word_1_552' title='bbox 1883 3966 1950 4019; x_wconf 88' lang='lat' dir='ltr'><strong><em>ab</em></strong></span> <span class='ocrx_word' id='word_1_553' title='bbox 1979 3980 2064 4021; x_wconf 91' lang='lat' dir='ltr'><strong><em>co.</em></strong></span> 
     </span>
    </p>
   </div>
   <div class='ocr_carea' id='block_1_71' title="bbox 543 4044 2089 4121">
    <p class='ocr_par' dir='ltr' id='par_1_71' title="bbox 543 4044 2089 4121">
     <span class='ocr_line' id='line_1_71' title="bbox 543 4044 2089 4121; baseline 0.004 -18"><span class='ocrx_word' id='word_1_554' title='bbox 543 4044 926 4116; x_wconf 79' lang='lat' dir='ltr'><strong><em>Respondentes</em></strong></span> <span class='ocrx_word' id='word_1_555' title='bbox 949 4050 1130 4121; x_wconf 77' lang='lat' dir='ltr'><strong><em>dicunt</em></strong></span> <span class='ocrx_word' id='word_1_556' title='bbox 1157 4050 1235 4104; x_wconf 88' lang='lat' dir='ltr'><strong><em>illi</em></strong></span> <span class='ocrx_word' id='word_1_557' title='bbox 1264 4066 1281 4102; x_wconf 90' lang='lat'><em>:</em></span> <span class='ocrx_word' id='word_1_558' title='bbox 1312 4050 1435 4117; x_wconf 89' lang='lat' dir='ltr'><strong><em>Ubi,</em></strong></span> <span class='ocrx_word' id='word_1_559' title='bbox 1481 4051 1702 4107; x_wconf 86' lang='lat' dir='ltr'><strong><em>Domine</em></strong></span> <span class='ocrx_word' id='word_1_560' title='bbox 1728 4055 1753 4106; x_wconf 85' lang='lat'><strong><em>?</em></strong></span> <span class='ocrx_word' id='word_1_561' title='bbox 1781 4054 1884 4119; x_wconf 82' lang='lat' dir='ltr'><strong><em>Qui</em></strong></span> <span class='ocrx_word' id='word_1_562' title='bbox 1931 4056 2089 4109; x_wconf 18' lang='lat' dir='ltr'><strong><em>dixit.</em></strong></span> 
     </span>
    </p>
   </div>
   <div class='ocr_carea' id='block_1_72' title="bbox 477 4138 2069 4216">
    <p class='ocr_par' dir='ltr' id='par_1_72' title="bbox 477 4138 2069 4216">
     <span class='ocr_line' id='line_1_72' title="bbox 477 4138 2069 4216; baseline 0.006 -24"><span class='ocrx_word' id='word_1_563' title='bbox 477 4138 549 4193; x_wconf 87' lang='lat' dir='ltr'><strong><em>eis</em></strong></span> <span class='ocrx_word' id='word_1_564' title='bbox 579 4153 597 4192; x_wconf 89' lang='lat'><strong><em>:</em></strong></span> <span class='ocrx_word' id='word_1_565' title='bbox 626 4138 934 4213; x_wconf 86' lang='lat' dir='ltr'><strong><em>Ubicunque</em></strong></span> <span class='ocrx_word' id='word_1_566' title='bbox 981 4144 1136 4212; x_wconf 80' lang='lat' dir='ltr'><strong><em>fuerit</em></strong></span> <span class='ocrx_word' id='word_1_567' title='bbox 1176 4160 1363 4215; x_wconf 85' lang='lat' dir='ltr'><strong><em>corpus</em></strong></span> <span class='ocrx_word' id='word_1_568' title='bbox 1388 4184 1403 4209; x_wconf 94' lang='lat'><strong><em>,</em></strong></span> <span class='ocrx_word' id='word_1_569' title='bbox 1447 4143 1572 4198; x_wconf 85' lang='lat' dir='ltr'><strong><em>illuc</em></strong></span> <span class='ocrx_word' id='word_1_570' title='bbox 1617 4147 2069 4216; x_wconf 71' lang='lat' dir='ltr'><strong><em>congregabantur</em></strong></span> 
     </span>
    </p>
   </div>
   <div class='ocr_carea' id='block_1_73' title="bbox 474 4228 2068 4305">
    <p class='ocr_par' dir='ltr' id='par_1_73' title="bbox 474 4228 2068 4305">
     <span class='ocr_line' id='line_1_73' title="bbox 474 4228 2068 4305; baseline 0.008 -24"><span class='ocrx_word' id='word_1_571' title='bbox 474 4228 683 4300; x_wconf 66' lang='lat' dir='ltr'><strong><em>aquila.</em></strong></span> <span class='ocrx_word' id='word_1_572' title='bbox 715 4228 833 4287; x_wconf 85' lang='lat' dir='ltr'><strong><em>Duo</em></strong></span> <span class='ocrx_word' id='word_1_573' title='bbox 861 4231 1112 4288; x_wconf 85' lang='lat' dir='ltr'><strong><em>Salvator</em></strong></span> <span class='ocrx_word' id='word_1_574' title='bbox 1154 4234 1547 4305; x_wconf 87' lang='lat' dir='ltr'><strong><em>interrogatus,</em></strong></span> <span class='ocrx_word' id='word_1_575' title='bbox 1591 4236 1683 4292; x_wconf 88' lang='lat' dir='ltr'><strong><em>ubi</em></strong></span> <span class='ocrx_word' id='word_1_576' title='bbox 1706 4237 1913 4293; x_wconf 88' lang='lat' dir='ltr'><strong><em>scilicet</em></strong></span> <span class='ocrx_word' id='word_1_577' title='bbox 1939 4238 2068 4294; x_wconf 88' lang='lat' dir='ltr'><strong><em>boni</em></strong></span> 
     </span>
    </p>
   </div>
   <div class='ocr_carea' id='block_1_74' title="bbox 480 4322 2063 4397">
    <p class='ocr_par' dir='ltr' id='par_1_74' title="bbox 480 4322 2063 4397">
     <span class='ocr_line' id='line_1_74' title="bbox 480 4322 2063 4397; baseline 0.007 -23"><span class='ocrx_word' id='word_1_578' title='bbox 480 4322 812 4386; x_wconf 82' lang='lat' dir='ltr'><strong><em>assumendi,</em></strong></span> <span class='ocrx_word' id='word_1_579' title='bbox 834 4331 890 4376; x_wconf 83' lang='lat' dir='ltr'><strong><em>et</em></strong></span> <span class='ocrx_word' id='word_1_580' title='bbox 913 4324 1003 4379; x_wconf 89' lang='lat' dir='ltr'><strong><em>ubi</em></strong></span> <span class='ocrx_word' id='word_1_581' title='bbox 1026 4324 1135 4379; x_wconf 89' lang='lat' dir='ltr'><strong><em>sint</em></strong></span> <span class='ocrx_word' id='word_1_582' title='bbox 1157 4325 1284 4380; x_wconf 88' lang='lat' dir='ltr'><strong><em>mali</em></strong></span> <span class='ocrx_word' id='word_1_583' title='bbox 1312 4327 1683 4396; x_wconf 89' lang='lat' dir='ltr'><strong><em>relinquendi,</em></strong></span> <span class='ocrx_word' id='word_1_584' title='bbox 1708 4346 1873 4384; x_wconf 90' lang='lat' dir='ltr'><strong><em>unum</em></strong></span> <span class='ocrx_word' id='word_1_585' title='bbox 1899 4332 2063 4397; x_wconf 74' lang='lat' dir='ltr'><strong><em>dixit,</em></strong></span> 
     </span>
    </p>
   </div>
   <div class='ocr_carea' id='block_1_75' title="bbox 482 4409 2068 4489">
    <p class='ocr_par' dir='ltr' id='par_1_75' title="bbox 482 4409 2068 4489">
     <span class='ocr_line' id='line_1_75' title="bbox 482 4409 2068 4489; baseline 0.01 -27"><span class='ocrx_word' id='word_1_586' title='bbox 482 4409 629 4466; x_wconf 88' lang='lat' dir='ltr'><strong><em>aliud</em></strong></span> <span class='ocrx_word' id='word_1_587' title='bbox 663 4411 1174 4484; x_wconf 87' lang='lat' dir='ltr'><strong><em>subintelligendum</em></strong></span> <span class='ocrx_word' id='word_1_588' title='bbox 1220 4417 1436 4489; x_wconf 90' lang='lat' dir='ltr'><strong><em>reliquit</em></strong></span> <span class='ocrx_word' id='word_1_589' title='bbox 1472 4437 1485 4472; x_wconf 89' lang='lat'><strong>:</strong></span> <span class='ocrx_word' id='word_1_590' title='bbox 1540 4429 1756 4477; x_wconf 87' lang='lat' dir='ltr'><strong><em>sanctos</em></strong></span> <span class='ocrx_word' id='word_1_591' title='bbox 1800 4437 1946 4477; x_wconf 73' lang='lat' dir='ltr'><strong><em>enim</em></strong></span> <span class='ocrx_word' id='word_1_592' title='bbox 1982 4438 2068 4478; x_wconf 91' lang='lat' dir='ltr'><strong><em>se-</em></strong></span> 
     </span>
    </p>
   </div>
   <div class='ocr_carea' id='block_1_76' title="bbox 479 4496 2063 4581">
    <p class='ocr_par' dir='ltr' id='par_1_76' title="bbox 479 4496 2063 4581">
     <span class='ocr_line' id='line_1_76' title="bbox 479 4496 2063 4581; baseline 0.009 -26"><span class='ocrx_word' id='word_1_593' title='bbox 479 4515 603 4555; x_wconf 92' lang='lat' dir='ltr'><strong><em>cum</em></strong></span> <span class='ocrx_word' id='word_1_594' title='bbox 650 4496 861 4558; x_wconf 72' lang='lat' dir='ltr'><strong><em>l‘iituros</em></strong></span> <span class='ocrx_word' id='word_1_595' title='bbox 910 4508 1271 4563; x_wconf 88' lang='lat' dir='ltr'><strong><em>asseveraudo</em></strong></span> <span class='ocrx_word' id='word_1_596' title='bbox 1318 4513 1575 4581; x_wconf 85' lang='lat' dir='ltr'><strong><em>reprobus</em></strong></span> <span class='ocrx_word' id='word_1_597' title='bbox 1601 4512 1857 4568; x_wconf 89' lang='lat' dir='ltr'><strong><em>nimirum</em></strong></span> <span class='ocrx_word' id='word_1_598' title='bbox 1896 4530 1928 4570; x_wconf 87' lang='lat' dir='ltr'><strong><em>a</em></strong></span> <span class='ocrx_word' id='word_1_599' title='bbox 1965 4530 2063 4571; x_wconf 89' lang='lat' dir='ltr'><strong><em>sua</em></strong></span> 
     </span>
    </p>
   </div>
   <div class='ocr_carea' id='block_1_77' title="bbox 2175 3322 3781 3389">
    <p class='ocr_par' dir='ltr' id='par_1_77' title="bbox 2175 3322 3781 3389">
     <span class='ocr_line' id='line_1_77' title="bbox 2175 3322 3781 3389; baseline 0 -12"><span class='ocrx_word' id='word_1_600' title='bbox 2175 3330 2315 3378; x_wconf 89' lang='lat' dir='ltr'><strong><em>tunt.</em></strong></span> <span class='ocrx_word' id='word_1_601' title='bbox 2341 3322 2448 3381; x_wconf 87' lang='lat' dir='ltr'><strong><em>Sed</em></strong></span> <span class='ocrx_word' id='word_1_602' title='bbox 2474 3322 2542 3379; x_wconf 89' lang='lat' dir='ltr'><strong><em>de</em></strong></span> <span class='ocrx_word' id='word_1_603' title='bbox 2574 3324 2658 3378; x_wconf 90' lang='lat' dir='ltr'><strong><em>his</em></strong></span> <span class='ocrx_word' id='word_1_604' title='bbox 2686 3323 2949 3378; x_wconf 89' lang='lat' dir='ltr'><strong><em>Dominus</em></strong></span> <span class='ocrx_word' id='word_1_605' title='bbox 2977 3322 3180 3378; x_wconf 86' lang='lat' dir='ltr'><strong><em>electos</em></strong></span> <span class='ocrx_word' id='word_1_606' title='bbox 3211 3338 3341 3379; x_wconf 83' lang='lat' dir='ltr'><strong><em>suos</em></strong></span> <span class='ocrx_word' id='word_1_607' title='bbox 3379 3322 3618 3389; x_wconf 83' lang='lat' dir='ltr'><strong><em>liberat,</em></strong></span> <span class='ocrx_word' id='word_1_608' title='bbox 3657 3338 3781 3378; x_wconf 88' lang='lat' dir='ltr'><strong><em>cum</em></strong></span> 
     </span>
    </p>
   </div>
   <div class='ocr_carea' id='block_1_78' title="bbox 2174 3415 3778 3487">
    <p class='ocr_par' dir='ltr' id='par_1_78' title="bbox 2174 3415 3778 3487">
     <span class='ocr_line' id='line_1_78' title="bbox 2174 3415 3778 3487; baseline -0.004 -13"><span class='ocrx_word' id='word_1_609' title='bbox 2174 3416 2384 3474; x_wconf 82' lang='lat' dir='ltr'><strong><em>animas</em></strong></span> <span class='ocrx_word' id='word_1_610' title='bbox 2412 3431 2600 3472; x_wconf 88' lang='lat' dir='ltr'><strong><em>eorum</em></strong></span> <span class='ocrx_word' id='word_1_611' title='bbox 2632 3432 2661 3470; x_wconf 92' lang='lat' dir='ltr'><strong><em>a</em></strong></span> <span class='ocrx_word' id='word_1_612' title='bbox 2692 3416 3130 3487; x_wconf 86' lang='lat' dir='ltr'><strong><em>persecutionum</em></strong></span> <span class='ocrx_word' id='word_1_613' title='bbox 3157 3416 3384 3472; x_wconf 63' lang='lat' dir='ltr'><strong><em>testibus</em></strong></span> <span class='ocrx_word' id='word_1_614' title='bbox 3413 3415 3619 3470; x_wconf 69' lang='lat' dir='ltr'><strong><em>illacsas</em></strong></span> <span class='ocrx_word' id='word_1_615' title='bbox 3662 3431 3778 3469; x_wconf 83' lang='lat' dir='ltr'><strong><em>ser-</em></strong></span> 
     </span>
    </p>
   </div>
   <div class='ocr_carea' id='block_1_79' title="bbox 2176 3509 3778 3583">
    <p class='ocr_par' dir='ltr' id='par_1_79' title="bbox 2176 3509 3778 3583">
     <span class='ocr_line' id='line_1_79' title="bbox 2176 3509 3778 3583; baseline 0 -17"><span class='ocrx_word' id='word_1_616' title='bbox 2176 3522 2286 3578; x_wconf 85' lang='lat' dir='ltr'><strong><em>vat,</em></strong></span> <span class='ocrx_word' id='word_1_617' title='bbox 2316 3519 2537 3581; x_wconf 85' lang='lat' dir='ltr'><strong><em>propter</em></strong></span> <span class='ocrx_word' id='word_1_618' title='bbox 2572 3524 2803 3583; x_wconf 87' lang='lat' dir='ltr'><strong><em>quarum</em></strong></span> <span class='ocrx_word' id='word_1_619' title='bbox 2850 3509 3186 3568; x_wconf 81' lang='lat' dir='ltr'><strong><em>eversionem</em></strong></span> <span class='ocrx_word' id='word_1_620' title='bbox 3217 3509 3347 3567; x_wconf 62' lang='lat' dir='ltr'><strong><em>suavi</em></strong></span> <span class='ocrx_word' id='word_1_621' title='bbox 3388 3518 3778 3581; x_wconf 78' lang='lat' dir='ltr'><strong><em>persecutores</em></strong></span> 
     </span>
    </p>
   </div>
   <div class='ocr_carea' id='block_1_80' title="bbox 2174 3602 3441 3675">
    <p class='ocr_par' dir='ltr' id='par_1_80' title="bbox 2174 3602 3441 3675">
     <span class='ocr_line' id='line_1_80' title="bbox 2174 3602 3441 3675; baseline -0.003 -15"><span class='ocrx_word' id='word_1_622' title='bbox 2174 3619 2402 3675; x_wconf 89' lang='lat' dir='ltr'><strong><em>corpora</em></strong></span> <span class='ocrx_word' id='word_1_623' title='bbox 2432 3605 2667 3660; x_wconf 78' lang='lat' dir='ltr'><strong><em>maxime</em></strong></span> <span class='ocrx_word' id='word_1_624' title='bbox 2695 3604 2922 3660; x_wconf 88' lang='lat' dir='ltr'><strong><em>laniant.</em></strong></span> <span class='ocrx_word' id='word_1_625' title='bbox 2953 3602 3107 3659; x_wconf 89' lang='lat' dir='ltr'><strong><em>Unde</em></strong></span> <span class='ocrx_word' id='word_1_626' title='bbox 3137 3602 3386 3673; x_wconf 88' lang='lat' dir='ltr'><strong><em>sequitur</em></strong></span> <span class='ocrx_word' id='word_1_627' title='bbox 3425 3615 3441 3655; x_wconf 91' lang='lat'><strong>:</strong></span> 
     </span>
    </p>
   </div>
   <div class='ocr_carea' id='block_1_81' title="bbox 2245 3694 3776 3767">
    <p class='ocr_par' dir='ltr' id='par_1_81' title="bbox 2245 3694 3776 3767">
     <span class='ocr_line' id='line_1_81' title="bbox 2245 3694 3776 3767; baseline -0.002 -17"><span class='ocrx_word' id='word_1_628' title='bbox 2245 3697 2324 3751; x_wconf 88' lang='lat' dir='ltr'><strong><em>De</em></strong></span> <span class='ocrx_word' id='word_1_629' title='bbox 2372 3698 2613 3751; x_wconf 88' lang='lat' dir='ltr'><strong><em>manibus</em></strong></span> <span class='ocrx_word' id='word_1_630' title='bbox 2665 3696 3015 3767; x_wconf 63' lang='lat' dir='ltr'><strong><em>quaerentium</em></strong></span> <span class='ocrx_word' id='word_1_631' title='bbox 3063 3695 3297 3749; x_wconf 90' lang='lat' dir='ltr'><strong><em>animam</em></strong></span> <span class='ocrx_word' id='word_1_632' title='bbox 3350 3709 3528 3748; x_wconf 81' lang='lat' dir='ltr'><strong><em>meum</em></strong></span> <span class='ocrx_word' id='word_1_633' title='bbox 3556 3734 3574 3760; x_wconf 94' lang='lat'><strong><em>,</em></strong></span> <span class='ocrx_word' id='word_1_634' title='bbox 3615 3703 3671 3748; x_wconf 82' lang='lat' dir='ltr'><strong><em>et</em></strong></span> <span class='ocrx_word' id='word_1_635' title='bbox 3715 3694 3776 3747; x_wconf 80' lang='lat' dir='ltr'><strong><em>de</em></strong></span> 
     </span>
    </p>
   </div>
   <div class='ocr_carea' id='block_1_82' title="bbox 2171 3785 3775 3859">
    <p class='ocr_par' dir='ltr' id='par_1_82' title="bbox 2171 3785 3775 3859">
     <span class='ocr_line' id='line_1_82' title="bbox 2171 3785 3775 3859; baseline -0.001 -19"><span class='ocrx_word' id='word_1_636' title='bbox 2171 3789 2337 3859; x_wconf 78' lang='lat' dir='ltr'><strong><em>portis</em></strong></span> <span class='ocrx_word' id='word_1_637' title='bbox 2382 3788 2779 3842; x_wconf 86' lang='lat' dir='ltr'><strong><em>tribulationum</em></strong></span> <span class='ocrx_word' id='word_1_638' title='bbox 2809 3804 2926 3857; x_wconf 75' lang='lat' dir='ltr'><strong><em>quw</em></strong></span> <span class='ocrx_word' id='word_1_639' title='bbox 2966 3786 3402 3841; x_wconf 83' lang='lat' dir='ltr'><strong><em>circumciderunt</em></strong></span> <span class='ocrx_word' id='word_1_640' title='bbox 3431 3802 3537 3841; x_wconf 81' lang='lat' dir='ltr'><strong><em>me.</em></strong></span> <span class='ocrx_word' id='word_1_641' title='bbox 3579 3785 3775 3840; x_wconf 82' lang='lat' dir='ltr'><strong><em>Portas</em></strong></span> 
     </span>
    </p>
   </div>
   <div class='ocr_carea' id='block_1_83' title="bbox 2170 3876 3771 3949">
    <p class='ocr_par' dir='ltr' id='par_1_83' title="bbox 2170 3876 3771 3949">
     <span class='ocr_line' id='line_1_83' title="bbox 2170 3876 3771 3949; baseline -0.001 -18"><span class='ocrx_word' id='word_1_642' title='bbox 2170 3892 2301 3949; x_wconf 90' lang='lat' dir='ltr'><strong><em>ergo</em></strong></span> <span class='ocrx_word' id='word_1_643' title='bbox 2333 3878 2776 3945; x_wconf 86' lang='lat' dir='ltr'><strong><em>tribulationum,</em></strong></span> <span class='ocrx_word' id='word_1_644' title='bbox 2822 3894 2957 3948; x_wconf 89' lang='lat' dir='ltr'><strong><em>quas</em></strong></span> <span class='ocrx_word' id='word_1_645' title='bbox 2995 3876 3190 3932; x_wconf 89' lang='lat' dir='ltr'><strong><em>melius</em></strong></span> <span class='ocrx_word' id='word_1_646' title='bbox 3236 3878 3444 3933; x_wconf 90' lang='lat' dir='ltr'><strong><em>sentire</em></strong></span> <span class='ocrx_word' id='word_1_647' title='bbox 3477 3893 3771 3948; x_wconf 85' lang='lat' dir='ltr'><strong><em>possumus</em></strong></span> 
     </span>
    </p>
   </div>
   <div class='ocr_carea' id='block_1_84' title="bbox 2174 3970 3771 4041">
    <p class='ocr_par' dir='ltr' id='par_1_84' title="bbox 2174 3970 3771 4041">
     <span class='ocr_line' id='line_1_84' title="bbox 2174 3970 3771 4041; baseline 0.001 -19"><span class='ocrx_word' id='word_1_648' title='bbox 2174 3985 2335 4039; x_wconf 86' lang='lat' dir='ltr'><strong><em>quam</em></strong></span> <span class='ocrx_word' id='word_1_649' title='bbox 2357 3985 2452 4025; x_wconf 87' lang='lat' dir='ltr'><strong><em>ora</em></strong></span> <span class='ocrx_word' id='word_1_650' title='bbox 2470 3970 2775 4040; x_wconf 88' lang='lat' dir='ltr'><strong><em>principum</em></strong></span> <span class='ocrx_word' id='word_1_651' title='bbox 2803 3978 2860 4025; x_wconf 89' lang='lat' dir='ltr'><strong><em>et</em></strong></span> <span class='ocrx_word' id='word_1_652' title='bbox 2890 3977 3262 4041; x_wconf 86' lang='lat' dir='ltr'><strong><em>tyrannorum,</em></strong></span> <span class='ocrx_word' id='word_1_653' title='bbox 3288 3970 3434 4024; x_wconf 88' lang='lat' dir='ltr'><strong><em>unde</em></strong></span> <span class='ocrx_word' id='word_1_654' title='bbox 3456 3970 3621 4024; x_wconf 67' lang='lat' dir='ltr'><strong><em>minae</em></strong></span> <span class='ocrx_word' id='word_1_655' title='bbox 3647 3986 3771 4039; x_wconf 84' lang='lat' dir='ltr'><strong><em>pro-</em></strong></span> 
     </span>
    </p>
   </div>
   <div class='ocr_carea' id='block_1_85' title="bbox 2173 4063 3764 4137">
    <p class='ocr_par' dir='ltr' id='par_1_85' title="bbox 2173 4063 3764 4137">
     <span class='ocr_line' id='line_1_85' title="bbox 2173 4063 3764 4137; baseline 0.003 -19"><span class='ocrx_word' id='word_1_656' title='bbox 2173 4063 2359 4129; x_wconf 90' lang='lat' dir='ltr'><strong><em>deunt,</em></strong></span> <span class='ocrx_word' id='word_1_657' title='bbox 2402 4072 2456 4118; x_wconf 87' lang='lat' dir='ltr'><strong><em>et</em></strong></span> <span class='ocrx_word' id='word_1_658' title='bbox 2490 4065 2843 4121; x_wconf 71' lang='lat' dir='ltr'><strong><em>fraudulenta:</em></strong></span> <span class='ocrx_word' id='word_1_659' title='bbox 2873 4067 3150 4122; x_wconf 88' lang='lat' dir='ltr'><strong><em>suasiones</em></strong></span> <span class='ocrx_word' id='word_1_660' title='bbox 3173 4066 3611 4137; x_wconf 83' lang='lat' dir='ltr'><strong><em>indictionesque</em></strong></span> <span class='ocrx_word' id='word_1_661' title='bbox 3635 4084 3764 4137; x_wconf 86' lang='lat' dir='ltr'><strong><em>sup-</em></strong></span> 
     </span>
    </p>
   </div>
   <div class='ocr_carea' id='block_1_86' title="bbox 2172 4157 3764 4233">
    <p class='ocr_par' dir='ltr' id='par_1_86' title="bbox 2172 4157 3764 4233">
     <span class='ocr_line' id='line_1_86' title="bbox 2172 4157 3764 4233; baseline 0.004 -23"><span class='ocrx_word' id='word_1_662' title='bbox 2172 4157 2474 4227; x_wconf 87' lang='lat' dir='ltr'><strong><em>pliciorum,</em></strong></span> <span class='ocrx_word' id='word_1_663' title='bbox 2493 4168 2551 4212; x_wconf 90' lang='lat' dir='ltr'><strong><em>ut</em></strong></span> <span class='ocrx_word' id='word_1_664' title='bbox 2571 4159 2685 4214; x_wconf 88' lang='lat' dir='ltr'><strong><em>sive</em></strong></span> <span class='ocrx_word' id='word_1_665' title='bbox 2708 4175 2805 4230; x_wconf 86' lang='lat' dir='ltr'><strong><em>per</em></strong></span> <span class='ocrx_word' id='word_1_666' title='bbox 2821 4160 2943 4214; x_wconf 82' lang='lat' dir='ltr'><strong><em>ﬁcta</em></strong></span> <span class='ocrx_word' id='word_1_667' title='bbox 2963 4160 3354 4226; x_wconf 87' lang='lat' dir='ltr'><strong><em>blandimenta,</em></strong></span> <span class='ocrx_word' id='word_1_668' title='bbox 3376 4178 3474 4218; x_wconf 87' lang='lat' dir='ltr'><strong><em>seu</em></strong></span> <span class='ocrx_word' id='word_1_669' title='bbox 3502 4179 3603 4233; x_wconf 87' lang='lat' dir='ltr'><strong><em>per</em></strong></span> <span class='ocrx_word' id='word_1_670' title='bbox 3622 4173 3764 4218; x_wconf 86' lang='lat' dir='ltr'><strong><em>atro-</em></strong></span> 
     </span>
    </p>
   </div>
   <div class='ocr_carea' id='block_1_87' title="bbox 2171 4249 3762 4325">
    <p class='ocr_par' dir='ltr' id='par_1_87' title="bbox 2171 4249 3762 4325">
     <span class='ocr_line' id='line_1_87' title="bbox 2171 4249 3762 4325; baseline 0.005 -21"><span class='ocrx_word' id='word_1_671' title='bbox 2171 4249 2253 4304; x_wconf 89' lang='lat' dir='ltr'><strong><em>cia</em></strong></span> <span class='ocrx_word' id='word_1_672' title='bbox 2311 4257 2579 4304; x_wconf 88' lang='lat' dir='ltr'><strong><em>tormenta</em></strong></span> <span class='ocrx_word' id='word_1_673' title='bbox 2629 4264 2815 4307; x_wconf 89' lang='lat' dir='ltr'><strong><em>servos</em></strong></span> <span class='ocrx_word' id='word_1_674' title='bbox 2868 4252 2961 4307; x_wconf 90' lang='lat' dir='ltr'><strong><em>Dei</em></strong></span> <span class='ocrx_word' id='word_1_675' title='bbox 3025 4252 3185 4307; x_wconf 84' lang='lat' dir='ltr'><strong><em>ﬁdem</em></strong></span> <span class='ocrx_word' id='word_1_676' title='bbox 3232 4252 3435 4309; x_wconf 89' lang='lat' dir='ltr'><strong><em>Christi</em></strong></span> <span class='ocrx_word' id='word_1_677' title='bbox 3491 4259 3762 4325; x_wconf 71' lang='lat' dir='ltr'><strong><em>abnegare</em></strong></span> 
     </span>
    </p>
   </div>
   <div class='ocr_carea' id='block_1_88' title="bbox 2171 4338 3759 4414">
    <p class='ocr_par' dir='ltr' id='par_1_88' title="bbox 2171 4338 3759 4414">
     <span class='ocr_line' id='line_1_88' title="bbox 2171 4338 3759 4414; baseline 0.006 -21"><span class='ocrx_word' id='word_1_678' title='bbox 2171 4338 2416 4395; x_wconf 81' lang='lat' dir='ltr'><strong><em>faciant?</em></strong></span> <span class='ocrx_word' id='word_1_679' title='bbox 2441 4339 2547 4397; x_wconf 85' lang='lat' dir='ltr'><strong><em>Sed</em></strong></span> <span class='ocrx_word' id='word_1_680' title='bbox 2583 4342 2828 4398; x_wconf 88' lang='lat' dir='ltr'><strong><em>immittit</em></strong></span> <span class='ocrx_word' id='word_1_681' title='bbox 2851 4344 3097 4414; x_wconf 84' lang='lat' dir='ltr'><strong><em>angelum</em></strong></span> <span class='ocrx_word' id='word_1_682' title='bbox 3132 4345 3390 4401; x_wconf 89' lang='lat' dir='ltr'><strong><em>Dominus</em></strong></span> <span class='ocrx_word' id='word_1_683' title='bbox 3420 4347 3476 4402; x_wconf 91' lang='lat' dir='ltr'><strong><em>in</em></strong></span> <span class='ocrx_word' id='word_1_684' title='bbox 3530 4348 3759 4403; x_wconf 84' lang='lat' dir='ltr'><strong><em>circuitu</em></strong></span> 
     </span>
    </p>
   </div>
   <div class='ocr_carea' id='block_1_89' title="bbox 2169 4430 3091 4507">
    <p class='ocr_par' dir='ltr' id='par_1_89' title="bbox 2169 4430 3091 4507">
     <span class='ocr_line' id='line_1_89' title="bbox 2169 4430 3091 4507; baseline 0.01 -23"><span class='ocrx_word' id='word_1_685' title='bbox 2169 4430 2474 4488; x_wconf 88' lang='lat' dir='ltr'><strong><em>timentium</em></strong></span> <span class='ocrx_word' id='word_1_686' title='bbox 2500 4449 2645 4501; x_wconf 91' lang='lat' dir='ltr'><strong><em>eum,</em></strong></span> <span class='ocrx_word' id='word_1_687' title='bbox 2677 4444 2731 4491; x_wconf 92' lang='lat' dir='ltr'><strong><em>et</em></strong></span> <span class='ocrx_word' id='word_1_688' title='bbox 2756 4437 2952 4507; x_wconf 88' lang='lat' dir='ltr'><strong><em>eripiet</em></strong></span> <span class='ocrx_word' id='word_1_689' title='bbox 2977 4453 3091 4493; x_wconf 90' lang='lat' dir='ltr'><strong><em>eos.</em></strong></span> 
     </span>
    </p>
   </div>
   <div class='ocr_carea' id='block_1_90' title="bbox 2242 4520 3755 4599">
    <p class='ocr_par' dir='ltr' id='par_1_90' title="bbox 2242 4520 3755 4599">
     <span class='ocr_line' id='line_1_90' title="bbox 2242 4520 3755 4599; baseline 0.009 -24"><span class='ocrx_word' id='word_1_690' title='bbox 2242 4520 2310 4575; x_wconf 90' lang='lat' dir='ltr'><strong><em>Et</em></strong></span> <span class='ocrx_word' id='word_1_691' title='bbox 2337 4540 2369 4576; x_wconf 92' lang='lat' dir='ltr'><strong><em>a</em></strong></span> <span class='ocrx_word' id='word_1_692' title='bbox 2398 4541 2643 4595; x_wconf 76' lang='lat' dir='ltr'><strong><em>pressura</em></strong></span> <span class='ocrx_word' id='word_1_693' title='bbox 2674 4527 2904 4597; x_wconf 69' lang='lat' dir='ltr'><strong><em>ﬂamma:</em></strong></span> <span class='ocrx_word' id='word_1_694' title='bbox 2937 4545 3054 4599; x_wconf 77' lang='lat' dir='ltr'><strong><em>qua:</em></strong></span> <span class='ocrx_word' id='word_1_695' title='bbox 3083 4529 3425 4586; x_wconf 87' lang='lat' dir='ltr'><strong><em>circumdedit</em></strong></span> <span class='ocrx_word' id='word_1_696' title='bbox 3457 4550 3542 4587; x_wconf 88' lang='lat' dir='ltr'><strong><em>me</em></strong></span> <span class='ocrx_word' id='word_1_697' title='bbox 3570 4548 3592 4585; x_wconf 87' lang='lat'><strong><em>:</em></strong></span> <span class='ocrx_word' id='word_1_698' title='bbox 3620 4547 3668 4589; x_wconf 84' lang='lat' dir='ltr'><strong><em>et</em></strong></span> <span class='ocrx_word' id='word_1_699' title='bbox 3708 4538 3755 4589; x_wconf 74' lang='lat' dir='ltr'><strong><em>in</em></strong></span> 
     </span>
    </p>
   </div>
   <div class='ocr_carea' id='block_1_91' title="bbox 474 4591 3754 4693">
    <p class='ocr_par' dir='ltr' id='par_1_91' title="bbox 474 4591 3754 4693">
     <span class='ocr_line' id='line_1_91' title="bbox 474 4591 3754 4693; baseline 0.011 -46"><span class='ocrx_word' id='word_1_700' title='bbox 474 4592 687 4693; x_wconf 66' lang='lat' dir='ltr'><strong><em>visione</em></strong></span> <span class='ocrx_word' id='word_1_701' title='bbox 740 4598 1102 4693; x_wconf 76' lang='lat' dir='ltr'><strong><em>secernendos</em></strong></span> <span class='ocrx_word' id='word_1_702' title='bbox 1124 4640 1139 4665; x_wconf 92' lang='lat'><strong><em>,</em></strong></span> <span class='ocrx_word' id='word_1_703' title='bbox 1190 4612 1246 4655; x_wconf 89' lang='lat' dir='ltr'><strong><em>et</em></strong></span> <span class='ocrx_word' id='word_1_704' title='bbox 1275 4602 1395 4657; x_wconf 87' lang='lat' dir='ltr'><strong><em>ideo</em></strong></span> <span class='ocrx_word' id='word_1_705' title='bbox 1422 4620 1529 4658; x_wconf 91' lang='lat' dir='ltr'><strong><em>non</em></strong></span> <span class='ocrx_word' id='word_1_706' title='bbox 1562 4606 1691 4660; x_wconf 81' lang='lat' dir='ltr'><strong><em>alibi</em></strong></span> <span class='ocrx_word' id='word_1_707' title='bbox 1733 4622 1895 4676; x_wconf 87' lang='lat' dir='ltr'><strong><em>quam</em></strong></span> <span class='ocrx_word' id='word_1_708' title='bbox 1938 4625 2061 4666; x_wconf 91' lang='lat' dir='ltr'><strong><em>cum</em></strong></span> <span class='ocrx_word' id='word_1_709' title='bbox 2086 4591 2142 4652; x_wconf 84' lang='grc' dir='ltr'>Ῑ)</span> <span class='ocrx_word' id='word_1_710' title='bbox 2166 4612 2339 4666; x_wconf 88' lang='lat' dir='ltr'><strong><em>medio</em></strong></span> <span class='ocrx_word' id='word_1_711' title='bbox 2364 4591 2500 4683; x_wconf 78' lang='lat' dir='ltr'><strong><em>ignis</em></strong></span> <span class='ocrx_word' id='word_1_712' title='bbox 2527 4632 2630 4670; x_wconf 87' lang='lat' dir='ltr'><strong><em>non</em></strong></span> <span class='ocrx_word' id='word_1_713' title='bbox 2656 4591 2773 4670; x_wconf 68' lang='lat' dir='ltr'><strong><em>sum</em></strong></span> <span class='ocrx_word' id='word_1_714' title='bbox 2796 4591 3066 4672; x_wconf 71' lang='lat' dir='ltr'><strong><em>(estnatus.</em></strong></span> <span class='ocrx_word' id='word_1_715' title='bbox 3100 4619 3212 4675; x_wconf 81' lang='lat' dir='ltr'><strong><em>Hoc</em></strong></span> <span class='ocrx_word' id='word_1_716' title='bbox 3239 4621 3565 4693; x_wconf 87' lang='lat' dir='ltr'><strong><em>plerumque</em></strong></span> <span class='ocrx_word' id='word_1_717' title='bbox 3592 4628 3754 4681; x_wconf 73' lang='lat' dir='ltr'><strong><em>histo-</em></strong></span> 
     </span>
    </p>
   </div>
   <div class='ocr_carea' id='block_1_92' title="bbox 477 4685 3747 4788">
    <p class='ocr_par' dir='ltr' id='par_1_92' title="bbox 477 4685 3747 4788">
     <span class='ocr_line' id='line_1_92' title="bbox 477 4685 3747 4788; baseline 0.009 -50"><span class='ocrx_word' id='word_1_718' title='bbox 477 4685 693 4788; x_wconf 68' lang='lat' dir='ltr'><strong><em>diabolo</em></strong></span> <span class='ocrx_word' id='word_1_719' title='bbox 725 4686 1059 4745; x_wconf 90' lang='lat' dir='ltr'><strong><em>damnandos</em></strong></span> <span class='ocrx_word' id='word_1_720' title='bbox 1084 4691 1341 4788; x_wconf 69' lang='lat' dir='ltr'><strong><em>insinuat.</em></strong></span> <span class='ocrx_word' id='word_1_721' title='bbox 1375 4694 1707 4767; x_wconf 86' lang='lat' dir='ltr'><strong><em>Ubicumque</em></strong></span> <span class='ocrx_word' id='word_1_722' title='bbox 1743 4715 1873 4771; x_wconf 86' lang='lat' dir='ltr'><strong><em>ergo</em></strong></span> <span class='ocrx_word' id='word_1_723' title='bbox 1898 4699 2065 4756; x_wconf 84' lang='lat' dir='ltr'><strong><em>fuerit</em></strong></span> <span class='ocrx_word' id='word_1_724' title='bbox 2164 4704 2370 4759; x_wconf 88' lang='lat' dir='ltr'><strong><em>rialitcr</em></strong></span> <span class='ocrx_word' id='word_1_725' title='bbox 2394 4706 2446 4759; x_wconf 88' lang='lat' dir='ltr'><strong><em>in</em></strong></span> <span class='ocrx_word' id='word_1_726' title='bbox 2477 4709 2816 4776; x_wconf 86' lang='lat' dir='ltr'><strong><em>passionibus</em></strong></span> <span class='ocrx_word' id='word_1_727' title='bbox 2846 4719 3145 4782; x_wconf 85' lang='lat' dir='ltr'><strong><em>martyrum</em></strong></span> <span class='ocrx_word' id='word_1_728' title='bbox 3173 4685 3747 4788; x_wconf 46' lang='lat' dir='ltr'><strong><em>contigisse-legionis,</em></strong></span> 
     </span>
    </p>
   </div>
   <div class='ocr_carea' id='block_1_93' title="bbox 476 4777 3750 4873">
    <p class='ocr_par' dir='ltr' id='par_1_93' title="bbox 476 4777 3750 4873">
     <span class='ocr_line' id='line_1_93' title="bbox 476 4777 3750 4873; baseline 0.01 -44"><span class='ocrx_word' id='word_1_729' title='bbox 476 4777 989 4873; x_wconf 31' lang='lat' dir='ltr'><strong><em>Dominus-corpore</em></strong></span> <span class='ocrx_word' id='word_1_730' title='bbox 1015 4822 1030 4847; x_wconf 90' lang='lat'><strong><em>,</em></strong></span> <span class='ocrx_word' id='word_1_731' title='bbox 1080 4782 1207 4873; x_wconf 84' lang='lat' dir='ltr'><strong><em>illuc</em></strong></span> <span class='ocrx_word' id='word_1_732' title='bbox 1247 4790 1721 4857; x_wconf 88' lang='lat' dir='ltr'><strong><em>congregahuntur</em></strong></span> <span class='ocrx_word' id='word_1_733' title='bbox 1743 4791 1901 4846; x_wconf 90' lang='lat' dir='ltr'><strong><em>electi</em></strong></span> <span class='ocrx_word' id='word_1_734' title='bbox 1920 4833 1934 4858; x_wconf 92' lang='lat'><strong><em>,</em></strong></span> <span class='ocrx_word' id='word_1_735' title='bbox 1969 4794 2062 4862; x_wconf 89' lang='lat' dir='ltr'><strong><em>qui</em></strong></span> <span class='ocrx_word' id='word_1_736' title='bbox 2164 4804 2223 4849; x_wconf 92' lang='lat' dir='ltr'><strong><em>ut</em></strong></span> <span class='ocrx_word' id='word_1_737' title='bbox 2250 4796 2390 4852; x_wconf 90' lang='lat' dir='ltr'><strong><em>sicut</em></strong></span> <span class='ocrx_word' id='word_1_738' title='bbox 2413 4805 2524 4852; x_wconf 90' lang='lat' dir='ltr'><strong><em>tres</em></strong></span> <span class='ocrx_word' id='word_1_739' title='bbox 2548 4800 2702 4866; x_wconf 90' lang='lat' dir='ltr'><strong><em>pueri</em></strong></span> <span class='ocrx_word' id='word_1_740' title='bbox 2732 4799 2787 4853; x_wconf 87' lang='lat' dir='ltr'><strong><em>in</em></strong></span> <span class='ocrx_word' id='word_1_741' title='bbox 2809 4777 3023 4856; x_wconf 77' lang='lat' dir='ltr'><strong><em>camino</em></strong></span> <span class='ocrx_word' id='word_1_742' title='bbox 3050 4802 3191 4873; x_wconf 87' lang='lat' dir='ltr'><strong><em>ignis</em></strong></span> <span class='ocrx_word' id='word_1_743' title='bbox 3217 4804 3286 4859; x_wconf 90' lang='lat' dir='ltr'><strong><em>ab</em></strong></span> <span class='ocrx_word' id='word_1_744' title='bbox 3302 4777 3503 4860; x_wconf 42' lang='lat' dir='ltr'><strong><em>avrdore</em></strong></span> <span class='ocrx_word' id='word_1_745' title='bbox 3528 4777 3750 4863; x_wconf 58' lang='lat' dir='ltr'><strong><em>ﬂammai</em></strong></span> 
     </span>
    </p>
   </div>
   <div class='ocr_carea' id='block_1_94' title="bbox 476 4864 3749 4971">
    <p class='ocr_par' dir='ltr' id='par_1_94' title="bbox 476 4864 3749 4971">
     <span class='ocr_line' id='line_1_94' title="bbox 476 4864 3749 4971; baseline 0.01 -50"><span class='ocrx_word' id='word_1_746' title='bbox 476 4864 590 4965; x_wconf 77' lang='lat' dir='ltr'><strong><em>ejus</em></strong></span> <span class='ocrx_word' id='word_1_747' title='bbox 610 4869 918 4937; x_wconf 89' lang='lat' dir='ltr'><strong><em>passionem</em></strong></span> <span class='ocrx_word' id='word_1_748' title='bbox 940 4872 1404 4947; x_wconf 86' lang='lat' dir='ltr'><strong><em>humilitatemque</em></strong></span> <span class='ocrx_word' id='word_1_749' title='bbox 1425 4878 1687 4937; x_wconf 86' lang='lat' dir='ltr'><strong><em>imitando</em></strong></span> <span class='ocrx_word' id='word_1_750' title='bbox 1712 4891 1969 4955; x_wconf 85' lang='lat' dir='ltr'><strong><em>tanquam</em></strong></span> <span class='ocrx_word' id='word_1_751' title='bbox 1996 4886 2063 4941; x_wconf 89' lang='lat' dir='ltr'><strong><em>de</em></strong></span> <span class='ocrx_word' id='word_1_752' title='bbox 2165 4886 2316 4942; x_wconf 68' lang='lat' dir='ltr'><strong><em>illaesi</em></strong></span> <span class='ocrx_word' id='word_1_753' title='bbox 2349 4864 2722 4955; x_wconf 36' lang='lat' dir='ltr'><strong><em>servati—sunt,</em></strong></span> <span class='ocrx_word' id='word_1_754' title='bbox 2772 4892 2846 4945; x_wconf 88' lang='lat' dir='ltr'><strong><em>ita</em></strong></span> <span class='ocrx_word' id='word_1_755' title='bbox 2873 4900 2930 4947; x_wconf 90' lang='lat' dir='ltr'><strong><em>et</em></strong></span> <span class='ocrx_word' id='word_1_756' title='bbox 2973 4864 3164 4949; x_wconf 44' lang='lat' dir='ltr'><strong><em>istivab</em></strong></span> <span class='ocrx_word' id='word_1_757' title='bbox 3207 4896 3460 4951; x_wconf 88' lang='lat' dir='ltr'><strong><em>incendio</em></strong></span> <span class='ocrx_word' id='word_1_758' title='bbox 3491 4898 3635 4971; x_wconf 83' lang='lat' dir='ltr'><strong><em>ignis</em></strong></span> <span class='ocrx_word' id='word_1_759' title='bbox 3674 4900 3749 4952; x_wconf 81' lang='lat' dir='ltr'><strong><em>iu-</em></strong></span> 
     </span>
    </p>
   </div>
   <div class='ocr_carea' id='block_1_95' title="bbox 477 4953 2061 5040">
    <p class='ocr_par' dir='ltr' id='par_1_95' title="bbox 477 4953 2061 5040">
     <span class='ocr_line' id='line_1_95' title="bbox 477 4953 2061 5040; baseline 0.014 -31"><span class='ocrx_word' id='word_1_760' title='bbox 477 4953 594 5025; x_wconf 86' lang='lat' dir='ltr'><strong><em>ejus</em></strong></span> <span class='ocrx_word' id='word_1_761' title='bbox 635 4972 800 5023; x_wconf 81' lang='lat' dir='ltr'><strong><em>carne</em></strong></span> <span class='ocrx_word' id='word_1_762' title='bbox 830 4968 1163 5027; x_wconf 76' lang='lat' dir='ltr'><strong><em>saturantur,</em></strong></span> <span class='ocrx_word' id='word_1_763' title='bbox 1206 4980 1434 5034; x_wconf 89' lang='lat' dir='ltr'><strong><em>quorum</em></strong></span> <span class='ocrx_word' id='word_1_764' title='bbox 1474 4986 1573 5040; x_wconf 89' lang='lat' dir='ltr'><strong><em>per</em></strong></span> <span class='ocrx_word' id='word_1_765' title='bbox 1607 4953 2061 5031; x_wconf 85' lang='lat' dir='ltr'><strong><em>resurrectionem</em></strong></span> 
     </span>
    </p>
   </div>
   <div class='ocr_carea' id='block_1_96' title="bbox 477 5053 2067 5140">
    <p class='ocr_par' dir='ltr' id='par_1_96' title="bbox 477 5053 2067 5140">
     <span class='ocr_line' id='line_1_96' title="bbox 477 5053 2067 5140; baseline 0.011 -35"><span class='ocrx_word' id='word_1_766' title='bbox 477 5053 817 5115; x_wconf 71' lang='lat' dir='ltr'><strong><em>renovabitur</em></strong></span> <span class='ocrx_word' id='word_1_767' title='bbox 852 5066 910 5112; x_wconf 91' lang='lat' dir='ltr'><strong><em>ut</em></strong></span> <span class='ocrx_word' id='word_1_768' title='bbox 936 5058 1127 5128; x_wconf 64' lang='lat' dir='ltr'><strong><em>aquilae</em></strong></span> <span class='ocrx_word' id='word_1_769' title='bbox 1146 5058 1405 5129; x_wconf 88' lang='lat' dir='ltr'><strong><em>juventus</em></strong></span> <span class='ocrx_word' id='word_1_770' title='bbox 1435 5071 1495 5119; x_wconf 90' lang='lat' dir='ltr'><strong><em>ut</em></strong></span> <span class='ocrx_word' id='word_1_771' title='bbox 1519 5065 1705 5121; x_wconf 87' lang='lat' dir='ltr'><strong><em>vivant</em></strong></span> <span class='ocrx_word' id='word_1_772' title='bbox 1743 5075 1800 5121; x_wconf 89' lang='lat' dir='ltr'><strong><em>et</em></strong></span> <span class='ocrx_word' id='word_1_773' title='bbox 1836 5078 2067 5140; x_wconf 84' lang='lat' dir='ltr'><strong><em>regnent</em></strong></span> 
     </span>
    </p>
   </div>
   <div class='ocr_carea' id='block_1_97' title="bbox 480 5146 1929 5222">
    <p class='ocr_par' dir='ltr' id='par_1_97' title="bbox 480 5146 1929 5222">
     <span class='ocr_line' id='line_1_97' title="bbox 480 5146 1929 5222; baseline 0.012 -22"><span class='ocrx_word' id='word_1_774' title='bbox 480 5159 604 5202; x_wconf 88' lang='lat' dir='ltr'><strong><em>cum</em></strong></span> <span class='ocrx_word' id='word_1_775' title='bbox 632 5146 903 5222; x_wconf 70' lang='lat' dir='ltr'><strong><em>salvatore</em></strong></span> <span class='ocrx_word' id='word_1_776' title='bbox 927 5166 1025 5209; x_wconf 86' lang='lat' dir='ltr'><strong><em>suo</em></strong></span> <span class='ocrx_word' id='word_1_777' title='bbox 1058 5153 1116 5207; x_wconf 91' lang='lat' dir='ltr'><strong><em>in</em></strong></span> <span class='ocrx_word' id='word_1_778' title='bbox 1141 5154 1338 5209; x_wconf 65' lang='lat' dir='ltr'><strong><em>saecula</em></strong></span> <span class='ocrx_word' id='word_1_779' title='bbox 1363 5157 1703 5221; x_wconf 82' lang='lat' dir='ltr'><strong><em>saeculorum.</em></strong></span> <span class='ocrx_word' id='word_1_780' title='bbox 1735 5159 1929 5216; x_wconf 80' lang='lat' dir='ltr'><strong><em>Amen.</em></strong></span> 
     </span>
    </p>
   </div>
   <div class='ocr_carea' id='block_1_98' title="bbox 1011 5283 1526 5359">
    <p class='ocr_par' dir='ltr' id='par_1_98' title="bbox 1011 5283 1526 5359">
     <span class='ocr_line' id='line_1_98' title="bbox 1011 5283 1526 5359; baseline 0.008 -20"><span class='ocrx_word' id='word_1_781' title='bbox 1011 5283 1292 5343; x_wconf 68' lang='lat' dir='ltr'><strong><em>nonum</em></strong></span> <span class='ocrx_word' id='word_1_782' title='bbox 1322 5284 1526 5359; x_wconf 75' lang='lat' dir='ltr'><strong><em>CXLV.</em></strong></span> 
     </span>
    </p>
   </div>
   <div class='ocr_carea' id='block_1_99' title="bbox 837 5391 1694 5440">
    <p class='ocr_par' dir='ltr' id='par_1_99' title="bbox 837 5391 1694 5440">
     <span class='ocr_line' id='line_1_99' title="bbox 837 5391 1694 5440; baseline 0.008 -7"><span class='ocrx_word' id='word_1_783' title='bbox 837 5391 889 5433; x_wconf 78' lang='lat' dir='ltr'><strong><em>IN</em></strong></span> <span class='ocrx_word' id='word_1_784' title='bbox 923 5394 1122 5435; x_wconf 75' lang='lat' dir='ltr'><strong><em>VIGILIA</em></strong></span> <span class='ocrx_word' id='word_1_785' title='bbox 1162 5398 1349 5437; x_wconf 78' lang='lat' dir='ltr'><strong><em>SANCTI</em></strong></span> <span class='ocrx_word' id='word_1_786' title='bbox 1389 5399 1694 5440; x_wconf 75' lang='lat' dir='ltr'><strong><em>LAUREN&#39;I‘&quot;.</em></strong></span> 
     </span>
    </p>
   </div>
   <div class='ocr_carea' id='block_1_100' title="bbox 878 5487 1656 5573">
    <p class='ocr_par' dir='ltr' id='par_1_100' title="bbox 878 5487 1656 5573">
     <span class='ocr_line' id='line_1_100' title="bbox 878 5487 1656 5573; baseline 0.01 -30"><span class='ocrx_word' id='word_1_787' title='bbox 878 5487 1067 5573; x_wconf 62' lang='lat' dir='ltr'><strong><em>Leptin</em></strong></span> <span class='ocrx_word' id='word_1_788' title='bbox 1105 5491 1228 5567; x_wconf 83' lang='lat' dir='ltr'><strong><em>libri</em></strong></span> <span class='ocrx_word' id='word_1_789' title='bbox 1266 5492 1656 5569; x_wconf 51' lang='lat' dir='ltr'><strong><em>Ecclesiastici,</em></strong></span> 
     </span>
    </p>
   </div>
   <div class='ocr_carea' id='block_1_101' title="bbox 2166 4982 3746 5058">
    <p class='ocr_par' dir='ltr' id='par_1_101' title="bbox 2166 4982 3746 5058">
     <span class='ocr_line' id='line_1_101' title="bbox 2166 4982 3746 5058; baseline 0.008 -23"><span class='ocrx_word' id='word_1_790' title='bbox 2166 4982 2519 5036; x_wconf 89' lang='lat' dir='ltr'><strong><em>contaminati</em></strong></span> <span class='ocrx_word' id='word_1_791' title='bbox 2569 4994 2932 5040; x_wconf 89' lang='lat' dir='ltr'><strong><em>servarentur.</em></strong></span> <span class='ocrx_word' id='word_1_792' title='bbox 2996 4986 3104 5042; x_wconf 90' lang='lat' dir='ltr'><strong><em>Sed</em></strong></span> <span class='ocrx_word' id='word_1_793' title='bbox 3163 4988 3290 5058; x_wconf 82' lang='lat' dir='ltr'><strong><em>quia</em></strong></span> <span class='ocrx_word' id='word_1_794' title='bbox 3348 4990 3455 5045; x_wconf 89' lang='lat' dir='ltr'><strong><em>hoc</em></strong></span> <span class='ocrx_word' id='word_1_795' title='bbox 3500 4992 3746 5047; x_wconf 83' lang='lat' dir='ltr'><strong><em>omnibus</em></strong></span> 
     </span>
    </p>
   </div>
   <div class='ocr_carea' id='block_1_102' title="bbox 2168 5074 3743 5161">
    <p class='ocr_par' dir='ltr' id='par_1_102' title="bbox 2168 5074 3743 5161">
     <span class='ocr_line' id='line_1_102' title="bbox 2168 5074 3743 5161; baseline 0.009 -37"><span class='ocrx_word' id='word_1_796' title='bbox 2168 5074 2498 5142; x_wconf 89' lang='lat' dir='ltr'><strong><em>martyribus</em></strong></span> <span class='ocrx_word' id='word_1_797' title='bbox 2519 5074 2615 5129; x_wconf 89' lang='lat' dir='ltr'><strong><em>Dei</em></strong></span> <span class='ocrx_word' id='word_1_798' title='bbox 2644 5089 2751 5130; x_wconf 89' lang='lat' dir='ltr'><strong><em>non</em></strong></span> <span class='ocrx_word' id='word_1_799' title='bbox 2772 5084 2855 5131; x_wconf 89' lang='lat' dir='ltr'><strong><em>est</em></strong></span> <span class='ocrx_word' id='word_1_800' title='bbox 2878 5092 3217 5144; x_wconf 89' lang='lat' dir='ltr'><strong><em>concessum,</em></strong></span> <span class='ocrx_word' id='word_1_801' title='bbox 3251 5095 3374 5135; x_wconf 87' lang='lat' dir='ltr'><strong><em>cum</em></strong></span> <span class='ocrx_word' id='word_1_802' title='bbox 3403 5081 3629 5161; x_wconf 87' lang='lat' dir='ltr'><strong><em>plurimi</em></strong></span> <span class='ocrx_word' id='word_1_803' title='bbox 3656 5099 3743 5137; x_wconf 79' lang='lat' dir='ltr'><strong><em>eo-</em></strong></span> 
     </span>
    </p>
   </div>
   <div class='ocr_carea' id='block_1_103' title="bbox 2168 5162 3743 5239">
    <p class='ocr_par' dir='ltr' id='par_1_103' title="bbox 2168 5162 3743 5239">
     <span class='ocr_line' id='line_1_103' title="bbox 2168 5162 3743 5239; baseline 0.01 -25"><span class='ocrx_word' id='word_1_804' title='bbox 2168 5177 2287 5215; x_wconf 91' lang='lat' dir='ltr'><strong><em>rum</em></strong></span> <span class='ocrx_word' id='word_1_805' title='bbox 2315 5162 2369 5217; x_wconf 93' lang='lat' dir='ltr'><strong><em>in</em></strong></span> <span class='ocrx_word' id='word_1_806' title='bbox 2413 5162 2535 5233; x_wconf 88' lang='lat' dir='ltr'><strong><em>igne</em></strong></span> <span class='ocrx_word' id='word_1_807' title='bbox 2562 5165 2915 5235; x_wconf 86' lang='lat' dir='ltr'><strong><em>corporaliter</em></strong></span> <span class='ocrx_word' id='word_1_808' title='bbox 2946 5170 3276 5224; x_wconf 83' lang='lat' dir='ltr'><strong><em>concremati</em></strong></span> <span class='ocrx_word' id='word_1_809' title='bbox 3295 5169 3508 5239; x_wconf 81' lang='lat' dir='ltr'><strong><em>essent;</em></strong></span> <span class='ocrx_word' id='word_1_810' title='bbox 3543 5189 3743 5229; x_wconf 80' lang='lat' dir='ltr'><strong><em>verum-</em></strong></span> 
     </span>
    </p>
   </div>
   <div class='ocr_carea' id='block_1_104' title="bbox 2169 5254 3739 5335">
    <p class='ocr_par' dir='ltr' id='par_1_104' title="bbox 2169 5254 3739 5335">
     <span class='ocr_line' id='line_1_104' title="bbox 2169 5254 3739 5335; baseline 0.008 -29"><span class='ocrx_word' id='word_1_811' title='bbox 2169 5260 2350 5307; x_wconf 87' lang='lat' dir='ltr'><strong><em>tamen</em></strong></span> <span class='ocrx_word' id='word_1_812' title='bbox 2397 5254 2591 5309; x_wconf 85' lang='lat' dir='ltr'><strong><em>animae</em></strong></span> <span class='ocrx_word' id='word_1_813' title='bbox 2629 5270 2817 5312; x_wconf 89' lang='lat' dir='ltr'><strong><em>eorum</em></strong></span> <span class='ocrx_word' id='word_1_814' title='bbox 2845 5256 3014 5313; x_wconf 88' lang='lat' dir='ltr'><strong><em>libere</em></strong></span> <span class='ocrx_word' id='word_1_815' title='bbox 3043 5259 3165 5313; x_wconf 69' lang='lat' dir='ltr'><strong><em>coeli</em></strong></span> <span class='ocrx_word' id='word_1_816' title='bbox 3211 5272 3419 5317; x_wconf 88' lang='lat' dir='ltr'><strong><em>secreta</em></strong></span> <span class='ocrx_word' id='word_1_817' title='bbox 3444 5266 3739 5335; x_wconf 85' lang='lat' dir='ltr'><strong><em>petierunt,</em></strong></span> 
     </span>
    </p>
   </div>
   <div class='ocr_carea' id='block_1_105' title="bbox 2168 5342 3741 5421">
    <p class='ocr_par' dir='ltr' id='par_1_105' title="bbox 2168 5342 3741 5421">
     <span class='ocr_line' id='line_1_105' title="bbox 2168 5342 3741 5421; baseline 0.008 -26"><span class='ocrx_word' id='word_1_818' title='bbox 2168 5342 2362 5397; x_wconf 81' lang='lat' dir='ltr'><strong><em>melius</em></strong></span> <span class='ocrx_word' id='word_1_819' title='bbox 2388 5343 2476 5397; x_wconf 84' lang='lat' dir='ltr'><strong><em>hic</em></strong></span> <span class='ocrx_word' id='word_1_820' title='bbox 2500 5344 2679 5414; x_wconf 87' lang='lat' dir='ltr'><strong><em>ignem</em></strong></span> <span class='ocrx_word' id='word_1_821' title='bbox 2706 5354 2760 5402; x_wconf 85' lang='lat' dir='ltr'><strong><em>et</em></strong></span> <span class='ocrx_word' id='word_1_822' title='bbox 2800 5346 3072 5405; x_wconf 80' lang='lat' dir='ltr'><strong><em>ﬂammam</em></strong></span> <span class='ocrx_word' id='word_1_823' title='bbox 3094 5348 3331 5405; x_wconf 85' lang='lat' dir='ltr'><strong><em>validum</em></strong></span> <span class='ocrx_word' id='word_1_824' title='bbox 3355 5354 3741 5421; x_wconf 84' lang='lat' dir='ltr'><strong><em>persecutionis</em></strong></span> 
     </span>
    </p>
   </div>
   <div class='ocr_carea' id='block_1_106' title="bbox 2167 5434 3741 5513">
    <p class='ocr_par' dir='ltr' id='par_1_106' title="bbox 2167 5434 3741 5513">
     <span class='ocr_line' id='line_1_106' title="bbox 2167 5434 3741 5513; baseline 0.003 -22"><span class='ocrx_word' id='word_1_825' title='bbox 2167 5442 2357 5491; x_wconf 71' lang='lat' dir='ltr'><strong><em>testam</em></strong></span> <span class='ocrx_word' id='word_1_826' title='bbox 2389 5434 2757 5507; x_wconf 84' lang='lat' dir='ltr'><strong><em>intelligimus,</em></strong></span> <span class='ocrx_word' id='word_1_827' title='bbox 2789 5438 2880 5507; x_wconf 83' lang='lat' dir='ltr'><strong><em>qui</em></strong></span> <span class='ocrx_word' id='word_1_828' title='bbox 2910 5438 3037 5493; x_wconf 90' lang='lat' dir='ltr'><strong><em>licet</em></strong></span> <span class='ocrx_word' id='word_1_829' title='bbox 3064 5448 3285 5497; x_wconf 87' lang='lat' dir='ltr'><strong><em>sanctos</em></strong></span> <span class='ocrx_word' id='word_1_830' title='bbox 3316 5438 3412 5495; x_wconf 87' lang='lat' dir='ltr'><strong><em>Dei</em></strong></span> <span class='ocrx_word' id='word_1_831' title='bbox 3443 5441 3741 5513; x_wconf 72' lang='lat' dir='ltr'><strong><em>temporali-</em></strong></span> 
     </span>
    </p>
   </div>
   <div class='ocr_carea' id='block_1_107' title="bbox 2160 5521 3741 5596">
    <p class='ocr_par' dir='ltr' id='par_1_107' title="bbox 2160 5521 3741 5596">
     <span class='ocr_line' id='line_1_107' title="bbox 2160 5521 3741 5596; baseline 0.007 -19"><span class='ocrx_word' id='word_1_832' title='bbox 2160 5532 2245 5578; x_wconf 90' lang='lat' dir='ltr'><strong><em>ter</em></strong></span> <span class='ocrx_word' id='word_1_833' title='bbox 2269 5521 2507 5595; x_wconf 81' lang='lat' dir='ltr'><strong><em>allligere</em></strong></span> <span class='ocrx_word' id='word_1_834' title='bbox 2538 5535 2743 5595; x_wconf 87' lang='lat' dir='ltr'><strong><em>posset,</em></strong></span> <span class='ocrx_word' id='word_1_835' title='bbox 2766 5544 2942 5596; x_wconf 85' lang='lat' dir='ltr'><strong><em>usque</em></strong></span> <span class='ocrx_word' id='word_1_836' title='bbox 2977 5529 3046 5591; x_wconf 86' lang='lat' dir='ltr'><strong><em>ad</em></strong></span> <span class='ocrx_word' id='word_1_837' title='bbox 3072 5530 3271 5585; x_wconf 60' lang='lat' dir='ltr'><strong><em>animai</em></strong></span> <span class='ocrx_word' id='word_1_838' title='bbox 3296 5537 3480 5588; x_wconf 85' lang='lat' dir='ltr'><strong><em>tamen</em></strong></span> <span class='ocrx_word' id='word_1_839' title='bbox 3509 5528 3741 5588; x_wconf 73' lang='lat' dir='ltr'><strong><em>interm-</em></strong></span> 
     </span>
    </p>
   </div>
   <div class='ocr_carea' id='block_1_108' title="bbox 552 5595 3552 5694">
    <p class='ocr_par' dir='ltr' id='par_1_108' title="bbox 552 5595 3552 5694">
     <span class='ocr_line' id='line_1_108' title="bbox 552 5595 3552 5694; baseline 0.009 -40"><span class='ocrx_word' id='word_1_840' title='bbox 552 5595 983 5694; x_wconf 70' lang='lat' dir='ltr'><strong><em>Conﬁtebgr’tibi,</em></strong></span> <span class='ocrx_word' id='word_1_841' title='bbox 1013 5605 1236 5667; x_wconf 86' lang='lat' dir='ltr'><strong><em>Domine</em></strong></span> <span class='ocrx_word' id='word_1_842' title='bbox 1266 5623 1377 5674; x_wconf 87' lang='lat' dir='ltr'><strong><em>rex,</em></strong></span> <span class='ocrx_word' id='word_1_843' title='bbox 1406 5617 1455 5664; x_wconf 87' lang='lat' dir='ltr'><strong><em>et</em></strong></span> <span class='ocrx_word' id='word_1_844' title='bbox 1486 5609 1796 5666; x_wconf 86' lang='lat' dir='ltr'><strong><em>collaudabo</em></strong></span> <span class='ocrx_word' id='word_1_845' title='bbox 1819 5620 1868 5667; x_wconf 88' lang='lat' dir='ltr'><strong><em>te</em></strong></span> <span class='ocrx_word' id='word_1_846' title='bbox 1895 5612 2063 5669; x_wconf 85' lang='lat' dir='ltr'><strong><em>Deum</em></strong></span> <span class='ocrx_word' id='word_1_847' title='bbox 2160 5616 2370 5671; x_wconf 89' lang='lat' dir='ltr'><strong><em>cionem</em></strong></span> <span class='ocrx_word' id='word_1_848' title='bbox 2398 5619 2708 5689; x_wconf 88' lang='lat' dir='ltr'><strong><em>pertingere</em></strong></span> <span class='ocrx_word' id='word_1_849' title='bbox 2735 5635 2843 5674; x_wconf 88' lang='lat' dir='ltr'><strong><em>non</em></strong></span> <span class='ocrx_word' id='word_1_850' title='bbox 2865 5622 3057 5691; x_wconf 88' lang='lat' dir='ltr'><strong><em>potuit.</em></strong></span> <span class='ocrx_word' id='word_1_851' title='bbox 3085 5621 3212 5679; x_wconf 83' lang='lat' dir='ltr'><strong><em>ideo</em></strong></span> <span class='ocrx_word' id='word_1_852' title='bbox 3231 5622 3552 5694; x_wconf 87' lang='lat' dir='ltr'><strong><em>subjungit:</em></strong></span> 
     </span>
    </p>
   </div>
   <div class='ocr_carea' id='block_1_109' title="bbox 480 5687 2061 5777">
    <p class='ocr_par' dir='ltr' id='par_1_109' title="bbox 480 5687 2061 5777">
     <span class='ocr_line' id='line_1_109' title="bbox 480 5687 2061 5777; baseline 0.011 -35"><span class='ocrx_word' id='word_1_853' title='bbox 480 5687 789 5747; x_wconf 86' lang='lat' dir='ltr'><strong><em>salvatorem</em></strong></span> <span class='ocrx_word' id='word_1_854' title='bbox 827 5711 1016 5749; x_wconf 88' lang='lat' dir='ltr'><strong><em>meum.</em></strong></span> <span class='ocrx_word' id='word_1_855' title='bbox 1062 5694 1359 5764; x_wconf 84' lang='lat' dir='ltr'><strong><em>Conﬁtebor</em></strong></span> <span class='ocrx_word' id='word_1_856' title='bbox 1410 5701 1605 5756; x_wconf 89' lang='lat' dir='ltr'><strong><em>nomini</em></strong></span> <span class='ocrx_word' id='word_1_857' title='bbox 1652 5712 1764 5769; x_wconf 88' lang='lat' dir='ltr'><strong><em>tuo,</em></strong></span> <span class='ocrx_word' id='word_1_858' title='bbox 1815 5707 2061 5777; x_wconf 84' lang='lat' dir='ltr'><strong><em>quoniam</em></strong></span> 
     </span>
    </p>
   </div>
   <div class='ocr_carea' id='block_1_110' title="bbox 2230 5706 3729 5787">
    <p class='ocr_par' dir='ltr' id='par_1_110' title="bbox 2230 5706 3729 5787">
     <span class='ocr_line' id='line_1_110' title="bbox 2230 5706 3729 5787; baseline 0.005 -26"><span class='ocrx_word' id='word_1_859' title='bbox 2230 5706 2308 5761; x_wconf 88' lang='lat' dir='ltr'><strong><em>De</em></strong></span> <span class='ocrx_word' id='word_1_860' title='bbox 2329 5706 2607 5765; x_wconf 87' lang='lat' dir='ltr'><strong><em>altitudine</em></strong></span> <span class='ocrx_word' id='word_1_861' title='bbox 2621 5711 2825 5766; x_wconf 75' lang='lat' dir='ltr'><strong><em>uentris</em></strong></span> <span class='ocrx_word' id='word_1_862' title='bbox 2847 5711 3027 5783; x_wconf 72' lang='lat' dir='ltr'><strong><em>inferi,</em></strong></span> <span class='ocrx_word' id='word_1_863' title='bbox 3050 5720 3100 5768; x_wconf 82' lang='lat' dir='ltr'><strong><em>et</em></strong></span> <span class='ocrx_word' id='word_1_864' title='bbox 3124 5729 3159 5766; x_wconf 90' lang='lat' dir='ltr'><strong><em>a</em></strong></span> <span class='ocrx_word' id='word_1_865' title='bbox 3179 5713 3361 5784; x_wconf 85' lang='lat' dir='ltr'><strong><em>lingua</em></strong></span> <span class='ocrx_word' id='word_1_866' title='bbox 3383 5716 3729 5787; x_wconf 67' lang='lat' dir='ltr'><strong><em>coinquinata,</em></strong></span> 
     </span>
    </p>
   </div>
   <div class='ocr_carea' id='block_1_111' title="bbox 482 5778 3729 5879">
    <p class='ocr_par' dir='ltr' id='par_1_111' title="bbox 482 5778 3729 5879">
     <span class='ocr_line' id='line_1_111' title="bbox 482 5778 3729 5879; baseline 0.009 -45"><span class='ocrx_word' id='word_1_867' title='bbox 482 5778 694 5849; x_wconf 84' lang='lat' dir='ltr'><strong><em>adjutor</em></strong></span> <span class='ocrx_word' id='word_1_868' title='bbox 720 5793 767 5837; x_wconf 93' lang='lat' dir='ltr'><strong><em>et</em></strong></span> <span class='ocrx_word' id='word_1_869' title='bbox 802 5794 1062 5853; x_wconf 81' lang='lat' dir='ltr'><strong><em>protector</em></strong></span> <span class='ocrx_word' id='word_1_870' title='bbox 1085 5786 1255 5855; x_wconf 78' lang='lat' dir='ltr'><strong><em>factus</em></strong></span> <span class='ocrx_word' id='word_1_871' title='bbox 1275 5805 1329 5843; x_wconf 91' lang='lat' dir='ltr'><strong><em>es</em></strong></span> <span class='ocrx_word' id='word_1_872' title='bbox 1359 5792 1486 5845; x_wconf 80' lang='lat' dir='ltr'><strong><em>mihi</em></strong></span> <span class='ocrx_word' id='word_1_873' title='bbox 1503 5832 1516 5858; x_wconf 85' lang='lat'><strong><em>,</em></strong></span> <span class='ocrx_word' id='word_1_874' title='bbox 1542 5802 1588 5848; x_wconf 86' lang='lat' dir='ltr'><strong><em>et</em></strong></span> <span class='ocrx_word' id='word_1_875' title='bbox 1612 5792 1845 5849; x_wconf 85' lang='lat' dir='ltr'><strong><em>liberasti</em></strong></span> <span class='ocrx_word' id='word_1_876' title='bbox 1870 5813 2058 5867; x_wconf 84' lang='lat' dir='ltr'><strong><em>corpus</em></strong></span> <span class='ocrx_word' id='word_1_877' title='bbox 2160 5807 2207 5851; x_wconf 90' lang='lat' dir='ltr'><strong><em>et</em></strong></span> <span class='ocrx_word' id='word_1_878' title='bbox 2232 5816 2264 5852; x_wconf 82' lang='grc' dir='ltr'><em>α</em></span> <span class='ocrx_word' id='word_1_879' title='bbox 2292 5800 2440 5857; x_wconf 82' lang='lat' dir='ltr'><strong><em>uerbo</em></strong></span> <span class='ocrx_word' id='word_1_880' title='bbox 2464 5802 2741 5869; x_wconf 85' lang='lat' dir='ltr'><strong><em>mendacii,</em></strong></span> <span class='ocrx_word' id='word_1_881' title='bbox 2763 5822 2794 5857; x_wconf 90' lang='lat' dir='ltr'><strong><em>a</em></strong></span> <span class='ocrx_word' id='word_1_882' title='bbox 2825 5778 2940 5875; x_wconf 80' lang='lat' dir='ltr'><strong><em>rege</em></strong></span> <span class='ocrx_word' id='word_1_883' title='bbox 2962 5805 3161 5876; x_wconf 85' lang='lat' dir='ltr'><strong><em>iniquo,</em></strong></span> <span class='ocrx_word' id='word_1_884' title='bbox 3186 5817 3234 5861; x_wconf 88' lang='lat' dir='ltr'><strong><em>et</em></strong></span> <span class='ocrx_word' id='word_1_885' title='bbox 3254 5778 3289 5861; x_wconf 56' lang='grc' dir='ltr'>ξι</span> <span class='ocrx_word' id='word_1_886' title='bbox 3308 5806 3494 5879; x_wconf 80' lang='lat' dir='ltr'><strong><em>lingua</em></strong></span> <span class='ocrx_word' id='word_1_887' title='bbox 3513 5778 3729 5877; x_wconf 71' lang='lat' dir='ltr'><strong><em>injuste.</em></strong></span> 
     </span>
    </p>
   </div>
  </div>
