3960 6360
174 354 296 416 420

1275 364 1579 424 liOMlLIAS
1618 366 1688 429 ΙΝ
1724 368 1941 427 EPIST.
1987 371 2075 427 ET
2113 371 2368 433 EVANG.

3364 378 3465 459 tso

176 473 525 575 Subauditur
550 475 783 575 liberavit
826 492 910 553 me
942 491 960 529 :
1002 494 1115 575 non
1156 481 1669 575 enimpraevalebat
1695 486 1779 545 vis
1803 492 1865 552 Α.
1882 496 1974 544 tur
1997 505 2219 563 corpus,
2254 502 2349 548 aut
2372 508 2469 569 per
2489 495 2916 564 compassionem
2940 500 3172 567 proximi
3210 502 3468 575 afﬂigitur

176 550 419 624 nefanda
452 567 795 625 inimicorum
827 586 999 640 usque
1050 573 1117 627 ad
1172 550 1449 629 interitum
1490 577 1777 653 pervenire

177 662 491 716 animarum
519 701 533 727 ,
589 677 748 731 quem
782 661 869 717 hic
896 672 1142 720 ventrem
1190 667 1348 723 inferi
1379 669 1643 741 appellat,
1674 686 1777 727 nec

174 753 367 827 lingua
395 756 741 826 coinquinata
765 756 1138 828 blasphemiis,
1174 776 1273 815 nec
1302 762 1465 817 verba
1497 764 1774 823 mendacia

174 864 210 905 ε
244 864 371 920 rege
419 850 642 920 iniquo,
688 858 741 927 et
785 851 964 933 lingua
997 852 1193 925 injusta
1235 857 1443 926 prolata
1480 867 1777 939 potuerunt

176 940 367 1011 aliquo
395 941 554 997 modo
585 941 787 1001 violare
814 951 1127 998 sanctorum
1157 949 1471 1017 praecordia,
1508 950 1601 1015 sed
1650 948 1777 1005 licet

174 1047 416 1103 corpora
463 1034 640 1103 poenis
668 1035 834 1089 variis
873 1034 1154 1109 afficerent
1185 1047 1237 1093 et
1286 1041 1445 1113 morti
1491 1040 1775 1112 temporali

116 1145 125 1152 ~
175 1122 542 1190 addicerent,
596 1124 790 1179 animae
837 1133 1018 1183 tamen
1069 1127 1123 1182 in
1168 1128 1510 1184 confessione
1540 1131 1776 1207 pominis

173 1214 385 1270 Christi
432 1230 605 1285 usque
647 1216 714 1270 ad
761 1216 920 1271 linem
949 1219 1074 1283 vitae
1119 1224 1489 1299 perstiterunt.
1527 1222 1678 1299 Unde
1722 1231 1778 1287 et

172 1304 393 1361 felicius
422 1316 542 1376 post
566 1314 795 1362 mortem
826 1308 879 1362 in
912 1296 1123 1365 aeterna
1146 1312 1254 1366 vita
1286 1294 1413 1366 cum
1445 1294 1652 1368 sanctis
1676 1329 1775 1367 an-

171 1400 315 1469 gelis
344 1399 439 1453 Dei
469 1399 585 1453 sine
613 1398 718 1453 ﬂne
748 1400 1075 1470 gaudebunt.
1104 1402 1180 1458 De
1209 1419 1316 1473 quo
1341 1412 1395 1463 et
1417 1406 1696 1463 subditur:

251 1489 512 1543 Laudabit
545 1506 707 1559 usque
732 1490 801 1543 ad
828 1503 1048 1569 mortem
1095 1484 1275 1548 anima
1304 1511 1421 1555 mea
1466 1496 1772 1571 Dominum,

167 1592 223 1637 et
282 1583 387 1636 vita
419 1599 535 1636 mea
582 1583 1009 1655 appropinquans
1039 1596 1149 1639 erat
1176 1587 1229 1640 in
1256 1586 1463 1658 inferno
1506 1587 1773 1644 deorsum.

170 1674 362 1729 Vitam
411 1689 564 1729 suam
611 1674 665 1728 in
699 1675 912 1731 interno
954 1678 1390 1757 appropinquare
1439 1660 1600 1759 dicit,
1648 1680 1775 1750 quia

170 1765 362 1820 carnis
385 1766 495 1821 vita
520 1767 761 1837 quotidie
798 1768 1097 1823 deficiendo
1123 1752 1190 1825 ad
1216 1752 1777 1844 mortem‘ap'propin-

1860 582 2117 651 animus,
2168 600 2459 657 pensemus
2511 586 2744 657 qualiter
2793 596 3020 658 utroque
3061 594 3221 648 modo
3263 594 3461 652 Paulus

1878 690 2095 732 crucem
2148 693 2298 733 suam
2327 679 2553 751 tulerit,
2605 681 2695 751 qui
2727 682 2939 737 dicebat
2966 701 2980 738 :
3012 681 3223 755 Castigo
3275 704 3462 760 corpus

1879 786 2049 823 nteant
2074 779 2124 826 et
2150 773 2204 825 in
2225 771 2519 835 servitutem
2550 773 2747 844 redigo,
2777 790 2841 829 ne
2866 773 3000 848 forte
3021 776 3141 831 aliis
3169 778 3463 847 prwdicans

1878 863 1986 933 ipse
2016 863 2262 931 reprobus
2292 864 2506 939 efficiar.
2541 864 2682 921 Ecce
2703 866 2758 921 in
2784 865 3074 922 afﬂictione
3096 870 3340 939 corporis
3365 887 3464 924 au-

1880 952 2112 1008 divimus
2141 968 2356 1009 crucem
2385 955 2585 1020 carnis,
2614 971 2758 1023 nunc
2785 956 2839 1011 in
2883 958 3257 1029 compassione
3286 962 3468 1031 proxi-

1879 1043 1952 1097 mi
1994 1045 2281 1100 audiamus
2305 1061 2522 1107 crucem
2547 1048 2761 1113 mentis,
2795 1048 2901 1115 ait:
2936 1047 3065 1114 Quis
3094 1050 3395 1123 inﬁrmatur
3418 1064 3469 1107 et

1877 1151 1971 1204 ego
1999 1151 2103 1190 non
2131 1136 2401 1209 inﬁrmor?
2419 1138 2534 1211 quis
2566 1139 2966 1203 scandalizatur
2989 1150 3036 1196 et
3060 1158 3153 1214 ego
3181 1159 3286 1199 non
3315 1145 3471 1198 uror?

1878 1225 2163 1284 Perfectus
2214 1230 2414 1302 quippe
2470 1232 2801 1309 praedicator
2846 1240 2906 1289 ut
2954 1233 3259 1311 exemplum
3317 1235 3472 1291 daret

1879 1315 2222 1372 abstinentiae
2267 1334 2483 1385 crucem
2515 1321 2769 1390 portabat
2798 1321 2854 1377 in
2885 1337 3143 1405 corpore,
3191 1332 3246 1379 et
3275 1325 3368 1395 qui
3413 1326 3471 1381 in

1878 1427 1937 1467 se
1966 1412 2221 1467 trahebat
2272 1414 2468 1470 damna
2496 1416 2832 1493 infirmitatis
2862 1416 3056 1497 alienae
3090 1433 3309 1474 crucem
3339 1433 3467 1491 por-

1880 1504 2029 1559 tabat
2056 1504 2111 1558 in
2140 1506 2324 1561 corde.

1951 1594 2057 1662 Qui
2096 1598 2233 1651 enim
2282 1596 2499 1654 voluerit
2548 1599 2779 1675 animam
2834 1617 2987 1665 suam
3040 1600 3240 1667 lsalvam
3271 1601 3471 1673 facere,

1877 1686 2055 1757 perdet
2076 1703 2208 1751 eam,
2235 1688 2325 1760 qui
2347 1698 2522 1743 autem
2537 1690 2821 1761 perdiderit
2845 1692 2933 1745 ani
2938 1708 3075 1761 mam
3097 1709 3247 1746 suam
3262 1701 3475 1769 propter

1880 1794 1982 1843 me,
2000 1780 2222 1834 inveniet
2240 1796 2376 1834 eam.
2397 1780 2588 1852 Magna
2608 1790 2664 1855 et
2678 1781 2813 1836 mira
2841 1782 3109 1839 sententia
3130 1782 3476 1855 quemadmo-

170 1864 331 1925 quat,
360 1856 606 1951 infernus
642 1856 785 1923 enim
817 1858 905 1913 hic
950 1875 1049 1929 pro
1082 1869 1255 1915 morte
1284 1861 1493 1931 positus
1530 1870 1615 1917 est
1644 1862 1771 1932 quia
1800 1870 1849 1941 Β
1878 1870 2005 1925 dum
2040 1870 2112 1926 sit
2159 1871 2394 1927 hominis
2416 1873 2471 1927 in
2504 1873 2740 1943 animam
2772 1889 2925 1928 suam
2953 1888 3129 1939 amor,
3159 1881 3221 1947 ιρι
3244 1882 3468 1951 ρει-βίης

172 1964 330 2005 mors
353 1950 534 2005 carnis
546 1951 1012 2021 prmvaricationis
1031 1953 1221 2021 primae
1242 1961 1324 2008 est
1338 1953 1599 2020 vindicta,
1632 1955 1775 2010 sicut

170 2040 426 2097 infernus
446 2044 829 2113 peccatricium
854 2045 1158 2099 animarum
1179 2054 1438 2118 perpetua
1454 2061 1633 2116 poena.
1666 2046 1776 2103 Sed

168 2148 408 2192 mortem
439 2137 618 2192 carnis
648 2152 806 2193 neruo
837 2138 1035 2193 evadit.
1064 2137 1195 2203 Quis
1227 2146 1301 2192 est
1330 2140 1467 2192 etaim
1499 2140 1653 2193 homo
1685 2139 1776 2211 qui

173 2229 298 2283 vivit
325 2237 374 2282 et
404 2245 507 2282 non
538 2228 726 2282 videbit
754 2229 1016 2282 mortem?
1038 2214 1192 2284 Unde
1214 2229 1341 2283 alibi
1366 2229 1629 2301 scriptum
1657 2236 1770 2299 est:

176 2321 351 2377 Nemo
376 2332 450 2377 est
480 2339 599 2393 ergo
638 2324 727 2393 qui
769 2338 970 2392 semper
996 2323 1156 2389 vivat,
1189 2332 1237 2377 et
1280 2322 1441 2394 hujus
1483 2323 1558 2377 rei
1586 2321 1776 2377 habeat

170 2414 451 2485 ﬁduciam,
485 2414 681 2469 inferni
705 2429 835 2470 vero
863 2415 1164 2470 cruciatum
1196 2414 1371 2469 sancti
1405 2414 1652 2469 homines
1677 2428 1777 2485 per

171 2492 410 2576 gratiam
470 2505 674 2561 Christi
724 2504 956 2560 evadere
1005 2511 1266 2574 possunt,
1312 2504 1438 2574 quia
1484 2505 1552 2559 de
1591 2502 1775 2558 carnis

169 2598 392 2654 vinculo
444 2597 675 2653 absoluti
729 2597 798 2651 ad
844 2596 1069 2652 cccleste
1092 2581 1348 2667 gaudium
1394 2611 1521 2665 mox
1574 2596 1776 2667 migra-

168 2691 331 2746 bunL

244 2786 720 2841 Circumaederunt
742 2801 824 2840 me
853 2785 1106 2858 undique,
1148 2793 1197 2839 et
1227 2801 1332 2840 non
1366 2794 1480 2838 erat
1506 2783 1599 2854 qui
1618 2781 1777 2852 adju-

166 2886 342 2931 varet.
375 2875 673 2945 Respiciens
709 2892 881 2929 aerem
911 2873 980 2928 ad
1008 2872 1339 2944 adjutorium
1382 2872 1652 2927 hominum
1681 2911 1696 2937 ,
1726 2879 1777 2937 et

169 2985 279 3022 non
308 2978 441 3021 erat.
487 2966 812 3021 Memoratus
835 2983 952 3021 sum
974 2964 1352 3020 misericordia:
1378 2973 1505 3031 tua’,
1531 2962 1775 3028 Domine,

166 3071 217 3115 et
246 3060 569 3139 operationis
607 3067 731 3125 tute,
780 3075 897 3129 quin
925 3075 959 3113 a
988 3056 1182 3112 steculo
1209 3066 1284 3111 est
1312 3070 1330 3109 :
1357 3057 1604 3128 quoniam
1626 3071 1776 3109 erues

164 3155 485 3208 sustinentes
500 3162 570 3217 te,
589 3152 827 3216 Domine,
854 3160 903 3205 et
925 3149 1115 3205 liberas
1137 3166 1223 3204 eos
1245 3149 1310 3203 de
1322 3148 1563 3203 manibus
1582 3162 1777 3217 angus-

1877 1969 2060 2024 odium
2112 1984 2180 2024 ne
2207 1976 2414 2039 pereat,
2467 1969 2510 2024 si
2541 1969 2681 2024 male
2711 1969 3000 2037 amaveris,
3050 1976 3178 2025 tunc
3205 1970 3396 2032 odisti;
3429 1969 3477 2025 si

1877 2060 2017 2114 bene
2045 2060 2246 2129 oderis,
2274 2069 2401 2115 tunc
2432 2061 2627 2115 amasti
2671 2060 2855 2117 felices
2898 2059 2991 2131 qui
3032 2061 3265 2118 oderunt
3289 2069 3474 2118 custo-

1879 2149 2077 2205 diendo
2099 2166 2166 2204 ne
2192 2158 2419 2220 pereant
2442 2150 2695 2206 amando.

1952 2239 2094 2306 Quid
2125 2241 2263 2294 enim
2303 2240 2515 2311 prodest
2565 2241 2764 2296 homini
2807 2242 2854 2296 si
2901 2243 3198 2297 universum
3217 2241 3475 2298 mundum

1879 2332 2336 2399 lucretur,animte
2363 2350 2485 2388 vero
2511 2350 2623 2399 sua:
2650 2334 3018 2389 detrimentum
3048 2332 3476 2405 patiatur?Cum

1878 2426 2186 2498 persecutio
2211 2427 2280 2499 ab
2305 2427 2635 2484 adversariis
2667 2430 2839 2495 deest,
2872 2428 3025 2484 valde
3051 2428 3361 2499 vigilantius
3383 2444 3477 2483 cor

1880 2521 2293 2587 custodiendum
2316 2529 2420 2587 est,
2471 2534 2596 2576 nam
2639 2522 2790 2592 pacis
2812 2529 3054 2591 tempore
3084 2523 3211 2593 quia
3236 2522 3362 2589 licet
3391 2520 3476 2576 vi-

1878 2627 2032 2679 vere,
2064 2612 2197 2668 libet
2217 2613 2381 2668 etiam
2405 2612 2634 2681 ambire,
2659 2613 2976 2685 plerumque
3006 2622 3189 2668 autem
3216 2620 3270 2669 et
3293 2614 3473 2695 avari-

1881 2704 2012 2760 tiam
2032 2705 2326 2772 vincimus,
2357 2705 2452 2761 sed
2483 2706 2660 2761 adhuc
2704 2707 2904 2769 obstat,
2938 2704 3081 2775 quod
3111 2704 3227 2773 vias
3258 2705 3482 2761 rectitu-

1880 2796 2021 2851 dinis
2070 2797 2267 2851 minori
2325 2806 2574 2852 tenemus
2620 2798 2865 2852 custodia
2914 2794 3281 2867 perfectionis.
3316 2796 3478 2852 ‘Nam

1880 2902 2023 2958 szepe
2050 2886 2290 2943 labentia
2315 2897 2508 2944 cuncta
2540 2889 2908 2959 despicimus;
2960 2890 3053 2944 sed
3090 2901 3273 2945 tamen
3302 2890 3479 2945 adhuc

1877 2978 2128 3033 humanae
2154 2980 2496 3034 verecundiae
2522 2996 2620 3034 usu
2650 2980 3032 3051 przepedimur,
3086 2991 3143 3033 ut
3188 2960 3471 3033 rectitudi—

1879 3087 2000 3126 nem
2032 3087 2195 3142 quam
2219 3087 2501 3128 servamus
2533 3073 2586 3126 in
2619 3083 2822 3136 mente,
2883 3055 3137 3127 nondum
3169 3071 3474 3140 exprimere

1878 3163 2154 3219 valeamus
2180 3165 2235 3219 in
2266 3179 2425 3230 voce,
2463 3172 2518 3219 et
2565 3171 2717 3219 tanto
2760 3162 2856 3219 Dei
2907 3163 3100 3237 faciem
3146 3163 3209 3215 ad
3253 3146 3477 3239 justillte

165 3246 281 3300 tice.
307 3242 573 3325 Dominus
596 3243 739 3298 Deus
762 3251 972 3309 noster,
1000 3241 1191 3297 videns
1214 3238 1503 3323 ecclesiam
1531 3237 1776 3293 membra
1806 3237 1852 3301 C
1884 3254 2257 3310 defensionem
2280 3254 2622 3327 negligimus,
2646 3261 2849 3323 quanto
2871 3253 3139 3309 humanas
3166 3249 3332 3306 facies
3353 3266 3478 3327 οοη.

167 3354 273 3393 sua
331 3337 572 3406 undique
604 3336 673 3391 ab
703 3335 952 3391 hostibus
992 3333 1342 3397 circumdari,
1388 3340 1443 3387 et
1472 3333 1772 3386 humanum

166 3430 429 3485 solatium
460 3429 646 3484 deﬁeri
678 3446 690 3497 ;
717 3428 844 3499 inde
870 3424 1068 3499 quaerit
1100 3423 1430 3498 adjutprium
1453 3424 1597 3479 unde
1618 3422 1774 3479 novit

163 3520 417 3576 omnium
461 3520 729 3575 bonorum
770 3520 957 3589 venire
987 3516 1311 3597 profectpm,
1360 3531 1469 3571 non
1503 3515 1617 3571 suis
1641 3529 1772 3585 ergo

164 3611 419 3676 meritis,
448 3626 548 3665 nec
578 3609 832 3691 humanis
861 3609 1094 3675 actibus,
1125 3608 1219 3687 sed
1256 3606 1646 3683 misericordiae
1674 3606 1773 3661 Dei

166 3692 411 3769 tribuit,
451 3704 595 3773 quod
630 3703 675 3759 si
707 3703 775 3758 ab
826 3701 1061 3757 inimicis
1113 3708 1359 3771 ereptam
1386 3708 1441 3756 et
1485 3699 1772 3754 liberatam

162 3813 296 3856 esse
349 3796 640 3868 agnoscit:
674 3804 730 3850 et
759 3810 866 3849 non
909 3794 1083 3849 solum
1125 3793 1435 3858 liberatam,
1460 3793 1570 3846 imo
1608 3790 1773 3846 etiam

165 3894 383 3949 honore
432 3889 691 3943 virtutum
746 3887 1125 3951 sublimatam,
1174 3894 1341 3956 atque
1381 3883 1775 3939 miraculorum

161 3986 386 4055 fulgore
421 3982 796 4054 glorificatam.
829 3980 1096 4046 Quoniam
1125 3995 1190 4036 ex
1240 3979 1356 4048 ipso
1381 3986 1437 4032 et
1464 3992 1561 4047 per
1593 3977 1772 4045 ipsum

162 4082 222 4131 et
263 4076 319 4128 in
352 4074 468 4143 ipso
489 4079 615 4126 sunt
638 4070 844 4135 omnia,
876 4070 981 4141 ipsi
1005 4070 1183 4127 honor
1206 4077 1264 4124 et
1291 4069 1462 4141 gloria
1489 4068 1545 4123 in
1573 4066 1772 4123 saecula

159 4164 527 4224 saeculorum.
558 4164 751 4219 Amen.

704 4270 984 4331 HOMILIA
1018 4268 1247 4349 CXLV].

719 4362 773 4407 IN
817 4361 996 4405 EODRI
1041 4361 1230 4402 FESTO.

274 4438 468 4503 Lectio
493 4436 669 4495 sancti
704 4438 983 4507 Evangelii
1008 4436 1309 4493 secundum
1338 4436 1673 4503 Matthmum.

247 4536 318 4590 In
366 4533 460 4587 illo
486 4543 713 4603 tempore
735 4532 866 4586 dixit
898 4531 1055 4585 Iesus
1080 4530 1351 4601 discipulis
1375 4531 1486 4585 suis
1514 4543 1533 4582 :
1554 4529 1627 4585 'Si
1654 4529 1772 4601 quis

1881 3355 1964 3402 tra
1981 3347 2252 3420 justitiam
2284 3363 2562 3404 veremur.

1947 3441 2053 3494 Aut
2096 3458 2256 3515 quam
2297 3440 2447 3495 dabit
2482 3440 2641 3515 homo
2683 3437 3140 3493 commutationem
3175 3452 3271 3510 pro
3299 3436 3479 3509 anima

1877 3532 2021 3587 sua?
2070 3531 2176 3587 Pro
2218 3514 2393 3588 [Israel
2464 3532 2625 3586 datur
2689 3529 3043 3586 commutatio
3103 3514 3369 3603 Egyptus
3424 3533 3479 3609 et

1878 3620 2179 3692 Ethiopia,
2204 3630 2259 3677 et
2281 3637 2383 3692 pro
2405 3621 2584 3693 anima
2627 3620 2862 3676 humana
2917 3620 3005 3674 illa
3049 3610 3477 3699 sola'retributio

1878 3730 2043 3785 quam
2073 3711 2359 3768 Psalmista
2401 3713 2549 3768 canit
2578 3730 2590 3765 :
2624 3709 2763 3778 Quid
2794 3710 3079 3765 retribuam
3107 3706 3333 3763 Domino
3380 3724 3475 3779 pro

1878 3806 2116 3861 omnibus
2143 3822 2262 3877 qutr
2290 3805 2533 3871 retribuit
2576 3804 2746 3857 mihi?
2787 3802 2999 3857 calicem
3048 3800 3297 3855 salutaris
3340 3798 3478 3855 acci-

1876 3899 2016 3969 piam
2039 3907 2086 3952 et
2112 3915 2297 3953 nomen
2325 3897 2541 3951 Domini
2570 3895 2844 3950 invocabo.

1950 3986 2124 4041 Filius
2170 3991 2308 4041 enim
2349 3987 2575 4041 hominis
2605 3997 2852 4040 venturus
2887 3994 2961 4039 est
2999 3984 3055 4037 in
3080 3982 3249 4054 gloria
3293 3980 3475 4036 Patris

1877 4081 1958 4134 sui
1985 4096 2103 4133 cum
2147 4079 2345 4149 angelis
2377 4081 2504 4133 suis.
2559 4078 2693 4145 Quia
2740 4078 2831 4148 qui
2886 4077 2939 4129 in
2990 4073 3224 4153 hominis
3273 4081 3470 4127 natura

1878 4169 2057 4224 minor
2104 4176 2187 4223 est
2232 4167 2414 4234 Patre,
2448 4168 2563 4238 ipse
2612 4169 2665 4223 in
2700 4167 2910 4222 unitate
2937 4164 3098 4219 unius
3124 4160 3475 4233 ejusdemque

1876 4266 1961 4314 est
1983 4258 2168 4328 gloriae
2194 4274 2315 4312 cum
2357 4258 2536 4312 Patre.

1946 4348 2018 4403 Et
2050 4358 2175 4402 tunc
2204 4348 2385 4403 reddet
2410 4349 2693 4420 unicuique
2712 4346 2996 4401 secundum
3025 4362 3183 4418 Opera
3205 4346 3341 4417 ejus.
3371 4344 3474 4402 Pe-

1876 4446 1994 4494 trus
2036 4440 2421 4508 praedicatione
2473 4440 2666 4495 mortis
2710 4438 3000 4495 Dominicze
3051 4437 3468 4505 scandalizatus,

1877 4534 2143 4587 sententia
2170 4520 2384 4588 Domini
2414 4531 2589 4587 fuerat
2620 4533 2950 4601 increpatus,
2976 4530 3285 4601 provocatis
3310 4530 3473 4585 disci-

166 4628 283 4681 uult
310 4622 427 4696 post
474 4640 555 4683 me
591 4599 797 4688 venire,
835 4625 1050 4694 abneget
1107 4599 1439 4695 semetipsum
1463 4664 1476 4688 ,
1528 4634 1588 4679 et.
1620 4599 1773 4681 tollat
1798 4599 1852 4669 Π
1876 4627 2018 4699 pulis
2044 4626 2158 4681 suis
2181 4634 2240 4681 ut
2288 4628 2560 4697 abnegent
2601 4640 2661 4680 se
2700 4599 2999 4680 ct_tollant
3045 4638 3263 4678 crucem
3292 4638 3468 4688 suam,

167 4735 387 4775 crucem
407 4734 581 4781 suam,
607 4726 653 4771 et
679 4726 931 4787 sequatur
957 4733 1055 4779 me,
1084 4726 1189 4770 etc.

247 4813 544 4883 Postquam
589 4811 870 4880 discipulis
898 4810 1218 4881 mysterium
1253 4824 1364 4864 suae
1398 4809 1668 4879 passionis
1716 4816 1773 4865 et

173 4905 595 4962 resurrectionis
618 4903 858 4959 ostendit
876 4944 889 4967 ,
938 4902 1188 4956 hortatur
1218 4916 1312 4956 eos
1338 4903 1406 4955 ad
1436 4901 1769 4970 sequendum

170 5012 293 5053 suae
318 4996 590 5066 passionis
618 4993 948 5065 exemplum,
977 5002 1032 5048 et
1056 4994 1311 5049 omnibus
1338 5001 1563 5062 propter
1590 5008 1648 5049 se
1675 4992 1772 5047 tri-

171 5088 512 5146 bulationem
565 5088 866 5159 perpessis,
916 5085 1148 5141 salutem
1195 5086 1251 5139 in
1295 5083 1479 5140 futuro
1503 5084 1774 5154 promittit

169 5182 485 5244 animarum
508 5196 524 5246 ;
551 5195 662 5235 non
689 5186 870 5234 tamen
900 5178 1173 5248 omnibus,
1214 5192 1404 5232 verum
1434 5174 1775 5246 perfectiori-

171 5275 282 5329 bus
310 5284 514 5342 quanta
560 5272 673 5342 ipse
720 5287 1003 5342 passurus,
1034 5271 1249 5342 quodve
1304 5285 1335 5323 a
1362 5270 1593 5324 mortuis
1628 5276 1775 5323 esset

172 5370 593 5421 resurrecturus
630 5365 862 5436 aperuit,
910 5366 956 5418 si
982 5366 1098 5435 quis
1145 5364 1277 5429 vult,
1324 5364 1527 5434 inquit,
1550 5369 1774 5434 post‘me

171 5459 344 5529 sequi,
378 5460 591 5528 abneget
634 5457 1000 5526 semetipsum;
1026 5463 1155 5511 tunc
1177 5464 1357 5509 autem
1381 5469 1480 5509 nos
1508 5455 1653 5523 ipsos
1681 5452 1776 5506 ab-

173 5563 468 5621 negamus,
495 5563 619 5603 cum
642 5547 877 5602 vitamus
902 5547 1046 5615 quod
1076 5561 1174 5616 per
1198 5552 1521 5605 vetustatem
1547 5543 1773 5608 fuimus,

172 5651 236 5699 et
265 5634 361 5697 ad-
379 5644 485 5699 hoc
506 5642 731 5698 nitimur
752 5642 898 5713 quod
939 5658 1038 5713 per
1059 5642 1357 5698 novitatem
1392 5656 1667 5696 vocamur.
1704 5638 1775 5693 Et

175 5734 334 5790 tollat
366 5751 571 5789 crucem
599 5751 753 5793 suam
777 5744 825 5789 et
860 5746 1109 5806 sequatur
1138 5751 1240 5790 me.
1299 5734 1517 5789 Duobus
1574 5732 1775 5788 etenim

179 5824 363 5881 undis
390 5840 523 5880 crux
562 5825 789 5892 tollitur,
817 5842 940 5881 cum
968 5835 1060 5882 aut
1081 5841 1179 5897 per
1198 5826 1583 5883 abstinentiam
1611 5823 1776 5880 allici-

1882 4732 1933 4776 et
1954 4720 2306 4775 morientium
2337 4718 2519 4772 animo
2555 4717 2875 4789 magistrum
2906 4722 3284 4782 sequerentur,
3312 4728 3471 4783 gran-

1878 4816 1961 4870 dis
1982 4823 2161 4869 terror
2183 4811 2542 4877 audientium,
2565 4817 2618 4864 et
2643 4811 2733 4880 qui
2760 4818 2941 4880 posset
2969 4808 3212 4878 principe
3241 4807 3471 4876 Aposto-

1876 4908 2051 4961 lorum
2076 4906 2370 4976 perterrito
2392 4903 2557 4957 etiam
2608 4901 2727 4956 aliis
2766 4899 3041 4971 Apostolis
3085 4906 3285 4951 metum
3342 4894 3469 4964 inji-

1877 5013 2022 5054 cere.
2054 4997 2264 5052 ldcirco
2287 4995 2534 5051 tristibus
2556 4994 2676 5049 keta
2694 4993 3012 5055 succedunt,
3030 4997 3085 5044 et
3108 4989 3269 5043 dicit:
3290 4985 3338 5039 F
3343 4987 3468 5041 ilius

1873 5089 2095 5145 hominis
2130 5097 2377 5142 venturus
2407 5098 2482 5141 est
2512 5087 2568 5139 in
2597 5085 2765 5156 gloria
2792 5081 2969 5136 Patris
3008 5081 3091 5134 sui
3116 5095 3233 5133 cum
3270 5076 3469 5149 angelis

1872 5182 2002 5235 suis.
2031 5180 2213 5235 Times
2240 5186 2496 5242 mortem,
2525 5177 2650 5231 audi
2682 5175 2904 5247 gloriam
2930 5170 3317 5241 triumphantis
3340 5186 3355 5236 ;
3377 5184 3471 5225 ve-

1875 5276 2013 5331 reris
2034 5287 2273 5337 crucem,
2294 5270 2536 5326 ausculta
2561 5267 2872 5340 angelorum
2888 5263 3298 5320 ministeria..Et
3320 5273 3466 5330 tunc,

1877 5367 2069 5438 inquit,
2121 5367 2299 5420 reddet
2328 5364 2610 5436 unicuique
2639 5360 2925 5417 secundum
2974 5375 3131 5428 opera
3175 5358 3312 5428 ejus,
3360 5372 3469 5412 non

1881 5467 1963 5515 est
1992 5458 2269 5514 distinctio
2294 5455 2463 5510 Judzei
2492 5462 2548 5507 et
2590 5451 2786 5516 Grmci,
2809 5449 2911 5504 viri
2938 5456 2995 5504 et
3035 5447 3300 5513 mulieris,
3333 5461 3469 5519 pau-

1878 5567 2071 5625 perum
2100 5559 2155 5605 et
2176 5537 2425 5615 divitum,
2444 5548 2535 5603 ubi
2563 5562 2669 5602 non
2694 5560 2959 5616 personae,
2984 5545 3079 5601 sed
3106 5558 3270 5614 opera
3301 5540 3473 5598 consi-

1881 5643 2157 5698 derantur.

1954 5736 2139 5800 Amen,
2166 5734 2286 5787 dico
2321 5733 2483 5795 vobis,
2517 5741 2635 5785 sunt
2653 5731 2866 5803 quidam
2897 5729 2960 5783 de
2985 5729 3067 5782 hic
3102 5725 3361 5781 stantibus
3379 5723 3470 5795 qui

1886 5844 1990 5882 non
2016 5824 2299 5896 gustabunt
2348 5834 2565 5878 mortem
2602 5826 2765 5880 donec
2799 5825 3005 5879 videant
3036 5821 3207 5889 [ilium
3240 5818 3467 5873 hominis
