3960 6360
451 424 560 486 455

1093 426 1157 482 Β.
1196 425 1450 481 RABANI
1486 421 1708 481 MAURI
1743 419 2064 480 ARCHIEP.
2105 401 2414 476 MOGUNT.
2447 409 2733 472 OPERUM
2767 413 2950 471 PARS
2988 413 3054 471 ll.

3649 413 3758 473 4⁸56

448 558 551 616 per
586 542 807 598 viduam
823 553 1060 610 castam,
1105 543 1199 599 sed
1225 559 1323 614 per
1359 543 1533 600 solum
1585 544 1688 599 hoc
1739 542 2042 613 virgineum
2069 519 2124 599 Α
2146 536 2256 592 ctio
2283 543 2398 600 est,
2433 543 2652 588 exutam
2682 539 2922 589 mentem
2959 548 2989 587 a
3025 532 3236 590 cunctis
3271 511 3480 590 habere
3511 535 3764 591 terreni!

448 650 652 708 corpus
679 636 943 708 implevit.
983 625 1118 704 Quia
1169 637 1326 707 quasi
1371 637 1453 693 sol
1491 638 1672 692 oriens
1715 635 1922 692 nitidus
1976 636 2043 691 ab

447 730 600 786 otnni
653 729 964 801 pollutionis
1019 732 1180 786 sorde
1227 731 1492 800 processit
1533 747 1598 786 ex
1625 738 1782 786 utero
1816 729 2043 799 virginis

446 821 644 877 matris
667 821 794 876 felix
823 831 974 878 certe
992 830 1046 877 et
1078 823 1226 878 omni
1278 823 1436 879 laude
1461 823 1803 894 dignissima,
1832 838 1952 893 qua:
1973 821 2042 877 de

447 914 590 971 nmio
631 917 872 987 suscepit
905 916 1114 986 prolem
1145 925 1204 972 et
1230 919 1432 973 mundo
1461 920 1646 990 genuit
1673 920 1996 974 salvatorem
2021 936 2034 972 :

448 1013 576 1064 eum
603 1008 769 1077 igitur
791 1016 942 1064 tanta
969 1009 1078 1064 sint
1104 1010 1297 1065 merita
1325 1010 1673 1081 virginitatis,
1727 1026 1836 1066 non
1857 1019 2040 1066 tamen

447 1101 814 1170 repudiandus
835 1109 919 1158 est
944 1103 1135 1158 thorus
1158 1102 1426 1158 castitatis
1459 1120 1470 1155 :
1501 1102 1628 1172 quia
1655 1102 1854 1157 bonum
1877 1101 2042 1172 virgi-

443 1190 638 1247 nitatis
687 1208 793 1248 non
825 1193 928 1248 nisi
971 1209 1002 1250 a
1030 1192 1295 1264 coniugali
1336 1193 1492 1249 thoro
1523 1193 1786 1264 procedit,
1817 1193 2041 1248 castitas

447 1281 616 1354 igitur
639 1284 692 1338 in
719 1284 925 1354 virgine
957 1284 1064 1340 alta
1091 1294 1176 1341 est
1203 1293 1260 1340 et
1305 1300 1515 1340 summa
1539 1285 1582 1339 si
1613 1283 1666 1338 in
1691 1287 1852 1339 corde
1880 1283 2042 1339 simul

442 1377 691 1446 persistit
714 1387 772 1434 et
804 1395 1048 1448 corpore,
1086 1381 1180 1436 sed
1207 1379 1429 1435 castitas
1474 1377 1776 1449 coniugalis
1801 1379 2043 1432 sanctior

441 1477 528 1524 est
558 1484 678 1538 qute
702 1471 758 1526 in
800 1472 963 1528 corde
1007 1471 1168 1528 simul
1205 1472 1447 1542 persistit
1475 1478 1528 1526 et
1555 1484 1781 1540 corpore
1803 1476 2037 1536 constat,

371 1604 385 1646 ._
440 1579 605 1634 quam
641 1565 729 1620 illa
757 1582 876 1637 qua:
916 1567 970 1621 in
1020 1567 1182 1622 corde
1212 1575 1421 1622 tantum
1449 1572 1536 1620 est
1571 1573 1723 1620 casta
1771 1572 1826 1618 et
1878 1561 2041 1618 corde

442 1658 673 1716 diversis
695 1668 779 1715 est
805 1661 980 1716 modis
1005 1661 1328 1725 adulterata,
1357 1659 1471 1714 sive
1502 1659 1557 1713 in
1578 1656 1839 1726 iactantia
1869 1664 1964 1712 aut
1984 1657 2042 1711 in

363 1716 399 1772 ᾖ

352 1783 396 1864 ἐξ,

392 1749 402 1786 ί
440 1750 692 1819 superbia
722 1758 816 1806 aut
847 1751 1012 1806 etiam
1051 1752 1105 1805 in
1136 1752 1378 1821 appetitu
1409 1749 1668 1806 libidinis.
1706 1749 1876 1816 Unde,
1907 1749 2042 1804 dile-

443 1839 696 1907 ctissimi,
720 1841 876 1896 nobis
901 1843 1048 1898 omni
1072 1843 1251 1898 studio
1273 1859 1576 1908 servemus,
1594 1859 1698 1898 non
1721 1843 1898 1900 solum
1918 1857 2040 1898 cor-

441 1943 568 2000 pus,
588 1931 682 1985 sed
703 1932 867 1986 etiam
890 1949 986 1988 cor
1013 1943 1256 1989 nostrum
1285 1935 1354 1990 ab
1374 1937 1521 1990 omni
1543 1936 1686 2006 quod
1713 1937 1827 1992 odit
1849 1935 2036 1992 Domi-

439 2035 565 2086 nus,
588 2023 719 2077 etin
734 2025 880 2079 omni
904 2027 1046 2094 quod
1068 2027 1117 2082 ei
1137 2027 1315 2098 placet
1335 2029 1660 2084 conﬁrmare
1671 2044 1767 2086 cor
1792 2039 2038 2085 nostrum

441 2112 559 2182 ejus
586 2115 1017 2174 misericordiam
1047 2121 1416 2189 postulamus;
1446 2129 1499 2176 et
1527 2122 1670 2178 inter
1700 2123 1814 2178 haec
1854 2123 2037 2178 omnia

439 2212 554 2262 toto
583 2208 764 2264 cordis
792 2208 988 2268 affectu
1015 2225 1116 2268 nos
1159 2211 1418 2268 auxilium
1465 2213 1636 2268 beatae
1658 2213 1899 2284 Virginis
1935 2215 2038 2268 im-

437 2301 719 2384 ploremus
741 2345 756 2370 ,
816 2304 942 2374 quia
997 2305 1125 2360 dum
1174 2320 1274 2361 nos
1328 2321 1448 2360 eam
1503 2306 1729 2376 supplici
1775 2305 2038 2376 obsequio

432 2393 845 2466 frequentamus
863 2396 920 2452 in
947 2398 1132 2464 terris,
1150 2397 1269 2466 ipsa
1297 2414 1397 2454 nos
1415 2399 1600 2454 sedula
1619 2413 1786 2469 prece
1813 2398 2035 2454 Christo

431 2483 666 2542 Domino
716 2495 904 2544 nostro
958 2488 1342 2545 commendare
1404 2490 1662 2561 dignatur
1726 2491 1780 2546 iu
1847 2491 2032 2558 caelis;

433 2577 580 2644 quod
607 2577 722 2648 ipse
748 2587 1008 2649 praestare
1028 2579 1281 2651 dignetur
1305 2581 1398 2651 qui
1431 2581 1486 2635 in
1534 2582 1775 2638 trinitate
1794 2582 2034 2652 perfecta

438 2677 634 2738 regnat
677 2678 734 2725 et
775 2670 1083 2726 dominatur
1103 2687 1203 2742 per
1221 2674 1402 2728 omnia
1451 2674 1647 2730 secula
1685 2676 2028 2732 saeculorum.

431 2761 631 2818 Amen.

1017 2834 1301 2892 HOMILIA
1337 2833 1442 2892 CL.

909 2945 972 2985 1N
1027 2945 1260 2986 Εουεκ
1317 2945 1542 2988 FESTO.

593 3022 782 3079 Lectio
801 3023 986 3079 sancti
1014 3022 1292 3093 Evangelii
1320 3023 1620 3080 secundum
1645 3022 1870 3082 Lucam.

505 3134 576 3190 In
599 3133 692 3190 illo
719 3145 970 3207 tempore,
998 3137 1215 3191 intrauit
1254 3135 1412 3192 Iesus
1445 3137 1504 3192 in
1536 3139 1804 3210 quoddam
1844 3139 2031 3195 castel-

435 3228 582 3293 lum;
619 3237 666 3282 et
704 3227 895 3283 mulier
919 3228 1162 3300 quedam
1181 3270 1196 3295 ,
1227 3227 1441 3285 Martha
1465 3233 1707 3299 nomine,
1737 3234 1936 3304 excepit
1959 3233 2027 3289 il-
2057 3267 2100 3304 ﬂ.

2146 641 2376 696 eamque
2418 635 2681 697 quantum
2730 627 2967 682 humana
3019 625 3360 682 imbecillitas
3404 628 3544 682 sinit
3599 628 3762 682 unite

2146 733 2268 772 cum
2295 717 2534 784 Christo,
2559 718 2750 773 activm
2775 732 2904 773 vero
2927 712 3090 788 quam
3119 711 3376 790 frequens
3406 719 3483 774 sit
3504 715 3764 775 ministe-

2145 809 2309 874 rium,
2339 809 2578 878 gentium
2605 808 2862 880 magister
2888 803 3101 874 edocet,
3135 789 3231 879 Qui
3254 789 3618 863 crebeI‘rimis
3646 809 3763 879 epi-

2144 901 2405 957 stularum
2433 901 2594 957 dictis
2623 917 2752 956 suos
2777 911 2877 973 pro
2901 885 3122 956 Christo
3147 895 3288 956 lci-ra
3316 901 3574 971 marique
3606 899 3762 956 labo-

2145 1009 2234 1050 res
2277 1010 2342 1050 ac
2379 1009 2474 1050 sua
2513 993 2755 1066 pericula
2793 987 3205 1050 commemorat.
3247 985 3304 1049 In
3341 975 3551 1064 Quibus
3588 996 3758 1050 etiam

2143 1087 2380 1142 visiones
2421 1095 2476 1142 et
2509 1069 2870 1144 revelationes
2908 1072 3122 1142 Doniiui
3167 1085 3600 1152 commendans,
3649 1104 3758 1142 non

2143 1179 2324 1234 minus
2359 1194 2428 1236 se.
2461 1179 2515 1234 in
2551 1173 2881 1250 specu‘lativa
2920 1167 3119 1232 virtute
3143 1163 3294 1248 quod
3339 1185 3423 1232 est
3456 1179 3755 1244 imitabile,

2144 1281 2576 1329 consummatum
2602 1259 2768 1329 fuisse
2789 1271 3075 1344 signiﬁcat.
3100 1270 3254 1327 Unde
3276 1261 3432 1336 dicit,
3456 1272 3582 1327 sive
3608 1273 3756 1328 enim

2143 1373 2324 1422 mente
2351 1358 2652 1422 excidimus
2677 1361 2809 1434 Deo,
2843 1368 2957 1422 sive
2989 1362 3154 1421 sobrii
3184 1365 3370 1420 sumus
3397 1364 3589 1420 vobis.

2217 1456 2351 1523 Qua:
2373 1459 2512 1512 stetit
2544 1467 2592 1513 et
2619 1459 2692 1512 ait
2723 1471 2741 1510 .'
2774 1453 3027 1523 Domine,
3059 1465 3264 1510 nonest
3304 1457 3403 1510 tibi
3430 1471 3585 1509 curtr
3613 1455 3758 1526 quod

2142 1570 2295 1610 soror
2315 1570 2431 1609 mea
2460 1553 2668 1626 reliquit
2695 1571 2776 1608 me
2797 1551 2963 1608 solam
2995 1548 3340 1606 ministrare?
3381 1549 3486 1604 Dic
3517 1567 3648 1620 ergo
3680 1549 3756 1602 illi

2141 1654 2201 1721 at
2226 1662 2308 1700 me
2336 1647 2569 1716 adjuvet.
2605 1646 2680 1702 De
2720 1646 2932 1701 illorum
2970 1661 3202 1716 persona
3233 1635 3500 1721 loquilur,
3538 1645 3636 1714 qui
3663 1645 3755 1700 ad-

2142 1739 2250 1794 huc
2279 1739 2474 1794 divinae
2497 1739 2968 1809 contemplationis
3009 1737 3179 1808 ignari
3226 1735 3400 1792 selum
3429 1734 3586 1806 quod
3611 1736 3756 1792 didi-

2099 1865 2104 1870 -
2145 1846 2270 1888 cere
2298 1831 2554 1886 fraternae
2579 1831 2884 1906 dilectionis
2909 1846 3045 1900 opus
3079 1825 3193 1884 Deo
3218 1828 3485 1898 placitum
3515 1829 3752 1904 ducunt,

2065 1915 2116 1980 B
2143 1923 2372 1994 ideoque
2406 1931 2631 1979 cunctos
2669 1923 2761 1992 qui
2802 1921 3022 1978 Christo
3057 1918 3234 1976 devoti
3269 1933 3394 1975 esse
3421 1919 3601 1974 velint
3627 1918 3757 1974 huic

2143 2017 2534 2088 mancipandos
2559 2006 2860 2072 autumant.

2211 2105 2283 2160 Et
2315 2085 2626 2176 respondens
2671 2105 2806 2159 dixit
2841 2089 2922 2158 illi
2952 2099 3210 2159 Dominus
3247 2120 3266 2158 :
3307 2088 3540 2156 Hartha’
3557 2143 3574 2166 ,
3605 2085 3759 2155 lar-

2141 2199 2251 2264 tha,
2281 2196 2507 2250 sollicita
2533 2215 2587 2251 es
2610 2208 2657 2251 et
2686 2191 2915 2252 turbaris
2944 2215 3066 2267 erga
3090 2195 3354 2268 plurima;
3388 2199 3557 2266 porro
3589 2203 3758 2248 unum

2141 2300 2217 2346 est
2248 2291 2620 2345 necessarium.
2652 2289 2720 2344 Et
2749 2289 2943 2345 beatus
2965 2285 3138 2344 David
3161 2281 3335 2344 solum
3359 2278 3470 2342 hoc
3493 2283 3758 2342 necessa-

2141 2381 2282 2436 rium
2327 2378 2530 2437 homini
2571 2397 2694 2438 esse
2735 2375 3032 2447 deﬁniens,
3081 2369 3190 2436 Deo
3225 2378 3434 2451 ju‘giter
3474 2367 3758 2435 inhaerere

2141 2472 2416 2528 desiderat
2445 2473 2632 2528 dicens
2667 2491 2680 2526 :
2715 2469 2850 2526 Mihi
2890 2467 3066 2526 autem
3103 2469 3372 2526 ad/iwrere
3407 2469 3528 2524 Deo'
3558 2469 3756 2524 bertam

2137 2573 2234 2628 est,
2259 2579 2450 2635 ponere
2472 2563 2525 2616 in
2539 2559 2765 2618 Domino
2785 2555 2890 2616 Deo
2915 2579 3058 2633 spem
3077 2559 3282 2626 mea’m;
3304 2563 3358 2616 et
3385 2560 3560 2615 alibi:
3577 2557 3756 2614 Unam

2137 2657 2262 2728 petii
2291 2675 2322 2712 a
2354 2655 2596 2720 Domino,
2631 2652 2768 2712 hanc
2797 2656 3085 2736 requiram,
3117 2665 3171 2709 ut
3200 2653 3486 2710 inhabitem
3507 2653 3570 2707 in
3598 2655 3755 2706 domo

2136 2748 2352 2805 Domini
2380 2747 2618 2806 omnibus
2643 2749 2825 2805 diebus
2854 2749 2970 2805 vita’
2995 2766 3146 2814 mete,
3169 2755 3226 2802 ut
3258 2740 3463 2802 adeum
3497 2748 3756 2801 volunta-

2137 2852 2242 2898 tem
2279 2843 2494 2897 Domini
2527 2851 2575 2898 et
2615 2841 2818 2896 visitem
2864 2835 3110 2911 templum
3155 2825 3402 2892 sanc'lit'h‘i
3443 2837 3596 2907 ejus.
3637 2835 3756 2893 Una

2135 2949 2268 3006 ergo
2294 2943 2348 2989 et
2373 2933 2485 2989 sola
2515 2941 2600 2988 est
2624 2930 2853 2997 theoria,
2885 2931 2940 2986 id
2969 2927 3075 2990 est.
3107 2921 3494 2998 conkmplatio
3529 2927 3638 2984 Dei
3669 2926 3757 2982 cui

2133 3025 2332 3080 merito
2353 3019 2532 3079 omnia
2555 3015 3006 3094 ju'stifiCationm'n
3035 3017 3256 3088 m'e't‘ita‘,
3285 3015 3551 3076 «inversa
3578 3014 3756 3074 virtu-

2136 3127 2250 3175 tum
2283 3117 2460 3174 studia
2485 3114 2902 3190 posipOnuntur.

2207 3207 2383 3265 Maria
2407 3202 2658 3281 Optimam
2679 3221 2882 3282 partem
2904 3206 3072 3278 elegit,
3097 3205 3215 3278 qua:
3242 3211 3344 3260 tum
3369 3200 3669 3274 auferetur
3691 3199 3757 3257 ab

430 3319 544 3374 tum
569 3321 627 3373 in
651 3320 864 3375 domum
893 3333 1048 3375 suam
1079 3335 1098 3374 :
1121 3331 1170 3376 et
1200 3320 1321 3376 huic
1342 3331 1456 3377 erat
1481 3339 1636 3378 soror
1661 3325 1871 3380 nomine
1903 3324 2024 3380 Ha-

2142 3317 2210 3355 ῖα.
2242 3297 2382 3356 Ecce
2401 3317 2527 3370 pars
2555 3297 2780 3354 Marthae
2806 3311 2911 3354 non
2941 3287 3379 3368 reprehenditur,
3426 3291 3526 3350 sed
3561 3293 3757 3350 Maria:

431 3414 540 3478 ria,
577 3420 682 3468 etc.

508 3507 636 3564 Haec
682 3508 848 3565 lectio
871 3511 1136 3580 superiori
1172 3512 1535 3582 pulcherrima
1569 3511 1781 3567 ratione
1820 3525 2022 3568 conne-

439 3601 629 3667 ctitur,
661 3602 789 3672 quia
819 3602 1069 3658 videlicet
1093 3604 1182 3658 illa
1213 3605 1556 3660 dilectionem
1583 3604 1680 3660 Dei
1709 3613 1764 3661 et
1790 3607 2023 3676 prOximi

431 3695 616 3750 verbis
637 3704 691 3750 et
715 3697 1004 3766 parabolis,
1030 3697 1146 3753 haec
1167 3706 1346 3752 autem
1372 3699 1503 3768 ipsis
1526 3699 1689 3755 rebus
1717 3707 1771 3754 et
1797 3700 2026 3756 veritate

431 3780 702 3857 designat.
743 3787 872 3843 Duae
904 3789 1104 3859 quippe
1138 3789 1256 3845 istae
1288 3790 1519 3846 Domino
1561 3791 1772 3848 dilectae
1809 3806 2025 3848 sorores

431 3876 568 3930 duas
593 3879 734 3934 vitas
763 3879 1034 3950 spiritales
1062 3881 1260 3950 quibus
1286 3883 1340 3937 in
1368 3883 1624 3953 praesenti
1651 3893 1838 3940 sancta
1863 3899 2022 3940 exer-

431 3976 586 4046 cetur
613 3968 878 4037 Ecclesia,
909 3972 1304 4028 demonstrant.
1340 3973 1549 4030 Martha
1582 3976 1801 4044 quidem
1841 3985 2025 4032 actua-

429 4058 681 4130 lem,qua
711 4063 959 4133 proximo
988 4064 1044 4118 in
1069 4065 1340 4122 charitate
1365 4068 1669 4134 sociamur;
1701 4068 1867 4124 Maria
1896 4085 2025 4126 vero

431 4153 1051 4226 contemplativam,qua
1085 4157 1142 4212 in
1175 4157 1273 4212 Dei
1314 4174 1500 4215 amore
1537 4161 1890 4230 suspiramus.
1921 4161 2026 4218 Ac-

431 4243 540 4323 tiva
568 4247 716 4301 enim
753 4247 862 4303 vita
896 4257 980 4304 est
1013 4264 1211 4318 panem
1247 4251 1513 4306 esurienti
1548 4253 1819 4320 tribuere,
1857 4255 2026 4309 verbo

428 4339 712 4408 sapientiae
741 4340 1076 4396 nescientem
1104 4343 1321 4408 docere,
1352 4353 1625 4400 errantem
1657 4347 1928 4415 corrigere
1956 4349 2024 4403 ad

429 4427 787 4487 humanitatis
807 4431 972 4498 viam,
991 4435 1396 4504 superbientem
1416 4438 1722 4507 proximum
1746 4453 2022 4506 revocare,

427 4521 770 4580 infirmitatis
811 4539 996 4581 curam
1031 4537 1249 4600 gerere,
1293 4545 1415 4601 quae
1452 4531 1680 4602 singulis
1725 4533 2024 4603 quibusque

429 4613 724 4684 expediant
764 4617 1108 4689 dispensare,
1153 4628 1208 4674 et
1243 4622 1546 4678 commissis
1593 4623 1748 4678 nobis
1793 4623 2026 4692 qualiter

431 4708 727 4766 subsistere
754 4711 1290 4784 valeantprovidere.
1315 4713 1744 4785 Coutemplativa
1768 4731 1895 4771 vero
1915 4717 2023 4770 vita

430 4807 517 4856 est
537 4800 860 4860 charitatem
889 4806 1106 4876 quidem
1136 4807 1231 4862 Dei
1264 4816 1319 4862 et
1341 4808 1573 4879 proximi
1603 4815 1714 4864 tota
1738 4818 1919 4864 mente
1941 4825 2027 4864 re-

430 4884 636 4964 tinere,
667 4898 762 4954 sed
791 4901 860 4956 ab
887 4903 1143 4958 exteriori
1179 4903 1390 4959 actione
1417 4905 1698 4975 quiescere
1717 4946 1732 4970 ,
1761 4905 1859 4960 soli
1890 4905 2029 4960 desi-

429 4983 582 5042 derio
619 4991 918 5047 conditoris
945 4993 1212 5050 inhaerere
1241 5003 1300 5050 ut
1335 4997 1468 5050 nihil
1505 5012 1664 5067 agere
1702 4997 1896 5063 libeat,
1931 4997 2024 5052 sed

429 5079 650 5137 calcatis
678 5085 824 5140 curis
849 5087 1101 5142 omnibus
1128 5089 1194 5142 ad
1224 5087 1507 5143 videndam
1539 5087 1730 5143 faciem
1761 5087 2023 5142 creatoris

429 5172 514 5228 sui
543 5175 760 5242 animus
789 5179 1116 5245 inardeseat,
1149 5181 1222 5234 ita
1253 5190 1309 5234 ut
1331 5179 1443 5248 jam
1469 5180 1676 5235 noverit
1703 5180 1883 5234 carnis
1905 5195 2025 5233 cor-

431 5261 705 5332 ruptibilis
732 5269 942 5336 pondus
969 5287 1091 5326 cum
1125 5267 1361 5326 interere
1390 5280 1610 5340 portare
1627 5312 1639 5331 .
1668 5271 1904 5341 totisque
1931 5253 2024 5326 de-

432 5353 648 5410 sideriis
689 5369 942 5428 appetere
985 5362 1090 5418 illis
1124 5362 1452 5435 hymnidicis
1488 5362 1802 5432 angelorum
1841 5361 2022 5416 choris

432 5445 726 5517 interesse,
745 5453 1050 5512 .admisceri
1081 5455 1391 5512 coelestibus
1412 5455 1623 5511 civibus
1646 5454 1712 5510 de
1734 5463 1936 5510 {eterna
1965 5453 2020 5508 in

431 5549 720 5608 conspectu
749 5542 842 5597 Dei
871 5545 1272 5616 incorruptione
1296 5547 1552 5620 gaudere.

507 5627 640 5696 Quae
674 5635 832 5690 etiam
877 5638 1059 5693 sedens
1097 5657 1246 5696 secus
1283 5647 1438 5712 pedes
1478 5640 1726 5707 Domini,
1771 5640 2021 5696 audiebat

435 5723 643 5778 verbum
674 5727 852 5796 illius;
883 5729 1098 5786 Martha
1125 5743 1300 5789 autem
1325 5733 1595 5805 satagebat
1615 5735 1756 5789 circa
1779 5734 2020 5808 frequens

436 5815 802 5878 ministerium.
839 5822 965 5880 Haec
1003 5826 1217 5896 utrique
1251 5827 1375 5883 vitae
1406 5843 1704 5900 congruere
1737 5843 1897 5885 nemo
1929 5829 2020 5902 qui

443 5903 680 5982 dubitet,
721 5921 777 5970 et
815 5917 1246 5996 contemplativte
1285 5920 1501 5998 quidem
1531 5920 1818 5979 uniformis
1849 5907 2028 5996 perie-
2077 5909 2080 5912 ί

2127 3381 2399 3461 laudatur,
2433 3395 2606 3464 neque
2630 3393 2774 3448 enim
2801 3393 2996 3447 bonam
3020 3398 3229 3461 partem
3253 3388 3482 3457 elegisse
3509 3383 3756 3442 Mariam

2130 3475 2280 3554 dicit,
2307 3482 2402 3543 sed
2427 3483 2709 3557 optimam,
2726 3495 2785 3540 ut
2805 3473 2964 3540 etiam
2992 3483 3119 3554 pars
3146 3473 3369 3536 Martha:
3392 3479 3759 3549 iudicaram

2127 3581 2289 3636 bona.
2329 3580 2506 3648 Quare
2533 3587 2712 3634 autem
2744 3581 2872 3648 pa‘rs
2901 3569 3087 3630 Μάινὶίὲ
3125 3573 3196 3629 sit
3223 3565 3426 3644 optima
3461 3569 3757 3626 subinﬂ’f—

2130 3682 2218 3728 tur
2243 3689 2366 3728 cum
2397 3664 2598 3727 dicitur
2624 3686 2742 3742 quae
2767 3687 2871 3724 non
2902 3667 3174 3738 auferetur
3209 3656 3275 3719 ab
3309 3677 3392 3718 ea;
3421 3659 3634 3718 Activa
3667 3671 3753 3716 et-

2128 3765 2274 3820 enim
2307 3765 2417 3820 vita
2452 3763 2573 3818 cum
2611 3777 2840 3834 corpore
2871 3761 3080 3817 deﬁcit:
3107 3759 3228 3829 quis
3257 3759 3400 3814 enim
3444 3757 3500 3810 in
3526 3761 3752 3812 item:

2127 3863 2304 3933 patria
2338 3876 2532 3931 panem
2573 3857 2834 3914 esurienti
2877 3854 3117 3927 p‘orr’i‘gat
3172 3851 3260 3907 ubi
3309 3853 3477 3906 nemo
3517 3850 3753 3904 esurit?

2128 3935 2251 4028 quis
2293 3966 2484 4026 potum
2537 3939 2742 4009 tribuat
2794 3944 3000 4009 siiien’ti
3041 3950 3132 4006 ubi
3173 3964 3332 4004 nemo
3390 3947 3551 4004 sitit?
3611 3947 3753 4015 Quis

2129 4041 2400 4104 mortuum
2434 4041 2658 4119 Sepeiiat
2687 4041 2778 4102 ubi
2822 4044 2981 4101 nemo
3015 4043 3280 4100 moritur?
3311 4039 3444 4097 Cum
3477 4041 3751 4111 prze'seuti

2128 4155 2257 4212 ergo
2285 4139 2483 4196 sacculo
2513 4139 2622 4194 vita
2646 4137 2892 4193 aufertur
2927 4137 3105 4192 activa
3133 4153 3144 4188 :
3173 4131 3609 4202 contemplativa
3644 4147 3748 4186 au-

2132 4240 2237 4288 tem
2281 4234 2370 4288 hic
2406 4232 2694 4302 incipitur,
2729 4239 2790 4286 ut
2830 4231 2883 4284 in
2927 4221 3135 4284 caelesti
3177 4227 3351 4298 patria
3383 4223 3745 4295 perﬁciatur,

2128 4327 2253 4397 quia
2280 4341 2434 4382 amor
2457 4326 2614 4396 ignis,
2643 4325 2734 4398 qui
2768 4325 2856 4379 hic
2885 4313 3078 4377 ardere
3109 4315 3347 4384 inchoat,
3377 4319 3504 4372 eum
3528 4317 3744 4388 ipsum,

2128 4433 2289 4488 quem
2319 4427 2485 4482 amat,
2501 4412 2720 4482 viderit,
2755 4417 2807 4470 in
2837 4429 3022 4469 amore
3049 4409 3280 4482 amplius
3305 4409 3555 4480 ignescit.
3594 4404 3747 4464 Con;

2129 4511 2441 4581 tcmplativa
2467 4526 2597 4582 ergo
2622 4511 2733 4564 vita
2763 4503 2986 4564 minime
3011 4495 3276 4570 aufertur,
3301 4504 3423 4574 quia
3451 4501 3744 4557 subtracta

2129 4601 2412 4672 praesentis
2443 4599 2625 4656 saeculi
2653 4600 2772 4656 luce
2795 4599 3073 4672 perﬁcitur
3101 4597 3158 4652 in
3194 4593 3396 4651 aeterna
3424 4593 3602 4667 gloria
3643 4611 3744 4665 per

2127 4695 2311 4752 Jesum
2358 4695 2630 4752 Christum
2681 4695 2968 4750 Dominum
3021 4701 3268 4747 nostrum
3315 4689 3405 4760 qui
3444 4683 3570 4743 ciim
3625 4679 3746 4743 heu

2127 4785 2292 4842 Patre
2319 4786 2372 4841 in
2398 4786 2610 4841 unitate
2635 4784 2872 4854 Spiritus
2909 4785 3085 4840 sancti
3117 4785 3252 4840 vivit
3277 4795 3332 4838 et
3360 4779 3550 4854 regnat
3583 4775 3743 4838 Deus

2127 4893 2226 4950 per
2254 4877 2434 4933 omnia
2461 4876 2658 4934 saecula
2687 4875 3030 4932 smculorum.
3060 4874 3249 4932 Amen.

2700 4991 2982 5048 HOMILIA
3019 4987 3150 5048 CLI.

2390 5101 2710 5141 HERDOMADA
2749 5100 2845 5140 XI"
2887 5100 3016 5140 POST
3055 5099 3452 5140 PBNTECOSTBN.

2464 5175 2652 5231 Lectio
2678 5173 2931 5245 Epistola:
2957 5175 3024 5228 ad
3048 5173 3379 5231 Corinthios.
3483 5241 3492 5252 ν

2201 5270 2449 5336 Fratres,
2479 5269 2731 5338 ﬁduciam
2761 5267 2918 5322 talem
2949 5265 3200 5320 habemus
3231 5283 3324 5337 per
3357 5263 3628 5320 Christum
3658 5267 3738 5319 ad

2126 5342 2294 5416 Deum
2324 5378 2342 5415 :
2373 5377 2479 5416 non
2517 5340 2663 5431 quod,
2687 5359 2993 5430 sufﬁcientes
3023 5353 3238 5429 [simus]
3259 5355 3490 5431 cogitare
3520 5353 3736 5426 aliquid

2125 5475 2158 5512 a
2186 5457 2354 5521 nobis,
2385 5456 2538 5527 quasi
2565 5470 2629 5510 ex
2659 5453 2841 5520 nobis;
2869 5449 2958 5508 sed
2987 5429 3296 5522 sufﬁcientia
3319 5443 3498 5507 nostra
3521 5451 3734 5515 abeo

2129 5558 2220 5613 est,
2258 5557 2363 5605 etc.

2201 5639 2564 5695 Dubitandum
2589 5654 2697 5696 non
2719 5647 2822 5705 est,
2841 5636 3196 5704 dilectissimi,
3221 5650 3437 5692 omnem
3459 5630 3738 5690 observa-

2133 5735 2332 5789 tionem
2361 5733 2727 5788 Christianam
2765 5731 3090 5788 conditionis
3123 5745 3242 5786 esse
3271 5722 3464 5784 divinae
3487 5737 3544 5782 et
3564 5725 3736 5796 quid-

2133 5825 2260 5897 quid
2292 5826 2345 5880 in
2373 5825 2616 5881 ecclesia:
2655 5820 3046 5880 consuetudine
3081 5833 3164 5879 est
3207 5831 3480 5894 receptura
3513 5820 3578 5877 de
3605 5829 3734 5873 tra-

2134 5919 2337 5978 ditione
2372 5899 2665 5999 apostolica
2702 5929 2758 5978 ct
2798 5917 2866 5978 de
2901 5919 3076 5978 sancti
3115 5915 3351 5996 Spiritus
3382 5909 3596 5991 prodire
3623 5906 3738 5976 do-
