3960 6360
191 425 301 485 457

1278 421 1582 482 HOMILUE
1620 422 1689 479 ΙΝ
1719 420 1940 480 EPIST.
1980 420 2069 477 ET
2104 418 2360 478 EVANG.

192 540 395 599 ctrina.
446 539 600 599 Unde
635 539 769 596 dicit
820 538 875 595 in
915 538 1169 609 prtesenti
1214 537 1444 594 lectione
1479 538 1772 609 apostolus,
1800 540 1855 602 Α
1877 536 1969 592 illa
1998 535 2112 591 vita
2136 536 2283 592 beati
2305 534 2474 592 futuri
2502 546 2651 603 sunt,-
2674 536 2800 607 qnia
2822 536 2894 594 ibi
2913 538 3158 595 omnium
3181 538 3468 597 beatorum

193 632 450 704 ﬁduciam
479 631 636 687 talem
663 630 911 687 habemus
938 648 1030 702 per
1054 628 1319 686 Christum
1343 631 1412 686 ad
1438 630 1626 698 Deum,
1651 631 1778 701 quia

195 724 448 780 novimus
472 738 570 779 vos
596 730 706 779 non
741 737 900 793 posse
936 738 1032 794 per
1072 722 1425 793 vosmetipsos
1461 722 1777 788 credidisse,

194 816 294 872 sed
324 815 506 871 divina
537 823 744 870 tantum
779 822 970 886 agente
995 815 1168 886 gratia
1195 832 1215 867 ι
1236 831 1342 868 non
1362 814 1503 885 quod
1529 814 1783 885 suﬁcien-

195 915 272 963 tes
298 922 482 962 sumus
511 907 742 976 cogitare
770 905 970 977 aliquid
993 922 1025 960 a
1055 906 1221 971 nobis,
1249 907 1401 977 quasi
1419 922 1485 961 ea:
1515 905 1682 973 nobis,
1703 906 1781 962 Ac

192 995 242 1051 si
272 995 671 1053 diceret:Nihil
698 1005 881 1051 nostra
910 996 1389 1066 possumusl'accre
1415 996 1698 1066 prudentia
1726 1003 1783 1050 et

191 1087 420 1154 virtute,
439 1097 501 1143 ut
516 1088 632 1158 ipse
655 1087 915 1144 Dominus
934 1088 1041 1144 ait:
1068 1086 1195 1144 Sine
1216 1105 1296 1142 me
1318 1088 1391 1142 nil
1416 1090 1659 1158 potestis;
1683 1103 1780 1143 ne-

194 1195 302 1251 que
326 1195 425 1251 per
449 1195 548 1236 nos
577 1181 882 1236 rusticanos
904 1181 1152 1236 homines
1176 1197 1414 1251 unquam
1443 1181 1559 1236 fieri
1586 1182 1779 1251 potuit,

195 1280 256 1327 ut
294 1279 442 1326 tanta
486 1280 631 1327 esset
683 1272 918 1328 fidelium
963 1274 1249 1329 multitudo
1296 1274 1667 1329 festinantium
1713 1274 1782 1330 ad

190 1364 447 1429 salutem,
476 1365 591 1420 sine
619 1366 789 1437 gratia
820 1365 933 1421 Dei.
963 1366 1114 1421 Unde
1142 1367 1387 1421 subditur
1426 1384 1438 1419 :

269 1452 377 1509 Sed
406 1455 712 1525 su/ﬁcientia
741 1466 919 1510 nostra
947 1473 1010 1510 ex
1046 1455 1154 1509 Deo
1184 1468 1278 1510 est.
1306 1456 1407 1523 Qui
1431 1456 1613 1511 omnia
1637 1471 1781 1527 quie-

193 1557 412 1613 cunque
438 1544 671 1599 voluerit
700 1553 955 1615 operatur
982 1546 1036 1599 in
1065 1547 1236 1600 servis
1266 1547 1396 1601 suis.

266 1634 373 1700 Qui
397 1646 442 1689 et
474 1636 685 1690 idoneos
718 1653 809 1690 nos
842 1636 963 1705 fecit
991 1638 1254 1691 ministros
1281 1638 1416 1692 Novi
1445 1638 1779 1694 Testamenti.

192 1726 265 1783 Ut
295 1728 683 1800 adimpleretur
708 1730 987 1800 prophetia
1016 1746 1135 1799 qua:
1158 1731 1287 1786 dicit
1307 1750 1319 1786 :
1338 1730 1494 1802 Aperi
1523 1749 1580 1787 os
1611 1742 1778 1800 tuum,

186 1827 239 1872 et
263 1835 357 1889 ego
384 1819 673 1890 adimplebo
696 1820 858 1885 illud;
883 1830 938 1875 et
957 1821 1070 1891 ipse
1093 1822 1381 1877 Dominus:
1402 1822 1522 1877 Non
1544 1824 1680 1877 enim
1696 1841 1782 1879 vos

188 1910 339 1974 estis,
368 1910 563 1980 inquit,
581 1911 672 1983 qui
704 1911 1012 1983 loquimini;
1043 1914 1133 1967 sed
1165 1913 1392 1984 Spiritus
1424 1913 1606 1969 Patris
1630 1916 1781 1971 vestri
1808 1914 1858 1975 B

186 2003 279 2074 qui
303 2003 534 2075 loquitur
550 2006 605 2059 in
626 2006 788 2070 vobis;
806 2016 859 2060 et
882 2007 1098 2073 iterum,
1119 2007 1228 2078 Ego
1249 2009 1383 2061 enim
1408 2009 1542 2062 dabo
1564 2009 1701 2065 vobis
1723 2027 1779 2065 os

185 2098 608 2171 “sapientiam.
637 2099 793 2155 Unde
817 2100 963 2154 enim
992 2101 1093 2155 nisi
1129 2117 1160 2155 a
1190 2100 1391 2170 Spiritu
1424 2112 1613 2157 sancto
1640 2103 1782 2173 Apot-

185 2192 316 2247 stoli
351 2201 460 2247 tam
491 2191 668 2247 idonei
693 2192 911 2247 fuerunt
940 2201 1000 2247 ut
1025 2200 1172 2248 tanta
1208 2209 1307 2264 per
1335 2208 1430 2249 eos
1457 2194 1638 2249 divina
1666 2208 1783 2265 my-

186 2285 357 2340 steria
388 2286 733 2341 credentibus
764 2287 1167 2343 revelarentur?
1196 2286 1454 2358 Sequitur
1482 2308 1495 2344 :

265 2374 394 2429 Non
425 2374 619 2430 littera.
658 2376 774 2431 Non
800 2379 945 2432 enim
978 2380 1158 2434 omnia
1189 2379 1305 2435 haec
1335 2380 1389 2434 in
1414 2378 1611 2436 litteris
1641 2387 1785 2436 vete-

186 2468 269 2524 ris
298 2467 433 2537 legis
463 2478 805 2539 repererunt,
830 2470 926 2527 sed
946 2470 1181 2542 Spiritus
1206 2471 1381 2527 sancti
1411 2471 1640 2528 docente
1662 2488 1785 2543 gra-

187 2559 266 2614 tia
299 2561 625 2617 didicerunt.

261 2649 464 2706 Littera
490 2654 627 2706 enim
662 2654 869 2708 occidit.
902 2654 1041 2723 Quia
1071 2655 1124 2710 in
1153 2656 1268 2727 lege
1299 2656 1494 2713 litterae
1519 2656 1665 2712 nulla
1692 2673 1782 2713 re-

187 2740 385 2795 missio
404 2782 419 2807 ,
446 2743 540 2797 sed
571 2758 786 2819 semper
819 2744 951 2801 ultio
979 2755 1295 2813 exercetur,
1337 2756 1396 2802 ut
1433 2749 1538 2804 hoc
1563 2756 1649 2805 est
1678 2764 1693 2803 :
1726 2748 1785 2806 Si

188 2832 318 2902 quis
344 2832 447 2888 hoc
474 2834 558 2888 vel
582 2834 713 2890 illud
745 2834 954 2901 fecerit,
983 2845 1157 2894 mortc
1184 2840 1471 2895 moriatur.

268 2923 498 2995 Spiritus
524 2936 699 2981 autem
723 2929 966 2997 vivi/icat.
998 2930 1053 2984 Id
1075 2938 1181 2995 est,
1207 2930 1295 2986 lex
1318 2932 1507 3001 gratia:
1529 2934 1788 3004 spiritalis

189 3033 414 3075 onmem
444 3018 718 3075 hominem
750 3019 863 3075 vult
892 3020 1100 3076 salvum
1136 3020 1255 3077 ﬁeri
1284 3031 1340 3077 et
1375 3022 1430 3077 in
1457 3024 1787 3096 agnitionem

190 3109 446 3165 veritatis
484 3111 700 3176 venire,
739 3119 1105 3184 aeternamque
1135 3114 1303 3169 vitam
1333 3115 1585 3172 omnibus
1614 3116 1786 3174 ﬁdeli-

191 3210 280 3258 ter
318 3203 686 3272 quaarentibus
715 3213 955 3274 praestat.

268 3270 427 3359 Quod
468 3294 515 3348 si
552 3270 867 3351 ministratio
906 3300 1119 3364 mortis,
1172 3298 1360 3355 litteris
1397 3301 1695 3372 deformata
1730 3304 1787 3360 in
1815 3270 1861 3334 C

191 3383 481 3456 lapidibus,
513 3386 612 3456 fuit
640 3388 693 3441 in
718 3387 909 3459 gloria.
938 3390 1068 3457 Qum
1089 3391 1380 3448 mortificat
1401 3402 1716 3464 peccatores
1734 3402 1791 3449 et

190 3476 515 3555 damnat,_et
535 3487 742 3535 tantum
766 3482 1183 3540 observantibus
1201 3500 1320 3540 eam
1342 3487 1627 3557 praesentia
1649 3489 1791 3544 bona

193 3569 505 3642 promittit,
537 3578 592 3627 et
617 3572 681 3627 de
718 3571 914 3628 futuris
943 3589 1044 3629 nec
1084 3576 1414 3649 mentionem
1444 3576 1602 3643 facit,
1630 3587 1687 3633 et
1710 3587 1792 3634 ta-

195 3677 327 3717 men
357 3662 412 3716 in
438 3678 631 3736 magna
656 3664 829 3736 gloria
849 3673 971 3721 erat
997 3666 1356 3734 observanda,
1388 3669 1513 3738 quia
1543 3670 1792 3724 umbram

196 3755 513 3813 futurorum
544 3759 811 3814 bonorum
854 3762 1198 3817 monstravit.
1241 3761 1329 3835 Ita
1368 3773 1423 3817 ut
1450 3781 1555 3818 non
1588 3775 1793 3835 possent

193 3848 473 3902 intendere
498 3848 598 3916 ﬁlii
624 3848 798 3905 Israel
823 3851 877 3905 in
902 3850 1091 3920 facient
1124 3851 1318 3923 Moysi,
1341 3863 1550 3923 propter
1570 3853 1794 3925 gloriam

196 3937 378 3994 vultus
405 3939 542 4011 ejus,
569 3957 686 4010 qua:
716 3953 999 3996 evacuatur
1033 3958 1129 4013 per
1153 3942 1353 3999 Christi
1379 3946 1683 4015 passionem
1708 3954 1792 4000 at-

196 4045 313 4101 que
348 4032 797 4088 resurrectionem
816 4072 831 4103 ,
858 4048 977 4104 quae
1002 4034 1241 4089 omnium
1272 4034 1650 4105 superexcellit
1668 4051 1794 4117 gra-

195 4121 364 4175 tiam.

284 4202 562 4283 Quomodo
610 4232 714 4271 non
754 4219 918 4289 magis
966 4214 1285 4276 ministratio
1324 4220 1555 4292 Spiritus
1598 4222 1698 4276 erit
1743 4222 1798 4275 in

198 4306 425 4381 gloria?
463 4304 519 4363 Si
552 4311 693 4365 enim
731 4312 872 4382 quod
912 4314 1164 4389 evacuari
1192 4324 1373 4384 potest
1406 4315 1461 4371 in
1498 4314 1669 4386 gloria
1692 4325 1796 4382 est,

200 4409 421 4473 quanto
448 4390 619 4473 magis
644 4405 787 4474 quod
822 4405 889 4460 ad
916 4415 1174 4461 aeternam
1204 4406 1429 4478 gloriam
1458 4407 1606 4461 ducit
1640 4406 1800 4477 glori-

1880 630 2159 687 beatitudo
2175 630 2414 701 perfecta
2426 630 2549 687 erit.
2567 629 2906 702 Quapropter
2924 632 2973 697 si
2987 630 3057 687 ad
3074 631 3226 687 illam
3250 633 3466 689 beatam

1879 724 2048 779 vitam
2083 724 2370 794 pervenire
2406 723 2676 791 volumus,
2704 724 2932 779 sollicite
2980 723 3165 779 vivere
3210 724 3470 781 debemus

1880 829 2203 886 semperque
2225 816 2516 871 terminum
2530 816 2656 870 vitae
2675 812 2835 884 hujus
2854 813 3084 870 sollicite
3099 813 3466 869 ennsiderare.

1883 908 2263 979 Unusquisque
2323 917 2568 965 nostrum
2581 908 2649 973 jn
2671 906 3123 978 contemplatione
3155 906 3299 961 illius
3320 905 3466 971 vitai,

1880 998 2041 1068 hujus
2066 999 2246 1055 saeculi
2272 1014 2528 1071 prospera
2553 1007 2759 1055 caveat.
2788 998 3061 1069 Scriptum
3079 1006 3164 1053 est
3182 997 3330 1053 enim
3363 1014 3377 1051 :
3402 996 3469 1052 In

1884 1092 2123 1146 omnibus
2161 1092 2401 1162 operibus
2438 1092 2540 1146 tuis
2576 1107 2865 1145 memorare
2901 1091 3184 1145 novissima
3218 1099 3311 1144 tua
3338 1090 3471 1153 etin

1884 1190 2137 1237 mternum
2162 1196 2265 1236 non
2290 1182 2544 1252 peccabis.
2576 1180 2699 1236 Ideo
2722 1181 2859 1236 mori
2880 1190 3091 1261 oportet
3116 1181 3390 1237 hominem
3413 1182 3468 1237 in

1882 1289 2048 1329 carne
2091 1275 2291 1329 mundo
2311 1315 2326 1339 ,
2368 1290 2437 1329 nc
2473 1276 2739 1331 moriatur
2780 1275 2837 1331 in
2862 1275 3040 1329 anima
3068 1275 3302 1331 Christo.
3334 1274 3472 1330 Nam

1884 1374 2014 1420 tunc
2035 1364 2266 1434 quisque
2286 1365 2469 1420 vivere
2492 1364 2749 1431 creditur,
2766 1365 2812 1419 si
2838 1364 3021 1420 saeculi
3049 1364 3333 1420 desideriis
3356 1379 3470 1420 mo-

1884 1456 2033 1511 riens
2062 1455 2115 1509 in
2141 1456 2254 1511 solo
2283 1455 2396 1511 Deo
2415 1458 2597 1512 vivere
2621 1457 2933 1513 delectetur.
2965 1456 3252 1528 Largiente
3278 1456 3397 1527 ipso
3417 1465 3474 1511 et

1886 1546 2182 1601 auxiliante
2217 1546 2445 1604 Domino
2488 1558 2676 1604 nostro
2712 1547 2840 1604 Jesu
2879 1548 3095 1604 Christo
3121 1548 3214 1618 qui
3253 1548 3385 1602 vivit
3418 1554 3472 1602 et

1885 1643 2076 1706 regnat
2106 1651 2228 1690 cum
2255 1635 2416 1692 Patre
2442 1647 2498 1693 et
2535 1639 2738 1708 Spiritu
2777 1647 2967 1695 sancto
3001 1638 3146 1695 Deus
3167 1652 3266 1709 per
3288 1636 3471 1695 omnia

1882 1729 2082 1787 saecula
2117 1730 2457 1788 saeculorum.
2484 1732 2675 1787 Amen.

2446 1845 2727 1903 HOMILlA
2760 1845 2914 1901 CLll.

2376 1951 2539 1991 ITEI
2597 1952 2681 1991 UT
2741 1951 2971 1991 SUPRA.

2021 2028 2205 2085 Lectio
2235 2029 2410 2085 sancti
2439 2028 2714 2099 Evangelii
2743 2028 3038 2083 secundum
3069 2025 3327 2082 Marcum.

1953 2128 2021 2184 In
2049 2129 2142 2185 illo
2176 2140 2434 2201 tempore,
2459 2131 2635 2184 exiens
2662 2130 2816 2184 Jesus
2844 2130 2908 2183 de
2933 2129 3126 2199 ﬁnibus
3154 2127 3309 2199 Tyri,
3337 2126 3475 2184 venit

1880 2234 1975 2292 per
2002 2219 2251 2276 Sidonem
2278 2222 2347 2275 ad
2375 2238 2523 2276 mare
2547 2220 2803 2286 Galiltete,
2830 2222 2967 2275 inter
2996 2218 3193 2275 medias
3218 2219 3349 2289 lines
3373 2219 3480 2274 De-

1883 2309 2150 2381 capoleos,
2181 2320 2286 2366 etc.

1955 2400 2239 2473 Decapolis
2268 2412 2372 2466 est,
2401 2411 2460 2456 ut
2485 2402 2603 2472 ipso
2627 2402 2846 2457 nomine
2868 2402 3082 2472 probat,
3110 2400 3261 2472 regio
3289 2400 3475 2456 decem

1884 2494 2098 2549 urbium
2129 2502 2282 2548 trans
2308 2492 2597 2548 Jordanem
2632 2494 2700 2549 ad
2732 2494 2997 2549 orientem
3028 2492 3175 2548 circa
3208 2491 3394 2563 lppnm
3418 2498 3473 2547 et

1883 2581 2084 2639 Pellam
2110 2592 2164 2638 et
2193 2582 2462 2640 Gadaram
2499 2591 2691 2639 contra
2718 2582 3015 2638 Galilzeam.
3048 2582 3203 2651 Quod
3236 2596 3371 2654 ergo
3395 2580 3477 2637 (ii-

1884 2678 2049 2745 citur,
2063 2678 2187 2748 quia
2204 2677 2461 2733 Dominus
2480 2678 2625 2733 venit
2638 2680 2705 2733 ad
2721 2680 2869 2733 mare
2880 2677 3099 2734 Galilea
3111 2675 3255 2733 inter
3270 2675 3479 2731 medios

1884 2770 2022 2827 ﬁnes
2044 2772 2386 2843 Decapoleos,
2420 2773 2566 2843 ipsos
2589 2772 2722 2828 lines
2748 2772 3078 2843 Decapoleos
3097 2786 3224 2827 eum
3245 2766 3478 2826 intrasse

1884 2862 2173 2933 signiﬁcat,
2205 2877 2381 2933 neque
2416 2862 2563 2917 enim
2604 2876 2752 2917 mare
2789 2862 3221 2934 transnavigasse
3258 2860 3478 2925 dicitur,

1884 2954 1982 3010 sed
2016 2955 2196 3025 potius
2241 2953 2307 3008 ad
2344 2966 2493 3009 mare
2535 2966 2707 3023 usque
2743 2954 2955 3010 venisse
2991 2962 3152 3023 atque
3189 2953 3257 3006 ad
3300 2952 3477 3022 ipsum

1884 3046 2198 3118 pervenisse
2236 3045 2412 3100 locum
2441 3046 2532 3115 qui
2562 3045 2769 3100 medios
2801 3045 2939 3100 lines
2968 3041 3298 3113 Decapoleos
3326 3040 3482 3111 longe

1889 3142 2045 3190 trans
2076 3147 2229 3189 mare
2256 3133 2463 3203 positos
2497 3133 2840 3202 respiciebat.

1961 3222 2033 3277 Et
2062 3223 2335 3279 adducunt
2377 3224 2425 3278 ei
2452 3223 2671 3277 surdum
2698 3230 2749 3277 et
2782 3230 3019 3287 mutum,
3049 3229 3100 3276 et
3132 3219 3485 3291 deprecaban-

1892 3324 1979 3371 tur
2005 3325 2064 3370 ut
2094 3316 2327 3386 imponat
2354 3315 2435 3369 illi
2450 3331 2695 3369 manum.
2738 3313 2949 3370 Surdus
2980 3321 3037 3368 et
3071 3320 3255 3368 mutus
3278 3318 3362 3367 est
3388 3311 3484 3381 qui

1891 3423 1995 3463 nec
2018 3422 2180 3463 aures
2209 3407 2463 3462 audiendi
2492 3407 2585 3462 Dei
2610 3406 2854 3473 verbum,
2888 3420 2989 3461 nec
3013 3419 3077 3461 os
3102 3404 3278 3475 aperit
3299 3401 3486 3474 proloé

1893 3499 2112 3571 quendi.
2139 3498 2338 3567 Quales
2361 3512 2584 3554 necesse
2604 3506 2689 3554 est
2719 3507 2779 3553 ut
2804 3498 2860 3552 hi
2890 3497 2984 3569 qui
3006 3497 3151 3567 loqui
3174 3494 3288 3566 jam
3309 3502 3365 3551 et
3392 3508 3488 3550 au-

1892 3591 2011 3648 dire
2039 3592 2215 3648 divina
2245 3591 2459 3661 eloquia
2485 3591 2645 3662 longo
2674 3605 2776 3645 usu
2802 3589 3124 3655 didicerunt,
3146 3587 3374 3644 Domino
3400 3598 3489 3643 sa—

1894 3684 2102 3740 nandos
2120 3681 2371 3750 oﬂ‘erant,
2393 3691 2664 3752 quatenus
2689 3695 2783 3736 eos
2802 3694 2940 3751 quos
2963 3681 3198 3735 humana
3224 3677 3489 3750 fragilitas

1894 3776 2102 3848 nequit,
2130 3776 2247 3846 ipse
2274 3775 2462 3845 gratia:
2488 3790 2599 3831 sua:
2625 3775 2849 3830 dextera
2879 3773 3071 3828 salvet.

1966 3866 2036 3922 Et
2061 3867 2449 3940 apprehendens
2471 3882 2590 3922 eum
2614 3866 2680 3920 de
2700 3864 2855 3919 turba
2884 3879 3140 3918 seorsum.
3170 3861 3492 3932 Apprehen—

1896 3962 2030 4019 dens
2048 3976 2285 4031 namque
2303 3960 2579 4015 inﬁrmum
2602 3958 2668 4014 de
2692 3957 2850 4012 turba
2873 3968 3118 4013 seorsum
3140 3955 3341 4019 educit,
3366 3968 3491 4010 cum

1897 4060 2136 4108 mentem
2168 4051 2408 4122 peccatis
2437 4049 2749 4119 languidam
2782 4047 3091 4104 visitatione
3135 4059 3248 4100 suae
3274 4040 3493 4114 pictatis

1899 4143 2176 4198 illustrans
2195 4183 2209 4209 ,
2234 4158 2264 4196 a
2291 4140 2565 4197 consuetis
2591 4140 2844 4194 humanae
2869 4136 3303 4193 conversationis
3326 4135 3493 4189 mori-

1899 4237 2001 4292 bus
2029 4243 2240 4300 evocat,
2266 4242 2429 4302 atque
2456 4232 2525 4287 ad
2548 4231 2825 4301 sequenda
2852 4235 3248 4299 praeceptorum
3272 4239 3492 4282 suorum

1902 4326 2098 4380 itinera
2123 4330 2402 4394 provocat.

1972 4417 2120 4473 Misit
2151 4416 2341 4488 digitos
2363 4432 2486 4470 suos
2512 4416 2568 4470 in
2596 4413 2870 4468 auriculas
2896 4412 3036 4483 ejus.
3060 4410 3279 4487 Mittere
3300 4408 3496 4479 digitos

203 4494 485 4551 ﬁcandum
522 4505 607 4553 est
642 4500 898 4568 operibus
942 4499 1146 4555 sanctis
1193 4508 1247 4555 et
1282 4500 1445 4571 jUSllS
1465 4538 1480 4565 ,
1510 4508 1568 4553 ut
1597 4508 1801 4554 aeterna
1904 4510 1960 4565 in
1989 4508 2261 4564 auriculas
2285 4515 2370 4563 est
2416 4521 2516 4578 per
2544 4507 2685 4562 dona
2715 4503 2951 4575 Spiritus
2982 4503 3156 4559 sancti
3186 4515 3348 4557 aures
3374 4515 3498 4555 cor-

203 4588 378 4673 etiam
405 4588 571 4660 gloria
600 4604 699 4659 per
722 4591 838 4646 haee
862 4592 1174 4647 mereatur?
1202 4590 1337 4647 Nam
1376 4592 1516 4647 sicut
1542 4600 1663 4648 orto
1691 4589 1803 4646 sole

203 4679 397 4761 lumen
421 4682 737 4738 obtunditur
762 4683 924 4751 lnnm,
949 4701 1073 4741 cum
1102 4694 1280 4740 tamen
1299 4699 1397 4741 suo
1421 4674 1661 4754 tempore
1683 4700 1800 4738 ma-

206 4790 378 4848 gnum
406 4774 602 4830 habeat
631 4774 810 4830 lumen
833 4817 847 4841 ,
886 4776 959 4830 ita
992 4775 1396 4846 comparatione
1424 4774 1608 4846 gloria:
1642 4788 1806 4828 evan-

210 4866 403 4937 gelica:
424 4867 779 4924 obumbratur
797 4852 973 4924 omnis
1002 4870 1170 4940 gloria
1198 4869 1394 4924 veteris
1415 4867 1567 4939 legis.
1601 4867 1735 4921 Nam
1759 4868 1804 4923 si

211 4950 579 5014 ministerium
624 4962 983 5017 damnationis
1024 4961 1193 5032 gloria
1237 4944 1349 5026 est,
1399 4967 1601 5029 quanto
1636 4958 1806 5028 magis

210 5052 583 5108 ministerium
603 5038 863 5121 justitize,
891 5052 1211 5107 dimittendo
1246 5059 1469 5123 peccata
1498 5048 1806 5104 hominibus

210 5152 271 5198 et
315 5143 384 5198 de
421 5142 546 5199 ﬁliis
580 5143 775 5198 diaboli
821 5143 959 5198 filios
994 5144 1087 5199 Dei
1140 5142 1424 5198 faciendo?
1464 5140 1582 5207 Quo
1617 5146 1804 5194 contra

210 5242 347 5290 sunt
382 5235 472 5304 qui
505 5235 760 5290 dicuntur
796 5236 851 5289 in
888 5236 991 5289 hac
1028 5235 1136 5290 vita
1170 5235 1335 5301 beati,
1377 5234 1575 5304 quibus
1626 5232 1805 5287 omnia

210 5328 383 5399 hujus
422 5328 604 5383 mundi
638 5343 897 5398 prospera
926 5330 1157 5393 cedunt,
1190 5344 1308 5399 quae
1345 5325 1623 5382 beatitudo
1648 5323 1807 5380 simul

211 5414 505 5488 eumipsa
551 5420 736 5477 mundi
772 5421 1049 5476 evanescit
1092 5420 1480 5491 prosperitate;
1531 5417 1584 5472 hi
1629 5423 1808 5470 autem

212 5528 351 5570 vere
386 5502 526 5568 beati
554 5513 805 5569 dicuntur
828 5513 919 5583 qui
949 5529 1044 5585 spe
1074 5512 1264 5568 futura:
1297 5510 1644 5567 beatitudinis
1668 5509 1813 5564 beati

211 5614 373 5671 sunt,
404 5604 495 5674 qui
521 5592 611 5660 hic
636 5605 802 5661 multa
826 5614 1046 5675 propter
1067 5604 1233 5659 Deum
1264 5603 1534 5659 sustinent
1563 5601 1811 5668 adversa,

214 5680 275 5756 et
299 5706 506 5769 quanto
518 5697 754 5769 majores
778 5707 832 5753 et
852 5696 1260 5767 multipliciores
1285 5694 1445 5765 hujus
1468 5691 1647 5749 saeculi
1679 5691 1813 5746 tole-

213 5798 351 5847 rant
365 5788 608 5858 injurias,
624 5796 774 5845 tanto
787 5804 998 5860 semper
1012 5787 1204 5844 suntin
1227 5787 1408 5842 animo
1423 5785 1673 5853 lmtiores,
1688 5783 1814 5856 quia

213 5893 383 5953 tanto
414 5881 584 5954 major
609 5883 689 5940 eis
718 5882 885 5957 gloria
912 5880 1240 5945 cumulatur,
1258 5880 1350 5955 qui
1375 5894 1479 5936 non
1503 5877 1612 5947 hic,
1640 5876 1734 5933 sed
1760 5877 1814 5933 in

1850 4618 1859 4629 ο

1824 4638 1881 4701 D

1906 4598 1990 4653 dis
2016 4598 2083 4652 ad
2114 4596 2459 4668 intelligenda
2491 4611 2554 4651 ac
2580 4593 2923 4663 suscipienda
2949 4592 3117 4648 verba
3147 4591 3343 4647 salutis
3372 4605 3499 4660 ape~

1906 4688 2035 4743 rirc.
2062 4687 2196 4741 Nam
2218 4688 2443 4758 digitum
2465 4686 2560 4741 Dei
2584 4686 2838 4756 appellari
2866 4683 3129 4752 Spiritum
3151 4691 3397 4738 sanctum
3421 4691 3499 4735 te-

1906 4788 2081 4834 statur
2109 4779 2224 4849 ipse
2250 4779 2508 4833 Dominus
2537 4792 2659 4832 cum
2695 4776 2822 4830 dicit
2845 4773 3077 4830 Juda-is:
3110 4773 3168 4830 Si
3205 4792 3298 4845 ego
3328 4777 3382 4828 in
3412 4775 3497 4827 di-

1907 4873 2015 4943 gito
2042 4871 2138 4924 Dei
2166 4870 2319 4939 ejicio
2343 4870 2637 4934 dtemonia,
2664 4868 2765 4937 lilii
2803 4869 2958 4922 vestri
2998 4868 3055 4921 in
3100 4883 3203 4938 quo
3245 4866 3501 4936 ejiciunt?

1909 4962 2052 5034 quod
2082 4976 2356 5032 exponens
2406 4960 2543 5015 alius
2592 4960 2932 5031 Evangelista
2980 4957 3111 5013 dicit
3162 4974 3173 5010 :
3216 4956 3275 5009 Si
3314 4970 3407 5024 ego
3445 4954 3500 5008 in

1910 5055 2099 5126 spiritu
2134 5052 2243 5109 Dei
2259 5052 2413 5123 ejicio
2442 5052 2743 5106 daemonia?
2780 5051 2847 5105 Et
2871 5049 3014 5120 magi
3048 5048 3102 5102 in
3143 5046 3376 5117 Egypto
3406 5060 3500 5100 su-

1907 5146 2081 5218 perati
2112 5145 2363 5201 dixerunt
2389 5164 2401 5198 :
2432 5143 2640 5215 Digitus
2668 5143 2765 5198 Dei
2787 5143 2871 5195 hic
2896 5148 3002 5205 est;
3029 5148 3086 5197 et
3109 5138 3196 5194 lex
3222 5138 3279 5192 in
3305 5136 3501 5192 tabulis

1911 5239 2077 5310 digito
2114 5238 2209 5293 Dei
2263 5236 2465 5307 scripta
2516 5247 2597 5291 est
2647 5232 2889 5305 lapideis.
2936 5230 3096 5302 Digiti
3138 5243 3271 5299 ergo
3316 5228 3409 5283 Dei
3447 5226 3504 5280 in

1913 5326 2187 5383 auriculas
2217 5327 2334 5397 ejus
2374 5326 2526 5380 missi
2561 5324 2654 5395 qui
2695 5320 2970 5377 sanandus
3004 5327 3154 5383 erat,
3194 5318 3331 5374 dona
3379 5324 3507 5372 sunt

1913 5416 2086 5473 sancti
2116 5415 2383 5486 Spiritus,
2415 5415 2611 5483 quibus
2654 5411 2817 5466 corda
2839 5450 2855 5476 ,
2892 5424 3014 5480 quae
3052 5425 3083 5463 a
3125 5408 3209 5463 via
3258 5406 3505 5463 veritatis

1916 5511 2308 5565 aberraverunt
2345 5507 2411 5561 ad
2442 5506 2718 5561 sciendatn
2757 5502 2947 5559 salutis
2971 5502 3113 5558 viam
3134 5543 3150 5569 ,
3190 5502 3258 5557 ad
3285 5499 3508 5555 audien-
3574 5494 3581 5501 ’

1916 5597 2043 5653 dam
2072 5597 2492 5666 discendumque
2522 5594 2744 5649 revelat.
2772 5592 2840 5647 Et
2860 5592 2984 5663 quia
3015 5592 3230 5665 cognita
3259 5587 3511 5646 veritatis

1917 5688 2056 5754 luce,
2093 5689 2244 5759 sequi
2274 5684 2543 5743 confessio
2566 5684 2749 5751 debet,
2782 5692 2905 5755 apte
2934 5682 3280 5754 subiungitur
3312 5697 3327 5734 :
3402 5748 3405 5751 _

1991 5782 2060 5835 Et
2089 5796 2343 5852 exspuens
2369 5778 2603 5847 linguam
2628 5777 2742 5847 ejus
2778 5767 3280 5848 tetigit.‘Exspuens
3312 5768 3510 5840 quippe

1920 5875 2215 5943 Dominus,
2258 5873 2500 5947 linguam
2534 5871 2712 5944 tetigit
2738 5870 2924 5947 aegroti
2955 5883 3078 5926 cum
3114 5866 3182 5921 ad
3212 5858 3510 5921 confessio-
