3960 6360
449 403 556 463 445

1086 406 1148 460 Β.
1186 402 1441 460 RABANI
1479 401 1698 460 MAURI
1735 396 2053 457 ARCHIEP.
2095 392 2410 453 MOGUNT.
2449 393 2735 455 OPERUM
2767 396 2948 455 PARS
2985 396 3081 455 ΙΙ(

3644 404 3757 461 ω

524 524 597 579 Et
622 532 700 590 tu,
726 519 1122 599 Capharnaum,
1152 522 1387 594 nunquid
1417 538 1578 593 usque
1602 523 1657 576 in
1680 519 1866 575 caelum
1885 516 2034 573 ιπηι-
2062 513 2120 576 Α
2141 519 2281 566 οεκηι
2305 511 2361 567 δη
2404 511 2656 580 Hammo.
2700 514 2755 579 in
2791 526 2895 586 quo
2919 525 2968 573 et
2990 531 3086 575 vos
3113 517 3520 588 caedi/iculum
3546 520 3613 574 in
3654 520 3755 574 lse-

450 602 685 676 taberis?
708 624 869 689 usque
896 619 949 671 in
972 617 1235 688 infernum
1256 616 1554 673 descendas.
1584 614 1641 668 ln
1663 614 1836 668 altero
1854 625 2039 668 exem-

448 711 585 782 plari
630 711 933 781 reperimus
958 727 973 763 :
998 709 1065 762 Et
1094 712 1148 763 tu
1183 708 1579 779 Capharnaum,
1611 721 1730 776 qua:
1769 720 1938 775 usque
1971 704 2040 759 ad

450 802 647 858 cmlum
679 801 917 856 exaltata
953 813 1013 854 es
1055 814 1228 870 usque
1274 801 1339 855 ad
1371 799 1581 854 inferna
1628 797 1954 863 descendes;
1983 804 2045 851 et

449 901 535 947 est
562 892 754 963 duplex
786 890 1139 961 intelligentia
1168 909 1181 945 :
1213 890 1299 946 vel
1328 890 1471 956 ideo,
1503 891 1571 944 ad
1593 889 1801 959 inferna
1829 889 2042 943 descen-

450 983 564 1048 des,
592 984 723 1053 quia
750 978 940 1037 contra
968 983 1407 1053 praedicationem
1441 994 1617 1036 meam
1656 979 2045 1050 superbis'sime

451 1077 717 1139 restitisti,
748 1083 801 1130 et
830 1076 951 1131 ideo
977 1072 1365 1148 quiaexaltata
1398 1091 1569 1145 usque
1602 1076 1669 1130 ad
1695 1075 1891 1129 cmlum
1917 1084 2042 1129 meo

450 1170 706 1241 hospitio,
737 1174 791 1224 et
818 1170 953 1225 meis
987 1170 1156 1242 signis
1184 1178 1345 1241 atque
1373 1169 1663 1223 virtutibus
1694 1177 1903 1223 tantum
1945 1170 2044 1223 ha-

449 1262 584 1316 bens
607 1258 942 1333 privilegium
980 1260 1277 1331 majoribus
1309 1262 1561 1332 plecteris
1588 1261 1884 1331 suppliciis,
1913 1263 2045 1331 quia

449 1353 536 1409 his
561 1368 777 1425 quoque
802 1355 1026 1409 credere
1072 1354 1314 1410 noluisti.
1345 1354 1402 1410 ln
1425 1354 1807 1424 Capharnaum
1836 1364 2041 1420 autem,

448 1460 571 1516 quae
621 1442 1012 1517 interpretatur
1062 1448 1187 1502 villa
1237 1447 1621 1517 pulcherrima,
1654 1448 2047 1503 condemnatur

447 1538 725 1594 incredula
771 1534 1094 1607 Jerusalem,
1141 1543 1227 1597 cui
1276 1543 1472 1597 dicitur
1518 1558 1616 1613 per
1662 1540 1998 1597 Ezechielem
2026 1560 2045 1598 :

445 1631 748 1703 Justiﬁcata
792 1635 1024 1689 Sodoma
1070 1652 1219 1690 soror
1247 1646 1447 1690 tuaest
1484 1644 1553 1690 te.
1592 1636 1745 1692 Unde
1775 1644 1831 1693 et
1851 1648 2043 1693 conse-

445 1733 675 1795 quenter
700 1728 946 1783 subditur
968 1747 980 1782 :
1060 1732 1063 1735 ’

519 1816 657 1882 Quia
686 1819 731 1871 si
760 1819 814 1872 in
843 1818 1087 1875 Sodomis
1113 1822 1268 1891 facile
1298 1821 1516 1890 fuissent
1546 1823 1759 1877 virtutes
1804 1839 1922 1893 quae
1950 1824 2041 1893 fa-

2140 602 2429 659 bitacutum
2453 604 2549 660 Dei
2574 606 2631 659 in
2653 605 2859 677 Spiritu
2881 617 3095 677 sancto,
3114 610 3170 665 in
3195 622 3304 681 quo
3322 619 3380 668 et
3398 627 3501 668 vos
3520 611 3759 682 Ephesi

2140 699 2485 756 :edificamini
2514 700 2569 755 in
2600 700 2859 773 templum
2882 717 2950 758 ex
2990 704 3129 759 vivis
3153 703 3422 776 lapidibus
3446 705 3565 760 Deo
3600 721 3761 761 sn.-

2141 792 2250 846 mo.
2276 792 2431 860 Quot!
2461 792 2508 847 si
2536 793 2793 851 universa
2818 794 3131 860 :ediﬁcatio;
3160 796 3275 852 sive
3302 812 3373 851 ex
3398 794 3613 852 ludatis
3636 797 3759 853 sive

2140 899 2208 941 ex
2229 885 2478 957 gentibus
2505 894 2818 943 constructa
2850 895 2907 943 et
2957 889 3340 960 compaginata
3369 904 3471 960 per
3515 889 3756 960 angula-

2141 993 2256 1033 rem
2284 978 2515 1049 lapidem
2544 980 2636 1049 qui
2670 980 2805 1034 duos
2826 980 3064 1050 parietes
3111 981 3414 1052 conjungit,
3462 982 3676 1036 crescit
3700 981 3756 1035 in

2140 1087 2308 1126 unum
2341 1072 2599 1141 templum
2629 1072 2791 1128 unius
2824 1074 2939 1141 Dei,
2972 1089 3152 1130 nonne
3193 1074 3352 1131 nobis
3378 1076 3531 1130 omni
3564 1074 3758 1132 labore

2142 1163 2466 1218 studendum
2489 1172 2591 1229 est,
2619 1173 2678 1219 ut
2702 1164 2894 1221 ﬁamus
2920 1166 2996 1221 illi
3024 1166 3248 1239 lapides,
3295 1167 3361 1222 de
3391 1168 3598 1237 quibus
3620 1170 3758 1223 scri-

2141 1261 2296 1324 ptum
2322 1264 2426 1319 est,
2452 1255 2651 1326 lapides
2674 1258 2841 1331 sancti
2877 1256 3155 1330 volvuntur
3182 1274 3340 1329 super
3362 1268 3590 1323 terram,
3626 1276 3754 1313 cum

2144 1348 2406 1406 fuerimus
2440 1351 2547 1406 vivi
2596 1351 2799 1424 lapides
2844 1368 2911 1408 ex
2940 1355 3089 1409 omni
3136 1364 3293 1424 parte
3339 1355 3532 1419 dolati,
3584 1356 3755 1420 leves,

2144 1441 2320 1513 politi,
2367 1442 2568 1511 nullam
2627 1445 2992 1500 scabridinem
3027 1446 3292 1502 habentes
3334 1446 3757 1501 mditicemurin

2145 1533 2427 1603 templum,
2478 1534 2741 1591 faciamus
2793 1536 2849 1590 in
2905 1538 3311 1610 nobismetipsis
3373 1538 3759 1593 habitaculum

2146 1625 2280 1692 Deo,
2304 1635 2364 1683 ut
2392 1628 2642 1699 dignetur
2670 1629 2725 1684 in
2755 1628 2959 1701 Spiritu
2983 1638 3174 1701 sancto
3196 1632 3446 1686 habitare
3476 1632 3539 1685 in
3561 1631 3755 1696 nobis;

2148 1718 2282 1774 duos
2305 1720 2449 1775 enim
2476 1708 2700 1792 populos
2746 1723 2800 1777 in
2833 1738 2890 1777 se
2937 1725 3176 1794 suscepit
3212 1723 3486 1788 Salvator,
3541 1734 3599 1778 et
3630 1724 3759 1779 fecit

2147 1830 2315 1868 unum
2344 1815 2398 1869 in
2442 1816 2690 1884 Domino,
2739 1819 2880 1872 sicut
2905 1826 2960 1874 et
3007 1819 3146 1890 lapis
3173 1821 3453 1891 angularis
3490 1820 3637 1875 duos
3662 1835 3761 1890 pa-

443 1916 540 1963 ctw
568 1920 689 1964 sunt
731 1912 785 1965 in
826 1922 894 1977 te,
925 1913 1059 1981 forte
1088 1917 1403 1969 mansissent
1443 1928 1605 1987 usque
1625 1916 1679 1969 in
1715 1916 1853 1969 hunc
1877 1916 2036 1969 diem.

2150 1905 2309 1960 rietes
2340 1908 2580 1975 continet
2634 1908 2687 1962 in
2742 1910 2952 1964 unitate
3005 1889 3198 1967 domus
3239 1889 3534 1979 lirmatos;
3569 1889 3762 1967 ﬁdeles

443 2000 670 2058 Minoris
698 2018 828 2075 ergo
859 2006 1138 2077 iniustitiae
1173 2004 1430 2076 Sodoma,
1460 2018 1515 2065 et
1549 2010 1701 2080 quasi
1739 2012 1885 2082 justa
1920 2026 2040 2068 esse

443 2092 645 2149 dicitur
668 2095 726 2150 in
753 2100 1153 2167 comparatione
1171 2102 1393 2172 majoris
1413 2101 1707 2171 injustitite.
1738 2098 2039 2159 Jerusalem

441 2198 565 2241 cum
620 2187 708 2243 illa
742 2190 1001 2261 exemplis
1034 2191 1172 2253 Loth
1220 2206 1326 2249 non
1384 2193 1545 2257 fuerit
1583 2204 1828 2251 correcta
1857 2203 1911 2250 et
1935 2196 2041 2250 ista

440 2270 541 2332 filii
567 2278 661 2335 Dei
688 2282 869 2338 verbis
895 2290 949 2340 et
976 2285 1251 2343 miraculis
1270 2302 1487 2357 semper
1510 2288 1779 2344 exstiterit
1802 2290 2037 2359 ingrata,

440 2367 551 2426 imo
579 2374 869 2443 prophetas
906 2388 1005 2433 nec
1032 2392 1139 2432 non
1167 2386 1222 2433 et
1251 2379 1425 2448 ipsum
1455 2379 1789 2435 Salvatorem
1810 2380 2034 2447 'oecidit,

441 2467 497 2514 et
533 2465 805 2531 apostolos
832 2467 950 2536 ejus
974 2476 1256 2538 persecuta
1290 2478 1391 2526 est.

520 2551 895 2612 Verumtamen
934 2560 1054 2614 dico
1092 2561 1255 2627 vobis,
1308 2564 1432 2632 quia
1479 2570 1633 2617 terrm
1684 2563 2037 2620 Sodomorum

441 2642 712 2697 remissius
742 2647 840 2699 erit
861 2648 915 2700 in
940 2648 1025 2701 die
1041 2649 1233 2718 judicii
1253 2668 1411 2722 quam
1432 2654 1543 2708 tibi.
1570 2653 1872 2711 Remissior
1891 2657 2036 2711 enim

439 2744 627 2786 eorum
661 2735 766 2789 erit
795 2748 977 2805 pretia,
1008 2750 1233 2809 quorum
1263 2743 1439 2797 minor
1471 2753 1557 2800 est
1581 2746 1759 2816 culpa,
1786 2756 1841 2801 et
1862 2748 1917 2801 in
1943 2760 2037 2803 eos

437 2820 633 2878 fortior
681 2829 953 2905 procedet.
981 2831 1215 2889 vindicta
1259 2842 1488 2904 quorum
1521 2837 1694 2907 major
1718 2847 1800 2894 est
1851 2840 2032 2895 noxia.

438 2911 626 2969 Justus
651 2917 787 2971 enim
814 2926 893 2973 est
909 2920 1251 2978 Doniinusin
1272 2926 1512 2981 omnibus
1541 2928 1637 2982 riis
1673 2930 1805 2995 suis,
1838 2938 1889 2984 et
1908 2948 2031 2986 san~
2060 2974 2067 2987 .

439 3010 554 3056 ctus
588 3006 641 3059 in
685 3009 924 3064 omnibus
953 3012 1194 3081 operibus
1237 3016 1365 3081 suis,
1397 3017 1489 3087 qui
1517 3018 1695 3074 reddet
1753 3021 2036 3093 unicuique

437 3096 723 3150 secundum
749 3115 904 3171 Opera
930 3101 1063 3171 ejus.

990 3193 1272 3252 HOMlLlA
1300 3197 1477 3256 CLVI.

617 3293 670 3333 IN
699 3294 894 3337 NATAIJ
932 3299 1123 3341 SANC'I‘I
1152 3304 1543 3353 Βλιιθιῖυοιοωει
1572 3307 1852 3350 Αροετοιι.

794 3372 981 3431 Lectio
1018 3378 1269 3448 Epistula:
1295 3383 1363 3437 ad
1392 3384 1671 3455 Ephesios.

514 3457 747 3529 Fratres,
771 3466 887 3536 jam
920 3484 1024 3524 non
1044 3474 1168 3527 estis
1189 3474 1418 3544 hospites
1442 3489 1491 3533 et
1519 3480 1754 3548 aduente,
1789 3483 1882 3538 sed
1906 3486 2029 3541 estis

436 3553 573 3608 cives
601 3569 901 3613 sanctorum
923 3573 971 3615 et
996 3564 1263 3621 domestici
1288 3568 1403 3634 Dei,
1428 3580 1535 3626 etc.

511 3645 593 3700 Ad
626 3648 679 3701 id
725 3651 867 3719 quod
913 3670 1077 3725 supra
1122 3657 1334 3716 dixerat
1385 3665 1689 3736 peregrinis
1735 3676 2030 3727 testamen-

438 3742 619 3793 torum
652 3746 1108 3815 repromissionis,
1126 3766 1281 3811 nunc,
1296 3759 1582 3825 respondet
1606 3778 1619 3812 :
1645 3776 1776 3833 ergo
1796 3773 1903 3819 tam
1928 3783 2032 3821 non

437 3830 560 3924 estis
582 3831 827 3915 hospites,
861 3837 914 3915 id
937 3847 1019 3894 est
1059 3843 1349 3912 peregrini.
1398 3847 1468 3905 Et
1490 3850 1557 3905 ad
1584 3830 1885 3922 illud-quod
1908 3870 2039 3924 pro-.

438 3922 661 3978 miserat
688 3925 934 3985 alienatis
978 3947 1009 3985 a
1058 3938 1483 4001 conversatione,
1522 3941 1709 4009 Israel,
1741 3922 1925 4003 modo
1948 3962 2034 4004 re-

436 4014 685 4110 spondet,
712 4020 839 4074 estis
876 4023 1008 4079 cives
1035 4037 1333 4085 sanctorum
1372 4043 1419 4086 et
1444 4032 1715 4090 domestici
1754 4037 1872 4104 Dei,
1903 4042 2029 4110 quia

2143 1998 2286 2052 enim
2315 1999 2629 2070 superﬁcies
2670 2009 2797 2056 sunt
2827 2002 3013 2072 templi
3042 2003 3138 2069 Dei
3178 2003 3232 2057 in
3280 2003 3478 2073 spiritu
3518 2018 3759 2059 conver-

2144 2097 2330 2146 santes
2360 2099 2419 2145 ut
2443 2092 2655 2161 possint
2681 2092 3069 2163 hzeredesfieri
3100 2093 3337 2149 scelestis
3364 2094 3758 2150 habitationis.

2142 2180 2246 2236 Per
2274 2183 2558 2239 Dominum
2609 2192 2857 2239 nostrum
2909 2183 3096 2251 Jesum
3152 2184 3452 2248 Christum,
3504 2186 3763 2255 quicum

2142 2272 2305 2328 Patre
2334 2284 2389 2329 et
2443 2273 2653 2345 Spiritu
2690 2284 2881 2332 sancto
2925 2277 3062 2332 vivit
3111 2284 3177 2347 et
3198 2287 3389 2348 regnat
3436 2276 3612 2344 Deus,
3656 2292 3763 2348 per

2142 2366 2327 2420 omnia
2354 2366 2553 2421 saecula
2584 2366 2926 2425 seculorum.
2955 2365 3151 2421 Amen.

2301 2483 2489 2540 Lectio
2518 2485 2691 2540 sancti
2722 2483 2999 2556 Evangelii
3026 2483 3326 2539 secundum
3350 2482 3588 2538 Lucam.

2211 2575 2280 2630 In
2307 2576 2401 2631 illo
2424 2586 2653 2647 ternpore
2679 2576 2821 2647 facta
2860 2585 2938 2631 est
2971 2584 3019 2631 et
3045 2575 3305 2629 contentio
3336 2576 3482 2629 inter
3515 2574 3761 2644 discipu-

2141 2666 2219 2722 los
2244 2669 2361 2739 quis
2391 2680 2573 2721 earum
2606 2667 2869 2723 videretur
2892 2680 3002 2722 esse
3026 2667 3219 2737 major,
3248 2676 3358 2722 etc.

2212 2759 2451 2829 Require
2513 2761 2573 2817 in
2628 2760 2891 2816 Passione
2946 2761 3158 2815 Domini
3185 2786 3205 2827 ς
3262 2766 3385 2831 quae
3443 2760 3658 2831 legitur
3705 2761 3759 2814 in

2140 2860 2334 2922 quarta
2362 2853 2521 2908 feria.

2676 2924 2961 2981 HOMlLlA
2997 2924 3196 2983 CLvn.
3352 2986 3361 2999 ,
3462 2990 3469 2997 ,

2381 3012 2434 3051 ιΝ
2460 3010 2705 3075 ΡΛδδΙΟΝΕ
2738 3012 2925 3075 ξλῃοτι
2954 3012 3172 3052 ιοΑκΝιδ
3200 3012 3506 3071 βΑΡτιείι-ε.

2602 3070 2786 3145 Lectio
2814 3070 2937 3146 libri
2969 3076 3281 3160 Sapientia}.

2210 3174 2520 3251 Expectatio
2537 3174 2830 3252 justorum,
2860 3174 3069 3250 lwtitia,
3108 3201 3223 3257 spes
3260 3184 3436 3240 autem
3461 3187 3758 3259 impiorum

2059 3257 2105 3321 Ο
2134 3275 2338 3347 peribit,
2367 3284 2473 3332 etc.

2208 3367 2445 3439 Require
2473 3369 2528 3424 in
2557 3368 2747 3426 Natale
2775 3371 3130 3442 plurimorum
3168 3385 3499 3446 martyrum.

2277 3480 2465 3537 Lectio
2490 3483 2663 3538 sancti
2687 3483 2966 3554 Evangelii
2995 3488 3291 3542 secundum
3320 3488 3601 3545 Marcum.

2204 3570 2273 3625 In
2307 3572 2398 3627 illo
2425 3583 2670 3644 tempore,
2700 3575 2842 3629 misit
2874 3574 3111 3632 Herodes
3150 3588 3198 3632 et
3238 3581 3401 3634 tenuit
3446 3581 3756 3649 Joannem,

2133 3675 2184 3721 et
2207 3668 2370 3721 vinxit
2396 3684 2514 3722 eum
2551 3667 2605 3721 in
2636 3684 2849 3723 carcere
2875 3679 3086 3740 propter
3106 3670 3488 3739 Herodiadent,
3520 3692 3758 3732 uerens

2134 3759 2369 3832 Philippi
2397 3762 2580 3831 fratris
2613 3765 2719 3829 sui,
2743 3765 2867 3834 quia
2907 3766 3132 3822 duxerat
3156 3785 3294 3824 eam.
3336 3770 3561 3833 Dicebat
3609 3777 3785 3830 enim.

2131 3850 2367 3908 Joannes
2392 3853 2601 3910 Herodi»
2619 3872 2638 3910 :
2668 3853 2793 3912 Non
2813 3856 2932 3912 licet
2957 3858 3053 3914 tibi
3072 3860 3264 3917 habere
3292 3878 3509 3918 mrem
3553 3866 3767 3935 fratr-is

2130 3944 2226 4011 tui,
2257 3952 2363 4001 etc.
2944 3992 2945 3999 η

2206 4036 2373 4094 Vetus
2405 4047 2595 4096 narrat
2636 4041 2865 4099 historia
2914 4043 3223 4116 Philippum
3258 4046 3488 4103 Herodis
3510 4051 3756 4120 majoris

436 4104 527 4207 qui
557 4105 847 4207 aliquando
873 4113 1027 4187 longe
1056 4116 1261 4186 fuistis,
1293 4136 1398 4178 non
1445 4125 1710 4184 habentes
1740 4104 2031 4199 repromis—
2131 4130 2300 4185 filium
2339 4132 2440 4189 sub
2467 4147 2576 4202 quo
2600 4132 2865 4189 Dominus
2887 4132 3024 4201 fugit
3154 4135 3471 4207 iEgyptmn,

433 4196 616 4296 siones
666 4203 732 4257 de
775 4204 1010 4275 Christo,
1056 4212 1140 4267 vel
1188 4213 1364 4271 salute
1419 4226 1619 4284 vestra,
1667 4196 1814 4279 nunc
1862 4240 2059 4296 prope.
2132 4224 2292 4295 hujus
2326 4196 2578 4290 Herodis,
2617 4226 2719 4280 sub
2740 4240 2854 4295 quo
2884 4196 3075 4296 passus
3098 4235 3185 4282 est
3218 4196 3772 4295 Dhiistus,duxmse-

434 4291 585 4356 estis,
641 4303 698 4349 ct
741 4311 847 4353 non
903 4301 1083 4361 solum
1113 4320 1302 4375 prope,
1355 4308 1450 4371 sed
1505 4291 1879 4371 etiamecives
1900 4291 2063 4373 δεξιον
2130 4291 2358 4375 uxorem
2386 4291 2941 4375 Herodiadem'ﬁlia-m
2965 4320 3128 4390 Regis
3152 4321 3349 4386 Aretas,
3382 4291 3576 4392 postea
3612 4343 3755 4383 vae

433 4394 668 4444 ειοῐυιηο
700 4434 703 4441 ι
754 4434 791 4461 ,‹
1092 4452 1097 4457 .
1314 4456 1317 4461 ,
2129 4424 2377 4465 socerum
2431 4409 2579 4479 ejus,
2613 4410 2821 4466 exortis
2873 4410 3195 4480 quihusdam
3230 4420 3427 4468 contra
3469 4431 3751 4486 generum

509 4478 929 4552 δαρεναιάίβεαιί
976 4503 1149 4559 ευμεν.
1171 4492 1570 4561 Ῑιιηάαηκηεωη
1603 4501 1959 4570 apostolorum
1978 4513 2028 4558 et
2130 4478 2512 4568 simultatibus,
2545 4502 2730 4561 tulisse
2759 4478 2926 4558 filiam
2969 4518 3123 4558 suam
3167 4512 3224 4558 et
3260 4505 3314 4559 in
3344 4478 3592 4563 dolorem
3624 4526 3753 4565 nta-

435 4570 829 4641 prophetarum.
875 4576 990 4633 Hoc
1015 4590 1117 4647 est,
1150 4599 1319 4654 supra
1367 4603 1564 4644 novum
1594 4602 1651 4647 et
1677 4603 1832 4651 vetus
1861 4607 2029 4655 testa-

2150 4594 2219 4647 'iti
2244 4594 2443 4663 prioris
2498 4594 2703 4648 inimici
2752 4593 2871 4662 ejus
2918 4595 3124 4664 nuptiis
3166 4597 3464 4667 copulasse.
3495 4597 3642 4666 Quis
3675 4605 3763 4658 sit

432 4672 677 4720 utentum
709 4667 960 4759 collocati
987 4689 1004 4739 ;
1039 4678 1183 4744 quod
1229 4680 1375 4734 enim
1418 4685 1645 4752 apostoli
1692 4690 2021 4755 prmdicave-
2052 4667 2108 4723 νδ
2131 4692 2311 4739 autem
2333 4685 2423 4747 hic
2443 4684 2727 4756 Philippus
2754 4686 3086 4757 evangelista
3112 4687 3288 4743 Lucas
3328 4689 3542 4759 plenius
3573 4693 3747 4749 docet

433 4762 581 4853 rum,
614 4757 887 4825 propheta:
920 4760 1160 4821 futurum
1186 4767 1457 4825 dixerunt.
1495 4773 1753 4839 Quamvis
1779 4777 1925 4835 dicat
1955 4784 2022 4838 ad

2150 4779 2337 4840 licens,
2371 4778 2523 4832 Anno
2552 4780 2753 4841 decimo
2784 4781 2963 4850 quinto
3012 4782 3218 4852 imperii
3253 4782 3441 4837 Tiberii
3463 4782 3743 4853 Cesaris,

432 4844 783 4943 ilorinthios:
816 4852 964 4910 Deus
989 4858 1216 4926 primum
1252 4865 1423 4931 posuit
1469 4867 1523 4921 in
1556 4870 1773 4926 ecclesia
1813 4888 1996 4943 aposto
2018 4907 2031 4915 -

2150 4879 2443 4924 procurante
2476 4867 2667 4923 Pontio
2720 4844 2898 4925 Pilato
2924 4844 3193 4931 Iudicum.
3241 4875 3505 4928 tetrarcha
3550 4890 3749 4933 autem

431 4936 529 5038 los‘,
558 4943 785 5038 secundo
818 4947 1115 5017 prophetas,
1162 4953 1255 5007 sed
1296 4954 1385 5009 alii
1428 4960 1702 5029 praphetag
1739 4936 1899 5021 sunt;
1932 4969 2023 5024 im)
2129 4936 2367 5016 Calilma:
2392 4960 2625 5027 Herode,
2649 4961 2894 5035 Philippo
2922 4974 3099 5020 autem
3120 4970 3286 5037 fratre
3324 4968 3437 5038 ejus
3460 4972 3745 5027 tetrarchis

430 5032 574 5087 enim
606 5032 724 5090 loco
745 5037 810 5093 de
831 5038 1173 5099 ordinatione
1201 5046 1443 5104 ecclesia:
1472 5051 1707 5122 disputat
1734 5072 1748 5121 ;
1780 5057 1868 5112 hic
1896 5075 2023 5116 vero

434 5124 499 5178 de
526 5124 874 5185 fundamento
919 5134 1202 5202 ecclesia};
1242 5141 1520 5209 propheta:
1567 5147 1710 5201 enim
1749 5150 2031 5218 disposue-

433 5223 579 5302 runt,
615 5232 739 5271 nam
777 5223 1005 5289 apostoli
1036 5224 1383 5284 fundamenta
1403 5233 1672 5302 jecerunt.
1721 5237 1872 5294 Unde
1900 5242 2031 5296 dicit

433 5300 695 5360 Dominus
721 5310 788 5363 ad
821 5309 1057 5381 Petrum,
1102 5333 1258 5387 super
1303 5300 1506 5389 petram
1551 5327 1823 5395 (edificabo
1846 5331 2030 5386 Eccle-

431 5398 563 5451 sfam
596 5415 783 5464 meum,
816 5403 917 5460 hoc
964 5416 1069 5471 est,
1101 5410 1154 5464 in
1185 5415 1464 5471 catholica:
1510 5416 1634 5473 fidei
1687 5419 2026 5480 confessione

433 5494 611 5541 statuo
641 5488 827 5546 lideles
853 5495 919 5548 ad
954 5497 1137 5553 vitam.
1183 5501 1318 5558 Nam
1348 5514 1404 5560 et
1445 5506 1612 5562 David
1643 5509 1907 5579 disposuit
1932 5516 2026 5570 do-

432 5592 580 5633 mum
610 5580 724 5645 Dei,
752 5586 1153 5657 etqsigniﬁcavit
1180 5593 1358 5651 locum
1405 5599 1494 5653 ubi
1527 5599 1723 5668 fuerat,
1770 5602 2024 5661 Salomon

432 5685 571 5745 vero
596 5673 838 5732 fundavit
867 5696 1008 5736 eam.

508 5764 640 5838 Ipso
663 5786 866 5826 summa
906 5776 1154 5846 angit/ari
1201 5780 1371 5853 lapide
1418 5783 1625 5842 Christo
1648 5787 1803 5855 Jesu,
1836 5772 1891 5845 in
1920 5810 2023 5864 quo

429 5861 603 5931 omnis
628 5864 907 5946 ludiﬁcatio
949 5881 1251 5947 constructa
1287 5879 1472 5935 crescit
1517 5880 1574 5937 in
1611 5882 1855 5964 templum
1899 5861 2024 5947 tan-

2130 5051 2325 5108 Iturew
2339 5048 2387 5108 et
2406 5053 2793 5110 Trachonitidis
2810 5059 3054 5127 regionis.
3073 5060 3212 5131 Ergo
3230 5058 3461 5117 Joannes
3484 5062 3743 5133 Baptista

2133 5147 2223 5215 qui
2257 5149 2405 5202 venit
2433 5148 2487 5202 in
2511 5149 2702 5218 spiritu
2733 5158 2790 5204 et
2813 5150 3015 5205 virtute
3058 5153 3222 5208 Heliae
3246 5155 3435 5210 eadem
3479 5160 3738 5214 auctori-

2130 5247 2260 5303 tate,
2294 5256 2402 5309 qua
2444 5240 2532 5295 ille
2557 5241 2744 5296 Achab
2790 5243 3135 5313 corripuerat
3159 5255 3215 5301 et
3242 5246 3517 5313 Hiezabel,
3545 5252 3741 5318 ill-gitis

2129 5327 2395 5386 Herodem
2421 5341 2478 5387 et
2526 5332 2906 5399 llerodiadem,
2954 5337 3097 5406 quod
3144 5337 3357 5394 illicitas
3398 5341 3619 5408 nuptias
3653 5341 3742 5396 fe-

2128 5422 2323 5486 cerint,
2354 5432 2538 5479 etnon
2578 5424 2738 5480 liceat
2779 5426 2950 5482 fratre
2973 5428 3210 5494 vivente,
3240 5445 3555 5501 germanum
3579 5432 3740 5488 illius

2127 5530 2350 5569 uxorem
2374 5515 2594 5581 ducere,
2618 5517 2824 5572 malens
2845 5518 3144 5589 periclitari
3174 5522 3312 5592 apud
3335 5524 3537 5593 regem,
3559 5538 3735 5594 quas:

2126 5615 2350 5677 propter
2395 5608 2762 5667 adulationem
2811 5624 2935 5665 esse
2988 5611 3277 5669 immemor
3323 5623 3735 5686 praeceptorum

2130 5699 2243 5754 Dei.

2199 5790 2268 5845 Et
2314 5810 2433 5848 cum
2461 5795 2571 5852 dies
2616 5808 2939 5868 opportunus
2979 5801 3300 5866 accessisset,
3336 5800 3569 5855 Herodes
3616 5818 3731 5855 ιω-

2126 5887 2374 5946 tatissua:
2397 5905 2595 5948 caenam
2606 5891 2726 5960 fecit
2752 5893 3100 5973 principibus,
3116 5905 3167 5952 et
3195 5894 3436 5965 tribunis,
3457 5903 3508 5950 et
3526 5894 3733 5973 primis
