3960 6360
165 429 276 485 445

1285 430 1584 490 nouum;
1622 433 1688 488 IN
1727 407 1945 492 srisr.
1990 437 2077 492 ET
2118 417 2372 495 EVANG.

3334 444 3454 526 ita

163 546 429 601 Galila'a'.
457 545 569 601 Soli
591 546 898 601 mortalium
926 546 1163 603 Herodes
1185 557 1241 603 et
1277 548 1489 605 Pharao
1510 550 1758 622 leguntur
1784 555 1837 614 Α
1863 549 2034 608 turbis
2086 552 2355 623 Propheta
2405 569 2524 609 esse
2559 555 2851 624 putabatur
2900 555 3156 632 Dominus
3206 557 3443 631 Pr0phe—

162 641 310 694 dicm
335 639 531 692 natalis
557 640 640 692 sui
668 638 876 710 gaudiis
904 639 1112 695 festivis
1143 642 1465 709 celebrasse,
1499 645 1592 698 sed
1614 653 1758 698 uter-

163 747 274 810 que
306 747 398 785 rex
427 728 662 790 infausto
679 731 917 801 auspicio
948 733 1296 787 festivitatem
1324 750 1476 789 suam
1500 737 1759 806 sanguine

161 824 440 889 faulavit;
496 840 684 879 verum
736 825 977 880 Ilerodes
1029 834 1181 881 tanto
1231 828 1435 896 majore
1485 829 1758 898 impietate

162 927 373 988 quanto
411 927 657 972 sanctum
687 925 743 972 et
786 919 1128 973 innocentem
1178 923 1463 976 Doctorem
1517 923 1760 977 veritatis

162 1019 221 1063 ct
275 1022 582 1078 praeconem
618 1008 742 1062 vita:
780 1024 843 1062 ac
874 1010 1023 1080 regni
1066 1011 1300 1066 caelestis
1326 1013 1544 1078 occidit,
1584 1014 1758 1067 ethoc

162 1115 266 1170 pro
309 1107 432 1152 voto
461 1114 523 1153 ac
572 1099 831 1169 petitione
863 1100 1177 1167 saltatricis,
1230 1120 1403 1173 nequc
1430 1104 1573 1158 enim
1599 1113 1760 1174 caput

162 1195 331 1250 occisi
366 1203 490 1249 ante
517 1195 772 1250 convivas
793 1194 991 1249 inferre
1032 1195 1252 1264 puduit;
1280 1212 1402 1250 nam
1430 1195 1642 1250 Pharao
1687 1197 1759 1250 uil

163 1289 292 1343 talis
347 1289 579 1342 vesania:
623 1289 958 1344 commisisse
997 1289 1218 1359 legitur,
1251 1291 1344 1344 sed
1376 1297 1582 1344 tantum
1633 1305 1760 1358 pec-

164 1391 379 1434 cantem
413 1381 512 1434 sibi
546 1382 852 1435 eunuchum
903 1382 1010 1436 vita
1038 1381 1473 1451 privarijubcns,
1504 1399 1610 1449 quo
1646 1383 1761 1435 Ion-

163 1475 287 1540 gius
321 1488 348 1525 a
375 1487 517 1532 verm
548 1473 692 1526 cultu
716 1473 992 1542 religionis
1024 1475 1234 1537 aberat,
1265 1490 1330 1527 eo
1362 1473 1530 1528 levius
1570 1475 1621 1526 in
1648 1474 1762 1528 vio-

160 1564 367 1619 latione
399 1581 508 1619 sua:
538 1564 847 1618 festivitatis
878 1565 1121 1635 deliquit.
1153 1566 1405 1620 Attamen
1454 1581 1518 1619 ex
1563 1566 1762 1620 utrius—

163 1674 267 1725 que
293 1658 540 1727 exemplo
561 1659 840 1728 probatur,
871 1660 1056 1714 utilius
1079 1675 1199 1714 esse
1230 1661 1386 1714 nobis
1411 1661 1550 1714 diem
1575 1661 1763 1714 mortis

162 1753 360 1807 futurae
387 1755 624 1808 timendo
655 1763 703 1808 et
734 1762 878 1810 caste
909 1755 1116 1822 agendo
1136 1755 1332 1824 sarpius
1363 1756 1416 1808 in
1446 1755 1763 1808 memoriam

166 1862 449 1907 revocare,
489 1862 651 1915 quam
705 1845 846 1900 diem
901 1847 1200 1902 nativitatis
1247 1847 1568 1902 quuriando
1620 1848 1761 1902 cele-

1863 649 2037 694 tarum
2067 650 2120 697 et
2149 642 2396 697 Christus
2438 643 2532 697 Dei
2564 643 2704 699 filius
2749 659 2778 697 a
2821 645 3027 701 cunctis
3074 635 3320 705 fidelibus
3350 661 3444 708 .cst

1861 733 2094 801 agnitus.
2124 733 2359 788 Minutus
2399 750 2528 803 ergo
2558 737 2732 806 capite
2769 735 3019 801 Joannes,
3069 740 3338 797 exaltatus
3364 753 3448 799 est

1859 827 1914 883 in
1942 843 2101 882 cruce
2126 827 2407 894 Dominus,
2427 830 2552 908 quia
2576 829 2716 883 sicut
2743 830 2883 884 idem
2912 829 3151 888 Joannes
3174 834 3272 898 ait,
3292 833 3443 890 illum

1862 922 2127 991 oportebat
2152 939 2398 987 crescere,
2427 920 2686 975 Joannem
2735 932 2907 976 autem
2939 925 3147 990 minui;
3175 925 3326 980 illum
3353 943 3448 981 au-

1863 1022 1968 1067 tem
1993 1014 2082 1083 qui
2107 1014 2373 1084 Propheta
2395 1015 2784 1080 mstimabatur,
2802 1013 3078 1070 Christum
3102 1019 3375 1088 cognosci,
3395 1027 3448 1074 et

1862 1119 1982 1159 eum
2012 1107 2101 1175 qui
2127 1105 2376 1161 Christus
2422 1123 2521 1178 pro
2551 1092 2810 1184 virtutum
2848 1088 3179 1166 sublimitate
3223 1114 3451 1183 putaba-

1861 1204 1971 1262 tur,
2007 1197 2205 1252 Christi
2244 1214 2363 1253 esse
2414 1200 2755 1268 prophetam,
2791 1209 2844 1254 et
2877 1218 3265 1271 priccursorem
3296 1205 3453 1260 decc-

1861 1289 2220 1361 batiutelligi,
2255 1292 2396 1358 quod
2449 1292 2624 1362 ipsum
2665 1293 2879 1363 quoque
2921 1296 3269 1351 distinctione
3316 1307 3452 1352 tem-

1859 1381 2008 1451 poris
2048 1397 2154 1450 quo
2194 1390 2421 1452 uterque
2473 1385 2688 1439 illorum
2739 1396 2899 1442 natus
2944 1392 3048 1451 cst,
3087 1388 3220 1444 satis
3268 1399 3453 1460 aperte

1861 1471 2131 1542 signatum
2169 1481 2251 1526 est
2279 1492 2290 1526 :
2319 1475 2409 1542 qui
2437 1475 2672 1531 Joannes
2699 1478 2915 1547 quidem
2961 1494 3118 1547 quem
3169 1481 3456 1552 oportebat

1863 1563 2053 1626 minui,
2082 1581 2204 1617 cum
2229 1565 2479 1620 diurnum
2510 1567 2687 1622 lumen
2721 1569 3038 1624 decrescere
3079 1572 3267 1641 incipit
3298 1580 3454 1628 natus

1864 1663 1965 1717 est,
2002 1654 2257 1709 Dominus
2281 1665 2459 1710 autem
2487 1659 2578 1727 qui
2605 1674 2731 1712 vera
2765 1660 2851 1713 lux
2887 1662 3071 1714 mumli
3100 1672 3199 1726 est,
3236 1678 3302 1715 eo
3330 1665 3459 1724 anni,

1865 1756 2131 1815 tempore,
2149 1764 2256 1818 quo
2284 1749 2398 1802 dies
2419 1764 2664 1805 crescere
2690 1751 2899 1821 incipit,
2924 1752 3137 1807 lucillua
3165 1755 3319 1808 nobis
3346 1770 3456 1808 sua:

1867 1837 2005 1890 dona
2041 1839 2342 1893 nalivitatis
2371 1835 2654 1906 exhibuit;
2703 1843 2793 1912 qui
2840 1843 2970 1898 vivit
3014 1855 3068 1898 et
3115 1853 3304 1916 regnat
3333 1861 3454 1899 cum

160 1934 348 1989 brare.
376 1936 548 1989 Homo
571 1936 713 1989 enim
764 1935 831 1989 ad
885 1935 1123 1990 laborem
1169 1937 1414 1991 nascitur
1442 1937 1494 1990 In
1540 1938 1762 2001 mundo,
1795 1933 1843 1995 B
1869 1930 1979 1986 Deo
2007 1932 2165 1988 Patre
2198 1934 2251 1987 in
2279 1937 2488 2015 unitate
2532 1937 2753 2005 spiritus
2779 1939 2952 1992 sancti
2979 1927 3125 2015 Deus
3146 1955 3245 2010 per
3275 1940 3453 1993 omnia

159 2036 218 2084 et
246 2027 403 2106 electi
432 2028 496 2082 ad
525 2028 769 2096 requiem
798 2042 896 2096 per
923 2025 1154 2083 mortem
1181 2037 1462 2085 transerunt
1487 2046 1517 2085 e
1540 2032 1758 2085 mundo.

236 2116 474 2189 Cumque
504 2117 765 2172 introisset
796 2118 909 2187 ﬁlia
936 2119 1099 2189 ipsius
1126 2119 1470 2186 Herodiadis,
1510 2133 1555 2176 et
1579 2122 1765 2176 saltas-

158 2207 259 2276 ἀει,
289 2220 337 2262 et
361 2210 641 2280 placuisset
673 2207 894 2276 Herodi,
919 2205 1176 2280 simulque
1212 2213 1643 2278 recumbentibus,
1676 2229 1764 2268 rea:

156 2295 239 2356 ait
264 2301 453 2371 puella:
479 2319 497 2356 :
529 2285 656 2355 Pete
685 2319 717 2354 a
754 2319 834 2355 me
857 2302 996 2372 quod
1039 2304 1132 2367 vis,
1163 2313 1211 2356 et
1238 2303 1372 2356 dabo
1410 2303 1526 2368 tibi,
1552 2314 1596 2357 et
1611 2303 1765 2373 jura-

158 2393 235 2448 rit
261 2395 360 2459 illi,
397 2402 503 2448 etc.
537 2392 650 2447 Non
685 2403 976 2449 excusatur
1019 2393 1260 2448 Herodes
1295 2397 1437 2464 quod
1489 2396 1689 2450 invitus
1713 2403 1766 2448 et

161 2485 359 2539 nolens
384 2494 605 2554 propter
626 2484 999 2552 jurameutum
1027 2487 1377 2541 homicidium
1409 2487 1621 2552 fecerit,
1638 2488 1765 2558 quia

159 2577 233 2629 ad
265 2578 367 2631 hoc
398 2576 776 2645 fortejuravit,
830 2588 888 2632 ut
931 2565 1127 2634 futura:
1177 2579 1437 2634 oceisioni
1486 2581 1766 2634 machinas

157 2679 454 2739 prtcparet.
481 2670 733 2740 Alioquin
759 2669 804 2724 si
822 2669 1289 2741 objusjurandum
1311 2671 1505 2727 fecisse
1531 2687 1587 2726 se
1611 2673 1763 2739 dicit,

158 2763 209 2842 si
235 2763 425 2832 patris,
468 2763 515 2817 si
565 2765 755 2842 matris
809 2765 1139 2835 postulasset
1190 2766 1466 2820 interitum
1525 2765 1766 2822 facturus

158 2841 345 2909 fuerat
373 2870 440 2908 an
470 2870 574 2910 non
596 2837 624 2908 ’ί
673 2854 816 2924 quod
863 2857 915 2910 in
960 2873 1018 2911 se
1048 2858 1428 2926 repudiaturus
1484 2858 1606 2924 fuit,
1640 2873 1769 2912 con—

159 2957 413 3004 temnere
435 2935 619 3004 debuit
646 2958 700 3003 et
723 2951 777 3004 in
806 2949 1095 3020 Propheta.

241 3041 374 3107 Quir
396 3059 513 3095 cum
561 3044 771 3108 exisset,
803 3043 937 3096 dixit
988 3044 1146 3096 matri
1174 3057 1324 3097 sum:
1373 3041 1514 3108 Quid
1543 3051 1712 3112 petam
1743 3043 1768 3096 ?

158 3113 230 3185 Ᾰι
259 3123 357 3185 illd
381 3131 546 3185 dixit:
599 3132 768 3202 Caput
808 3132 1032 3186 Joannis
1081 3132 1350 3203 Baptistw.
1403 3131 1666 3202 Ilerodias
1697 3132 1765 3185 ti-

161 3239 325 3300 mens
346 3237 411 3276 ne
436 3221 673 3277 Herodes
700 3223 988 3293 aliquando
1012 3225 1377 3293 resipis‘ceret,
1408 3223 1492 3276 vel
1521 3209 1766 3293 Philippo

1867 2025 2060 2080 swcula
2083 2027 2422 2081 saieulorum.
2444 2027 2636 2082 Amen.

2403 2119 2683 2173 HOMILIA
2721 2120 2941 2176 CLVIII.

2150 2225 2469 2265 nsanouxm
2499 2229 2587 2266 xiv
2617 2228 2744 2267 rosr
2776 2205 3170 2271 resrecosreu.

2245 2303 2429 2360 Lectio
2459 2306 2713 2376 Epistula:
2744 2308 2809 2360 ad
2849 2308 3088 2364 Galatas.

1955 2389 2207 2461 Fratres,
2245 2397 2468 2450 Abraha:
2513 2399 2667 2451 dicta:
2713 2385 2836 2452 sunt
2873 2401 3244 2470 promissiones
3287 2411 3337 2457 et
3381 2419 3460 2457 sc-

1867 2479 1995 2538 mim'
2025 2487 2157 2555 ejus.
2209 2487 2333 2540 Non
2363 2490 2488 2542 dicit
2521 2507 2538 2543 :
2570 2490 2638 2544 Et
2670 2493 2984 2557 seminibus,
3032 2495 3184 2562 quasi.
3225 2494 3277 2548 in
3329 2495 3464 2549 mul-

1868 2576 1953 2639 tis,
1989 2576 2077 2629 sed
2121 2578 2274 2647 quasi
2302 2578 2357 2632 in
2396 2595 2499 2632 uno
2532 2593 2548 2630 :
2581 2579 2649 2632 Et
2697 2581 2882 2634 semini
2923 2591 3033 2646 tuo',
3065 2583 3154 2653 qui
3183 2592 3254 2636 est
3303 2581 3461 2637 Chri-

1867 2677 1979 2721 stus
1996 2709 2009 2731 ,
2043 2679 2149 2722 etc.
2883 2738 2887 2742 _

1940 2761 2015 2814 De
2047 2761 2161 2832 lege
2200 2777 2295 2831 per
2319 2761 2533 2834 Moysen
2564 2763 2687 2817 data
2724 2761 2920 2832 popqu
2953 2761 3136 2832 Israel,
3167 2774 3221 2819 et
3244 2765 3308 2820 de
3332 2780 3463 2835 pro-

1866 2853 2218 2907 missionibus
2271 2851 2502 2908 Abrahae
2546 2855 2878 2909 sanctissimi
2932 2841 3297 2924 patriarclne,
3353 2864 3464 2908 tra~

1865 2941 2021 3000 ctans
2067 2944 2372 3013 Apostolus,
2405 2953 2464 2998 ut
2508 2946 2560 3000 in
2594 2948 2846 3016 praesenti
2892 2937 3128 3001 lectione
3153 2937 3358 3000 audivit
3386 2948 3468 3001 di-

1868 3037 2032 3093 lectio
2053 3041 2260 3103 vestra,
2313 3040 2536 3092 Abralue
2566 3040 2720 3094 dictte
2748 3051 2888 3106 sunt,
2926 3037 3121 3110 inquit,
3155 3037 3459 3113 promissio-

1868 3149 1955 3187 nes
1994 3133 2379 3202 redemptionis
2415 3141 2469 3186 et
2511 3133 2827 3187 salvationis
2873 3123 3099 3187 huiuaui
3147 3129 3361 3204 generis
3415 3133 3489 3187 et

1867 3227 2052 3279 semini
2077 3227 2214 3296 ejus,
2247 3237 2305 3280 ut
2334 3226 2533 3280 dicitur
2561 3226 2610 3279 ei
2647 3245 2658 3278 :
2696 3225 2764 3280 In
2796 3226 2990 3280 semine
3036 3235 3124 3280 tuo
3163 3223 3467 3280 benedicen-

159 3309 322 3368 fratri
364 3315 571 3368 amicus
605 3313 778 3379 fieret,
825 3325 986 3384 atque
1038 3315 1235 3370 illicitae
1293 3316 1494 3385 nuptim
1542 3316 1763 3384 repudio
1793 3311 1840 3377 C
1869 3323 1957 3371 tur
1983 3335 2158 3372 omnes
2200 3317 2370 3371 tribus
2402 3328 2574 3384 terra’,
2619 3327 2678 3372 ut
2720 3318 3115 3373 maledictionis
3140 3334 3265 3388 pars
3292 3320 3463 3390 prima

161 3401 528 3473 solverentur,
555 3419 737 3463 monet
768 3408 954 3475 filiam,
981 3418 1040 3462 ut
1066 3411 1118 3462 in
1151 3409 1266 3479 ipso
1310 3411 1491 3464 statim
1516 3410 1764 3464 convivio

103 3520 108 3525 ·
163 3510 333 3570 caput
379 3493 606 3554 Joannis
657 3500 918 3570 postulet,
963 3501 1180 3570 dignum
1233 3517 1367 3572 opus
1421 3501 1762 3567 saltationis,

167 3591 395 3663 dignum
419 3592 698 3659 sanguinis
725 3585 1026 3660 prmmium.

245 3677 310 3734 Et
333 3679 672 3738 contristatus
696 3694 786 3737 est.
802 3677 891 3736 rex
915 3697 932 3734 :
955 3692 1164 3755 propter
1181 3681 1558 3753 jusjurandum
1577 3694 1623 3737 et
1645 3701 1767 3753 pro-

161 3777 286 3846 pter
327 3773 484 3828 simul
533 3769 888 3830 rec'um'bentes
928 3776 1092 3829 noluit
1141 3789 1254 3830 eam
1304 3780 1632 3840 contristare,
1675 3775 1764 3830 sed

161 3867 330 3922 misso
359 3869 672 3938 spiculotore
709 3865 953 3940 pra’cepit
975 3871 1158 3940 aﬂ'erri
1194 3883 1346 3941 caput
1371 3872 1483 3939 ejus
1516 3873 1570 3924 in
1597 3872 1765 3937 disco,

161 3972 277 4016 etc.
323 3961 737 4018 Censuetudinis
766 3964 1168 4034 Scripturarum
1210 3974 1312 4028 est,
1361 3975 1419 4017 ut
1459 3966 1765 4032 opinionem

161 4053 464 4107 multorum
494 4055 572 4108 sic
594 4066 779 4109 narret
807 4053 1414 4130 historicus,xptomodo
1437 4071 1500 4109 co
1526 4054 1766 4126 tempore

160 4144 241 4197 ab
267 4129 521 4196 oninibus
544 4146 882 4199 credebatur.
910 4145 1059 4200 Sicut
1082 4129 1280 4216 Joscpb
1316 4147 1383 4199 ab
1414 4147 1525 4215 ipsa
1552 4147 1766 4214 quoque

160 4233 345 4289 Maria
375 4235 670 4304 appellatur
707 4248 860 4306 pater
881 4237 1027 4304 .Iesu,
1057 4241 1127 4294 ita
1159 4250 1211 4293 et
1250 4257 1393 4294 nunc
1422 4238 1660 4295 IIerodes
1681 4241 1766 4294 di-

161 4328 314 4383 citur
340 4328 712 4394 contristatus,
738 4331 860 4398 quia
893 4321 995 4385 hoc
1027 4332 1426 4387 discumbentes
1463 4327 1768 4403 putabant;

163 4418 540 4472 dissimulator
575 4421 716 4473 enim
748 4423 944 4476 mentis
982 4439 1112 4486 suae,
1146 4431 1197 4476 et
1229 4422 1424 4478 artifex
1471 4419 1764 4490 homicida,

164 4508 451 4564 tristitiam
483 4503 805 4577 pr:cferebat
850 4511 904 4564 in
951 4509 1104 4577 facie,
1129 4529 1250 4567 cum
1280 4514 1518 4567 laetitiam
1546 4509 1771 4569 haberet

164 4601 226 4656 in
258 4601 457 4666 mente,
489 4603 773 4672 scelusque
804 4614 1024 4658 excusat
1063 4604 1393 4672 juramento,
1446 4616 1506 4660 ut
1547 4609 1646 4662 sub
1672 4609 1765 4662 Oc-

1869 3402 2162 3473 delcrelur,
2204 3413 2258 3463 et
2311 3408 2621 3463 benedictio
2669 3409 2890 3463 daretdr
2938 3403 3033 3478 pro
3089 3407 3468 3465 maledictione

1869 3500 2121 3553 omnibus
2155 3501 2244 3570 qui
2296 3497 2388 3554 Dei
2423 3500 2644 3555 credere
2675 3509 2729 3555 et.
2758 3501 2977 3555 obedire
3027 3499 3294 3555 voluerint
3325 3519 3464 3573 pra!-

1871 3589 2059 3658 ccp'tis'.
2095 3589 2218 3644 Non
2252 3591 2376 3644 dicit
2407 3606 2424 3642 :
2454 3589 2520 3644 Et
2549 3592 2855 3656 seminibus,
2880 3591 3032 3661 quasi
3058 3593 3111 3645 in
3151 3591 3352 3656 multis,
3377 3591 3466 3646 sed

1869 3683 2022 3752 quasi
2063 3683 2114 3734 in
2152 3685 2255 3735 uno
2299 3698 2316 3735 :
2345 3681 2410 3735 Et
2438 3683 2625 3736 semini
2648 3687 2769 3748 tuo,
2814 3683 2903 3752 qui
2935 3685 3007 3735 est
3050 3680 3310 3747 Christus,
3340 3684 3464 3752 quia

1868 3787 1963 3844 per
2013 3773 2210 3829 nullius
2276 3775 2510 3828 hominis
2560 3774 2752 3828 merita
2824 3771 2921 3828 nec
2989 3775 3310 3843 promissio,
3367 3788 3465 3830 nec

1871 3866 1985 3936 ipsa
2023 3863 2146 3920 data
2187 3877 2270 3919 est
2301 3859 2629 3929 benedic‘tio,
2671 3874 2726 3919 et
2757 3861 2899 3919 facta
2932 3865 3230 3936 redemptio
3259 3866 3312 3919 in
3353 3865 3468 3920 Sola

1870 3957 2101 4027 gratuita
2138 3956 2343 4011 Christi
2384 3945 2505 4010 Filii
2546 3956 2640 4010 Dei
2675 3954 3070 4010 iniseriCordia‘.

1941 4046 2056 4101 Hoc
2082 4058 2255 4101 autem
2279 4047 2414 4111 dico,
2449 4045 2821 4100 testam'et'ttun't’
2856 4041 3223 4114 con/irritatum
3269 4066 3301 4100 (ι
3333 4045 3461 4112 Περ,

1868 4145 1970 4208 qua
2021 4146 2134 4207 post
2189 4137 2596 4207 quadringentos
2647 4141 2694 4188 et
2740 4127 2956 4204 triginta
2997 4153 3161 4189 annos
3200 4137 3340 4204 facta
3391 4137 3465 4190 est

1869 4217 2000 4294 Lar,
2031 4247 2134 4282 non
2161 4229 2369 4281 irritum
2402 4229 2530 4297 facit
2561 4227 2630 4279 ad
2665 4225 3021 4280 evacuandam
3046 4209 3460 4296 promissionem.

1869 4315 1968 4376 llic
2008 4322 2164 4376 docet
2193 4318 2482 4390 Apestolus
2511 4325 2619 4373 nou
2646 4333 2804 4388 posse
2830 4325 2926 4388 per
2955 4317 3148 4385 Legem
3171 4361 3185 4384 ,
3219 4336 3336 4389 quia:
3368 4321 3462 4390 μεί-

1869 4415 1981 4469 ἑῐθει
2013 4413 2135 4468 data
2168 4421 2273 4478 est,
2321 4405 2767 4482 repromissiones
2819 4407 2938 4483 (ιιιίὲ
2969 4409 3093 4466 a'nte
3143 4395 3303 4488 facta!
3342 4399 3467 4468 sunt,

1868 4507 1934 4561 ad
1963 4506 2237 4560 Abraham
2293 4505 2519 4570 destrui,
2549 4516 2603 4558 et
2628 4499 2931 4574 posteriora
2971 4505 3243 4574 prioribus
3273 4505 3465 4574 prmju-

1869 4601 2069 4663 dicare,
2104 4615 2224 4651 eum
2260 4597 2710 4666 repromissiones
2743 4585 3014 4666 prardiclze
3033 4594 3305 4649 Abraham
3341 4608 3464 4650 ante

165 4693 390 4748 casione
421 4693 634 4762 pietatis
667 4669 861 4764 iiupius
907 4669 1078 4750 fieret.
1108 4697 1258 4764 Quod
1286 4669 1464 4752 autem
1509 4691 1761 4767 subj'icit:
1794 4669 1848 4746 Il
1871 4693 2293 4762 quadringentos
2335 4697 2389 4742 et
2427 4690 2646 4758 triginta
2676 4700 2848 4740 annos
2887 4685 3045 4754 Legis
3072 4683 3209 4738 data:
3241 4685 3458 4749 fuerint,

164 4783 243 4838 Et
275 4796 484 4854 propter
508 4786 665 4838 simul
718 4786 1088 4853 recitmbentes,
1145 4789 1257 4842 vult
1304 4805 1493 4843 omnes
1545 4792 1766 4845 sceleris

164 4876 290 4944 ejus
330 4891 447 4930 esse
473 4881 772 4958 consortes,
810 4886 866 4931 ut
897 4879 947 4931 in
981 4871 1260 4934 luxurioso
1299 4881 1617 4950 impuroque
1639 4899 1766 4936 con-

161 4969 312 5021 vivio
343 4977 578 5023 cruentae
607 4961 776 5039 epulae
798 4963 1154 5024 deferrentur.

243 5058 312 5114 Et
342 5061 515 5115 attulit
548 5073 702 5133 caput
736 5063 847 5131 eius
878 5065 930 5117 in
957 5065 1124 5129 disco,
1154 5075 1201 5118 et
1231 5065 1370 5120 dedit
1402 5065 1534 5119 illud
1555 5059 1761 5137 puellm,

160 5162 216 5209 et
244 5152 423 5222 puclla
465 5151 605 5206 dedit
639 5158 796 5209 matri
835 5173 962 5209 sure.
1003 5156 1118 5222 Quo
1159 5157 1342 5211 audito
1377 5159 1623 5227 discipuli
1653 5159 1765 5228 ejus

163 5255 422 5299 venerunt
461 5249 510 5298 et
540 5246 770 5300 tulerunt
811 5264 997 5317 corpus
1052 5249 1188 5319 ejus,
1231 5261 1277 5302 et
1307 5262 1591 5322 posuerunt
1634 5252 1768 5304 illud

163 5337 224 5390 in
265 5348 623 5391 monumento.
677 5339 788 5393 IIoc
830 5340 983 5408 juxta
1031 5340 1269 5396 litteram
1306 5345 1504 5398 factum
1551 5345 1641 5408 sit,
1672 5361 1769 5398 nos

166 5438 355 5480 autem
390 5445 558 5498 usque
591 5432 750 5485 hodie
777 5434 1048 5486 cernimus
1078 5435 1128 5487 iu
1162 5436 1337 5504 capite
1381 5433 1605 5489 Joannis
1645 5453 1771 5505 pro-

163 5519 371 5589 phetae,
402 5517 616 5576 Judatos
645 5521 920 5577 Christum
949 5525 1038 5594 qui
1066 5536 1228 5594 caput
1267 5526 1661 5596 Prophetarum
1686 5531 1770 5581 est

163 5612 521 5683 perdidisse;
571 5614 764 5670 aliter:
817 5616 1109 5671 Decolla‘tio
1168 5616 1389 5671 Joannis
1453 5619 1757 5672 mi.:oratio-

162 5711 297 5759 hem
347 5703 504 5760 famae
531 5707 672 5762 illius
721 5725 825 5778 qua
856 5709 1104 5766 Christus
1148 5729 1176 5765 a
1219 5712 1415 5782 populo
1446 5713 1768 5767 credebatur

165 5796 439 5861 insinuat,
489 5800 626 5854 sicut
674 5801 931 5856 exaltatio
960 5804 1011 5856 in
1041 5818 1203 5857 cruce
1240 5803 1454 5856 Domini
1483 5803 1768 5857 salvatoris

165 5883 490 5970 profectum-
532 5890 843 5966 designabat
898 5893 1046 5964 fidei,
1097 5909 1204 5970 qua
1253 5894 1370 5969 ipse
1415 5894 1504 5968 qui
1551 5897 1700 5968 prius
1735 5903 1771 5952 a‘

1875 4784 2018 4852 quod
2047 4782 2499 4835 benedicerentur
2527 4781 2579 4831 in
2603 4779 2808 4832 semine
2833 4778 2967 4847 ejus,
3000 4771 3100 4829 hoc
3126 4771 3209 4828 est
3235 4777 3284 4829 in
3308 4777 3462 4830 Chri-

1873 4885 1978 4940 sto,
2003 4875 2266 4927 universce
2290 4874 2628 4935 n'ationes,et
2658 4871 2724 4924 ab
2748 4869 2896 4923 omni
2919 4859 3311 4923 maledictionis
3351 4870 3464 4922 viu-

1880 4968 1994 5025 culo
2025 4968 2406 5022 liberarentur.

1948 5060 2088 5114 Nam
2119 5064 2164 5115 si
2193 5079 2256 5114 ea:
2301 5061 2407 5131 lege
2437 5059 2737 5114 hwreditas.
2771 5053 2849 5112 Ac
2888 5059 2932 5114 si
2984 5059 3195 5114 dicatur
3224 5074 3235 5110 :
3275 5057 3330 5112 Si
3367 5073 3463 5129 per

1872 5151 2006 5223 legis
2033 5154 2468 5208 observationem
2499 5153 2655 5206 nobis
2687 5152 3006 5205 redderetur
3027 5159 3244 5203 (etei-nae
3273 5151 3461 5220 patriae

1867 5247 2176 5308 hereditas,
2215 5257 2334 5314 (piae
2386 5259 2483 5315 per
2533 5245 2703 5298 Adam
2751 5241 2964 5312 perdita
2995 5243 3093 5304 est,
3116 5241 3232 5312 jam
3266 5261 3366 5296 non
3397 5259 3461 5295 er.

1866 5338 2228 5407 promissione.
2258 5335 2371 5390 Non
2397 5338 2540 5391 enim
2564 5338 2630 5390 ad
2651 5335 3020 5389 cvacuaudaru
3049 5335 3459 5402 promissionem

1871 5434 1956 5487 vel
1997 5432 2379 5486 destruendam
2411 5432 2536 5484 data
2565 5440 2649 5485 est
2675 5430 2806 5493 Lex,
2837 5437 2896 5482 ut
2929 5429 2981 5482 in
3006 5415 3474 5506 consequentilnisj

1875 5523 2073 5582 dicitur
2106 5546 2118 5580 :

1948 5617 2088 5683 Quid
2127 5633 2248 5687 ergo
2296 5607 2448 5672 Lex?
2492 5614 2716 5687 Propter
2749 5620 3184 5687 transgressiones
3239 5628 3459 5670 mnuum

1872 5714 2041 5782 posita
2091 5721 2184 5765 est.
2229 5711 2461 5780 Propter
2508 5709 2830 5765 oﬂ'cnsioucs
2873 5711 3014 5764 enim
3064 5709 3277 5771 multas,
3326 5724 3461 5778 quas

1873 5804 2001 5858 fecit
2061 5805 2150 5857 Dei
2203 5803 2450 5872 populus,
2488 5803 2573 5857 lex
2620 5802 3082 5873 transgressiones
3138 5791 3463 5871 prohibendi

1874 5895 1995 5958 data
2021 5904 2126 5962 est,
2157 5894 2319 5950 donec
2350 5894 2544 5951 veniret
2590 5909 2797 5958 semen,
2830 5892 2886 5949 id
2932 5899 3017 5948 est
3063 5889 3329 5956 Christus,
3371 5885 3457 5944 cui
