3960 6360
462 358 562 445 tsi

1107 350 1170 411 B.
1211 354 1466 412 RABANI
1502 352 1724 412 MAURI
1761 334 2085 425 Aacmsr.‘
2112 349 2424 435 uocum.
2465 344 2749 431 ornavit
2787 342 2968 401 PARS
3007 342 3072 399 ll.

3653 336 3761 395 452

460 450 648 555 eadem
687 472 823 547 urbe
865 469 979 524 nati
1008 476 1065 525 et
1105 469 1319 534 nutriti,
1362 469 1457 524 sed
1487 476 1726 524 externze
1752 467 1927 545 gentis
1955 482 2047 541 ac-
2071 470 2122 532 Α
2150 464 2246 519 tali
2275 464 2509 529 cultura,
2553 461 2733 517 veraci
2773 459 2957 525 corde,
3007 458 3126 512 sine
3170 453 3543 518 simulatione,
3573 452 3638 507 in
3664 464 3756 507 sa-

460 565 605 644 cola,
638 563 763 633 quia
808 561 1267 633 magismisertus
1299 569 1400 626 est,
1432 559 1608 614 factus
1633 566 1721 613 est
1748 558 2045 628 proximus.

461 658 771 715 Sacratiore
821 665 1000 733 autem
1047 655 1341 733 intellectu,
1371 655 1626 724 quoniam
1676 668 1834 708 nemo
1878 652 2050 724 magis

458 758 544 805 est
586 750 863 821 proximus
917 730 1079 818 quam
1133 748 1226 817 qui
1275 730 1501 803 vulnera
1555 754 1742 802 nostra
1795 744 2045 811 curavit,

458 842 747 923 diligamus
785 857 908 897 eum
957 841 1112 910 quasi
1149 840 1435 895 Dominum
1471 839 1638 894 Deum
1678 847 1942 915 nostrum,
1969 838 2050 893 di-

459 932 687 1013 ligamus
717 931 873 1003 quasi
932 932 1236 1009 proximum
1272 950 1283 985 :
1318 931 1453 985 nihil
1498 931 1645 997 enim
1693 939 1803 984 tam
1858 930 2047 1000 proxi-

457 1040 607 1100 mum
651 1040 813 1094 quam
862 1032 1024 1095 caput
1072 1024 1349 1105 membris.
1387 1022 1682 1094 Diligamus
1719 1024 1883 1077 etiam
1923 1037 2048 1093 eum

457 1116 550 1187 qui
595 1117 837 1172 imitator
879 1124 963 1172 est
991 1115 1227 1181 Christi;
1281 1116 1384 1171 hoc
1438 1123 1524 1171 est
1575 1116 1718 1171 enim
1773 1116 1918 1186 quod
1961 1130 2049 1171 sei

458 1200 687 1278 quitur:
1358 1190 1371 1197 θ
1508 1192 1516 1198 ³
1700 1188 1870 1204 ”’
1994 1196 1997 1197 ν

527 1299 596 1379 Et
625 1300 698 1354 ait
723 1298 802 1353 illi
827 1299 981 1365 Iesus
1007 1314 1026 1352 :
1063 1299 1210 1356 Vade
1249 1308 1297 1355 et
1328 1310 1385 1379 tn
1429 1300 1517 1371 fac
1557 1300 1819 1381 similiter,
1854 1299 1911 1355 id
1940 1306 2046 1373 est,

454 1402 517 1446 ut
545 1406 674 1449 vere
718 1399 773 1448 te
825 1392 1130 1467 proximum
1178 1392 1317 1455 sicut
1368 1400 1421 1447 te
1448 1393 1623 1465 ipsum
1654 1392 1876 1466 diligere
1928 1386 2046 1446 ma;-

454 1483 703 1552 nifest‘es,
729 1487 988 1558 quidquid
1019 1487 1168 1542 vales
1200 1487 1253 1541 in
1276 1484 1393 1557 ejus
1420 1486 1505 1541 vel
1536 1485 1804 1556 corporali
1833 1484 1918 1541 vel
1940 1485 2050 1559 spi-

456 1573 598 1630 ritali
623 1578 951 1633 necessitate
971 1579 1302 1634 sublevanda
1337 1580 1561 1634 devotus
1584 1594 1833 1649 operare,
1860 1568 2048 1651 sicque

454 1667 524 1748 ad
556 1668 709 1745 regni
738 1668 975 1725 caelestis
1003 1669 1225 1739 prmmia
1259 1670 1464 1740 poteris
1497 1654 1802 1741 pervenire.
1960 1670 1965 1677 ”

995 1780 1277 1865 HQMlLlA
1337 1783 1495 1865 CLX.

1105 1866 1227 1908 FER]
1238 1873 1269 1908 Δ
1308 1871 1383 1909 ιν.

448 1939 637 1997 Lectio
688 1941 942 2013 Epistolas
986 1943 1133 1999 beati
1185 1943 1335 1999 Pauli
1385 1946 1613 2017 apostoli
1647 1946 1712 2002 ad
1760 1946 2043 2004 Hebraeos.

526 2032 775 2101 Fratres,
810 2035 1053 2090 habentes
1091 2036 1345 2105 ﬁduciam
1378 2040 1431 2092 in
1469 2038 1687 2092 introitu
1718 2050 2044 2108 sanctorum,

450 2125 507 2179 in
534 2126 791 2195 sanguine
841 2125 1058 2193 Christi,
1107 2143 1266 2199 quam
1297 2127 1521 2181 initiavit
1574 2116 1721 2183 nobis
1766 2129 1903 2183 viam
1948 2147 2047 2184 no-

451 2232 569 2271 vam
595 2226 643 2271 et
674 2217 922 2272 viventem
961 2208 1054 2290 per
1094 2218 1326 2274 velamen
1350 2260 1364 2285 ,
1413 2219 1468 2273 id
1508 2229 1583 2274 est
1626 2237 1838 2275 carnem
1871 2238 2044 2290 suam,

447 2315 500 2380 et
527 2308 849 2363 sacerdotem
877 2325 1126 2380 magnum
1156 2328 1315 2381 super
1335 2312 1552 2366 domum
1581 2312 1700 2367 Dei.

522 2398 622 2453 Hic
645 2400 880 2455 ostendit
906 2402 1220 2479 distantiam
1248 2404 1519 2477 pontiﬁcis
1549 2412 1603 2460 et
1630 2405 1954 2475 hostiarum,
1988 2414 2046 2462 et

451 2491 810 2561 tabernaculi,
866 2502 921 2549 et
971 2495 1333 2567 Testamenti,
1384 2506 1439 2552 et
1486 2499 1944 2568 repromissionis,
1992 2507 2047 2555 et

450 2582 675 2637 multam
704 2583 1063 2641 diﬁ‘erentiam
1099 2604 1112 2640 ε
1145 2587 1413 2657 siquidem
1460 2588 1548 2643 illa
1595 2590 1811 2660 quidem
1842 2572 2053 2661 tempe--

455 2671 610 2739 ralia,
636 2675 751 2730 hinc
782 2683 961 2730 autem
991 2685 1225 2744 aeterna;
1269 2678 1359 2733 illa
1391 2678 1609 2748 quidem
1658 2679 1891 2747 inﬁrma,
1930 2682 2045 2737 haec

452 2770 634 2817 autem
659 2762 931 2847 perfecta;
958 2765 1046 2843 illa
1073 2768 1291 2837 quidem
1317 2767 1522 2837 formae,
1551 2771 1665 2847 hmo
1695 2778 1873 2825 autem
1896 2772 2042 2827 veri-

448 2860 552 2909 tas.
570 2853 695 2910 Non
719 2857 861 2911 enim
879 2857 1034 2931 juxta
1066 2850 1238 2932 legem
1264 2863 1526 2935 mandati,
1556 2864 2041 2939 inquit,.carnalis,

431 2944 715 3025 'sedjuxta
737 2950 993 3005 virtutem
1018 2951 1145 3007 vitae
1195 2952 1518 3021 insolubilis,
1549 2964 1604 3010 et
1629 2940 1685 3009 tu
1715 2972 1768 3010 es
1798 2958 2042 3011 sacerdos

448 3035 503 3089 in
533 3047 856 3107 perpetuum.
890 3041 1031 3098 Ecce
1073 3045 1407 3114 perpetuitas
1448 3047 1748 3103 sacerdotis
1772 3058 1827 3102 et
1852 3045 2043 3102 Testa-

450 3136 633 3183 mento
663 3128 753 3184 illo
779 3130 914 3186 dixit
937 3132 1080 3202 quod
1120 3143 1395 3190 vetustum
1428 3145 1541 3201 est;
1568 3138 1708 3207 quod
1750 3146 1929 3192 autem
1951 3152 2042 3192 ve-

2102 548 2113 557 ’
2154 556 2458 613 tisl’actione
2486 554 2631 622 ﬁdei,
2653 555 2779 627 quia
2811 552 2946 608 nihil
2970 559 3056 607 est
3077 548 3290 605 visibiie
3317 548 3541 612 horum,
3569 560 3758 615 neque

2152 650 2407 705 sacerdos
2448 647 2582 717 jam,
2643 661 2823 716 neque
2886 642 3249 709 sacriﬁcium,
3308 654 3492 711 neque
3550 637 3753 693 altare.

2150 740 2465 811 Propterea,
2514 737 2708 808 inquit,
2754 739 2811 790 in
2853 733 3178 805 plenitudine
3238 732 3361 802 ﬁdei
3404 732 3489 787 sic
3528 736 3757 800 oportet

2151 833 2397 898 credere,
2433 828 2704 901 quomodo
2729 827 2867 883 certi
2898 842 3086 883 sumus
3109 826 3176 881 de
3215 823 3411 879 vislbiti
3438 824 3657 878 etenim
3700 832 3759 877 et

2153 926 2330 980 adhuc
2354 923 2600 994 amplius.
2634 920 2771 976 liinc
2813 919 2959 974 enim
3004 917 3293 988 aliquando
3321 915 3510 971 carnis
3549 928 3758 975 scissus

2150 1018 2388 1075 erantin
2417 1018 2502 1072 his
2521 1031 2642 1086 qua:
2688 1014 2962 1078 videntur,
3013 1011 3124 1067 illic
3153 1022 3335 1071 autem
3374 1023 3754 1077 nequaquam,

2150 1112 2280 1183 quia
2311 1108 2503 1179 spiritu
2533 1104 2797 1178 spiritalia
2835 1104 3186 1176 percipimus,
3215 1110 3273 1165 et
3298 1116 3407 1156 non
3432 1099 3570 1155 licet
3590 1100 3759 1154 1129'—

2150 1210 2270 1258 tare
2318 1201 2388 1257 de
2433 1201 2531 1267 iis;
2580 1200 2702 1255 ideo
2744 1197 2863 1253 ait:
2898 1195 3108 1267 Aspersi
3140 1194 3294 1248 corde
3337 1209 3373 1246 a
3420 1193 3758 1247 conscientia

2149 1292 2313 1359 mala,
2343 1290 2637 1347 ostendens
2676 1288 2804 1360 quia
2844 1301 2953 1341 non
2979 1285 3114 1340 ﬁdes
3142 1284 3275 1349 sola,
3310 1283 3407 1338 sed
3436 1282 3614 1337 etiam
3646 1282 3756 1334 vita

2151 1400 2277 1441 cum
2304 1384 2507 1439 virtute
2528 1383 2811 1453 quaeritur,
2835 1380 2961 1450 quia
2990 1377 3127 1433 ﬁdes
3146 1377 3264 1431 sine
3287 1377 3553 1446 operibus
3573 1376 3758 1430 otiosa

2149 1485 2254 1533 est.
2295 1477 2376 1532 illi
2428 1484 2610 1531 autem
2660 1487 2889 1543 corpora
2936 1468 3288 1534 mandabant,
3336 1484 3437 1523 nos
3464 1465 3759 1522 conscien-

2153 1570 2302 1625 tiam.
2325 1568 2395 1623 Et
2423 1567 2589 1629 abluti
2628 1582 2767 1637 aqua
2812 1562 3029 1617 munda.
3072 1562 3375 1627 Lavacrum
3404 1561 3758 1632 baptismatis

2149 1664 2204 1719 in
2250 1662 2352 1719 hoc
2378 1662 2500 1718 loco
2528 1661 2659 1716 dicit
2689 1676 2703 1715 :
2738 1658 3065 1729 baptismum
3116 1658 3263 1713 enim
3309 1658 3567 1728 corporis
3591 1672 3753 1711 inun-

2150 1755 2296 1811 datio
2329 1769 2438 1810 non
2471 1760 2578 1818 est,
2628 1750 2725 1806 sed
2748 1750 2965 1814 animai,
2999 1748 3043 1803 si
3086 1747 3221 1804 ﬁdes
3244 1748 3400 1803 adest
3447 1749 3758 1817 baptizata,

2075 1860 2126 1920 Β
2153 1846 2266 1902 sive
2291 1854 2601 1917 parentum,
2631 1844 2745 1898 sive
2764 1842 2965 1897 suimet
2988 1839 3178 1911 ipsius,
3206 1840 3251 1895 si
3273 1840 3340 1894 ad
3364 1838 3757 1894 rationabilem

2150 1946 2365 1994 aetatem
2392 1937 2718 2007 perveniret.

2223 2031 2511 2086 Teneamus
2562 2031 2669 2103 spei
2723 2041 2915 2085 nostra:
2967 2029 3346 2100 confessionem
3393 2025 3762 2080 indeclinabi-

2150 2123 2249 2179 lem
2291 2139 2309 2178 :
2360 2121 2534 2192 ﬁdelis
2573 2132 2650 2176 est
2702 2124 2840 2177 enim
2881 2122 2971 2193 qui
3032 2120 3345 2192 repromisit.
3402 2117 3556 2172 Nihil
3604 2116 3759 2171 enim

2150 2214 2428 2279 scruteris,
2461 2214 2537 2269 nil
2573 2214 2800 2270 rationis
2849 2222 3130 2286 exspectes
3181 2232 3193 2266 :
3229 2211 3334 2266 ﬁde
3372 2225 3519 2281 opus
3548 2210 3760 2263 habent

2148 2311 2264 2365 11330
2306 2308 2511 2373 omnia,
2554 2308 2680 2377 quia
2735 2308 2847 2361 sine
2894 2307 3000 2376 ﬁde
3040 2304 3355 2376 impossibile
3406 2314 3483 2358 est
3542 2303 3761 2374 placere

2148 2401 2279 2457 Deo.
2322 2400 2478 2455 Sicut
2504 2399 2646 2453 Deus
2674 2397 2850 2453 ﬁdelis
2878 2407 2962 2453 est
2990 2398 3042 2452 in
3075 2397 3360 2468 promissis
3387 2395 3531 2460 suis,
3562 2394 3641 2453 ita
3692 2394 3757 2446 ti-

2148 2495 2296 2551 deles
2325 2494 2439 2548 vult
2484 2508 2586 2548 nos
2613 2508 2732 2548 esse
2764 2493 2817 2546 in
2857 2492 3138 2563 promissis
3168 2491 3393 2555 nostris,
3439 2504 3570 2559 quae
3598 2488 3758 2542 vovi-

2147 2604 2291 2653 mus,
2322 2587 2537 2643 diabolo
2566 2584 2943 2641 contradicere
2986 2591 3040 2640 et
3071 2582 3289 2638 Christo
3315 2582 3522 2636 dicere.

2222 2679 2291 2733 Et
2326 2678 2713 2733 consideremus
2745 2677 2959 2730 invicem
2982 2664 3037 2729 in
3067 2675 3433 2746 provocatione
3469 2671 3759 2725 charitatis

2147 2782 2196 2831 et
2226 2774 2480 2828 bonorum
2520 2787 2754 2841 operum,
2803 2786 2908 2824 non
2944 2768 3235 2822 deserentes
3267 2763 3637 2823 collectionem
3659 2779 3761 2814 no-

2147 2874 2335 2930 stram,
2386 2864 2521 2918 sicut
2566 2870 2642 2916 est
2692 2859 3086 2914 consuetudinis
3116 2854 3453 2927 quibusdam.
3495 2852 3761 2918 Quidest

2146 2958 2510 3029 intelligamus
2533 2954 2793 3010 invicem?
2817 2953 2862 3008 si
2889 2952 3011 3022 quis
3046 2950 3209 3004 fuerit
3229 2949 3433 3001 virtute
3459 2945 3755 3016 praeditus,

2145 3053 2291 3106 hunc
2326 3050 2620 3113 imitemur,
2651 3056 2706 3101 et
2733 3045 3076 3101 intendamus
3104 3042 3157 3095 in
3184 3055 3329 3103 eum,
3363 3047 3422 3092 ut
3453 3037 3760 3109 diligamus

2144 3150 2200 3198 et
2224 3138 2546 3212 diligamur;
2577 3153 2645 3192 ex
2673 3135 2962 3191 dilectione
2990 3132 3186 3202 quippe
3214 3130 3356 3190 bona
3376 3143 3555 3198 opera
3591 3127 3754 3183 ﬁunt.

455 3218 679 3274 terascit
703 3227 758 3276 et
779 3222 1016 3278 senescit
1042 3225 1350 3294 proximum
1381 3236 1465 3283 est
1494 3228 1756 3283 interitui.
1780 3229 1900 3284 ‘lloc
1950 3245 2044 3283 au-
2070 3229 2116 3295 C
2148 3235 2399 3306 Magnum
2435 3232 2631 3303 quippe
2661 3230 2864 3284 bonum
2889 3235 2975 3282 est
3007 3223 3357 3295 congregatio
3382 3240 3396 3275 :
3431 3222 3555 3292 ipsa
3594 3237 3760 3275 nam-

450 3315 556 3363 tem
582 3309 992 3367 Testamentum
1042 3313 1251 3370 Novum
1295 3325 1350 3371 et
1377 3318 1751 3375 remissionem
1790 3329 2045 3390 peccato-

449 3412 569 3455 rum
599 3398 785 3467 habet,
818 3401 949 3459 illud
984 3413 1163 3459 autem
1192 3406 1324 3461 nihil
1355 3408 1692 3477 hujusmodi;
1749 3410 1879 3467 illud
1922 3413 2042 3482 qui-

450 3487 571 3542 dem
609 3504 769 3545 manu
802 3491 1026 3559 factum,
1064 3495 1168 3551 hoc
1207 3505 1389 3553 autem
1435 3515 1553 3557 non;
1586 3517 1748 3556 manu
1799 3501 2055 3569 factum;

449 3578 580 3635 illud
608 3581 824 3650 quidem
854 3586 1171 3665 sanguinem
1201 3572 1477 3645 hircorum
1526 3594 1781 3658 habebat,
1816 3593 1921 3648 hoc
1948 3609 2044 3648 au-

451 3678 559 3727 tem
582 3673 825 3740 Domini;
857 3674 987 3731 illud
1015 3679 1231 3746 quidem
1272 3688 1507 3735 stantem
1546 3683 1906 3747 sacerdotem,
1936 3685 2041 3739 hoc

450 3772 631 3819 autem
662 3766 961 3822 sedentem.
989 3770 1255 3836 Quoniam
1299 3773 1465 3844 igitur
1491 3784 1683 3830 cuncta
1712 3776 1799 3831 illa
1830 3776 2041 3832 minora

449 3865 597 3923 sunt,
624 3859 741 3913 haec
762 3869 943 3915 autem
972 3863 1205 3934 majora,
1222 3875 1535 3936 propterea,
1558 3870 1752 3940 inquit,
1774 3870 2037 3937 habentes,

447 3948 660 4018 fratres,
712 3952 985 4020 ﬁduciam.
1042 3956 1231 4012 Unde?
1284 3957 1437 4013 Sicut
1476 3960 1620 4015 enim
1672 3962 2040 4017 confusionem

445 4038 650 4097 iaciunt
674 4053 919 4112 peccata,
958 4046 1036 4107 sic
1068 4047 1318 4103 fiduciam
1349 4051 1592 4105 onmium
1630 4052 1879 4107 remissio
1915 4068 2041 4123 pee-

445 4140 712 4198 catorutn,
745 4144 799 4189 et
825 4137 971 4206 quod
999 4138 1313 4202 coltaaredes
1362 4141 1541 4197 eﬁ‘ecti
1582 4158 1785 4207 sumus,
1815 4153 1870 4198 et
1896 4146 2041 4214 quod

447 4229 595 4277 tanta
619 4225 907 4289 dilectione
938 4228 1192 4284 fruimur.
1222 4231 1292 4286 In
1324 4234 1569 4299 introitu,
1610 4235 1804 4305 inquit,
1833 4245 2042 4289 sancto-

444 4328 583 4367 rum.
616 4315 901 4373 introitum
946 4321 1034 4375 hic
1059 4322 1256 4377 coelum
1296 4325 1427 4379 dicit
1450 4335 1507 4379 et
1531 4341 1807 4381 accessum
1837 4328 1903 4381 ad
1931 4328 2041 4397 spi-

447 4405 647 4459 ritalia.
674 4407 846 4475 Quam
878 4410 1168 4477 dedicavit,
1205 4414 1310 4471 hoc
1358 4424 1461 4481 est,
1507 4434 1669 4487 quam
1713 4420 2036 4487 construxit,

446 4509 609 4564 quam
633 4500 958 4566 praeparavit
981 4510 1035 4554 et
1062 4516 1225 4571 quam
1255 4505 1505 4561 initiavit.
1540 4507 1818 4562 Dedicatio
1844 4509 2042 4579 quippe

2146 3342 2251 3397 que
2267 3324 2588 3381 charitatem
2609 3328 2862 3391 operatur
2882 3315 3265 3375 ferventiorem
3291 3322 3427 3368 etet
3450 3326 3517 3375 ea
3549 3318 3760 3366 curret:

2143 3418 2285 3473 bona
2315 3429 2480 3486 Opera
2515 3418 2859 3485 generantur.
2899 3407 3040 3462 Nihil
3071 3420 3304 3475 namque
3334 3405 3565 3467 bonum,
3609 3404 3759 3475 quod

2144 3525 2253 3565 non
2302 3523 2402 3578 per
2429 3507 2749 3561 charitatem
2803 3504 2891 3567 ﬁt;
2944 3502 3106 3555 istam
3155 3499 3322 3570 igitur
3349 3498 3759 3561 conﬁrmantis

2145 3600 2400 3665 invicem,
2445 3597 2571 3667 quia
2622 3594 2899 3666 plenitudo
2941 3591 3104 3663 Legis
3156 3590 3396 3651 charitas
3447 3598 3559 3644 est.
3636 3589 3757 3643 Non

2145 3689 2290 3744 enim
2330 3686 2533 3742 laboris
2560 3700 2695 3757 opus
2723 3684 2986 3739 habemus
3025 3690 3118 3736 aut
3160 3680 3399 3745 sudoris;
3456 3680 3505 3734 si
3537 3680 3759 3735 dilexe-

2144 3780 2316 3835 rimus
2350 3779 2605 3843 invicem,
2655 3782 2955 3846 spontanea
3005 3773 3162 3829 nobis
3206 3774 3318 3827 vita
3365 3775 3759 3841 prosternitur

2145 3870 2349 3925 ducens
2397 3869 2465 3929 ad
2506 3867 2758 3920 virtutem
2802 3874 2855 3919 et
2885 3863 2952 3917 ad
2991 3862 3258 3919 caelestia.
3298 3860 3457 3917 Sicut
3501 3863 3669 3919 enim
3700 3864 3756 3917 in

2146 3963 2338 4017 itinere
2366 3959 2659 4029 contingit,
2703 3956 2748 4011 si
2774 3956 2895 4026 quis
2943 3955 3158 4009 initium
3198 3955 3627 4024 comprehendit
3679 3973 3758 4010 ne-

2145 4061 2290 4109 ctam
2317 4051 2486 4115 viam,
2519 4049 2734 4103 ducitur
2765 4048 2853 4101 ubi
2883 4054 3112 4116 oportet,
3144 4045 3225 4100 sic
3266 4046 3430 4100 etiam
3458 4046 3515 4099 in
3556 4048 3757 4102 chari-

2144 4155 2257 4201 tate
2312 4152 2519 4200 tantum
2565 4141 2745 4210 arripe
2778 4139 3139 4210 principium,
3173 4147 3228 4193 et
3267 4138 3451 4193 statim
3511 4154 3755 4195 manum

2146 4236 2243 4291 tibi
2281 4236 2554 4304 prmbens,
2596 4232 2713 4301 ipsa
2758 4240 2810 4287 le
2839 4232 2988 4286 ducit
3016 4241 3072 4285 et
3095 4231 3298 4299 dirigit.
3326 4228 3501 4295 Sicut,
3532 4231 3751 4302 inquit,

2145 4336 2219 4382 est
2256 4324 2650 4380 consuetudinis
2680 4323 3011 4395 quibusdam.
3044 4325 3100 4379 in
3129 4324 3232 4379 hoc
3258 4323 3377 4380 loco
3415 4339 3526 4387 non
3560 4326 3750 4380 solum

2145 4418 2445 4481 admonuit,
2493 4415 2590 4472 sed
2630 4416 2797 4486 etiam
2836 4415 3073 4485 culpavit
3121 4425 3176 4470 et
3224 4416 3417 4470 terruit
3465 4416 3751 4472 unitatem

2145 4507 2429 4563 charitatis
2468 4506 2799 4561 scindentes.

444 4586 646 4643 dicitur
686 4589 903 4645 initium
944 4595 1152 4649 utendi.
1184 4595 1355 4661 Quam
1384 4600 1727 4667 praeparavit,
1759 4602 1950 4672 inquit,
1981 4611 2036 4657 et
2063 4593 2113 4652 D
2210 4598 2313 4654 Sed
2335 4599 2685 4662 consolantes,
2719 4608 2767 4652 et
2793 4607 2937 4659 tanto
2958 4602 3128 4669 magis
3151 4609 3347 4671 quanto
3376 4600 3624 4656 videritis
3649 4621 3751 4673 ap-

442 4694 543 4752 per
563 4691 727 4752 quam
754 4683 868 4754 ipse
894 4686 1135 4755 perrexit
1155 4687 1299 4741 viam
1321 4704 1538 4755 novam,
1561 4691 1689 4746 hinc
1709 4691 2032 4748 satisfactio-

443 4788 567 4828 nem
599 4775 713 4845 spei
742 4775 983 4832 declarat
995 4795 1189 4834 novam
1212 4780 1413 4847 dicens,
1435 4792 1662 4837 conatur
1681 4785 1826 4838 enim
1851 4794 2034 4840 osten-

443 4863 574 4919 dere
628 4875 823 4922 cuncta
880 4869 1084 4940 majpra
1139 4886 1239 4925 nos
1290 4872 1509 4927 habere.
1560 4874 1837 4944 Siquidem
1891 4892 2034 4939 nunc

442 4964 646 5023 aperta:
676 4965 803 5013 sunt
846 4968 1021 5029 portze
1063 4962 1207 5027 coeli,
1241 4965 1382 5032 quod
1433 4980 1606 5036 neque
1650 4968 1718 5021 ad
1757 4968 2031 5023 Abraham

445 5049 690 5121 contigit.
722 5048 873 5108 Viam
896 5068 1093 5107 novam
1122 5054 1260 5109 dixit
1278 5057 1419 5124 vitae,
1444 5060 1541 5119 sed
1569 5059 1711 5115 viam
1744 5060 1889 5115 illam
1938 5077 2034 5116 vo-

446 5139 610 5203 cavit,
653 5141 757 5197 hoc
801 5150 888 5197 est
929 5152 1232 5214 praecepta;
1262 5146 1377 5216 ipse
1405 5157 1588 5212 autem
1616 5150 1888 5206 dedicavit
1934 5167 2033 5207 no-

447 5232 873 5297 vam,dedicavit
895 5244 1077 5292 autem
1108 5237 1253 5295 illam
1280 5242 1385 5297 hac
1405 5244 1612 5299 ratione
1638 5245 1894 5313 quoniam
1914 5246 2031 5315 ipse

448 5323 502 5379 in
533 5338 598 5378 ea
637 5328 894 5394 perrexit.
950 5330 1324 5389 Velamentum
1355 5346 1536 5391 autem
1589 5339 1802 5393 vocavit
1847 5356 1861 5392 ε
1902 5355 2029 5407 cum

446 5414 590 5468 enim
641 5415 883 5475 elevatus
930 5430 1014 5478 est
1064 5422 1123 5478 in
1169 5426 1465 5496 excelsum,
1494 5438 1626 5486 tunc
1659 5438 2029 5501 apparuerunt

445 5504 706 5562 celestis.
1356 5530 1363 5537 λ

516 5602 835 5663 Accedamus
885 5628 1003 5667 cum
1051 5632 1170 5671 vero
1211 5618 1367 5673 corde
1405 5619 1463 5673 in
1504 5617 1830 5689 plenitudine
1881 5618 2028 5688 ﬁdei,

447 5699 643 5765 aspersi
693 5701 851 5757 corda
894 5723 927 5758 a
979 5710 1299 5769 conscientia
1349 5710 1508 5775 mala,
1545 5718 1593 5764 et
1632 5709 1800 5764 abluti
1839 5727 2030 5782 corpus

448 5805 593 5859 aqua
610 5797 826 5852 munda.
879 5798 937 5853 in
968 5815 1078 5869 quo
1104 5803 1449 5869 accedamus,
1478 5802 1684 5859 scilicet
1712 5803 1837 5868 ﬁde,
1869 5804 2032 5875 spiri-

2138 4694 2572 4764 propinquantem
2597 4693 2755 4746 diem.
2780 4694 2950 4759 Quem
2987 4694 3127 4747 dicm
3158 4695 3421 4764 designat,
3458 4695 3560 4749 nisi
3591 4696 3748 4752 dim

2133 4783 2348 4853 judicii,
2404 4786 2458 4838 in
2514 4800 2621 4855 quo
2668 4784 3000 4855 singulorum
3062 4787 3254 4839 merita
3309 4787 3750 4844 examinantur?

2142 4878 2235 4932 Vel
2270 4879 2433 4932 etiam
2463 4887 2764 4931 extremum
2804 4877 2943 4931 diem
2979 4878 3101 4932 vita:
3149 4885 3374 4944 nostrm;
3407 4878 3537 4933 dicit
3580 4880 3744 4935 enim

2139 4969 2245 5024 alio
2278 4970 2396 5024 loco
2429 4986 2441 5022 :
2482 4969 2735 5022 Dominus
2766 4983 2925 5038 prope
2965 4978 3063 5034 est,
3089 4968 3218 5022 niliil
3248 4969 3458 5023 solliciti
3479 4969 3649 5034 estis,
3687 4971 3744 5025 id

2137 5074 2239 5129 est,
2271 5065 2337 5118 de
2379 5063 2648 5128 terrenis;
2676 5070 2731 5117 et
2762 5063 2891 5117 item
2919 5080 2932 5114 :

2206 5154 2363 5209 Nunc
2383 5155 2596 5225 prapius
2635 5164 2712 5209 est
2756 5152 2903 5207 nobis
2923 5152 3067 5207 salus
3092 5162 3272 5207 nostra
3289 5170 3445 5224 quam
3471 5169 3591 5207 cum
3623 5172 3747 5210 cre—

2130 5249 2384 5315 didimus,
2433 5256 2632 5318 tempus
2664 5247 2851 5317 quippe
2894 5245 3250 5299 abbreviatum
3291 5256 3399 5309 est;
3427 5245 3742 5301 voluntarie

2135 5343 2273 5397 enim
2322 5340 2654 5411 peccantibus
2690 5337 2837 5392 nobis
2875 5345 2991 5408 post
3020 5347 3287 5407 acceptam
3316 5335 3554 5390 notitiam
3592 5340 3742 5391 ueri-

2137 5434 2260 5488 tatis
2279 5433 2400 5503 jam
2436 5448 2541 5485 non
2569 5428 2881 5500 relinquitur
2909 5428 3078 5482 hostia
3115 5444 3212 5498 pro
3237 5428 3481 5498 peccatis.
3517 5425 3741 5496 Sponte

2134 5539 2371 5593 namque
2394 5522 2745 5594 peccantibus
2768 5520 2951 5585 nobis,
2984 5527 3270 5589 postquam
3297 5518 3608 5588 accepimus
3634 5532 3742 5574 vc-

2135 5617 2318 5679 ritatis
2345 5615 2699 5687 agnitionem,
2728 5612 2870 5667 ultra
2912 5627 3020 5667 non
3047 5609 3376 5681 relinquitur
3401 5609 3574 5664 hostia
3630 5625 3743 5678 pro

2134 5706 2393 5778 peccatis,
2430 5708 2572 5761 sicut
2596 5706 2649 5760 in
2682 5704 2850 5760 veteri
2878 5702 3022 5773 Lege
3053 5702 3314 5757 donatum
3366 5700 3467 5755 fuit
3511 5699 3740 5755 hostias

2134 5803 2328 5862 oﬁ‘eri‘c
2357 5804 2550 5873 sepius
2572 5818 2667 5872 pro
2696 5807 2934 5871 peccato.
2971 5797 3153 5868 Neque
3173 5798 3319 5854 enim
3338 5797 3585 5854 Christus
3602 5796 3739 5857 ipse
