  <div class='ocr_page' id='page_1' title='image "/cluster/home/n/w/nwhite01/storage/ocr_20150623/110/hvd.32044015466865/238.png"; bbox 0 0 3960 6360; ppageno 0'>
   <div class='ocr_carea' id='block_1_1' title="bbox 182 290 290 357">
    <p class='ocr_par' dir='ltr' id='par_1_1' title="bbox 182 290 290 357">
     <span class='ocr_line' id='line_1_1' title="bbox 182 290 290 357; baseline 0.019 -2"><span class='ocrx_word' id='word_1_1' title='bbox 182 290 290 357; x_wconf 72' lang='grc'><strong>453</strong></span> 
     </span>
    </p>
   </div>
   <div class='ocr_carea' id='block_1_2' title="bbox 1282 280 2364 377">
    <p class='ocr_par' dir='ltr' id='par_1_2' title="bbox 1282 280 2364 377">
     <span class='ocr_line' id='line_1_2' title="bbox 1282 280 2364 377; baseline -0.002 -32"><span class='ocrx_word' id='word_1_2' title='bbox 1282 284 1588 377; x_wconf 74' lang='lat' dir='ltr'><strong>110me</strong></span> <span class='ocrx_word' id='word_1_3' title='bbox 1621 284 1690 343; x_wconf 82' lang='lat' dir='ltr'><strong>IN</strong></span> <span class='ocrx_word' id='word_1_4' title='bbox 1728 280 1944 373; x_wconf 58' lang='lat' dir='ltr'><strong>EPISI.</strong></span> <span class='ocrx_word' id='word_1_5' title='bbox 1982 285 2071 347; x_wconf 83' lang='lat' dir='ltr'><strong>ET</strong></span> <span class='ocrx_word' id='word_1_6' title='bbox 2106 282 2364 343; x_wconf 78' lang='lat' dir='ltr'><strong>EVANG.</strong></span> 
     </span>
    </p>
   </div>
   <div class='ocr_carea' id='block_1_3' title="bbox 3332 277 3446 347">
    <p class='ocr_par' dir='ltr' id='par_1_3' title="bbox 3332 277 3446 347">
     <span class='ocr_line' id='line_1_3' title="bbox 3332 277 3446 347; baseline 0 -5"><span class='ocrx_word' id='word_1_7' title='bbox 3332 277 3446 347; x_wconf 62' lang='grc' dir='ltr'><strong>ΔΜ</strong></span> 
     </span>
    </p>
   </div>
   <div class='ocr_carea' id='block_1_4' title="bbox 184 386 3449 487">
    <p class='ocr_par' dir='ltr' id='par_1_4' title="bbox 184 386 3449 487">
     <span class='ocr_line' id='line_1_4' title="bbox 184 386 3449 487; baseline -0.001 -28"><span class='ocrx_word' id='word_1_8' title='bbox 184 405 381 487; x_wconf 57' lang='lat' dir='ltr'><strong>iterum</strong></span> <span class='ocrx_word' id='word_1_9' title='bbox 432 403 794 481; x_wconf 54' lang='lat' dir='ltr'><strong>jpynolandus</strong></span> <span class='ocrx_word' id='word_1_10' title='bbox 834 409 922 479; x_wconf 69' lang='lat' dir='ltr'><strong>est</strong></span> <span class='ocrx_word' id='word_1_11' title='bbox 962 415 1062 483; x_wconf 80' lang='lat' dir='ltr'><strong>pro</strong></span> <span class='ocrx_word' id='word_1_12' title='bbox 1108 402 1350 475; x_wconf 77' lang='lat' dir='ltr'><strong>peccatis</strong></span> <span class='ocrx_word' id='word_1_13' title='bbox 1396 401 1615 467; x_wconf 88' lang='lat' dir='ltr'><strong>nostris,</strong></span> <span class='ocrx_word' id='word_1_14' title='bbox 1662 400 1765 479; x_wconf 81' lang='lat' dir='ltr'><strong>hpc</strong></span> <span class='ocrx_word' id='word_1_15' title='bbox 1791 401 1970 487; x_wconf 48' lang='lat' dir='ltr'><strong>Alius</strong></span> <span class='ocrx_word' id='word_1_16' title='bbox 2005 399 2286 481; x_wconf 74' lang='lat' dir='ltr'><strong>Scriptura</strong></span> <span class='ocrx_word' id='word_1_17' title='bbox 2312 401 2484 457; x_wconf 90' lang='lat' dir='ltr'><strong>dicit:</strong></span> <span class='ocrx_word' id='word_1_18' title='bbox 2516 401 2759 475; x_wconf 74' lang='lat' dir='ltr'><strong>Accedite</strong></span> <span class='ocrx_word' id='word_1_19' title='bbox 2790 402 2860 456; x_wconf 85' lang='lat' dir='ltr'><strong>ad</strong></span> <span class='ocrx_word' id='word_1_20' title='bbox 2890 416 3030 481; x_wconf 74' lang='lat' dir='ltr'><strong>eum,</strong></span> <span class='ocrx_word' id='word_1_21' title='bbox 3079 410 3127 458; x_wconf 86' lang='lat' dir='ltr'><strong>et</strong></span> <span class='ocrx_word' id='word_1_22' title='bbox 3172 386 3449 475; x_wconf 55' lang='lat' dir='ltr'><strong>iamim-</strong></span> 
     </span>
    </p>
   </div>
   <div class='ocr_carea' id='block_1_5' title="bbox 183 497 1764 575">
    <p class='ocr_par' dir='ltr' id='par_1_5' title="bbox 183 497 1764 575">
     <span class='ocr_line' id='line_1_5' title="bbox 183 497 1764 575; baseline -0.002 -21"><span class='ocrx_word' id='word_1_23' title='bbox 183 499 329 556; x_wconf 85' lang='lat' dir='ltr'><strong>enim</strong></span> <span class='ocrx_word' id='word_1_24' title='bbox 376 497 543 575; x_wconf 74' lang='lat' dir='ltr'><strong>semel</strong></span> <span class='ocrx_word' id='word_1_25' title='bbox 572 498 773 552; x_wconf 84' lang='lat' dir='ltr'><strong>iactum</strong></span> <span class='ocrx_word' id='word_1_26' title='bbox 816 504 920 563; x_wconf 90' lang='lat' dir='ltr'><strong>est,</strong></span> <span class='ocrx_word' id='word_1_27' title='bbox 965 506 1020 551; x_wconf 90' lang='lat' dir='ltr'><strong>et</strong></span> <span class='ocrx_word' id='word_1_28' title='bbox 1071 497 1309 553; x_wconf 90' lang='lat' dir='ltr'><strong>secundo</strong></span> <span class='ocrx_word' id='word_1_29' title='bbox 1354 512 1460 551; x_wconf 90' lang='lat' dir='ltr'><strong>non</strong></span> <span class='ocrx_word' id='word_1_30' title='bbox 1487 504 1569 552; x_wconf 90' lang='lat' dir='ltr'><strong>est</strong></span> <span class='ocrx_word' id='word_1_31' title='bbox 1594 510 1764 567; x_wconf 89' lang='lat' dir='ltr'><strong>opus;</strong></span> 
     </span>
    </p>
   </div>
   <div class='ocr_carea' id='block_1_6' title="bbox 184 590 1768 669">
    <p class='ocr_par' dir='ltr' id='par_1_6' title="bbox 184 590 1768 669">
     <span class='ocr_line' id='line_1_6' title="bbox 184 590 1768 669; baseline -0.002 -23"><span class='ocrx_word' id='word_1_32' title='bbox 184 592 281 647; x_wconf 86' lang='lat' dir='ltr'><strong>sed</strong></span> <span class='ocrx_word' id='word_1_33' title='bbox 328 590 500 661; x_wconf 82' lang='lat' dir='ltr'><strong>magis</strong></span> <span class='ocrx_word' id='word_1_34' title='bbox 526 605 661 661; x_wconf 90' lang='lat' dir='ltr'><strong>opus</strong></span> <span class='ocrx_word' id='word_1_35' title='bbox 703 597 787 644; x_wconf 87' lang='lat' dir='ltr'><strong>est</strong></span> <span class='ocrx_word' id='word_1_36' title='bbox 827 597 951 660; x_wconf 88' lang='lat' dir='ltr'><strong>post</strong></span> <span class='ocrx_word' id='word_1_37' title='bbox 978 599 1255 669; x_wconf 83' lang='lat' dir='ltr'><strong>acceptam</strong></span> <span class='ocrx_word' id='word_1_38' title='bbox 1295 590 1523 662; x_wconf 76' lang='lat' dir='ltr'><strong>gratiam</strong></span> <span class='ocrx_word' id='word_1_39' title='bbox 1554 605 1768 660; x_wconf 86' lang='lat' dir='ltr'><strong>perma-</strong></span> 
     </span>
    </p>
   </div>
   <div class='ocr_carea' id='block_1_7' title="bbox 182 680 1770 759">
    <p class='ocr_par' dir='ltr' id='par_1_7' title="bbox 182 680 1770 759">
     <span class='ocr_line' id='line_1_7' title="bbox 182 680 1770 759; baseline -0.001 -22"><span class='ocrx_word' id='word_1_40' title='bbox 182 698 317 738; x_wconf 88' lang='lat' dir='ltr'><strong>nere</strong></span> <span class='ocrx_word' id='word_1_41' title='bbox 345 683 399 759; x_wconf 79' lang='lat' dir='ltr'><strong>in</strong></span> <span class='ocrx_word' id='word_1_42' title='bbox 430 682 535 737; x_wconf 78' lang='lat' dir='ltr'><strong>[ide</strong></span> <span class='ocrx_word' id='word_1_43' title='bbox 561 692 615 738; x_wconf 86' lang='lat' dir='ltr'><strong>et</strong></span> <span class='ocrx_word' id='word_1_44' title='bbox 644 680 909 735; x_wconf 88' lang='lat' dir='ltr'><strong>charitate</strong></span> <span class='ocrx_word' id='word_1_45' title='bbox 948 682 1214 753; x_wconf 87' lang='lat' dir='ltr'><strong>bonorum</strong></span> <span class='ocrx_word' id='word_1_46' title='bbox 1244 697 1490 759; x_wconf 84' lang='lat' dir='ltr'><strong>operum.</strong></span> <span class='ocrx_word' id='word_1_47' title='bbox 1533 680 1770 736; x_wconf 84' lang='lat' dir='ltr'><strong>Arbores</strong></span> 
     </span>
    </p>
   </div>
   <div class='ocr_carea' id='block_1_8' title="bbox 182 773 1770 853">
    <p class='ocr_par' dir='ltr' id='par_1_8' title="bbox 182 773 1770 853">
     <span class='ocr_line' id='line_1_8' title="bbox 182 773 1770 853; baseline -0.002 -24"><span class='ocrx_word' id='word_1_48' title='bbox 182 792 308 847; x_wconf 64' lang='lat' dir='ltr'><strong>qum</strong></span> <span class='ocrx_word' id='word_1_49' title='bbox 356 775 617 853; x_wconf 68' lang='lat' dir='ltr'><strong>institutae</strong></span> <span class='ocrx_word' id='word_1_50' title='bbox 647 782 774 829; x_wconf 87' lang='lat' dir='ltr'><strong>sunt</strong></span> <span class='ocrx_word' id='word_1_51' title='bbox 812 783 867 829; x_wconf 92' lang='lat' dir='ltr'><strong>et</strong></span> <span class='ocrx_word' id='word_1_52' title='bbox 899 780 1151 853; x_wconf 53' lang='lat' dir='ltr'><strong>caeteram</strong></span> <span class='ocrx_word' id='word_1_53' title='bbox 1190 773 1495 853; x_wconf 73' lang='lat' dir='ltr'><strong>habuerunt</strong></span> <span class='ocrx_word' id='word_1_54' title='bbox 1541 773 1770 845; x_wconf 80' lang='lat' dir='ltr'><strong>diligen-</strong></span> 
     </span>
    </p>
   </div>
   <div class='ocr_carea' id='block_1_9' title="bbox 181 844 1767 947">
    <p class='ocr_par' dir='ltr' id='par_1_9' title="bbox 181 844 1767 947">
     <span class='ocr_line' id='line_1_9' title="bbox 181 844 1767 947; baseline -0.003 -25"><span class='ocrx_word' id='word_1_55' title='bbox 181 844 318 922; x_wconf 84' lang='lat' dir='ltr'><strong>tiam</strong></span> <span class='ocrx_word' id='word_1_56' title='bbox 347 844 720 947; x_wconf 76' lang='lat' dir='ltr'><strong>agricolarum,</strong></span> <span class='ocrx_word' id='word_1_57' title='bbox 756 844 1056 933; x_wconf 71' lang='lat' dir='ltr'><strong>adhibitam</strong></span> <span class='ocrx_word' id='word_1_58' title='bbox 1088 844 1339 947; x_wconf 65' lang='lat' dir='ltr'><strong>manibus</strong></span> <span class='ocrx_word' id='word_1_59' title='bbox 1365 844 1527 935; x_wconf 81' lang='lat' dir='ltr'><strong>atque</strong></span> <span class='ocrx_word' id='word_1_60' title='bbox 1566 863 1767 941; x_wconf 74' lang='lat' dir='ltr'><strong>labori-</strong></span> 
     </span>
    </p>
   </div>
   <div class='ocr_carea' id='block_1_10' title="bbox 178 942 1771 1039">
    <p class='ocr_par' dir='ltr' id='par_1_10' title="bbox 178 942 1771 1039">
     <span class='ocr_line' id='line_1_10' title="bbox 178 942 1771 1039; baseline -0.002 -24"><span class='ocrx_word' id='word_1_61' title='bbox 178 960 306 1027; x_wconf 85' lang='lat' dir='ltr'><strong>bus,</strong></span> <span class='ocrx_word' id='word_1_62' title='bbox 339 942 385 1015; x_wconf 80' lang='lat' dir='ltr'><strong>si</strong></span> <span class='ocrx_word' id='word_1_63' title='bbox 419 959 621 1014; x_wconf 89' lang='lat' dir='ltr'><strong>nullam</strong></span> <span class='ocrx_word' id='word_1_64' title='bbox 664 942 907 1033; x_wconf 79' lang='lat' dir='ltr'><strong>referam</strong></span> <span class='ocrx_word' id='word_1_65' title='bbox 950 944 1153 1031; x_wconf 85' lang='lat' dir='ltr'><strong>laboris</strong></span> <span class='ocrx_word' id='word_1_66' title='bbox 1178 942 1644 1039; x_wconf 70' lang='lat' dir='ltr'><strong>vicissitudinem,</strong></span> <span class='ocrx_word' id='word_1_67' title='bbox 1685 973 1771 1012; x_wconf 67' lang='grc' dir='ltr'><strong>τει-</strong></span> 
     </span>
    </p>
   </div>
   <div class='ocr_carea' id='block_1_11' title="bbox 177 1050 1769 1135">
    <p class='ocr_par' dir='ltr' id='par_1_11' title="bbox 177 1050 1769 1135">
     <span class='ocr_line' id='line_1_11' title="bbox 177 1050 1769 1135; baseline -0.003 -26"><span class='ocrx_word' id='word_1_68' title='bbox 177 1054 379 1127; x_wconf 84' lang='lat' dir='ltr'><strong>dicitus</strong></span> <span class='ocrx_word' id='word_1_69' title='bbox 409 1052 628 1125; x_wconf 64' lang='lat' dir='ltr'><strong>evulsa,</strong></span> <span class='ocrx_word' id='word_1_70' title='bbox 670 1051 785 1129; x_wconf 83' lang='lat' dir='ltr'><strong>igni</strong></span> <span class='ocrx_word' id='word_1_71' title='bbox 819 1052 1137 1135; x_wconf 61' lang='lat' dir='ltr'><strong>tradentur;</strong></span> <span class='ocrx_word' id='word_1_72' title='bbox 1170 1052 1276 1107; x_wconf 90' lang='lat' dir='ltr'><strong>tale</strong></span> <span class='ocrx_word' id='word_1_73' title='bbox 1318 1051 1577 1131; x_wconf 78' lang='lat' dir='ltr'><strong>quiddam</strong></span> <span class='ocrx_word' id='word_1_74' title='bbox 1615 1062 1669 1105; x_wconf 87' lang='lat' dir='ltr'><strong>et</strong></span> <span class='ocrx_word' id='word_1_75' title='bbox 1714 1050 1769 1104; x_wconf 91' lang='lat' dir='ltr'><strong>in</strong></span> 
     </span>
    </p>
   </div>
   <div class='ocr_carea' id='block_1_12' title="bbox 176 1142 1770 1225">
    <p class='ocr_par' dir='ltr' id='par_1_12' title="bbox 176 1142 1770 1225">
     <span class='ocr_line' id='line_1_12' title="bbox 176 1142 1770 1225; baseline -0.003 -23"><span class='ocrx_word' id='word_1_76' title='bbox 176 1163 346 1204; x_wconf 85' lang='lat' dir='ltr'><strong>causa</strong></span> <span class='ocrx_word' id='word_1_77' title='bbox 396 1146 666 1219; x_wconf 72' lang='lat' dir='ltr'><strong>contingit</strong></span> <span class='ocrx_word' id='word_1_78' title='bbox 719 1145 1101 1225; x_wconf 72' lang='lat' dir='ltr'><strong>baptismatis;</strong></span> <span class='ocrx_word' id='word_1_79' title='bbox 1151 1161 1275 1201; x_wconf 90' lang='lat' dir='ltr'><strong>cum</strong></span> <span class='ocrx_word' id='word_1_80' title='bbox 1327 1146 1473 1223; x_wconf 79' lang='lat' dir='ltr'><strong>enim</strong></span> <span class='ocrx_word' id='word_1_81' title='bbox 1521 1142 1770 1225; x_wconf 75' lang='lat' dir='ltr'><strong>Christus</strong></span> 
     </span>
    </p>
   </div>
   <div class='ocr_carea' id='block_1_13' title="bbox 174 1235 1770 1315">
    <p class='ocr_par' dir='ltr' id='par_1_13' title="bbox 174 1235 1770 1315">
     <span class='ocr_line' id='line_1_13' title="bbox 174 1235 1770 1315; baseline -0.003 -20"><span class='ocrx_word' id='word_1_82' title='bbox 174 1255 278 1296; x_wconf 85' lang='lat' dir='ltr'><strong>nos</strong></span> <span class='ocrx_word' id='word_1_83' title='bbox 310 1240 605 1295; x_wconf 83' lang='lat' dir='ltr'><strong>instituerit</strong></span> <span class='ocrx_word' id='word_1_84' title='bbox 632 1246 698 1315; x_wconf 84' lang='lat' dir='ltr'><strong>et</strong></span> <span class='ocrx_word' id='word_1_85' title='bbox 746 1239 1077 1309; x_wconf 84' lang='lat' dir='ltr'><strong>irrogatione</strong></span> <span class='ocrx_word' id='word_1_86' title='bbox 1115 1237 1349 1309; x_wconf 87' lang='lat' dir='ltr'><strong>spiritali</strong></span> <span class='ocrx_word' id='word_1_87' title='bbox 1392 1236 1547 1307; x_wconf 87' lang='lat' dir='ltr'><strong>potiti</strong></span> <span class='ocrx_word' id='word_1_88' title='bbox 1603 1235 1770 1292; x_wconf 84' lang='lat' dir='ltr'><strong>fueri-</strong></span> 
     </span>
    </p>
   </div>
   <div class='ocr_carea' id='block_1_14' title="bbox 175 1327 1770 1411">
    <p class='ocr_par' dir='ltr' id='par_1_14' title="bbox 175 1327 1770 1411">
     <span class='ocr_line' id='line_1_14' title="bbox 175 1327 1770 1411; baseline -0.003 -26"><span class='ocrx_word' id='word_1_89' title='bbox 175 1344 325 1411; x_wconf 78' lang='lat' dir='ltr'><strong>mus,</strong></span> <span class='ocrx_word' id='word_1_90' title='bbox 355 1330 401 1384; x_wconf 88' lang='lat' dir='ltr'><strong>si</strong></span> <span class='ocrx_word' id='word_1_91' title='bbox 430 1328 857 1411; x_wconf 73' lang='lat' dir='ltr'><strong>deinde&#39;nullum</strong></span> <span class='ocrx_word' id='word_1_92' title='bbox 884 1328 1119 1392; x_wconf 83' lang='lat' dir='ltr'><strong>fructum</strong></span> <span class='ocrx_word' id='word_1_93' title='bbox 1144 1328 1455 1409; x_wconf 75' lang='lat' dir='ltr'><strong>ali‘eramus,</strong></span> <span class='ocrx_word' id='word_1_94' title='bbox 1492 1327 1632 1411; x_wconf 65' lang='lat' dir='ltr'><strong>tgnis</strong></span> <span class='ocrx_word' id='word_1_95' title='bbox 1672 1343 1770 1387; x_wconf 85' lang='lat' dir='ltr'><strong>nos</strong></span> 
     </span>
    </p>
   </div>
   <div class='ocr_carea' id='block_1_15' title="bbox 174 1402 1769 1505">
    <p class='ocr_par' dir='ltr' id='par_1_15' title="bbox 174 1402 1769 1505">
     <span class='ocr_line' id='line_1_15' title="bbox 174 1402 1769 1505; baseline 0.001 -30"><span class='ocrx_word' id='word_1_96' title='bbox 174 1402 518 1503; x_wconf 71' lang='lat' dir='ltr'><strong>exspectabit</strong></span> <span class='ocrx_word' id='word_1_97' title='bbox 539 1402 1093 1505; x_wconf 68' lang='lat' dir='ltr'><strong>gehenpteetﬂamma</strong></span> <span class='ocrx_word' id='word_1_98' title='bbox 1125 1402 1605 1501; x_wconf 69' lang='lat' dir='ltr'><strong>inexstinguibiiis.</strong></span> <span class='ocrx_word' id='word_1_99' title='bbox 1626 1421 1769 1477; x_wconf 88' lang='lat' dir='ltr'><strong>Pau-</strong></span> 
     </span>
    </p>
   </div>
   <div class='ocr_carea' id='block_1_16' title="bbox 174 1510 1772 1593">
    <p class='ocr_par' dir='ltr' id='par_1_16' title="bbox 174 1510 1772 1593">
     <span class='ocr_line' id='line_1_16' title="bbox 174 1510 1772 1593; baseline 0.001 -28"><span class='ocrx_word' id='word_1_100' title='bbox 174 1514 259 1568; x_wconf 85' lang='lat' dir='ltr'><strong>lus</strong></span> <span class='ocrx_word' id='word_1_101' title='bbox 287 1514 457 1593; x_wconf 80' lang='lat' dir='ltr'><strong>igitur</strong></span> <span class='ocrx_word' id='word_1_102' title='bbox 480 1514 733 1593; x_wconf 76' lang='lat' dir='ltr'><strong>hortatur</strong></span> <span class='ocrx_word' id='word_1_103' title='bbox 758 1512 826 1589; x_wconf 83' lang='lat' dir='ltr'><strong>ad</strong></span> <span class='ocrx_word' id='word_1_104' title='bbox 853 1512 1176 1567; x_wconf 83' lang='lat' dir='ltr'><strong>charitatem</strong></span> <span class='ocrx_word' id='word_1_105' title='bbox 1215 1519 1271 1567; x_wconf 91' lang='lat' dir='ltr'><strong>et</strong></span> <span class='ocrx_word' id='word_1_106' title='bbox 1298 1510 1772 1593; x_wconf 77' lang='lat' dir='ltr'><strong>frttctiiicationem</strong></span> 
     </span>
    </p>
   </div>
   <div class='ocr_carea' id='block_1_17' title="bbox 172 1588 1772 1675">
    <p class='ocr_par' dir='ltr' id='par_1_17' title="bbox 172 1588 1772 1675">
     <span class='ocr_line' id='line_1_17' title="bbox 172 1588 1772 1675; baseline -0.001 -16"><span class='ocrx_word' id='word_1_107' title='bbox 172 1588 443 1671; x_wconf 62' lang='lat' dir='ltr'><strong>bonorum</strong></span> <span class='ocrx_word' id='word_1_108' title='bbox 467 1588 716 1675; x_wconf 82' lang='lat' dir='ltr'><strong>operum,</strong></span> <span class='ocrx_word' id='word_1_109' title='bbox 746 1588 811 1658; x_wconf 79' lang='lat' dir='ltr'><strong>ex</strong></span> <span class='ocrx_word' id='word_1_110' title='bbox 840 1603 1064 1659; x_wconf 88' lang='lat' dir='ltr'><strong>utilibus</strong></span> <span class='ocrx_word' id='word_1_111' title='bbox 1084 1603 1339 1669; x_wconf 84' lang='lat' dir='ltr'><strong>invitans.</strong></span> <span class='ocrx_word' id='word_1_112' title='bbox 1366 1588 1503 1672; x_wconf 76' lang='lat' dir='ltr'><strong>Qua:</strong></span> <span class='ocrx_word' id='word_1_113' title='bbox 1532 1612 1659 1658; x_wconf 90' lang='lat' dir='ltr'><strong>sunt</strong></span> <span class='ocrx_word' id='word_1_114' title='bbox 1682 1620 1772 1657; x_wconf 83' lang='lat' dir='ltr'><strong>au-</strong></span> 
     </span>
    </p>
   </div>
   <div class='ocr_carea' id='block_1_18' title="bbox 175 1678 1773 1779">
    <p class='ocr_par' dir='ltr' id='par_1_18' title="bbox 175 1678 1773 1779">
     <span class='ocr_line' id='line_1_18' title="bbox 175 1678 1773 1779; baseline 0.001 -30"><span class='ocrx_word' id='word_1_115' title='bbox 175 1703 285 1750; x_wconf 88' lang='lat' dir='ltr'><strong>tem</strong></span> <span class='ocrx_word' id='word_1_116' title='bbox 317 1678 435 1751; x_wconf 73' lang='lat' dir='ltr'><strong>haec</strong></span> <span class='ocrx_word' id='word_1_117' title='bbox 454 1682 627 1761; x_wconf 79' lang='lat' dir='ltr'><strong>utilia,</strong></span> <span class='ocrx_word' id='word_1_118' title='bbox 661 1696 919 1779; x_wconf 82' lang='lat' dir='ltr'><strong>quoniam</strong></span> <span class='ocrx_word' id='word_1_119' title='bbox 949 1695 1233 1750; x_wconf 88' lang='lat' dir='ltr'><strong>introitum</strong></span> <span class='ocrx_word' id='word_1_120' title='bbox 1268 1696 1535 1750; x_wconf 83' lang='lat' dir='ltr'><strong>habemus</strong></span> <span class='ocrx_word' id='word_1_121' title='bbox 1557 1696 1623 1751; x_wconf 88' lang='lat' dir='ltr'><strong>ad</strong></span> <span class='ocrx_word' id='word_1_122' title='bbox 1651 1711 1773 1751; x_wconf 87' lang='lat' dir='ltr'><strong>san-</strong></span> 
     </span>
    </p>
   </div>
   <div class='ocr_carea' id='block_1_19' title="bbox 1869 493 3453 573">
    <p class='ocr_par' dir='ltr' id='par_1_19' title="bbox 1869 493 3453 573">
     <span class='ocr_line' id='line_1_19' title="bbox 1869 493 3453 573; baseline 0.002 -26"><span class='ocrx_word' id='word_1_123' title='bbox 1869 494 2022 569; x_wconf 73' lang='lat' dir='ltr'><strong>mini,</strong></span> <span class='ocrx_word' id='word_1_124' title='bbox 2049 502 2105 569; x_wconf 81' lang='lat' dir='ltr'><strong>et</strong></span> <span class='ocrx_word' id='word_1_125' title='bbox 2149 503 2363 569; x_wconf 54' lang='lat' dir='ltr'><strong>caetera.</strong></span> <span class='ocrx_word' id='word_1_126' title='bbox 2412 493 2684 549; x_wconf 82' lang='lat' dir='ltr'><strong>Exeuntes</strong></span> <span class='ocrx_word' id='word_1_127' title='bbox 2732 493 2980 565; x_wconf 81' lang='lat' dir='ltr'><strong>videlicet</strong></span> <span class='ocrx_word' id='word_1_128' title='bbox 3027 510 3148 550; x_wconf 91' lang='lat' dir='ltr'><strong>cum</strong></span> <span class='ocrx_word' id='word_1_129' title='bbox 3188 497 3453 573; x_wconf 70' lang='lat' dir='ltr'><strong>magistro</strong></span> 
     </span>
    </p>
   </div>
   <div class='ocr_carea' id='block_1_20' title="bbox 1871 586 3453 675">
    <p class='ocr_par' dir='ltr' id='par_1_20' title="bbox 1871 586 3453 675">
     <span class='ocr_line' id='line_1_20' title="bbox 1871 586 3453 675; baseline 0.003 -35"><span class='ocrx_word' id='word_1_130' title='bbox 1871 601 1969 661; x_wconf 83' lang='lat' dir='ltr'><strong>suo</strong></span> <span class='ocrx_word' id='word_1_131' title='bbox 2010 586 2242 663; x_wconf 86' lang='lat' dir='ltr'><strong>diabolo,</strong></span> <span class='ocrx_word' id='word_1_132' title='bbox 2292 587 2359 642; x_wconf 92' lang='lat' dir='ltr'><strong>de</strong></span> <span class='ocrx_word' id='word_1_133' title='bbox 2407 604 2512 675; x_wconf 88' lang='lat' dir='ltr'><strong>quo</strong></span> <span class='ocrx_word' id='word_1_134' title='bbox 2543 589 2804 663; x_wconf 90' lang='lat' dir='ltr'><strong>scriptum</strong></span> <span class='ocrx_word' id='word_1_135' title='bbox 2824 596 2911 667; x_wconf 61' lang='lat' dir='ltr'><strong>est</strong></span> <span class='ocrx_word' id='word_1_136' title='bbox 2953 607 2967 643; x_wconf 87' lang='lat'>:</span> <span class='ocrx_word' id='word_1_137' title='bbox 3002 587 3177 659; x_wconf 61' lang='lat' dir='ltr'><strong>Exivi;</strong></span> <span class='ocrx_word' id='word_1_138' title='bbox 3206 589 3373 667; x_wconf 73' lang='lat' dir='ltr'><strong>$atan</strong></span> <span class='ocrx_word' id='word_1_139' title='bbox 3417 607 3453 669; x_wconf 63' lang='grc' dir='ltr'><strong>ᾳ</strong></span> 
     </span>
    </p>
   </div>
   <div class='ocr_carea' id='block_1_21' title="bbox 1869 676 3455 759">
    <p class='ocr_par' dir='ltr' id='par_1_21' title="bbox 1869 676 3455 759">
     <span class='ocr_line' id='line_1_21' title="bbox 1869 676 3455 759; baseline 0.003 -28"><span class='ocrx_word' id='word_1_140' title='bbox 1869 677 2004 747; x_wconf 83' lang='lat' dir='ltr'><strong>[acie</strong></span> <span class='ocrx_word' id='word_1_141' title='bbox 2037 677 2268 757; x_wconf 79' lang='lat' dir='ltr'><strong>Domini.</strong></span> <span class='ocrx_word' id='word_1_142' title='bbox 2297 676 2586 732; x_wconf 80' lang='lat' dir='ltr'><strong>Consilium</strong></span> <span class='ocrx_word' id='word_1_143' title='bbox 2616 678 2846 751; x_wconf 84' lang='lat' dir='ltr'><strong>fecerunt</strong></span> <span class='ocrx_word' id='word_1_144' title='bbox 2873 678 3131 759; x_wconf 63' lang='lat' dir='ltr'><strong>quomodo</strong></span> <span class='ocrx_word' id='word_1_145' title='bbox 3154 679 3309 759; x_wconf 63' lang='lat' dir='ltr'><strong>vitam</strong></span> <span class='ocrx_word' id='word_1_146' title='bbox 3337 696 3455 751; x_wconf 88' lang='lat' dir='ltr'><strong>per-</strong></span> 
     </span>
    </p>
   </div>
   <div class='ocr_carea' id='block_1_22' title="bbox 1870 770 3453 865">
    <p class='ocr_par' dir='ltr' id='par_1_22' title="bbox 1870 770 3453 865">
     <span class='ocr_line' id='line_1_22' title="bbox 1870 770 3453 865; baseline 0.001 -40"><span class='ocrx_word' id='word_1_147' title='bbox 1870 770 2070 826; x_wconf 86' lang='lat' dir='ltr'><strong>derent.</strong></span> <span class='ocrx_word' id='word_1_148' title='bbox 2102 770 2221 843; x_wconf 85' lang='lat' dir='ltr'><strong>Non</strong></span> <span class='ocrx_word' id='word_1_149' title='bbox 2266 773 2533 855; x_wconf 86' lang='lat' dir='ltr'><strong>quomodo</strong></span> <span class='ocrx_word' id='word_1_150' title='bbox 2571 771 2737 845; x_wconf 81' lang='lat' dir='ltr'><strong>vitam</strong></span> <span class='ocrx_word' id='word_1_151' title='bbox 2784 772 2885 865; x_wconf 72' lang='lat' dir='ltr'><strong>ipsi</strong></span> <span class='ocrx_word' id='word_1_152' title='bbox 2926 771 3252 855; x_wconf 69' lang='lat' dir='ltr'><strong>invenirent.</strong></span> <span class='ocrx_word' id='word_1_153' title='bbox 3299 770 3453 841; x_wconf 84' lang='lat' dir='ltr'><strong>Quod</strong></span> 
     </span>
    </p>
   </div>
   <div class='ocr_carea' id='block_1_23' title="bbox 1871 861 3454 945">
    <p class='ocr_par' dir='ltr' id='par_1_23' title="bbox 1871 861 3454 945">
     <span class='ocr_line' id='line_1_23' title="bbox 1871 861 3454 945; baseline 0.003 -30"><span class='ocrx_word' id='word_1_154' title='bbox 1871 870 2049 943; x_wconf 79' lang='lat' dir='ltr'><strong>autem</strong></span> <span class='ocrx_word' id='word_1_155' title='bbox 2077 863 2306 941; x_wconf 85' lang='lat' dir='ltr'><strong>Domino</strong></span> <span class='ocrx_word' id='word_1_156' title='bbox 2350 863 2521 945; x_wconf 78' lang='lat' dir='ltr'><strong>iniqui</strong></span> <span class='ocrx_word' id='word_1_157' title='bbox 2570 861 2865 945; x_wconf 79' lang='lat' dir='ltr'><strong>moliuntur</strong></span> <span class='ocrx_word' id='word_1_158' title='bbox 2918 862 3162 940; x_wconf 78' lang='lat' dir='ltr'><strong>insidias,</strong></span> <span class='ocrx_word' id='word_1_159' title='bbox 3216 861 3356 943; x_wconf 69' lang='lat' dir='ltr'><strong>iivor</strong></span> <span class='ocrx_word' id='word_1_160' title='bbox 3395 863 3454 931; x_wconf 87' lang='lat' dir='ltr'><strong>in</strong></span> 
     </span>
    </p>
   </div>
   <div class='ocr_carea' id='block_1_24' title="bbox 1871 953 3457 1039">
    <p class='ocr_par' dir='ltr' id='par_1_24' title="bbox 1871 953 3457 1039">
     <span class='ocr_line' id='line_1_24' title="bbox 1871 953 3457 1039; baseline 0.001 -31"><span class='ocrx_word' id='word_1_161' title='bbox 1871 968 2032 1009; x_wconf 89' lang='lat' dir='ltr'><strong>causa</strong></span> <span class='ocrx_word' id='word_1_162' title='bbox 2060 963 2143 1011; x_wconf 89' lang='lat' dir='ltr'><strong>est</strong></span> <span class='ocrx_word' id='word_1_163' title='bbox 2168 974 2180 1009; x_wconf 88' lang='lat'><strong>:</strong></span> <span class='ocrx_word' id='word_1_164' title='bbox 2213 954 2341 1026; x_wconf 91' lang='lat' dir='ltr'><strong>quid</strong></span> <span class='ocrx_word' id='word_1_165' title='bbox 2369 956 2514 1037; x_wconf 79' lang='lat' dir='ltr'><strong>enim</strong></span> <span class='ocrx_word' id='word_1_166' title='bbox 2541 953 2750 1037; x_wconf 77' lang='lat' dir='ltr'><strong>fecerat</strong></span> <span class='ocrx_word' id='word_1_167' title='bbox 2776 966 2835 1037; x_wconf 67' lang='lat' dir='ltr'><strong>ut</strong></span> <span class='ocrx_word' id='word_1_168' title='bbox 2858 954 3162 1039; x_wconf 53' lang='lat' dir='ltr'><strong>pharisaeos</strong></span> <span class='ocrx_word' id='word_1_169' title='bbox 3189 956 3258 1037; x_wconf 64' lang='lat' dir='ltr'><strong>ad</strong></span> <span class='ocrx_word' id='word_1_170' title='bbox 3284 955 3457 1031; x_wconf 75' lang='lat' dir='ltr'><strong>inter-</strong></span> 
     </span>
    </p>
   </div>
   <div class='ocr_carea' id='block_1_25' title="bbox 1871 1022 3455 1127">
    <p class='ocr_par' dir='ltr' id='par_1_25' title="bbox 1871 1022 3455 1127">
     <span class='ocr_line' id='line_1_25' title="bbox 1871 1022 3455 1127; baseline 0.001 -29"><span class='ocrx_word' id='word_1_171' title='bbox 1871 1042 2161 1123; x_wconf 80' lang='lat' dir='ltr'><strong>fectionem</strong></span> <span class='ocrx_word' id='word_1_172' title='bbox 2203 1045 2285 1119; x_wconf 83' lang='lat' dir='ltr'><strong>sui</strong></span> <span class='ocrx_word' id='word_1_173' title='bbox 2328 1024 2688 1119; x_wconf 76' lang='lat' dir='ltr'><strong>provocaret?</strong></span> <span class='ocrx_word' id='word_1_174' title='bbox 2728 1022 3330 1127; x_wconf 53' lang='lat' dir='ltr'><strong>‘Némbé‘“qubu‘1{égio</strong></span> <span class='ocrx_word' id='word_1_175' title='bbox 3354 1059 3455 1100; x_wconf 86' lang='lat' dir='ltr'><strong>ex-</strong></span> 
     </span>
    </p>
   </div>
   <div class='ocr_carea' id='block_1_26' title="bbox 1874 1136 3457 1223">
    <p class='ocr_par' dir='ltr' id='par_1_26' title="bbox 1874 1136 3457 1223">
     <span class='ocr_line' id='line_1_26' title="bbox 1874 1136 3457 1223; baseline -0.001 -31"><span class='ocrx_word' id='word_1_176' title='bbox 1874 1138 2122 1222; x_wconf 76' lang='lat' dir='ltr'><strong>tenderat</strong></span> <span class='ocrx_word' id='word_1_177' title='bbox 2147 1153 2385 1192; x_wconf 88' lang='lat' dir='ltr'><strong>manum.</strong></span> <span class='ocrx_word' id='word_1_178' title='bbox 2442 1138 2576 1206; x_wconf 88' lang='lat' dir='ltr'><strong>Quis</strong></span> <span class='ocrx_word' id='word_1_179' title='bbox 2614 1138 2758 1215; x_wconf 83' lang='lat' dir='ltr'><strong>enim</strong></span> <span class='ocrx_word' id='word_1_180' title='bbox 2811 1139 3209 1223; x_wconf 54' lang='lat' dir='ltr'><strong>Pharisaeorum</strong></span> <span class='ocrx_word' id='word_1_181' title='bbox 3261 1137 3317 1197; x_wconf 81' lang='lat' dir='ltr'><strong>in</strong></span> <span class='ocrx_word' id='word_1_182' title='bbox 3368 1136 3457 1199; x_wconf 85' lang='lat' dir='ltr'><strong>die</strong></span> 
     </span>
    </p>
   </div>
   <div class='ocr_carea' id='block_1_27' title="bbox 1872 1226 3458 1315">
    <p class='ocr_par' dir='ltr' id='par_1_27' title="bbox 1872 1226 3458 1315">
     <span class='ocr_line' id='line_1_27' title="bbox 1872 1226 3458 1315; baseline 0 -32"><span class='ocrx_word' id='word_1_183' title='bbox 1872 1226 2093 1313; x_wconf 79' lang='lat' dir='ltr'><strong>sabbati</strong></span> <span class='ocrx_word' id='word_1_184' title='bbox 2126 1245 2233 1305; x_wconf 86' lang='lat' dir='ltr'><strong>non</strong></span> <span class='ocrx_word' id='word_1_185' title='bbox 2256 1229 2575 1307; x_wconf 78' lang='lat' dir='ltr'><strong>extenderat</strong></span> <span class='ocrx_word' id='word_1_186' title='bbox 2612 1245 2853 1296; x_wconf 85' lang='lat' dir='ltr'><strong>manum,</strong></span> <span class='ocrx_word' id='word_1_187' title='bbox 2877 1238 3100 1315; x_wconf 62' lang='lat' dir='ltr'><strong>portatis</strong></span> <span class='ocrx_word' id='word_1_188' title='bbox 3122 1229 3294 1313; x_wconf 74' lang='lat' dir='ltr'><strong>pibos,</strong></span> <span class='ocrx_word' id='word_1_189' title='bbox 3325 1228 3458 1299; x_wconf 77' lang='lat' dir='ltr'><strong>cali-</strong></span> 
     </span>
    </p>
   </div>
   <div class='ocr_carea' id='block_1_28' title="bbox 1872 1316 3459 1405">
    <p class='ocr_par' dir='ltr' id='par_1_28' title="bbox 1872 1316 3459 1405">
     <span class='ocr_line' id='line_1_28' title="bbox 1872 1316 3459 1405; baseline -0.002 -28"><span class='ocrx_word' id='word_1_190' title='bbox 1872 1338 1988 1377; x_wconf 87' lang='lat' dir='ltr'><strong>cem</strong></span> <span class='ocrx_word' id='word_1_191' title='bbox 2006 1322 2307 1397; x_wconf 77' lang='lat' dir='ltr'><strong>porrigens,</strong></span> <span class='ocrx_word' id='word_1_192' title='bbox 2323 1330 2377 1381; x_wconf 85' lang='lat' dir='ltr'><strong>et</strong></span> <span class='ocrx_word' id='word_1_193' title='bbox 2404 1330 2599 1403; x_wconf 64' lang='lat' dir='ltr'><strong>caetera</strong></span> <span class='ocrx_word' id='word_1_194' title='bbox 2619 1338 2741 1394; x_wconf 62' lang='lat' dir='ltr'><strong>quae</strong></span> <span class='ocrx_word' id='word_1_195' title='bbox 2768 1322 2937 1405; x_wconf 64' lang='lat' dir='ltr'><strong>vicini</strong></span> <span class='ocrx_word' id='word_1_196' title='bbox 2960 1316 3270 1401; x_wconf 77' lang='lat' dir='ltr'><strong>necessaria</strong></span> <span class='ocrx_word' id='word_1_197' title='bbox 3298 1319 3459 1391; x_wconf 69' lang='lat' dir='ltr'><strong>sunt?</strong></span> 
     </span>
    </p>
   </div>
   <div class='ocr_carea' id='block_1_29' title="bbox 1873 1400 3459 1501">
    <p class='ocr_par' dir='ltr' id='par_1_29' title="bbox 1873 1400 3459 1501">
     <span class='ocr_line' id='line_1_29' title="bbox 1873 1400 3459 1501; baseline 0 -32"><span class='ocrx_word' id='word_1_198' title='bbox 1873 1414 1931 1469; x_wconf 92' lang='lat' dir='ltr'><strong>Si</strong></span> <span class='ocrx_word' id='word_1_199' title='bbox 1959 1400 2087 1488; x_wconf 87' lang='lat' dir='ltr'><strong>ergo</strong></span> <span class='ocrx_word' id='word_1_200' title='bbox 2124 1432 2342 1471; x_wconf 89' lang='lat' dir='ltr'><strong>manum</strong></span> <span class='ocrx_word' id='word_1_201' title='bbox 2369 1400 2662 1495; x_wconf 81' lang='lat' dir='ltr'><strong>extendere</strong></span> <span class='ocrx_word' id='word_1_202' title='bbox 2690 1426 2745 1472; x_wconf 92' lang='lat' dir='ltr'><strong>et</strong></span> <span class='ocrx_word' id='word_1_203' title='bbox 2768 1400 3023 1491; x_wconf 78' lang='lat' dir='ltr'><strong>alimenta</strong></span> <span class='ocrx_word' id='word_1_204' title='bbox 3056 1402 3338 1501; x_wconf 63' lang='lat' dir='ltr'><strong>stiblevare</strong></span> <span class='ocrx_word' id='word_1_205' title='bbox 3372 1413 3459 1472; x_wconf 84' lang='lat' dir='ltr'><strong>vel</strong></span> 
     </span>
    </p>
   </div>
   <div class='ocr_carea' id='block_1_30' title="bbox 1870 1509 3459 1599">
    <p class='ocr_par' dir='ltr' id='par_1_30' title="bbox 1870 1509 3459 1599">
     <span class='ocr_line' id='line_1_30' title="bbox 1870 1509 3459 1599; baseline -0.001 -35"><span class='ocrx_word' id='word_1_206' title='bbox 1870 1519 2057 1589; x_wconf 86' lang='lat' dir='ltr'><strong>potum</strong></span> <span class='ocrx_word' id='word_1_207' title='bbox 2079 1510 2132 1564; x_wconf 95' lang='lat' dir='ltr'><strong>in</strong></span> <span class='ocrx_word' id='word_1_208' title='bbox 2157 1511 2381 1566; x_wconf 87' lang='lat' dir='ltr'><strong>sabbato</strong></span> <span class='ocrx_word' id='word_1_209' title='bbox 2404 1527 2509 1566; x_wconf 92' lang='lat' dir='ltr'><strong>non</strong></span> <span class='ocrx_word' id='word_1_210' title='bbox 2536 1518 2621 1591; x_wconf 79' lang='lat' dir='ltr'><strong>est</strong></span> <span class='ocrx_word' id='word_1_211' title='bbox 2648 1510 2913 1583; x_wconf 79' lang='lat' dir='ltr'><strong>criminis,</strong></span> <span class='ocrx_word' id='word_1_212' title='bbox 2941 1526 3040 1591; x_wconf 69' lang='lat' dir='ltr'><strong>cur</strong></span> <span class='ocrx_word' id='word_1_213' title='bbox 3068 1512 3172 1599; x_wconf 48' lang='lat' dir='ltr'><strong>hac</strong></span> <span class='ocrx_word' id='word_1_214' title='bbox 3216 1509 3344 1573; x_wconf 86' lang='lat' dir='ltr'><strong>mali</strong></span> <span class='ocrx_word' id='word_1_215' title='bbox 3372 1524 3459 1563; x_wconf 89' lang='lat' dir='ltr'><strong>ar-</strong></span> 
     </span>
    </p>
   </div>
   <div class='ocr_carea' id='block_1_31' title="bbox 1872 1602 3459 1689">
    <p class='ocr_par' dir='ltr' id='par_1_31' title="bbox 1872 1602 3459 1689">
     <span class='ocr_line' id='line_1_31' title="bbox 1872 1602 3459 1689; baseline 0.001 -35"><span class='ocrx_word' id='word_1_216' title='bbox 1872 1610 2035 1672; x_wconf 87' lang='lat' dir='ltr'><strong>guant</strong></span> <span class='ocrx_word' id='word_1_217' title='bbox 2060 1602 2203 1672; x_wconf 90' lang='lat' dir='ltr'><strong>quod</strong></span> <span class='ocrx_word' id='word_1_218' title='bbox 2228 1602 2327 1672; x_wconf 90' lang='lat' dir='ltr'><strong>ipsi</strong></span> <span class='ocrx_word' id='word_1_219' title='bbox 2350 1611 2616 1681; x_wconf 83' lang='lat' dir='ltr'><strong>coguntur</strong></span> <span class='ocrx_word' id='word_1_220' title='bbox 2642 1602 2841 1681; x_wconf 72' lang='lat' dir='ltr'><strong>facere,</strong></span> <span class='ocrx_word' id='word_1_221' title='bbox 2882 1602 3187 1689; x_wconf 60' lang='lat' dir='ltr'><strong>praisertim</strong></span> <span class='ocrx_word' id='word_1_222' title='bbox 3211 1617 3334 1685; x_wconf 70' lang='lat' dir='ltr'><strong>eum</strong></span> <span class='ocrx_word' id='word_1_223' title='bbox 3358 1602 3459 1661; x_wconf 83' lang='lat' dir='ltr'><strong>iste</strong></span> 
     </span>
    </p>
   </div>
   <div class='ocr_carea' id='block_1_32' title="bbox 1873 1693 3459 1777">
    <p class='ocr_par' dir='ltr' id='par_1_32' title="bbox 1873 1693 3459 1777">
     <span class='ocr_line' id='line_1_32' title="bbox 1873 1693 3459 1777; baseline -0.001 -30"><span class='ocrx_word' id='word_1_224' title='bbox 1873 1693 2248 1750; x_wconf 65' lang='lat' dir='ltr'><strong>armentarius</strong></span> <span class='ocrx_word' id='word_1_225' title='bbox 2270 1694 2403 1749; x_wconf 86' lang='lat' dir='ltr'><strong>nihil</strong></span> <span class='ocrx_word' id='word_1_226' title='bbox 2428 1695 2532 1749; x_wconf 86' lang='lat' dir='ltr'><strong>tale</strong></span> <span class='ocrx_word' id='word_1_227' title='bbox 2556 1695 2880 1777; x_wconf 82' lang='lat' dir='ltr'><strong>portaverit,</strong></span> <span class='ocrx_word' id='word_1_228' title='bbox 2911 1695 3005 1773; x_wconf 86' lang='lat' dir='ltr'><strong>sed</strong></span> <span class='ocrx_word' id='word_1_229' title='bbox 3032 1696 3099 1748; x_wconf 92' lang='lat' dir='ltr'><strong>ad</strong></span> <span class='ocrx_word' id='word_1_230' title='bbox 3125 1700 3459 1767; x_wconf 58' lang='lat' dir='ltr'><strong>praeceptum</strong></span> 
     </span>
    </p>
   </div>
   <div class='ocr_carea' id='block_1_33' title="bbox 172 1771 3463 1865">
    <p class='ocr_par' dir='ltr' id='par_1_33' title="bbox 172 1771 3463 1865">
     <span class='ocr_line' id='line_1_33' title="bbox 172 1771 3463 1865; baseline -0.001 -25"><span class='ocrx_word' id='word_1_231' title='bbox 172 1796 284 1852; x_wconf 89' lang='lat' dir='ltr'><strong>cta,</strong></span> <span class='ocrx_word' id='word_1_232' title='bbox 319 1787 589 1843; x_wconf 87' lang='lat' dir='ltr'><strong>dedicavit</strong></span> <span class='ocrx_word' id='word_1_233' title='bbox 613 1788 771 1843; x_wconf 89' lang='lat' dir='ltr'><strong>nobis</strong></span> <span class='ocrx_word' id='word_1_234' title='bbox 790 1771 942 1842; x_wconf 82' lang='lat' dir='ltr'><strong>viam</strong></span> <span class='ocrx_word' id='word_1_235' title='bbox 982 1802 1215 1854; x_wconf 90' lang='lat' dir='ltr'><strong>novam;</strong></span> <span class='ocrx_word' id='word_1_236' title='bbox 1260 1798 1547 1859; x_wconf 87' lang='lat' dir='ltr'><strong>postquam</strong></span> <span class='ocrx_word' id='word_1_237' title='bbox 1573 1804 1638 1844; x_wconf 85' lang='lat' dir='ltr'><strong>ex</strong></span> <span class='ocrx_word' id='word_1_238' title='bbox 1668 1788 1769 1843; x_wconf 87' lang='lat' dir='ltr'><strong>uti-</strong></span> <span class='ocrx_word' id='word_1_239' title='bbox 1872 1781 2086 1839; x_wconf 90' lang='lat' dir='ltr'><strong>Domini</strong></span> <span class='ocrx_word' id='word_1_240' title='bbox 2112 1783 2315 1839; x_wconf 87' lang='lat' dir='ltr'><strong>salvam</strong></span> <span class='ocrx_word' id='word_1_241' title='bbox 2341 1771 2657 1863; x_wconf 80' lang='lat' dir='ltr'><strong>extenderet</strong></span> <span class='ocrx_word' id='word_1_242' title='bbox 2686 1771 2931 1851; x_wconf 83' lang='lat' dir='ltr'><strong>manum,</strong></span> <span class='ocrx_word' id='word_1_243' title='bbox 2984 1800 3160 1855; x_wconf 78' lang='lat' dir='ltr'><strong>neque</strong></span> <span class='ocrx_word' id='word_1_244' title='bbox 3197 1784 3343 1865; x_wconf 76' lang='lat' dir='ltr'><strong>enim</strong></span> <span class='ocrx_word' id='word_1_245' title='bbox 3373 1783 3463 1865; x_wconf 79' lang='lat' dir='ltr'><strong>ille</strong></span> 
     </span>
    </p>
   </div>
   <div class='ocr_carea' id='block_1_34' title="bbox 171 1875 1769 1959">
    <p class='ocr_par' dir='ltr' id='par_1_34' title="bbox 171 1875 1769 1959">
     <span class='ocr_line' id='line_1_34' title="bbox 171 1875 1769 1959; baseline 0.004 -31"><span class='ocrx_word' id='word_1_246' title='bbox 171 1875 317 1932; x_wconf 91' lang='lat' dir='ltr'><strong>libus</strong></span> <span class='ocrx_word' id='word_1_247' title='bbox 347 1877 576 1932; x_wconf 82' lang='lat' dir='ltr'><strong>mutavit</strong></span> <span class='ocrx_word' id='word_1_248' title='bbox 624 1878 693 1933; x_wconf 89' lang='lat' dir='ltr'><strong>ad</strong></span> <span class='ocrx_word' id='word_1_249' title='bbox 738 1893 903 1948; x_wconf 86' lang='lat' dir='ltr'><strong>opera</strong></span> <span class='ocrx_word' id='word_1_250' title='bbox 938 1876 1099 1945; x_wconf 86' lang='lat' dir='ltr'><strong>bona,</strong></span> <span class='ocrx_word' id='word_1_251' title='bbox 1148 1878 1265 1932; x_wconf 84' lang='lat' dir='ltr'><strong>vult</strong></span> <span class='ocrx_word' id='word_1_252' title='bbox 1308 1878 1472 1959; x_wconf 83' lang='lat' dir='ltr'><strong>etiam</strong></span> <span class='ocrx_word' id='word_1_253' title='bbox 1518 1894 1660 1933; x_wconf 89' lang='lat' dir='ltr'><strong>nunc</strong></span> <span class='ocrx_word' id='word_1_254' title='bbox 1701 1893 1769 1934; x_wconf 86' lang='lat' dir='ltr'><strong>ex</strong></span> 
     </span>
    </p>
   </div>
   <div class='ocr_carea' id='block_1_35' title="bbox 172 1968 1768 2044">
    <p class='ocr_par' dir='ltr' id='par_1_35' title="bbox 172 1968 1768 2044">
     <span class='ocr_line' id='line_1_35' title="bbox 172 1968 1768 2044; baseline 0.004 -22"><span class='ocrx_word' id='word_1_255' title='bbox 172 1968 481 2026; x_wconf 80' lang='lat' dir='ltr'><strong>metuendis</strong></span> <span class='ocrx_word' id='word_1_256' title='bbox 510 1979 567 2027; x_wconf 90' lang='lat' dir='ltr'><strong>et</strong></span> <span class='ocrx_word' id='word_1_257' title='bbox 611 1971 857 2027; x_wconf 88' lang='lat' dir='ltr'><strong>tristibus</strong></span> <span class='ocrx_word' id='word_1_258' title='bbox 908 1972 1142 2041; x_wconf 88' lang='lat' dir='ltr'><strong>idipsum</strong></span> <span class='ocrx_word' id='word_1_259' title='bbox 1194 1972 1322 2026; x_wconf 90' lang='lat' dir='ltr'><strong>item</strong></span> <span class='ocrx_word' id='word_1_260' title='bbox 1357 1971 1568 2040; x_wconf 85' lang='lat' dir='ltr'><strong>facere;</strong></span> <span class='ocrx_word' id='word_1_261' title='bbox 1615 1982 1768 2044; x_wconf 91' lang='lat' dir='ltr'><strong>post-</strong></span> 
     </span>
    </p>
   </div>
   <div class='ocr_carea' id='block_1_36' title="bbox 171 2057 1757 2135">
    <p class='ocr_par' dir='ltr' id='par_1_36' title="bbox 171 2057 1757 2135">
     <span class='ocr_line' id='line_1_36' title="bbox 171 2057 1757 2135; baseline 0.003 -21"><span class='ocrx_word' id='word_1_262' title='bbox 171 2057 350 2129; x_wconf 83' lang='lat' dir='ltr'><strong>quam</strong></span> <span class='ocrx_word' id='word_1_263' title='bbox 383 2062 529 2117; x_wconf 88' lang='lat' dir='ltr'><strong>enim</strong></span> <span class='ocrx_word' id='word_1_264' title='bbox 569 2062 707 2117; x_wconf 85' lang='lat' dir='ltr'><strong>dixit</strong></span> <span class='ocrx_word' id='word_1_265' title='bbox 741 2082 756 2117; x_wconf 84' lang='grc'>;</span> <span class='ocrx_word' id='word_1_266' title='bbox 803 2063 928 2117; x_wconf 85' lang='grc' dir='ltr'><strong>Νοη</strong></span> <span class='ocrx_word' id='word_1_267' title='bbox 952 2062 1376 2134; x_wconf 83' lang='lat' dir='ltr'><strong>derelinquamus</strong></span> <span class='ocrx_word' id='word_1_268' title='bbox 1401 2066 1757 2135; x_wconf 83' lang='lat' dir='ltr'><strong>congregatio-</strong></span> 
     </span>
    </p>
   </div>
   <div class='ocr_carea' id='block_1_37' title="bbox 174 2152 1770 2224">
    <p class='ocr_par' dir='ltr' id='par_1_37' title="bbox 174 2152 1770 2224">
     <span class='ocr_line' id='line_1_37' title="bbox 174 2152 1770 2224; baseline 0.004 -20"><span class='ocrx_word' id='word_1_269' title='bbox 174 2167 291 2204; x_wconf 88' lang='lat' dir='ltr'><strong>nem</strong></span> <span class='ocrx_word' id='word_1_270' title='bbox 320 2160 576 2218; x_wconf 83' lang='lat' dir='ltr'><strong>nostram,</strong></span> <span class='ocrx_word' id='word_1_271' title='bbox 599 2152 1039 2223; x_wconf 81' lang='lat' dir='ltr'><strong>quemadmodum</strong></span> <span class='ocrx_word' id='word_1_272' title='bbox 1060 2153 1371 2224; x_wconf 78' lang='lat' dir='ltr'><strong>quibusdam</strong></span> <span class='ocrx_word' id='word_1_273' title='bbox 1400 2172 1527 2209; x_wconf 87' lang='lat' dir='ltr'><strong>usus</strong></span> <span class='ocrx_word' id='word_1_274' title='bbox 1550 2164 1649 2219; x_wconf 72' lang='lat' dir='ltr'><strong>est;</strong></span> <span class='ocrx_word' id='word_1_275' title='bbox 1679 2156 1770 2210; x_wconf 88' lang='lat' dir='ltr'><strong>sed</strong></span> 
     </span>
    </p>
   </div>
   <div class='ocr_carea' id='block_1_38' title="bbox 172 2240 1774 2317">
    <p class='ocr_par' dir='ltr' id='par_1_38' title="bbox 172 2240 1774 2317">
     <span class='ocr_line' id='line_1_38' title="bbox 172 2240 1774 2317; baseline 0.004 -23"><span class='ocrx_word' id='word_1_276' title='bbox 172 2240 510 2295; x_wconf 66' lang='lat' dir='ltr'><strong>exhortantes</strong></span> <span class='ocrx_word' id='word_1_277' title='bbox 532 2251 677 2295; x_wconf 85' lang='lat' dir='ltr'><strong>tanto</strong></span> <span class='ocrx_word' id='word_1_278' title='bbox 690 2241 915 2312; x_wconf 77' lang='lat' dir='ltr'><strong>amplius</strong></span> <span class='ocrx_word' id='word_1_279' title='bbox 929 2254 1127 2314; x_wconf 81' lang='lat' dir='ltr'><strong>quanto</strong></span> <span class='ocrx_word' id='word_1_280' title='bbox 1144 2244 1330 2298; x_wconf 86' lang='lat' dir='ltr'><strong>videtis</strong></span> <span class='ocrx_word' id='word_1_281' title='bbox 1351 2246 1774 2317; x_wconf 84' lang='lat' dir='ltr'><strong>appropinquan-</strong></span> 
     </span>
    </p>
   </div>
   <div class='ocr_carea' id='block_1_39' title="bbox 172 2331 1775 2415">
    <p class='ocr_par' dir='ltr' id='par_1_39' title="bbox 172 2331 1775 2415">
     <span class='ocr_line' id='line_1_39' title="bbox 172 2331 1775 2415; baseline 0.005 -32"><span class='ocrx_word' id='word_1_282' title='bbox 172 2340 275 2384; x_wconf 90' lang='lat' dir='ltr'><strong>tem</strong></span> <span class='ocrx_word' id='word_1_283' title='bbox 321 2331 483 2415; x_wconf 81' lang='lat' dir='ltr'><strong>diem,</strong></span> <span class='ocrx_word' id='word_1_284' title='bbox 515 2331 701 2413; x_wconf 78' lang='lat' dir='ltr'><strong>intulit</strong></span> <span class='ocrx_word' id='word_1_285' title='bbox 727 2333 913 2389; x_wconf 89' lang='lat' dir='ltr'><strong>dicens</strong></span> <span class='ocrx_word' id='word_1_286' title='bbox 939 2352 951 2388; x_wconf 91' lang='lat'><strong>:</strong></span> <span class='ocrx_word' id='word_1_287' title='bbox 1003 2333 1207 2404; x_wconf 79' lang='lat' dir='ltr'><strong>Sponte</strong></span> <span class='ocrx_word' id='word_1_288' title='bbox 1235 2350 1472 2415; x_wconf 77' lang='lat' dir='ltr'><strong>namque</strong></span> <span class='ocrx_word' id='word_1_289' title='bbox 1496 2337 1775 2415; x_wconf 58' lang='lat' dir='ltr'><strong>peccanti-</strong></span> 
     </span>
    </p>
   </div>
   <div class='ocr_carea' id='block_1_40' title="bbox 171 2407 1770 2505">
    <p class='ocr_par' dir='ltr' id='par_1_40' title="bbox 171 2407 1770 2505">
     <span class='ocr_line' id='line_1_40' title="bbox 171 2407 1770 2505; baseline 0.004 -27"><span class='ocrx_word' id='word_1_290' title='bbox 171 2423 275 2478; x_wconf 90' lang='lat' dir='ltr'><strong>bus</strong></span> <span class='ocrx_word' id='word_1_291' title='bbox 313 2407 477 2479; x_wconf 80' lang='lat' dir='ltr'><strong>nobis</strong></span> <span class='ocrx_word' id='word_1_292' title='bbox 493 2407 778 2495; x_wconf 76' lang='lat' dir='ltr'><strong>postquam</strong></span> <span class='ocrx_word' id='word_1_293' title='bbox 805 2427 1115 2505; x_wconf 88' lang='lat' dir='ltr'><strong>accepimus</strong></span> <span class='ocrx_word' id='word_1_294' title='bbox 1144 2407 1473 2498; x_wconf 77' lang='lat' dir='ltr'><strong>agnitionem</strong></span> <span class='ocrx_word' id='word_1_295' title='bbox 1503 2407 1770 2505; x_wconf 78' lang='lat' dir='ltr'><strong>veritatis,</strong></span> 
     </span>
    </p>
   </div>
   <div class='ocr_carea' id='block_1_41' title="bbox 173 2502 1774 2596">
    <p class='ocr_par' dir='ltr' id='par_1_41' title="bbox 173 2502 1774 2596">
     <span class='ocr_line' id='line_1_41' title="bbox 173 2502 1774 2596; baseline 0.004 -28"><span class='ocrx_word' id='word_1_296' title='bbox 173 2514 336 2586; x_wconf 78' lang='lat' dir='ltr'><strong>[opus</strong></span> <span class='ocrx_word' id='word_1_297' title='bbox 346 2524 449 2581; x_wconf 88' lang='lat' dir='ltr'><strong>est,</strong></span> <span class='ocrx_word' id='word_1_298' title='bbox 466 2516 661 2586; x_wconf 84' lang='lat' dir='ltr'><strong>inquit,</strong></span> <span class='ocrx_word' id='word_1_299' title='bbox 676 2518 833 2573; x_wconf 82' lang='lat' dir='ltr'><strong>bonis</strong></span> <span class='ocrx_word' id='word_1_300' title='bbox 848 2502 1124 2595; x_wconf 87' lang='lat' dir='ltr'><strong>operibus;</strong></span> <span class='ocrx_word' id='word_1_301' title='bbox 1142 2533 1276 2589; x_wconf 92' lang='lat' dir='ltr'><strong>opus</strong></span> <span class='ocrx_word' id='word_1_302' title='bbox 1286 2528 1368 2574; x_wconf 87' lang='lat' dir='ltr'><strong>est</strong></span> <span class='ocrx_word' id='word_1_303' title='bbox 1384 2502 1603 2596; x_wconf 80' lang='lat' dir='ltr'><strong>enimet</strong></span> <span class='ocrx_word' id='word_1_304' title='bbox 1617 2520 1774 2575; x_wconf 84' lang='lat' dir='ltr'><strong>valde</strong></span> 
     </span>
    </p>
   </div>
   <div class='ocr_carea' id='block_1_42' title="bbox 172 2606 1773 2682">
    <p class='ocr_par' dir='ltr' id='par_1_42' title="bbox 172 2606 1773 2682">
     <span class='ocr_line' id='line_1_42' title="bbox 172 2606 1773 2682; baseline 0.003 -21"><span class='ocrx_word' id='word_1_305' title='bbox 172 2621 314 2676; x_wconf 90' lang='lat' dir='ltr'><strong>opus</strong></span> <span class='ocrx_word' id='word_1_306' title='bbox 344 2624 357 2660; x_wconf 91' lang='lat'><strong>:</strong></span> <span class='ocrx_word' id='word_1_307' title='bbox 409 2616 603 2677; x_wconf 85' lang='lat' dir='ltr'><strong>sponte</strong></span> <span class='ocrx_word' id='word_1_308' title='bbox 636 2624 873 2679; x_wconf 85' lang='lat' dir='ltr'><strong>namque</strong></span> <span class='ocrx_word' id='word_1_309' title='bbox 898 2606 1252 2679; x_wconf 81' lang='lat' dir='ltr'><strong>peccantibus</strong></span> <span class='ocrx_word' id='word_1_310' title='bbox 1286 2611 1444 2667; x_wconf 91' lang='lat' dir='ltr'><strong>nobis</strong></span> <span class='ocrx_word' id='word_1_311' title='bbox 1482 2621 1773 2682; x_wconf 86' lang='lat' dir='ltr'><strong>postquam</strong></span> 
     </span>
    </p>
   </div>
   <div class='ocr_carea' id='block_1_43' title="bbox 170 2697 1775 2774">
    <p class='ocr_par' dir='ltr' id='par_1_43' title="bbox 170 2697 1775 2774">
     <span class='ocr_line' id='line_1_43' title="bbox 170 2697 1775 2774; baseline 0.005 -23"><span class='ocrx_word' id='word_1_312' title='bbox 170 2697 486 2768; x_wconf 88' lang='lat' dir='ltr'><strong>accepimus</strong></span> <span class='ocrx_word' id='word_1_313' title='bbox 511 2698 760 2755; x_wconf 82' lang='lat' dir='ltr'><strong>veritatis</strong></span> <span class='ocrx_word' id='word_1_314' title='bbox 796 2700 1149 2774; x_wconf 81' lang='lat' dir='ltr'><strong>agnitionem]</strong></span> <span class='ocrx_word' id='word_1_315' title='bbox 1188 2701 1330 2756; x_wconf 91' lang='lat' dir='ltr'><strong>ultra</strong></span> <span class='ocrx_word' id='word_1_316' title='bbox 1362 2719 1469 2757; x_wconf 92' lang='lat' dir='ltr'><strong>non</strong></span> <span class='ocrx_word' id='word_1_317' title='bbox 1516 2703 1775 2774; x_wconf 89' lang='lat' dir='ltr'><strong>relinqui-</strong></span> 
     </span>
    </p>
   </div>
   <div class='ocr_carea' id='block_1_44' title="bbox 172 2774 1771 2861">
    <p class='ocr_par' dir='ltr' id='par_1_44' title="bbox 172 2774 1771 2861">
     <span class='ocr_line' id='line_1_44' title="bbox 172 2774 1771 2861; baseline 0.006 -20"><span class='ocrx_word' id='word_1_318' title='bbox 172 2797 261 2842; x_wconf 90' lang='lat' dir='ltr'><strong>tur</strong></span> <span class='ocrx_word' id='word_1_319' title='bbox 294 2789 474 2845; x_wconf 85' lang='lat' dir='ltr'><strong>hostia</strong></span> <span class='ocrx_word' id='word_1_320' title='bbox 503 2806 605 2861; x_wconf 91' lang='lat' dir='ltr'><strong>pro</strong></span> <span class='ocrx_word' id='word_1_321' title='bbox 631 2793 892 2861; x_wconf 87' lang='lat' dir='ltr'><strong>peccatis.</strong></span> <span class='ocrx_word' id='word_1_322' title='bbox 926 2791 1215 2849; x_wconf 85' lang='lat' dir='ltr'><strong>Mundatus</strong></span> <span class='ocrx_word' id='word_1_323' title='bbox 1243 2774 1324 2861; x_wconf 74' lang='lat' dir='ltr'><strong>es,</strong></span> <span class='ocrx_word' id='word_1_324' title='bbox 1357 2776 1495 2851; x_wconf 79' lang='lat' dir='ltr'><strong>liber</strong></span> <span class='ocrx_word' id='word_1_325' title='bbox 1519 2811 1580 2852; x_wconf 89' lang='lat' dir='ltr'><strong>es</strong></span> <span class='ocrx_word' id='word_1_326' title='bbox 1608 2811 1640 2850; x_wconf 88' lang='lat' dir='ltr'><strong>a</strong></span> <span class='ocrx_word' id='word_1_327' title='bbox 1662 2796 1771 2851; x_wconf 90' lang='lat' dir='ltr'><strong>cri-</strong></span> 
     </span>
    </p>
   </div>
   <div class='ocr_carea' id='block_1_45' title="bbox 170 2879 1765 2955">
    <p class='ocr_par' dir='ltr' id='par_1_45' title="bbox 170 2879 1765 2955">
     <span class='ocr_line' id='line_1_45' title="bbox 170 2879 1765 2955; baseline 0.004 -20"><span class='ocrx_word' id='word_1_328' title='bbox 170 2879 437 2945; x_wconf 86' lang='lat' dir='ltr'><strong>minibus,</strong></span> <span class='ocrx_word' id='word_1_329' title='bbox 467 2879 643 2936; x_wconf 82' lang='lat' dir='ltr'><strong>factus</strong></span> <span class='ocrx_word' id='word_1_330' title='bbox 670 2898 729 2938; x_wconf 90' lang='lat' dir='ltr'><strong>es</strong></span> <span class='ocrx_word' id='word_1_331' title='bbox 757 2882 900 2939; x_wconf 84' lang='lat' dir='ltr'><strong>ﬁiius</strong></span> <span class='ocrx_word' id='word_1_332' title='bbox 923 2884 1049 2950; x_wconf 90' lang='lat' dir='ltr'><strong>Dei;</strong></span> <span class='ocrx_word' id='word_1_333' title='bbox 1084 2884 1132 2939; x_wconf 91' lang='lat' dir='ltr'><strong>si</strong></span> <span class='ocrx_word' id='word_1_334' title='bbox 1156 2885 1224 2940; x_wconf 89' lang='lat' dir='ltr'><strong>ad</strong></span> <span class='ocrx_word' id='word_1_335' title='bbox 1248 2886 1484 2955; x_wconf 91' lang='lat' dir='ltr'><strong>primum</strong></span> <span class='ocrx_word' id='word_1_336' title='bbox 1510 2887 1765 2942; x_wconf 84' lang='lat' dir='ltr'><strong>vomitum</strong></span> 
     </span>
    </p>
   </div>
   <div class='ocr_carea' id='block_1_46' title="bbox 171 2962 1775 3049">
    <p class='ocr_par' dir='ltr' id='par_1_46' title="bbox 171 2962 1775 3049">
     <span class='ocr_line' id='line_1_46' title="bbox 171 2962 1775 3049; baseline 0.006 -24"><span class='ocrx_word' id='word_1_337' title='bbox 171 2985 432 3026; x_wconf 85' lang='lat' dir='ltr'><strong>reversus</strong></span> <span class='ocrx_word' id='word_1_338' title='bbox 455 2971 642 3038; x_wconf 80' lang='lat' dir='ltr'><strong>fueris,</strong></span> <span class='ocrx_word' id='word_1_339' title='bbox 674 2972 820 3029; x_wconf 88' lang='lat' dir='ltr'><strong>aliud</strong></span> <span class='ocrx_word' id='word_1_340' title='bbox 845 2983 898 3028; x_wconf 89' lang='lat' dir='ltr'><strong>te</strong></span> <span class='ocrx_word' id='word_1_341' title='bbox 923 2984 1201 3045; x_wconf 82' lang='lat' dir='ltr'><strong>exspectat</strong></span> <span class='ocrx_word' id='word_1_342' title='bbox 1223 2977 1511 3047; x_wconf 79' lang='lat' dir='ltr'><strong>judicium,</strong></span> <span class='ocrx_word' id='word_1_343' title='bbox 1544 2979 1647 3033; x_wconf 89' lang='lat' dir='ltr'><strong>nisi</strong></span> <span class='ocrx_word' id='word_1_344' title='bbox 1677 2962 1775 3049; x_wconf 84' lang='lat' dir='ltr'><strong>per</strong></span> 
     </span>
    </p>
   </div>
   <div class='ocr_carea' id='block_1_47' title="bbox 170 3051 1771 3141">
    <p class='ocr_par' dir='ltr' id='par_1_47' title="bbox 170 3051 1771 3141">
     <span class='ocr_line' id='line_1_47' title="bbox 170 3051 1771 3141; baseline 0.006 -24"><span class='ocrx_word' id='word_1_345' title='bbox 170 3051 555 3134; x_wconf 58' lang='lat' dir='ltr'><strong>paenitentiam</strong></span> <span class='ocrx_word' id='word_1_346' title='bbox 602 3074 894 3124; x_wconf 84' lang='lat' dir='ltr'><strong>renovatus</strong></span> <span class='ocrx_word' id='word_1_347' title='bbox 951 3064 1140 3122; x_wconf 78' lang='lat' dir='ltr'><strong>fueris.</strong></span> <span class='ocrx_word' id='word_1_348' title='bbox 1188 3068 1316 3124; x_wconf 83' lang='lat' dir='ltr'><strong>ideo</strong></span> <span class='ocrx_word' id='word_1_349' title='bbox 1372 3070 1771 3141; x_wconf 74' lang='lat' dir='ltr'><strong>subSequcnter</strong></span> 
     </span>
    </p>
   </div>
   <div class='ocr_carea' id='block_1_48' title="bbox 172 3156 293 3210">
    <p class='ocr_par' dir='ltr' id='par_1_48' title="bbox 172 3156 293 3210">
     <span class='ocr_line' id='line_1_48' title="bbox 172 3156 293 3210; baseline 0.008 -1"><span class='ocrx_word' id='word_1_350' title='bbox 172 3156 252 3210; x_wconf 83' lang='lat' dir='ltr'><strong>ait</strong></span> <span class='ocrx_word' id='word_1_351' title='bbox 279 3174 293 3210; x_wconf 81' lang='lat'>;</span> 
     </span>
    </p>
   </div>
   <div class='ocr_carea' id='block_1_49' title="bbox 248 3246 1774 3329">
    <p class='ocr_par' dir='ltr' id='par_1_49' title="bbox 248 3246 1774 3329">
     <span class='ocr_line' id='line_1_49' title="bbox 248 3246 1774 3329; baseline 0.004 -28"><span class='ocrx_word' id='word_1_352' title='bbox 248 3246 524 3302; x_wconf 79' lang='lat' dir='ltr'><strong>Terribilis</strong></span> <span class='ocrx_word' id='word_1_353' title='bbox 570 3257 745 3303; x_wconf 83' lang='lat' dir='ltr'><strong>autem</strong></span> <span class='ocrx_word' id='word_1_354' title='bbox 776 3249 1019 3322; x_wconf 66' lang='lat' dir='ltr'><strong>quadam</strong></span> <span class='ocrx_word' id='word_1_355' title='bbox 1069 3252 1387 3329; x_wconf 75' lang='lat' dir='ltr'><strong>exspectatio</strong></span> <span class='ocrx_word' id='word_1_356' title='bbox 1404 3252 1603 3323; x_wconf 84' lang='lat' dir='ltr'><strong>judicii</strong></span> <span class='ocrx_word' id='word_1_357' title='bbox 1638 3253 1774 3324; x_wconf 80' lang='lat' dir='ltr'><strong>ignis</strong></span> 
     </span>
    </p>
   </div>
   <div class='ocr_carea' id='block_1_50' title="bbox 169 3338 1777 3415">
    <p class='ocr_par' dir='ltr' id='par_1_50' title="bbox 169 3338 1777 3415">
     <span class='ocr_line' id='line_1_50' title="bbox 169 3338 1777 3415; baseline 0.004 -20"><span class='ocrx_word' id='word_1_358' title='bbox 169 3338 448 3395; x_wconf 67' lang='lat' dir='ltr'><strong>emutatio</strong></span> <span class='ocrx_word' id='word_1_359' title='bbox 475 3358 593 3412; x_wconf 70' lang='lat' dir='ltr'><strong>quae</strong></span> <span class='ocrx_word' id='word_1_360' title='bbox 622 3351 998 3415; x_wconf 79' lang='lat' dir='ltr'><strong>consumptum</strong></span> <span class='ocrx_word' id='word_1_361' title='bbox 1024 3353 1100 3399; x_wconf 79' lang='lat' dir='ltr'><strong>est</strong></span> <span class='ocrx_word' id='word_1_362' title='bbox 1140 3343 1494 3399; x_wconf 81' lang='lat' dir='ltr'><strong>adversarios.</strong></span> <span class='ocrx_word' id='word_1_363' title='bbox 1565 3345 1625 3401; x_wconf 87' lang='lat' dir='ltr'><strong>In</strong></span> <span class='ocrx_word' id='word_1_364' title='bbox 1672 3345 1777 3401; x_wconf 86' lang='lat' dir='ltr'><strong>hoc</strong></span> 
     </span>
    </p>
   </div>
   <div class='ocr_carea' id='block_1_51' title="bbox 172 3435 1775 3517">
    <p class='ocr_par' dir='ltr' id='par_1_51' title="bbox 172 3435 1775 3517">
     <span class='ocr_line' id='line_1_51' title="bbox 172 3435 1775 3517; baseline 0.006 -29"><span class='ocrx_word' id='word_1_365' title='bbox 172 3447 283 3489; x_wconf 90' lang='lat' dir='ltr'><strong>non</strong></span> <span class='ocrx_word' id='word_1_366' title='bbox 352 3435 733 3505; x_wconf 67' lang='lat' dir='ltr'><strong>paenitentiam</strong></span> <span class='ocrx_word' id='word_1_367' title='bbox 779 3438 1042 3517; x_wconf 79' lang='lat' dir='ltr'><strong>exclusit,</strong></span> <span class='ocrx_word' id='word_1_368' title='bbox 1103 3455 1280 3517; x_wconf 85' lang='lat' dir='ltr'><strong>neque</strong></span> <span class='ocrx_word' id='word_1_369' title='bbox 1333 3441 1775 3512; x_wconf 88' lang='lat' dir='ltr'><strong>propitiationem</strong></span> 
     </span>
    </p>
   </div>
   <div class='ocr_carea' id='block_1_52' title="bbox 170 3514 1776 3603">
    <p class='ocr_par' dir='ltr' id='par_1_52' title="bbox 170 3514 1776 3603">
     <span class='ocr_line' id='line_1_52' title="bbox 170 3514 1776 3603; baseline 0.004 -22"><span class='ocrx_word' id='word_1_370' title='bbox 170 3542 301 3597; x_wconf 66' lang='lat' dir='ltr'><strong>quae</strong></span> <span class='ocrx_word' id='word_1_371' title='bbox 342 3526 403 3581; x_wconf 83' lang='lat' dir='ltr'><strong>iit</strong></span> <span class='ocrx_word' id='word_1_372' title='bbox 429 3542 528 3597; x_wconf 87' lang='lat' dir='ltr'><strong>per</strong></span> <span class='ocrx_word' id='word_1_373' title='bbox 552 3527 961 3599; x_wconf 68' lang='lat' dir='ltr'><strong>pmnitcntiam;</strong></span> <span class='ocrx_word' id='word_1_374' title='bbox 994 3514 1171 3600; x_wconf 85' lang='lat' dir='ltr'><strong>neque</strong></span> <span class='ocrx_word' id='word_1_375' title='bbox 1197 3514 1408 3601; x_wconf 86' lang='lat' dir='ltr'><strong>repellit</strong></span> <span class='ocrx_word' id='word_1_376' title='bbox 1434 3534 1547 3602; x_wconf 87' lang='lat' dir='ltr'><strong>‘per</strong></span> <span class='ocrx_word' id='word_1_377' title='bbox 1584 3534 1776 3603; x_wconf 80' lang='lat' dir='ltr'><strong>deSpe-</strong></span> 
     </span>
    </p>
   </div>
   <div class='ocr_carea' id='block_1_53' title="bbox 172 3610 1780 3691">
    <p class='ocr_par' dir='ltr' id='par_1_53' title="bbox 172 3610 1780 3691">
     <span class='ocr_line' id='line_1_53' title="bbox 172 3610 1780 3691; baseline 0.005 -18"><span class='ocrx_word' id='word_1_378' title='bbox 172 3620 451 3675; x_wconf 85' lang='lat' dir='ltr'><strong>rationem</strong></span> <span class='ocrx_word' id='word_1_379' title='bbox 463 3620 865 3691; x_wconf 86' lang='lat' dir='ltr'><strong>delinquentem</strong></span> <span class='ocrx_word' id='word_1_380' title='bbox 883 3640 896 3676; x_wconf 89' lang='lat'><strong>:</strong></span> <span class='ocrx_word' id='word_1_381' title='bbox 915 3637 1023 3677; x_wconf 89' lang='lat' dir='ltr'><strong>non</strong></span> <span class='ocrx_word' id='word_1_382' title='bbox 1053 3624 1201 3679; x_wconf 92' lang='lat' dir='ltr'><strong>enim</strong></span> <span class='ocrx_word' id='word_1_383' title='bbox 1225 3621 1297 3679; x_wconf 84' lang='lat' dir='ltr'><strong>ita</strong></span> <span class='ocrx_word' id='word_1_384' title='bbox 1310 3633 1393 3681; x_wconf 91' lang='lat' dir='ltr'><strong>est</strong></span> <span class='ocrx_word' id='word_1_385' title='bbox 1409 3610 1662 3683; x_wconf 88' lang='lat' dir='ltr'><strong>inimicus</strong></span> <span class='ocrx_word' id='word_1_386' title='bbox 1692 3643 1780 3682; x_wconf 79' lang='lat' dir='ltr'><strong>sa-</strong></span> 
     </span>
    </p>
   </div>
   <div class='ocr_carea' id='block_1_54' title="bbox 170 3712 1780 3787">
    <p class='ocr_par' dir='ltr' id='par_1_54' title="bbox 170 3712 1780 3787">
     <span class='ocr_line' id='line_1_54' title="bbox 170 3712 1780 3787; baseline 0.005 -20"><span class='ocrx_word' id='word_1_387' title='bbox 170 3712 311 3770; x_wconf 87' lang='lat' dir='ltr'><strong>lutis</strong></span> <span class='ocrx_word' id='word_1_388' title='bbox 344 3721 541 3769; x_wconf 63' lang='lat' dir='ltr'><strong>nostra:</strong></span> <span class='ocrx_word' id='word_1_389' title='bbox 587 3721 647 3768; x_wconf 92' lang='lat' dir='ltr'><strong>ut</strong></span> <span class='ocrx_word' id='word_1_390' title='bbox 692 3716 916 3770; x_wconf 89' lang='lat' dir='ltr'><strong>secundi</strong></span> <span class='ocrx_word' id='word_1_391' title='bbox 963 3716 1308 3786; x_wconf 86' lang='lat' dir='ltr'><strong>baptismatis</strong></span> <span class='ocrx_word' id='word_1_392' title='bbox 1332 3718 1633 3787; x_wconf 87' lang='lat' dir='ltr'><strong>lavacrum,</strong></span> <span class='ocrx_word' id='word_1_393' title='bbox 1676 3718 1780 3775; x_wconf 91' lang='lat' dir='ltr'><strong>hoc</strong></span> 
     </span>
    </p>
   </div>
   <div class='ocr_carea' id='block_1_55' title="bbox 171 3796 1782 3877">
    <p class='ocr_par' dir='ltr' id='par_1_55' title="bbox 171 3796 1782 3877">
     <span class='ocr_line' id='line_1_55' title="bbox 171 3796 1782 3877; baseline 0.004 -16"><span class='ocrx_word' id='word_1_394' title='bbox 171 3816 259 3862; x_wconf 86' lang='lat' dir='ltr'><strong>est</strong></span> <span class='ocrx_word' id='word_1_395' title='bbox 287 3796 644 3877; x_wconf 64' lang='lat' dir='ltr'><strong>poenitentim,</strong></span> <span class='ocrx_word' id='word_1_396' title='bbox 677 3807 948 3861; x_wconf 73' lang='lat' dir='ltr'><strong>excludat.</strong></span> <span class='ocrx_word' id='word_1_397' title='bbox 983 3806 1100 3862; x_wconf 79' lang='lat' dir='ltr'><strong>Non</strong></span> <span class='ocrx_word' id='word_1_398' title='bbox 1152 3810 1298 3863; x_wconf 90' lang='lat' dir='ltr'><strong>enim</strong></span> <span class='ocrx_word' id='word_1_399' title='bbox 1330 3798 1485 3876; x_wconf 85' lang='lat' dir='ltr'><strong>dixit,</strong></span> <span class='ocrx_word' id='word_1_400' title='bbox 1534 3809 1653 3865; x_wconf 85' lang='lat' dir='ltr'><strong>Non</strong></span> <span class='ocrx_word' id='word_1_401' title='bbox 1695 3819 1782 3867; x_wconf 85' lang='lat' dir='ltr'><strong>est</strong></span> 
     </span>
    </p>
   </div>
   <div class='ocr_carea' id='block_1_56' title="bbox 170 3882 1781 3969">
    <p class='ocr_par' dir='ltr' id='par_1_56' title="bbox 170 3882 1781 3969">
     <span class='ocr_line' id='line_1_56' title="bbox 170 3882 1781 3969; baseline 0.003 -16"><span class='ocrx_word' id='word_1_402' title='bbox 170 3900 328 3953; x_wconf 83' lang='lat' dir='ltr'><strong>ultra</strong></span> <span class='ocrx_word' id='word_1_403' title='bbox 363 3890 715 3968; x_wconf 74' lang='lat' dir='ltr'><strong>ptBnitcntia;</strong></span> <span class='ocrx_word' id='word_1_404' title='bbox 748 3913 924 3969; x_wconf 87' lang='lat' dir='ltr'><strong>neque</strong></span> <span class='ocrx_word' id='word_1_405' title='bbox 954 3899 1110 3966; x_wconf 84' lang='lat' dir='ltr'><strong>dixit,</strong></span> <span class='ocrx_word' id='word_1_406' title='bbox 1146 3899 1299 3954; x_wconf 91' lang='lat' dir='ltr'><strong>Ultra</strong></span> <span class='ocrx_word' id='word_1_407' title='bbox 1328 3918 1437 3956; x_wconf 91' lang='lat' dir='ltr'><strong>non</strong></span> <span class='ocrx_word' id='word_1_408' title='bbox 1469 3912 1554 3957; x_wconf 91' lang='lat' dir='ltr'><strong>est</strong></span> <span class='ocrx_word' id='word_1_409' title='bbox 1590 3882 1781 3958; x_wconf 80' lang='lat' dir='ltr'><strong>remis-</strong></span> 
     </span>
    </p>
   </div>
   <div class='ocr_carea' id='block_1_57' title="bbox 172 3980 1782 4061">
    <p class='ocr_par' dir='ltr' id='par_1_57' title="bbox 172 3980 1782 4061">
     <span class='ocr_line' id='line_1_57' title="bbox 172 3980 1782 4061; baseline 0.001 -14"><span class='ocrx_word' id='word_1_410' title='bbox 172 3992 294 4057; x_wconf 88' lang='lat' dir='ltr'><strong>sio;</strong></span> <span class='ocrx_word' id='word_1_411' title='bbox 328 3991 425 4044; x_wconf 88' lang='lat' dir='ltr'><strong>sed</strong></span> <span class='ocrx_word' id='word_1_412' title='bbox 455 3988 667 4056; x_wconf 81' lang='lat' dir='ltr'><strong>Hostia,</strong></span> <span class='ocrx_word' id='word_1_413' title='bbox 694 3990 891 4061; x_wconf 85' lang='lat' dir='ltr'><strong>inquit,</strong></span> <span class='ocrx_word' id='word_1_414' title='bbox 925 3990 1068 4044; x_wconf 87' lang='lat' dir='ltr'><strong>ultra</strong></span> <span class='ocrx_word' id='word_1_415' title='bbox 1096 3992 1205 4045; x_wconf 76' lang='lat' dir='ltr'><strong>non</strong></span> <span class='ocrx_word' id='word_1_416' title='bbox 1244 4002 1340 4059; x_wconf 87' lang='lat' dir='ltr'><strong>est,</strong></span> <span class='ocrx_word' id='word_1_417' title='bbox 1390 3980 1495 4048; x_wconf 82' lang='lat' dir='ltr'><strong>hoc</strong></span> <span class='ocrx_word' id='word_1_418' title='bbox 1523 4004 1607 4049; x_wconf 89' lang='lat' dir='ltr'><strong>est</strong></span> <span class='ocrx_word' id='word_1_419' title='bbox 1648 4010 1782 4049; x_wconf 81' lang='lat' dir='ltr'><strong>crux</strong></span> 
     </span>
    </p>
   </div>
   <div class='ocr_carea' id='block_1_58' title="bbox 169 4066 1785 4156">
    <p class='ocr_par' dir='ltr' id='par_1_58' title="bbox 169 4066 1785 4156">
     <span class='ocr_line' id='line_1_58' title="bbox 169 4066 1785 4156; baseline -0.002 -16"><span class='ocrx_word' id='word_1_420' title='bbox 169 4083 426 4140; x_wconf 85' lang='lat' dir='ltr'><strong>secunda</strong></span> <span class='ocrx_word' id='word_1_421' title='bbox 455 4082 596 4136; x_wconf 87' lang='lat' dir='ltr'><strong>ultra</strong></span> <span class='ocrx_word' id='word_1_422' title='bbox 627 4097 734 4137; x_wconf 89' lang='lat' dir='ltr'><strong>non</strong></span> <span class='ocrx_word' id='word_1_423' title='bbox 759 4074 881 4137; x_wconf 78' lang='lat' dir='ltr'><strong>est:</strong></span> <span class='ocrx_word' id='word_1_424' title='bbox 914 4098 1018 4137; x_wconf 88' lang='lat' dir='ltr'><strong>una</strong></span> <span class='ocrx_word' id='word_1_425' title='bbox 1049 4066 1281 4153; x_wconf 86' lang='lat' dir='ltr'><strong>namque</strong></span> <span class='ocrx_word' id='word_1_426' title='bbox 1304 4084 1536 4153; x_wconf 83' lang='lat' dir='ltr'><strong>perfecit</strong></span> <span class='ocrx_word' id='word_1_427' title='bbox 1575 4085 1630 4139; x_wconf 91' lang='lat' dir='ltr'><strong>in</strong></span> <span class='ocrx_word' id='word_1_428' title='bbox 1660 4102 1785 4156; x_wconf 72' lang='lat' dir='ltr'><strong>per.</strong></span> 
     </span>
    </p>
   </div>
   <div class='ocr_carea' id='block_1_59' title="bbox 166 4160 1778 4248">
    <p class='ocr_par' dir='ltr' id='par_1_59' title="bbox 166 4160 1778 4248">
     <span class='ocr_line' id='line_1_59' title="bbox 166 4160 1778 4248; baseline 0.001 -20"><span class='ocrx_word' id='word_1_429' title='bbox 166 4182 415 4248; x_wconf 87' lang='lat' dir='ltr'><strong>petuum</strong></span> <span class='ocrx_word' id='word_1_430' title='bbox 459 4187 554 4228; x_wconf 87' lang='lat' dir='ltr'><strong>eos</strong></span> <span class='ocrx_word' id='word_1_431' title='bbox 597 4173 689 4243; x_wconf 88' lang='lat' dir='ltr'><strong>qui</strong></span> <span class='ocrx_word' id='word_1_432' title='bbox 737 4160 1167 4240; x_wconf 83' lang='lat' dir='ltr'><strong>sanctiﬁcantur,</strong></span> <span class='ocrx_word' id='word_1_433' title='bbox 1230 4191 1336 4228; x_wconf 90' lang='lat' dir='ltr'><strong>non</strong></span> <span class='ocrx_word' id='word_1_434' title='bbox 1376 4174 1519 4230; x_wconf 88' lang='lat' dir='ltr'><strong>sicut</strong></span> <span class='ocrx_word' id='word_1_435' title='bbox 1575 4173 1778 4242; x_wconf 69' lang='lat' dir='ltr'><strong>Judaei;</strong></span> 
     </span>
    </p>
   </div>
   <div class='ocr_carea' id='block_1_60' title="bbox 170 4264 1783 4347">
    <p class='ocr_par' dir='ltr' id='par_1_60' title="bbox 170 4264 1783 4347">
     <span class='ocr_line' id='line_1_60' title="bbox 170 4264 1783 4347; baseline -0.001 -23"><span class='ocrx_word' id='word_1_436' title='bbox 170 4276 385 4325; x_wconf 87' lang='lat' dir='ltr'><strong>cautos</strong></span> <span class='ocrx_word' id='word_1_437' title='bbox 413 4279 514 4320; x_wconf 92' lang='lat' dir='ltr'><strong>nos</strong></span> <span class='ocrx_word' id='word_1_438' title='bbox 541 4264 725 4320; x_wconf 89' lang='lat' dir='ltr'><strong>volens</strong></span> <span class='ocrx_word' id='word_1_439' title='bbox 774 4264 1021 4347; x_wconf 66' lang='lat' dir='ltr'><strong>edicere,</strong></span> <span class='ocrx_word' id='word_1_440' title='bbox 1056 4282 1123 4322; x_wconf 92' lang='lat' dir='ltr'><strong>ne</strong></span> <span class='ocrx_word' id='word_1_441' title='bbox 1150 4267 1291 4322; x_wconf 89' lang='lat' dir='ltr'><strong>ultra</strong></span> <span class='ocrx_word' id='word_1_442' title='bbox 1321 4267 1404 4323; x_wconf 88' lang='lat' dir='ltr'><strong>vel</strong></span> <span class='ocrx_word' id='word_1_443' title='bbox 1432 4267 1633 4323; x_wconf 86' lang='lat' dir='ltr'><strong>Christi</strong></span> <span class='ocrx_word' id='word_1_444' title='bbox 1661 4285 1783 4324; x_wconf 86' lang='lat' dir='ltr'><strong>cru-</strong></span> 
     </span>
    </p>
   </div>
   <div class='ocr_carea' id='block_1_61' title="bbox 174 4355 1781 4433">
    <p class='ocr_par' dir='ltr' id='par_1_61' title="bbox 174 4355 1781 4433">
     <span class='ocr_line' id='line_1_61' title="bbox 174 4355 1781 4433; baseline 0.001 -18"><span class='ocrx_word' id='word_1_445' title='bbox 174 4376 306 4416; x_wconf 80' lang='lat' dir='ltr'><strong>cem</strong></span> <span class='ocrx_word' id='word_1_446' title='bbox 338 4358 425 4412; x_wconf 85' lang='lat' dir='ltr'><strong>vel</strong></span> <span class='ocrx_word' id='word_1_447' title='bbox 450 4358 657 4412; x_wconf 88' lang='lat' dir='ltr'><strong>hostias</strong></span> <span class='ocrx_word' id='word_1_448' title='bbox 681 4355 935 4413; x_wconf 82' lang='lat' dir='ltr'><strong>Judaicas</strong></span> <span class='ocrx_word' id='word_1_449' title='bbox 959 4368 1337 4429; x_wconf 82' lang='lat' dir='ltr'><strong>exspectemus</strong></span> <span class='ocrx_word' id='word_1_450' title='bbox 1375 4376 1476 4431; x_wconf 89' lang='lat' dir='ltr'><strong>pro</strong></span> <span class='ocrx_word' id='word_1_451' title='bbox 1512 4362 1781 4433; x_wconf 88' lang='lat' dir='ltr'><strong>peccatis,</strong></span> 
     </span>
    </p>
   </div>
   <div class='ocr_carea' id='block_1_62' title="bbox 174 4439 1781 4527">
    <p class='ocr_par' dir='ltr' id='par_1_62' title="bbox 174 4439 1781 4527">
     <span class='ocr_line' id='line_1_62' title="bbox 174 4439 1781 4527; baseline 0 -18"><span class='ocrx_word' id='word_1_452' title='bbox 174 4461 235 4509; x_wconf 89' lang='lat' dir='ltr'><strong>et</strong></span> <span class='ocrx_word' id='word_1_453' title='bbox 266 4451 583 4523; x_wconf 86' lang='lat' dir='ltr'><strong>quicunque</strong></span> <span class='ocrx_word' id='word_1_454' title='bbox 610 4450 944 4521; x_wconf 73' lang='lat' dir='ltr'><strong>pwnitentizc</strong></span> <span class='ocrx_word' id='word_1_455' title='bbox 972 4439 1431 4509; x_wconf 85' lang='lat' dir='ltr'><strong>medicamentum</strong></span> <span class='ocrx_word' id='word_1_456' title='bbox 1459 4456 1781 4527; x_wconf 76' lang='lat' dir='ltr'><strong>neglexerit,</strong></span> 
     </span>
    </p>
   </div>
   <div class='ocr_carea' id='block_1_63' title="bbox 177 4544 1783 4620">
    <p class='ocr_par' dir='ltr' id='par_1_63' title="bbox 177 4544 1783 4620">
     <span class='ocr_line' id='line_1_63' title="bbox 177 4544 1783 4620; baseline 0.003 -21"><span class='ocrx_word' id='word_1_457' title='bbox 177 4546 331 4618; x_wconf 87' lang='lat' dir='ltr'><strong>ignis</strong></span> <span class='ocrx_word' id='word_1_458' title='bbox 354 4544 626 4599; x_wconf 65' lang='lat' dir='ltr'><strong>aemulatio</strong></span> <span class='ocrx_word' id='word_1_459' title='bbox 651 4544 933 4599; x_wconf 88' lang='lat' dir='ltr'><strong>devorabit</strong></span> <span class='ocrx_word' id='word_1_460' title='bbox 961 4560 1104 4599; x_wconf 90' lang='lat' dir='ltr'><strong>eum.</strong></span> <span class='ocrx_word' id='word_1_461' title='bbox 1130 4546 1478 4618; x_wconf 79' lang='lat' dir='ltr'><strong>Quapmpter</strong></span> <span class='ocrx_word' id='word_1_462' title='bbox 1499 4550 1783 4620; x_wconf 89' lang='lat' dir='ltr'><strong>unusquis-</strong></span> 
     </span>
    </p>
   </div>
   <div class='ocr_carea' id='block_1_64' title="bbox 178 4624 1781 4708">
    <p class='ocr_par' dir='ltr' id='par_1_64' title="bbox 178 4624 1781 4708">
     <span class='ocr_line' id='line_1_64' title="bbox 178 4624 1781 4708; baseline 0.002 -18"><span class='ocrx_word' id='word_1_463' title='bbox 178 4651 294 4708; x_wconf 87' lang='lat' dir='ltr'><strong>que</strong></span> <span class='ocrx_word' id='word_1_464' title='bbox 327 4637 396 4689; x_wconf 85' lang='lat' dir='ltr'><strong>ad</strong></span> <span class='ocrx_word' id='word_1_465' title='bbox 418 4637 773 4704; x_wconf 61' lang='lat' dir='ltr'><strong>poenitentiae,</strong></span> <span class='ocrx_word' id='word_1_466' title='bbox 803 4637 929 4691; x_wconf 91' lang='lat' dir='ltr'><strong>dum</strong></span> <span class='ocrx_word' id='word_1_467' title='bbox 959 4644 1172 4707; x_wconf 88' lang='lat' dir='ltr'><strong>tempus</strong></span> <span class='ocrx_word' id='word_1_468' title='bbox 1202 4624 1385 4705; x_wconf 78' lang='lat' dir='ltr'><strong>habet,</strong></span> <span class='ocrx_word' id='word_1_469' title='bbox 1425 4641 1781 4694; x_wconf 88' lang='lat' dir='ltr'><strong>medicamen-</strong></span> 
     </span>
    </p>
   </div>
   <div class='ocr_carea' id='block_1_65' title="bbox 178 4718 1785 4801">
    <p class='ocr_par' dir='ltr' id='par_1_65' title="bbox 178 4718 1785 4801">
     <span class='ocr_line' id='line_1_65' title="bbox 178 4718 1785 4801; baseline 0.003 -18"><span class='ocrx_word' id='word_1_470' title='bbox 178 4736 305 4783; x_wconf 84' lang='lat' dir='ltr'><strong>tum</strong></span> <span class='ocrx_word' id='word_1_471' title='bbox 340 4726 636 4799; x_wconf 79' lang='lat' dir='ltr'><strong>confugiat,</strong></span> <span class='ocrx_word' id='word_1_472' title='bbox 685 4718 755 4785; x_wconf 83' lang='lat' dir='ltr'><strong>ne</strong></span> <span class='ocrx_word' id='word_1_473' title='bbox 801 4730 910 4801; x_wconf 86' lang='lat' dir='ltr'><strong>igni</strong></span> <span class='ocrx_word' id='word_1_474' title='bbox 940 4728 1187 4783; x_wconf 88' lang='lat' dir='ltr'><strong>tradatur</strong></span> <span class='ocrx_word' id='word_1_475' title='bbox 1213 4739 1437 4796; x_wconf 60' lang='lat' dir='ltr'><strong>atterno,</strong></span> <span class='ocrx_word' id='word_1_476' title='bbox 1469 4733 1593 4801; x_wconf 88' lang='lat' dir='ltr'><strong>quia</strong></span> <span class='ocrx_word' id='word_1_477' title='bbox 1630 4732 1785 4800; x_wconf 83' lang='lat' dir='ltr'><strong>juxta</strong></span> 
     </span>
    </p>
   </div>
   <div class='ocr_carea' id='block_1_66' title="bbox 176 4820 1787 4894">
    <p class='ocr_par' dir='ltr' id='par_1_66' title="bbox 176 4820 1787 4894">
     <span class='ocr_line' id='line_1_66' title="bbox 176 4820 1787 4894; baseline 0.001 -18"><span class='ocrx_word' id='word_1_478' title='bbox 176 4835 367 4876; x_wconf 74' lang='lat' dir='ltr'><strong>sacrae</strong></span> <span class='ocrx_word' id='word_1_479' title='bbox 413 4820 712 4891; x_wconf 77' lang='lat' dir='ltr'><strong>Scriptura:</strong></span> <span class='ocrx_word' id='word_1_480' title='bbox 772 4822 1136 4889; x_wconf 88' lang='lat' dir='ltr'><strong>sententiam,</strong></span> <span class='ocrx_word' id='word_1_481' title='bbox 1182 4822 1287 4888; x_wconf 82' lang='lat' dir='ltr'><strong>Qui</strong></span> <span class='ocrx_word' id='word_1_482' title='bbox 1335 4824 1470 4877; x_wconf 84' lang='lat' dir='ltr'><strong>bona</strong></span> <span class='ocrx_word' id='word_1_483' title='bbox 1505 4835 1741 4894; x_wconf 55' lang='lat' dir='ltr'><strong>.egerunt</strong></span> <span class='ocrx_word' id='word_1_484' title='bbox 1770 4864 1787 4891; x_wconf 95' lang='lat'><strong>,</strong></span> 
     </span>
    </p>
   </div>
   <div class='ocr_carea' id='block_1_67' title="bbox 176 4914 1791 4989">
    <p class='ocr_par' dir='ltr' id='par_1_67' title="bbox 176 4914 1791 4989">
     <span class='ocr_line' id='line_1_67' title="bbox 176 4914 1791 4989; baseline 0.001 -20"><span class='ocrx_word' id='word_1_485' title='bbox 176 4914 344 4969; x_wconf 78' lang='lat' dir='ltr'><strong>ibunt</strong></span> <span class='ocrx_word' id='word_1_486' title='bbox 383 4914 455 4967; x_wconf 84' lang='lat' dir='ltr'><strong>ad</strong></span> <span class='ocrx_word' id='word_1_487' title='bbox 482 4915 640 4969; x_wconf 83' lang='lat' dir='ltr'><strong>vitam</strong></span> <span class='ocrx_word' id='word_1_488' title='bbox 679 4924 963 4970; x_wconf 66' lang='lat' dir='ltr'><strong>(sternam:</strong></span> <span class='ocrx_word' id='word_1_489' title='bbox 1001 4916 1093 4986; x_wconf 86' lang='lat' dir='ltr'><strong>qui</strong></span> <span class='ocrx_word' id='word_1_490' title='bbox 1119 4932 1238 4971; x_wconf 76' lang='lat' dir='ltr'><strong>vero</strong></span> <span class='ocrx_word' id='word_1_491' title='bbox 1274 4915 1429 4988; x_wconf 36' lang='lat' dir='ltr'><strong>.mala</strong></span> <span class='ocrx_word' id='word_1_492' title='bbox 1471 4926 1705 4989; x_wconf 86' lang='lat' dir='ltr'><strong>egerunt,</strong></span> <span class='ocrx_word' id='word_1_493' title='bbox 1732 4919 1791 4971; x_wconf 87' lang='lat' dir='ltr'><strong>in</strong></span> 
     </span>
    </p>
   </div>
   <div class='ocr_carea' id='block_1_68' title="bbox 178 5005 1499 5079">
    <p class='ocr_par' dir='ltr' id='par_1_68' title="bbox 178 5005 1499 5079">
     <span class='ocr_line' id='line_1_68' title="bbox 178 5005 1499 5079; baseline -0.002 -16"><span class='ocrx_word' id='word_1_494' title='bbox 178 5005 517 5079; x_wconf 71' lang='lat' dir='ltr'><strong>supplicium</strong></span> <span class='ocrx_word' id='word_1_495' title='bbox 542 5015 820 5062; x_wconf 71' lang='lat' dir='ltr'><strong>wternum.</strong></span> <span class='ocrx_word' id='word_1_496' title='bbox 1496 5018 1499 5023; x_wconf 85' lang='lat'>&#39;</span> 
     </span>
    </p>
   </div>
   <div class='ocr_carea' id='block_1_69' title="bbox 765 5099 1262 5157">
    <p class='ocr_par' dir='ltr' id='par_1_69' title="bbox 765 5099 1262 5157">
     <span class='ocr_line' id='line_1_69' title="bbox 765 5099 1262 5157; baseline 0 0"><span class='ocrx_word' id='word_1_497' title='bbox 765 5099 1050 5157; x_wconf 77' lang='lat' dir='ltr'><strong>HOMILIA</strong></span> <span class='ocrx_word' id='word_1_498' title='bbox 1084 5099 1262 5157; x_wconf 79' lang='lat' dir='ltr'><strong>CLXI.</strong></span> 
     </span>
    </p>
   </div>
   <div class='ocr_carea' id='block_1_70' title="bbox 771 5204 1220 5247">
    <p class='ocr_par' dir='ltr' id='par_1_70' title="bbox 771 5204 1220 5247">
     <span class='ocr_line' id='line_1_70' title="bbox 771 5204 1220 5247; baseline 0.004 -3"><span class='ocrx_word' id='word_1_499' title='bbox 771 5204 907 5245; x_wconf 76' lang='lat' dir='ltr'><strong>ITEII</strong></span> <span class='ocrx_word' id='word_1_500' title='bbox 942 5206 1103 5247; x_wconf 73' lang='lat' dir='ltr'><strong>FERIA</strong></span> <span class='ocrx_word' id='word_1_501' title='bbox 1144 5206 1220 5246; x_wconf 74' lang='lat' dir='ltr'><strong>IV.</strong></span> 
     </span>
    </p>
   </div>
   <div class='ocr_carea' id='block_1_71' title="bbox 257 5281 1705 5361">
    <p class='ocr_par' dir='ltr' id='par_1_71' title="bbox 257 5281 1705 5361">
     <span class='ocr_line' id='line_1_71' title="bbox 257 5281 1705 5361; baseline -0.001 -23"><span class='ocrx_word' id='word_1_502' title='bbox 257 5281 459 5338; x_wconf 87' lang='lat' dir='ltr'><strong>Lectio</strong></span> <span class='ocrx_word' id='word_1_503' title='bbox 495 5282 673 5339; x_wconf 83' lang='lat' dir='ltr'><strong>sancti</strong></span> <span class='ocrx_word' id='word_1_504' title='bbox 709 5282 987 5355; x_wconf 80' lang='lat' dir='ltr'><strong>Evangelii</strong></span> <span class='ocrx_word' id='word_1_505' title='bbox 1027 5284 1327 5361; x_wconf 87' lang='lat' dir='ltr'><strong>secundum</strong></span> <span class='ocrx_word' id='word_1_506' title='bbox 1371 5282 1705 5340; x_wconf 69' lang='lat' dir='ltr'><strong>Matthxeum.</strong></span> 
     </span>
    </p>
   </div>
   <div class='ocr_carea' id='block_1_72' title="bbox 255 5373 1792 5456">
    <p class='ocr_par' dir='ltr' id='par_1_72' title="bbox 255 5373 1792 5456">
     <span class='ocr_line' id='line_1_72' title="bbox 255 5373 1792 5456; baseline 0 -25"><span class='ocrx_word' id='word_1_507' title='bbox 255 5374 339 5431; x_wconf 82' lang='lat' dir='ltr'><strong>In</strong></span> <span class='ocrx_word' id='word_1_508' title='bbox 368 5373 461 5429; x_wconf 86' lang='lat' dir='ltr'><strong>illo</strong></span> <span class='ocrx_word' id='word_1_509' title='bbox 496 5383 726 5446; x_wconf 87' lang='lat' dir='ltr'><strong>tempore</strong></span> <span class='ocrx_word' id='word_1_510' title='bbox 754 5386 1000 5431; x_wconf 71' lang='lat' dir='ltr'><strong>exeuntes</strong></span> <span class='ocrx_word' id='word_1_511' title='bbox 1028 5374 1291 5456; x_wconf 67' lang='lat' dir='ltr'><strong>Pharistci</strong></span> <span class='ocrx_word' id='word_1_512' title='bbox 1319 5376 1596 5433; x_wconf 71' lang='lat' dir='ltr'><strong>consilium</strong></span> <span class='ocrx_word' id='word_1_513' title='bbox 1624 5378 1792 5449; x_wconf 86' lang='lat' dir='ltr'><strong>facie-</strong></span> 
     </span>
    </p>
   </div>
   <div class='ocr_carea' id='block_1_73' title="bbox 183 5469 1792 5544">
    <p class='ocr_par' dir='ltr' id='par_1_73' title="bbox 183 5469 1792 5544">
     <span class='ocr_line' id='line_1_73' title="bbox 183 5469 1792 5544; baseline 0 -19"><span class='ocrx_word' id='word_1_514' title='bbox 183 5469 325 5525; x_wconf 74' lang='lat' dir='ltr'><strong>bant</strong></span> <span class='ocrx_word' id='word_1_515' title='bbox 357 5469 633 5523; x_wconf 84' lang='lat' dir='ltr'><strong>adversum</strong></span> <span class='ocrx_word' id='word_1_516' title='bbox 659 5469 870 5538; x_wconf 74' lang='lat' dir='ltr'><strong>Iesum,</strong></span> <span class='ocrx_word' id='word_1_517' title='bbox 901 5473 1163 5542; x_wconf 85' lang='lat' dir='ltr'><strong>quomodo</strong></span> <span class='ocrx_word' id='word_1_518' title='bbox 1198 5488 1319 5526; x_wconf 86' lang='lat' dir='ltr'><strong>eum</strong></span> <span class='ocrx_word' id='word_1_519' title='bbox 1344 5472 1639 5544; x_wconf 80' lang='lat' dir='ltr'><strong>perderent,</strong></span> <span class='ocrx_word' id='word_1_520' title='bbox 1685 5480 1792 5527; x_wconf 90' lang='lat' dir='ltr'><strong>etc.</strong></span> 
     </span>
    </p>
   </div>
   <div class='ocr_carea' id='block_1_74' title="bbox 261 5548 1799 5636">
    <p class='ocr_par' dir='ltr' id='par_1_74' title="bbox 261 5548 1799 5636">
     <span class='ocr_line' id='line_1_74' title="bbox 261 5548 1799 5636; baseline 0.004 -23"><span class='ocrx_word' id='word_1_521' title='bbox 261 5557 544 5614; x_wconf 77' lang='lat' dir='ltr'><strong>Exeuntes</strong></span> <span class='ocrx_word' id='word_1_522' title='bbox 570 5574 667 5616; x_wconf 87' lang='lat' dir='ltr'><strong>eos</strong></span> <span class='ocrx_word' id='word_1_523' title='bbox 695 5548 849 5629; x_wconf 85' lang='lat' dir='ltr'><strong>dicit,</strong></span> <span class='ocrx_word' id='word_1_524' title='bbox 898 5576 1007 5617; x_wconf 91' lang='lat' dir='ltr'><strong>non</strong></span> <span class='ocrx_word' id='word_1_525' title='bbox 1055 5562 1338 5629; x_wconf 84' lang='lat' dir='ltr'><strong>adeuntes,</strong></span> <span class='ocrx_word' id='word_1_526' title='bbox 1369 5562 1453 5619; x_wconf 91' lang='lat' dir='ltr'><strong>vel</strong></span> <span class='ocrx_word' id='word_1_527' title='bbox 1508 5564 1799 5636; x_wconf 84' lang='lat' dir='ltr'><strong>appropin-</strong></span> 
     </span>
    </p>
   </div>
   <div class='ocr_carea' id='block_1_75' title="bbox 184 5644 1799 5728">
    <p class='ocr_par' dir='ltr' id='par_1_75' title="bbox 184 5644 1799 5728">
     <span class='ocr_line' id='line_1_75' title="bbox 184 5644 1799 5728; baseline 0.003 -20"><span class='ocrx_word' id='word_1_528' title='bbox 184 5659 459 5724; x_wconf 84' lang='lat' dir='ltr'><strong>quantes,</strong></span> <span class='ocrx_word' id='word_1_529' title='bbox 489 5652 618 5724; x_wconf 86' lang='lat' dir='ltr'><strong>quia</strong></span> <span class='ocrx_word' id='word_1_530' title='bbox 640 5666 832 5711; x_wconf 89' lang='lat' dir='ltr'><strong>eorum</strong></span> <span class='ocrx_word' id='word_1_531' title='bbox 860 5644 1015 5713; x_wconf 83' lang='lat' dir='ltr'><strong>mens</strong></span> <span class='ocrx_word' id='word_1_532' title='bbox 1040 5672 1210 5728; x_wconf 87' lang='lat' dir='ltr'><strong>prava</strong></span> <span class='ocrx_word' id='word_1_533' title='bbox 1242 5671 1458 5727; x_wconf 90' lang='lat' dir='ltr'><strong>semper</strong></span> <span class='ocrx_word' id='word_1_534' title='bbox 1499 5673 1531 5712; x_wconf 88' lang='lat' dir='ltr'><strong>a</strong></span> <span class='ocrx_word' id='word_1_535' title='bbox 1548 5660 1551 5663; x_wconf 77' lang='grc'>’</span> <span class='ocrx_word' id='word_1_536' title='bbox 1568 5657 1799 5713; x_wconf 88' lang='lat' dir='ltr'><strong>Domino</strong></span> 
     </span>
    </p>
   </div>
   <div class='ocr_carea' id='block_1_76' title="bbox 187 5744 1797 5839">
    <p class='ocr_par' dir='ltr' id='par_1_76' title="bbox 187 5744 1797 5839">
     <span class='ocr_line' id='line_1_76' title="bbox 187 5744 1797 5839; baseline 0.001 -36"><span class='ocrx_word' id='word_1_537' title='bbox 187 5759 403 5805; x_wconf 77' lang='lat' dir='ltr'><strong>aversa</strong></span> <span class='ocrx_word' id='word_1_538' title='bbox 448 5744 571 5813; x_wconf 80' lang='lat' dir='ltr'><strong>fuit,</strong></span> <span class='ocrx_word' id='word_1_539' title='bbox 601 5760 702 5804; x_wconf 84' lang='lat' dir='ltr'><strong>nec</strong></span> <span class='ocrx_word' id='word_1_540' title='bbox 740 5748 1087 5818; x_wconf 82' lang='lat' dir='ltr'><strong>pertinebant</strong></span> <span class='ocrx_word' id='word_1_541' title='bbox 1113 5750 1183 5835; x_wconf 81' lang='lat' dir='ltr'><strong>ad</strong></span> <span class='ocrx_word' id='word_1_542' title='bbox 1220 5748 1412 5807; x_wconf 83' lang='lat' dir='ltr'><strong>eorum</strong></span> <span class='ocrx_word' id='word_1_543' title='bbox 1439 5756 1642 5839; x_wconf 72' lang='lat' dir='ltr'><strong>sortem</strong></span> <span class='ocrx_word' id='word_1_544' title='bbox 1673 5749 1797 5821; x_wconf 84' lang='lat' dir='ltr'><strong>qui-</strong></span> 
     </span>
    </p>
   </div>
   <div class='ocr_carea' id='block_1_77' title="bbox 1802 3140 1851 3208">
    <p class='ocr_par' dir='ltr' id='par_1_77' title="bbox 1802 3140 1851 3208">
     <span class='ocr_line' id='line_1_77' title="bbox 1802 3140 1851 3208; baseline 0 0"><span class='ocrx_word' id='word_1_545' title='bbox 1802 3140 1851 3208; x_wconf 88' lang='lat' dir='ltr'><strong><em>C</em></strong></span> 
     </span>
    </p>
   </div>
   <div class='ocr_carea' id='block_1_78' title="bbox 1873 1858 3467 1959">
    <p class='ocr_par' dir='ltr' id='par_1_78' title="bbox 1873 1858 3467 1959">
     <span class='ocr_line' id='line_1_78' title="bbox 1873 1858 3467 1959; baseline 0.001 -28"><span class='ocrx_word' id='word_1_546' title='bbox 1873 1876 1966 1947; x_wconf 89' lang='lat' dir='ltr'><strong>qui</strong></span> <span class='ocrx_word' id='word_1_547' title='bbox 2004 1876 2185 1932; x_wconf 85' lang='lat' dir='ltr'><strong>dixit:</strong></span> <span class='ocrx_word' id='word_1_548' title='bbox 2228 1876 2296 1931; x_wconf 85' lang='lat' dir='ltr'><strong>Et</strong></span> <span class='ocrx_word' id='word_1_549' title='bbox 2348 1877 2490 1947; x_wconf 76' lang='lat' dir='ltr'><strong>facta</strong></span> <span class='ocrx_word' id='word_1_550' title='bbox 2533 1858 2656 1933; x_wconf 83' lang='lat' dir='ltr'><strong>sunt</strong></span> <span class='ocrx_word' id='word_1_551' title='bbox 2699 1878 2900 1959; x_wconf 78' lang='lat' dir='ltr'><strong>omnia,</strong></span> <span class='ocrx_word' id='word_1_552' title='bbox 2932 1877 3169 1959; x_wconf 78' lang='lat' dir='ltr'><strong>Sabhate</strong></span> <span class='ocrx_word' id='word_1_553' title='bbox 3215 1858 3464 1959; x_wconf 64' lang='lat' dir='ltr'><strong>laborare</strong></span> 
     </span>
    </p>
   </div>
   <div class='ocr_carea' id='block_1_79' title="bbox 1871 1950 3390 2045">
    <p class='ocr_par' dir='ltr' id='par_1_79' title="bbox 1871 1950 3390 2045">
     <span class='ocr_line' id='line_1_79' title="bbox 1871 1950 3390 2045; baseline -0.001 -22"><span class='ocrx_word' id='word_1_554' title='bbox 1871 1976 2085 2045; x_wconf 87' lang='lat' dir='ltr'><strong>poterat</strong></span> <span class='ocrx_word' id='word_1_555' title='bbox 2111 1968 2380 2024; x_wconf 86' lang='lat' dir='ltr'><strong>convinci.</strong></span> <span class='ocrx_word' id='word_1_556' title='bbox 2802 1950 2827 1961; x_wconf 27' lang='grc' dir='ltr'>η</span> <span class='ocrx_word' id='word_1_557' title='bbox 3048 1950 3071 1955; x_wconf 9' lang='grc' dir='ltr'><strong>γ’</strong></span> <span class='ocrx_word' id='word_1_558' title='bbox 3152 1950 3160 1959; x_wconf 69' lang='grc'><em>’</em></span> <span class='ocrx_word' id='word_1_559' title='bbox 3386 1954 3390 1959; x_wconf 63' lang='grc'><em>’</em></span> 
     </span>
    </p>
   </div>
   <div class='ocr_carea' id='block_1_80' title="bbox 1878 2048 3464 2141">
    <p class='ocr_par' dir='ltr' id='par_1_80' title="bbox 1878 2048 3464 2141">
     <span class='ocr_line' id='line_1_80' title="bbox 1878 2048 3464 2141; baseline -0.001 -24"><span class='ocrx_word' id='word_1_560' title='bbox 1878 2048 1883 2055; x_wconf 53' lang='grc'><strong><em>’</em></strong></span> <span class='ocrx_word' id='word_1_561' title='bbox 1943 2062 2097 2117; x_wconf 83' lang='lat' dir='ltr'><strong>.Iesus</strong></span> <span class='ocrx_word' id='word_1_562' title='bbox 2149 2071 2323 2125; x_wconf 87' lang='lat' dir='ltr'><strong>autem</strong></span> <span class='ocrx_word' id='word_1_563' title='bbox 2362 2063 2556 2128; x_wconf 86' lang='lat' dir='ltr'><strong>sciens,</strong></span> <span class='ocrx_word' id='word_1_564' title='bbox 2600 2064 2809 2137; x_wconf 77' lang='lat' dir='ltr'><strong>secessit</strong></span> <span class='ocrx_word' id='word_1_565' title='bbox 2833 2061 2973 2118; x_wconf 88' lang='lat' dir='ltr'><strong>inde.</strong></span> <span class='ocrx_word' id='word_1_566' title='bbox 3004 2060 3194 2141; x_wconf 80' lang='lat' dir='ltr'><strong>Sciens</strong></span> <span class='ocrx_word' id='word_1_567' title='bbox 3238 2060 3464 2139; x_wconf 81' lang='lat' dir='ltr'><strong>insidias</strong></span> 
     </span>
    </p>
   </div>
   <div class='ocr_carea' id='block_1_81' title="bbox 1874 2140 3466 2235">
    <p class='ocr_par' dir='ltr' id='par_1_81' title="bbox 1874 2140 3466 2235">
     <span class='ocr_line' id='line_1_81' title="bbox 1874 2140 3466 2235; baseline 0.001 -25"><span class='ocrx_word' id='word_1_568' title='bbox 1874 2170 2082 2220; x_wconf 87' lang='lat' dir='ltr'><strong>eorum,</strong></span> <span class='ocrx_word' id='word_1_569' title='bbox 2110 2156 2254 2226; x_wconf 86' lang='lat' dir='ltr'><strong>quod</strong></span> <span class='ocrx_word' id='word_1_570' title='bbox 2285 2156 2484 2233; x_wconf 85' lang='lat' dir='ltr'><strong>vellent</strong></span> <span class='ocrx_word' id='word_1_571' title='bbox 2512 2157 2741 2233; x_wconf 82' lang='lat' dir='ltr'><strong>perdere</strong></span> <span class='ocrx_word' id='word_1_572' title='bbox 2781 2140 3118 2235; x_wconf 78' lang='lat' dir='ltr'><strong>Salvatorem</strong></span> <span class='ocrx_word' id='word_1_573' title='bbox 3150 2140 3327 2226; x_wconf 83' lang='lat' dir='ltr'><strong>suum,</strong></span> <span class='ocrx_word' id='word_1_574' title='bbox 3380 2170 3466 2212; x_wconf 86' lang='lat' dir='ltr'><strong>re-</strong></span> 
     </span>
    </p>
   </div>
   <div class='ocr_carea' id='block_1_82' title="bbox 1874 2236 3465 2323">
    <p class='ocr_par' dir='ltr' id='par_1_82' title="bbox 1874 2236 3465 2323">
     <span class='ocr_line' id='line_1_82' title="bbox 1874 2236 3465 2323; baseline -0.001 -20"><span class='ocrx_word' id='word_1_575' title='bbox 1874 2247 2040 2303; x_wconf 88' lang='lat' dir='ltr'><strong>cessit</strong></span> <span class='ocrx_word' id='word_1_576' title='bbox 2067 2246 2214 2314; x_wconf 90' lang='lat' dir='ltr'><strong>inde,</strong></span> <span class='ocrx_word' id='word_1_577' title='bbox 2240 2236 2303 2301; x_wconf 87' lang='lat' dir='ltr'><strong>ut</strong></span> <span class='ocrx_word' id='word_1_578' title='bbox 2330 2246 2623 2301; x_wconf 79' lang='lat' dir='ltr'><strong>Pharisaeis</strong></span> <span class='ocrx_word' id='word_1_579' title='bbox 2651 2254 2842 2301; x_wconf 89' lang='lat' dir='ltr'><strong>contra</strong></span> <span class='ocrx_word' id='word_1_580' title='bbox 2887 2262 2947 2301; x_wconf 89' lang='lat' dir='ltr'><strong>se</strong></span> <span class='ocrx_word' id='word_1_581' title='bbox 2978 2246 3273 2323; x_wconf 83' lang='lat' dir='ltr'><strong>impietatis</strong></span> <span class='ocrx_word' id='word_1_582' title='bbox 3300 2236 3465 2302; x_wconf 88' lang='lat' dir='ltr'><strong>occa-</strong></span> 
     </span>
    </p>
   </div>
   <div class='ocr_carea' id='block_1_83' title="bbox 1874 2320 3466 2417">
    <p class='ocr_par' dir='ltr' id='par_1_83' title="bbox 1874 2320 3466 2417">
     <span class='ocr_line' id='line_1_83' title="bbox 1874 2320 3466 2417; baseline -0.001 -24"><span class='ocrx_word' id='word_1_583' title='bbox 1874 2339 2083 2394; x_wconf 87' lang='lat' dir='ltr'><strong>sionem</strong></span> <span class='ocrx_word' id='word_1_584' title='bbox 2116 2337 2376 2417; x_wconf 70' lang='lat' dir='ltr'><strong>aul‘erret.</strong></span> <span class='ocrx_word' id='word_1_585' title='bbox 2412 2337 2652 2395; x_wconf 85' lang='lat' dir='ltr'><strong>Secessit</strong></span> <span class='ocrx_word' id='word_1_586' title='bbox 2680 2337 2838 2417; x_wconf 81' lang='lat' dir='ltr'><strong>quasi</strong></span> <span class='ocrx_word' id='word_1_587' title='bbox 2877 2320 3060 2417; x_wconf 81' lang='lat' dir='ltr'><strong>homo,</strong></span> <span class='ocrx_word' id='word_1_588' title='bbox 3092 2320 3304 2417; x_wconf 61' lang='lat' dir='ltr'><strong>fugiens</strong></span> <span class='ocrx_word' id='word_1_589' title='bbox 3346 2352 3466 2407; x_wconf 90' lang='lat' dir='ltr'><strong>per-</strong></span> 
     </span>
    </p>
   </div>
   <div class='ocr_carea' id='block_1_84' title="bbox 1876 2408 3470 2507">
    <p class='ocr_par' dir='ltr' id='par_1_84' title="bbox 1876 2408 3470 2507">
     <span class='ocr_line' id='line_1_84' title="bbox 1876 2408 3470 2507; baseline -0.004 -21"><span class='ocrx_word' id='word_1_590' title='bbox 1876 2408 2218 2500; x_wconf 71' lang='lat' dir='ltr'><strong>Sequentiuin</strong></span> <span class='ocrx_word' id='word_1_591' title='bbox 2245 2414 2491 2493; x_wconf 89' lang='lat' dir='ltr'><strong>insidias,</strong></span> <span class='ocrx_word' id='word_1_592' title='bbox 2524 2428 2651 2498; x_wconf 89' lang='lat' dir='ltr'><strong>quia</strong></span> <span class='ocrx_word' id='word_1_593' title='bbox 2680 2410 2856 2497; x_wconf 81' lang='lat' dir='ltr'><strong>neque</strong></span> <span class='ocrx_word' id='word_1_594' title='bbox 2875 2408 3054 2507; x_wconf 74' lang='lat' dir='ltr'><strong>adhuc</strong></span> <span class='ocrx_word' id='word_1_595' title='bbox 3084 2408 3308 2507; x_wconf 76' lang='lat' dir='ltr'><strong>venerat</strong></span> <span class='ocrx_word' id='word_1_596' title='bbox 3334 2426 3470 2480; x_wconf 77' lang='lat' dir='ltr'><strong>liora</strong></span> 
     </span>
    </p>
   </div>
   <div class='ocr_carea' id='block_1_85' title="bbox 1873 2502 3467 2607">
    <p class='ocr_par' dir='ltr' id='par_1_85' title="bbox 1873 2502 3467 2607">
     <span class='ocr_line' id='line_1_85' title="bbox 1873 2502 3467 2607; baseline -0.003 -30"><span class='ocrx_word' id='word_1_597' title='bbox 1873 2522 2144 2591; x_wconf 87' lang='lat' dir='ltr'><strong>passionis</strong></span> <span class='ocrx_word' id='word_1_598' title='bbox 2168 2512 2307 2594; x_wconf 88' lang='lat' dir='ltr'><strong>ejus,</strong></span> <span class='ocrx_word' id='word_1_599' title='bbox 2335 2536 2511 2593; x_wconf 91' lang='lat' dir='ltr'><strong>neque</strong></span> <span class='ocrx_word' id='word_1_600' title='bbox 2535 2512 2695 2577; x_wconf 84' lang='lat' dir='ltr'><strong>extra</strong></span> <span class='ocrx_word' id='word_1_601' title='bbox 2716 2502 3016 2607; x_wconf 73' lang='lat' dir='ltr'><strong>Jerusalem</strong></span> <span class='ocrx_word' id='word_1_602' title='bbox 3039 2504 3145 2575; x_wconf 32' lang='lat' dir='ltr'><strong>fuit.</strong></span> <span class='ocrx_word' id='word_1_603' title='bbox 3167 2502 3317 2591; x_wconf 61' lang='lat' dir='ltr'><strong>locus</strong></span> <span class='ocrx_word' id='word_1_604' title='bbox 3336 2534 3467 2605; x_wconf 82' lang='lat' dir='ltr'><strong>pas-</strong></span> 
     </span>
    </p>
   </div>
   <div class='ocr_carea' id='block_1_86' title="bbox 1875 2600 3469 2711">
    <p class='ocr_par' dir='ltr' id='par_1_86' title="bbox 1875 2600 3469 2711">
     <span class='ocr_line' id='line_1_86' title="bbox 1875 2600 3469 2711; baseline -0.004 -40"><span class='ocrx_word' id='word_1_605' title='bbox 1875 2617 2063 2671; x_wconf 88' lang='lat' dir='ltr'><strong>sionis.</strong></span> <span class='ocrx_word' id='word_1_606' title='bbox 2096 2600 2335 2697; x_wconf 82' lang='lat' dir='ltr'><strong>Secessit</strong></span> <span class='ocrx_word' id='word_1_607' title='bbox 2364 2616 2572 2699; x_wconf 81' lang='lat' dir='ltr'><strong>fugiens</strong></span> <span class='ocrx_word' id='word_1_608' title='bbox 2603 2630 2722 2695; x_wconf 78' lang='lat' dir='ltr'><strong>sese</strong></span> <span class='ocrx_word' id='word_1_609' title='bbox 2763 2600 3347 2711; x_wconf 22' lang='lat' dir='ltr'><strong>odio‘persequen‘tes,’</strong></span> <span class='ocrx_word' id='word_1_610' title='bbox 3372 2609 3469 2689; x_wconf 79' lang='lat' dir='ltr'><strong>sed</strong></span> 
     </span>
    </p>
   </div>
   <div class='ocr_carea' id='block_1_87' title="bbox 1875 2698 3466 2799">
    <p class='ocr_par' dir='ltr' id='par_1_87' title="bbox 1875 2698 3466 2799">
     <span class='ocr_line' id='line_1_87' title="bbox 1875 2698 3466 2799; baseline 0 -34"><span class='ocrx_word' id='word_1_611' title='bbox 1875 2709 1950 2766; x_wconf 89' lang='lat' dir='ltr'><strong>ibi</strong></span> <span class='ocrx_word' id='word_1_612' title='bbox 1974 2710 2208 2766; x_wconf 90' lang='lat' dir='ltr'><strong>accessit</strong></span> <span class='ocrx_word' id='word_1_613' title='bbox 2231 2710 2318 2764; x_wconf 91' lang='lat' dir='ltr'><strong>ubi</strong></span> <span class='ocrx_word' id='word_1_614' title='bbox 2344 2709 2529 2781; x_wconf 87' lang='lat' dir='ltr'><strong>plures</strong></span> <span class='ocrx_word' id='word_1_615' title='bbox 2551 2698 2775 2799; x_wconf 72' lang='lat' dir='ltr'><strong>invenit</strong></span> <span class='ocrx_word' id='word_1_616' title='bbox 2803 2698 2925 2785; x_wconf 72' lang='lat' dir='ltr'><strong>sese</strong></span> <span class='ocrx_word' id='word_1_617' title='bbox 2967 2698 3333 2795; x_wconf 56' lang='lat' dir='ltr'><strong>perantoreu}</strong></span> <span class='ocrx_word' id='word_1_618' title='bbox 3378 2722 3466 2779; x_wconf 73' lang='lat' dir='ltr'><strong>se-</strong></span> 
     </span>
    </p>
   </div>
   <div class='ocr_carea' id='block_1_88' title="bbox 1875 2800 2975 2871">
    <p class='ocr_par' dir='ltr' id='par_1_88' title="bbox 1875 2800 2975 2871">
     <span class='ocr_line' id='line_1_88' title="bbox 1875 2800 2975 2871; baseline -0.003 -16"><span class='ocrx_word' id='word_1_619' title='bbox 1875 2810 2123 2871; x_wconf 91' lang='lat' dir='ltr'><strong>quentes.</strong></span> <span class='ocrx_word' id='word_1_620' title='bbox 2157 2800 2293 2855; x_wconf 86' lang='lat' dir='ltr'><strong>Nam</strong></span> <span class='ocrx_word' id='word_1_621' title='bbox 2327 2800 2577 2856; x_wconf 84' lang='lat' dir='ltr'><strong>subditur</strong></span> <span class='ocrx_word' id='word_1_622' title='bbox 2602 2818 2616 2853; x_wconf 76' lang='grc' dir='ltr'>ε</span> <span class='ocrx_word' id='word_1_623' title='bbox 2966 2802 2975 2809; x_wconf 88' lang='grc'><em>’</em></span> 
     </span>
    </p>
   </div>
   <div class='ocr_carea' id='block_1_89' title="bbox 1947 2892 3467 2973">
    <p class='ocr_par' dir='ltr' id='par_1_89' title="bbox 1947 2892 3467 2973">
     <span class='ocr_line' id='line_1_89' title="bbox 1947 2892 3467 2973; baseline -0.002 -27"><span class='ocrx_word' id='word_1_624' title='bbox 1947 2892 2206 2948; x_wconf 86' lang='lat' dir='ltr'><strong>Etsecuti</strong></span> <span class='ocrx_word' id='word_1_625' title='bbox 2239 2902 2359 2947; x_wconf 85' lang='lat' dir='ltr'><strong>sunt</strong></span> <span class='ocrx_word' id='word_1_626' title='bbox 2412 2910 2530 2946; x_wconf 85' lang='lat' dir='ltr'><strong>eum</strong></span> <span class='ocrx_word' id='word_1_627' title='bbox 2578 2892 2751 2958; x_wconf 89' lang='lat' dir='ltr'><strong>multi,</strong></span> <span class='ocrx_word' id='word_1_628' title='bbox 2795 2900 2844 2949; x_wconf 85' lang='lat' dir='ltr'><strong>et</strong></span> <span class='ocrx_word' id='word_1_629' title='bbox 2889 2893 3092 2973; x_wconf 63' lang='lat' dir='ltr'><strong>curavit</strong></span> <span class='ocrx_word' id='word_1_630' title='bbox 3137 2908 3225 2973; x_wconf 70' lang='lat' dir='ltr'><strong>eos</strong></span> <span class='ocrx_word' id='word_1_631' title='bbox 3270 2906 3467 2957; x_wconf 86' lang='lat' dir='ltr'><strong>omnes.</strong></span> 
     </span>
    </p>
   </div>
   <div class='ocr_carea' id='block_1_90' title="bbox 1876 2964 3471 3065">
    <p class='ocr_par' dir='ltr' id='par_1_90' title="bbox 1876 2964 3471 3065">
     <span class='ocr_line' id='line_1_90' title="bbox 1876 2964 3471 3065; baseline -0.004 -25"><span class='ocrx_word' id='word_1_632' title='bbox 1876 2985 2019 3040; x_wconf 86' lang='lat' dir='ltr'><strong>Ecce</strong></span> <span class='ocrx_word' id='word_1_633' title='bbox 2064 2984 2345 3050; x_wconf 59' lang='lat' dir='ltr'><strong>Pharisaei,</strong></span> <span class='ocrx_word' id='word_1_634' title='bbox 2400 2984 2642 3065; x_wconf 83' lang='lat' dir='ltr'><strong>magistri</strong></span> <span class='ocrx_word' id='word_1_635' title='bbox 2684 2964 3189 3065; x_wconf 70' lang='lat' dir='ltr'><strong>videlicetplebis,~</strong></span> <span class='ocrx_word' id='word_1_636' title='bbox 3226 2979 3471 3051; x_wconf 82' lang='lat' dir='ltr'><strong>unanimi</strong></span> 
     </span>
    </p>
   </div>
   <div class='ocr_carea' id='block_1_91' title="bbox 1880 3070 3470 3151">
    <p class='ocr_par' dir='ltr' id='par_1_91' title="bbox 1880 3070 3470 3151">
     <span class='ocr_line' id='line_1_91' title="bbox 1880 3070 3470 3151; baseline -0.004 -17"><span class='ocrx_word' id='word_1_637' title='bbox 1880 3078 2171 3134; x_wconf 90' lang='lat' dir='ltr'><strong>Dominum</strong></span> <span class='ocrx_word' id='word_1_638' title='bbox 2195 3077 2424 3133; x_wconf 91' lang='lat' dir='ltr'><strong>consilio</strong></span> <span class='ocrx_word' id='word_1_639' title='bbox 2464 3076 2695 3148; x_wconf 89' lang='lat' dir='ltr'><strong>perdere</strong></span> <span class='ocrx_word' id='word_1_640' title='bbox 2722 3070 3006 3147; x_wconf 70' lang='lat' dir='ltr'><strong>quaerunt;</strong></span> <span class='ocrx_word' id='word_1_641' title='bbox 3038 3083 3094 3151; x_wconf 84' lang='lat' dir='ltr'><strong>at</strong></span> <span class='ocrx_word' id='word_1_642' title='bbox 3130 3074 3282 3128; x_wconf 85' lang='lat' dir='ltr'><strong>turba</strong></span> <span class='ocrx_word' id='word_1_643' title='bbox 3315 3074 3470 3128; x_wconf 83' lang='lat' dir='ltr'><strong>indu-</strong></span> 
     </span>
    </p>
   </div>
   <div class='ocr_carea' id='block_1_92' title="bbox 1879 3164 3474 3241">
    <p class='ocr_par' dir='ltr' id='par_1_92' title="bbox 1879 3164 3474 3241">
     <span class='ocr_line' id='line_1_92' title="bbox 1879 3164 3474 3241; baseline -0.004 -15"><span class='ocrx_word' id='word_1_644' title='bbox 1879 3180 1966 3226; x_wconf 91' lang='lat' dir='ltr'><strong>cta</strong></span> <span class='ocrx_word' id='word_1_645' title='bbox 1986 3178 2041 3227; x_wconf 88' lang='lat' dir='ltr'><strong>et</strong></span> <span class='ocrx_word' id='word_1_646' title='bbox 2080 3170 2272 3241; x_wconf 88' lang='lat' dir='ltr'><strong>vulgus</strong></span> <span class='ocrx_word' id='word_1_647' title='bbox 2299 3170 2656 3238; x_wconf 90' lang='lat' dir='ltr'><strong>undecunque</strong></span> <span class='ocrx_word' id='word_1_648' title='bbox 2701 3166 2986 3231; x_wconf 82' lang='lat' dir='ltr'><strong>collectum</strong></span> <span class='ocrx_word' id='word_1_649' title='bbox 3029 3165 3271 3241; x_wconf 85' lang='lat' dir='ltr'><strong>unanimi</strong></span> <span class='ocrx_word' id='word_1_650' title='bbox 3325 3164 3474 3220; x_wconf 84' lang='lat' dir='ltr'><strong>illum</strong></span> 
     </span>
    </p>
   </div>
   <div class='ocr_carea' id='block_1_93' title="bbox 1879 3240 3473 3333">
    <p class='ocr_par' dir='ltr' id='par_1_93' title="bbox 1879 3240 3473 3333">
     <span class='ocr_line' id='line_1_93' title="bbox 1879 3240 3473 3333; baseline -0.004 -18"><span class='ocrx_word' id='word_1_651' title='bbox 1879 3240 2539 3331; x_wconf 12' lang='lat' dir='ltr'><strong>dilectioneisequuntur.</strong></span> <span class='ocrx_word' id='word_1_652' title='bbox 2594 3256 2673 3311; x_wconf 82' lang='lat' dir='ltr'><strong>Illi</strong></span> <span class='ocrx_word' id='word_1_653' title='bbox 2725 3257 2972 3333; x_wconf 83' lang='lat' dir='ltr'><strong>videntes</strong></span> <span class='ocrx_word' id='word_1_654' title='bbox 2998 3240 3164 3326; x_wconf 79' lang='lat' dir='ltr'><strong>opera</strong></span> <span class='ocrx_word' id='word_1_655' title='bbox 3208 3240 3473 3333; x_wconf 86' lang='lat' dir='ltr'><strong>virtutum</strong></span> 
     </span>
    </p>
   </div>
   <div class='ocr_carea' id='block_1_94' title="bbox 1878 3332 3475 3421">
    <p class='ocr_par' dir='ltr' id='par_1_94' title="bbox 1878 3332 3475 3421">
     <span class='ocr_line' id='line_1_94' title="bbox 1878 3332 3475 3421; baseline -0.006 -13"><span class='ocrx_word' id='word_1_656' title='bbox 1878 3342 2016 3421; x_wconf 82' lang='lat' dir='ltr'><strong>ejus,</strong></span> <span class='ocrx_word' id='word_1_657' title='bbox 2046 3361 2101 3408; x_wconf 92' lang='lat' dir='ltr'><strong>et</strong></span> <span class='ocrx_word' id='word_1_658' title='bbox 2127 3352 2291 3406; x_wconf 87' lang='lat' dir='ltr'><strong>verba</strong></span> <span class='ocrx_word' id='word_1_659' title='bbox 2318 3340 2580 3421; x_wconf 56' lang='lat' dir='ltr'><strong>doctrinm</strong></span> <span class='ocrx_word' id='word_1_660' title='bbox 2610 3332 2918 3414; x_wconf 79' lang='lat' dir='ltr'><strong>audientes,</strong></span> <span class='ocrx_word' id='word_1_661' title='bbox 2944 3348 3077 3402; x_wconf 86' lang='lat' dir='ltr'><strong>nihil</strong></span> <span class='ocrx_word' id='word_1_662' title='bbox 3108 3334 3339 3417; x_wconf 80' lang='lat' dir='ltr'><strong>amplius</strong></span> <span class='ocrx_word' id='word_1_663' title='bbox 3366 3332 3475 3401; x_wconf 84' lang='lat' dir='ltr'><strong>dis-</strong></span> 
     </span>
    </p>
   </div>
   <div class='ocr_carea' id='block_1_95' title="bbox 1878 3433 3475 3514">
    <p class='ocr_par' dir='ltr' id='par_1_95' title="bbox 1878 3433 3475 3514">
     <span class='ocr_line' id='line_1_95' title="bbox 1878 3433 3475 3514; baseline -0.004 -14"><span class='ocrx_word' id='word_1_664' title='bbox 1878 3438 2007 3500; x_wconf 83' lang='lat' dir='ltr'><strong>cere</strong></span> <span class='ocrx_word' id='word_1_665' title='bbox 2033 3460 2198 3514; x_wconf 89' lang='lat' dir='ltr'><strong>quam</strong></span> <span class='ocrx_word' id='word_1_666' title='bbox 2226 3452 2287 3498; x_wconf 88' lang='lat' dir='ltr'><strong>ut</strong></span> <span class='ocrx_word' id='word_1_667' title='bbox 2325 3433 2450 3499; x_wconf 85' lang='lat' dir='ltr'><strong>eum</strong></span> <span class='ocrx_word' id='word_1_668' title='bbox 2496 3448 2977 3513; x_wconf 86' lang='lat' dir='ltr'><strong>persequerentur,</strong></span> <span class='ocrx_word' id='word_1_669' title='bbox 3027 3440 3313 3506; x_wconf 89' lang='lat' dir='ltr'><strong>volebant;</strong></span> <span class='ocrx_word' id='word_1_670' title='bbox 3363 3438 3475 3506; x_wconf 88' lang='lat' dir='ltr'><strong>isti,</strong></span> 
     </span>
    </p>
   </div>
   <div class='ocr_carea' id='block_1_96' title="bbox 1880 3532 3476 3605">
    <p class='ocr_par' dir='ltr' id='par_1_96' title="bbox 1880 3532 3476 3605">
     <span class='ocr_line' id='line_1_96' title="bbox 1880 3532 3476 3605; baseline -0.003 -15"><span class='ocrx_word' id='word_1_671' title='bbox 1880 3536 2131 3605; x_wconf 90' lang='lat' dir='ltr'><strong>opinione</strong></span> <span class='ocrx_word' id='word_1_672' title='bbox 2163 3542 2374 3589; x_wconf 88' lang='lat' dir='ltr'><strong>tantum</strong></span> <span class='ocrx_word' id='word_1_673' title='bbox 2406 3533 2554 3589; x_wconf 91' lang='lat' dir='ltr'><strong>ducti</strong></span> <span class='ocrx_word' id='word_1_674' title='bbox 2581 3534 2846 3588; x_wconf 87' lang='lat' dir='ltr'><strong>virtutum</strong></span> <span class='ocrx_word' id='word_1_675' title='bbox 2898 3532 3041 3602; x_wconf 86' lang='lat' dir='ltr'><strong>ejus,</strong></span> <span class='ocrx_word' id='word_1_676' title='bbox 3072 3541 3336 3605; x_wconf 81' lang='lat' dir='ltr'><strong>congesto</strong></span> <span class='ocrx_word' id='word_1_677' title='bbox 3364 3538 3476 3602; x_wconf 85' lang='lat' dir='ltr'><strong>&#39;ag-</strong></span> 
     </span>
    </p>
   </div>
   <div class='ocr_carea' id='block_1_97' title="bbox 1880 3622 3479 3727">
    <p class='ocr_par' dir='ltr' id='par_1_97' title="bbox 1880 3622 3479 3727">
     <span class='ocr_line' id='line_1_97' title="bbox 1880 3622 3479 3727; baseline -0.002 -46"><span class='ocrx_word' id='word_1_678' title='bbox 1880 3622 2025 3683; x_wconf 84' lang='lat' dir='ltr'><strong>mine</strong></span> <span class='ocrx_word' id='word_1_679' title='bbox 2051 3628 2393 3697; x_wconf 81' lang='lat' dir='ltr'><strong>permaxima</strong></span> <span class='ocrx_word' id='word_1_680' title='bbox 2417 3627 2645 3681; x_wconf 90' lang='lat' dir='ltr'><strong>veniunt</strong></span> <span class='ocrx_word' id='word_1_681' title='bbox 2673 3626 2742 3681; x_wconf 89' lang='lat' dir='ltr'><strong>ad</strong></span> <span class='ocrx_word' id='word_1_682' title='bbox 2772 3624 3100 3711; x_wconf 82' lang='lat' dir='ltr'><strong>audiendum</strong></span> <span class='ocrx_word' id='word_1_683' title='bbox 3124 3640 3271 3693; x_wconf 91' lang='lat' dir='ltr'><strong>eum,</strong></span> <span class='ocrx_word' id='word_1_684' title='bbox 3290 3640 3479 3727; x_wconf 76' lang='lat' dir='ltr'><strong>opem-</strong></span> 
     </span>
    </p>
   </div>
   <div class='ocr_carea' id='block_1_98' title="bbox 1881 3717 2603 3788">
    <p class='ocr_par' dir='ltr' id='par_1_98' title="bbox 1881 3717 2603 3788">
     <span class='ocr_line' id='line_1_98' title="bbox 1881 3717 2603 3788; baseline 0 -17"><span class='ocrx_word' id='word_1_685' title='bbox 1881 3732 1986 3787; x_wconf 89' lang='lat' dir='ltr'><strong>que</strong></span> <span class='ocrx_word' id='word_1_686' title='bbox 2012 3718 2201 3773; x_wconf 90' lang='lat' dir='ltr'><strong>salutis</strong></span> <span class='ocrx_word' id='word_1_687' title='bbox 2231 3717 2603 3788; x_wconf 79' lang='lat' dir='ltr'><strong>ﬂagitandam.</strong></span> 
     </span>
    </p>
   </div>
   <div class='ocr_carea' id='block_1_99' title="bbox 1955 3807 3482 3887">
    <p class='ocr_par' dir='ltr' id='par_1_99' title="bbox 1955 3807 3482 3887">
     <span class='ocr_line' id='line_1_99' title="bbox 1955 3807 3482 3887; baseline 0 -24"><span class='ocrx_word' id='word_1_688' title='bbox 1955 3809 2022 3863; x_wconf 88' lang='lat' dir='ltr'><strong>Et</strong></span> <span class='ocrx_word' id='word_1_689' title='bbox 2072 3811 2316 3881; x_wconf 75' lang='lat' dir='ltr'><strong>prwcepit</strong></span> <span class='ocrx_word' id='word_1_690' title='bbox 2352 3812 2424 3864; x_wconf 86' lang='lat' dir='ltr'><strong>eis</strong></span> <span class='ocrx_word' id='word_1_691' title='bbox 2454 3826 2515 3863; x_wconf 90' lang='lat' dir='ltr'><strong>ne</strong></span> <span class='ocrx_word' id='word_1_692' title='bbox 2543 3809 2886 3880; x_wconf 79' lang='lat' dir='ltr'><strong>manifestum</strong></span> <span class='ocrx_word' id='word_1_693' title='bbox 2912 3825 3030 3877; x_wconf 83' lang='lat' dir='ltr'><strong>eum</strong></span> <span class='ocrx_word' id='word_1_694' title='bbox 3062 3808 3313 3887; x_wconf 79' lang='lat' dir='ltr'><strong>facerent.</strong></span> <span class='ocrx_word' id='word_1_695' title='bbox 3335 3807 3482 3863; x_wconf 71' lang='lat' dir='ltr'><strong>Prte-</strong></span> 
     </span>
    </p>
   </div>
   <div class='ocr_carea' id='block_1_100' title="bbox 1884 3898 3506 3975">
    <p class='ocr_par' dir='ltr' id='par_1_100' title="bbox 1884 3898 3506 3975">
     <span class='ocr_line' id='line_1_100' title="bbox 1884 3898 3506 3975; baseline 0 -20"><span class='ocrx_word' id='word_1_696' title='bbox 1884 3900 2026 3969; x_wconf 89' lang='lat' dir='ltr'><strong>cepit</strong></span> <span class='ocrx_word' id='word_1_697' title='bbox 2075 3902 2217 3954; x_wconf 89' lang='lat' dir='ltr'><strong>enim</strong></span> <span class='ocrx_word' id='word_1_698' title='bbox 2263 3901 2384 3965; x_wconf 90' lang='lat' dir='ltr'><strong>hoc,</strong></span> <span class='ocrx_word' id='word_1_699' title='bbox 2433 3917 2540 3954; x_wconf 91' lang='lat' dir='ltr'><strong>non</strong></span> <span class='ocrx_word' id='word_1_700' title='bbox 2585 3909 2809 3971; x_wconf 86' lang='lat' dir='ltr'><strong>propter</strong></span> <span class='ocrx_word' id='word_1_701' title='bbox 2848 3898 3098 3954; x_wconf 83' lang='lat' dir='ltr'><strong>timorem</strong></span> <span class='ocrx_word' id='word_1_702' title='bbox 3142 3899 3360 3975; x_wconf 81' lang='lat' dir='ltr'><strong>mortis,</strong></span> <span class='ocrx_word' id='word_1_703' title='bbox 3414 3912 3506 3955; x_wconf 24' lang='lat' dir='ltr'><strong>ne.</strong></span> 
     </span>
    </p>
   </div>
   <div class='ocr_carea' id='block_1_101' title="bbox 1883 3985 3480 4063">
    <p class='ocr_par' dir='ltr' id='par_1_101' title="bbox 1883 3985 3480 4063">
     <span class='ocr_line' id='line_1_101' title="bbox 1883 3985 3480 4063; baseline -0.002 -17"><span class='ocrx_word' id='word_1_704' title='bbox 1883 3985 2297 4063; x_wconf 23' lang='lat' dir='ltr'><strong>forte‘proditus</strong></span> <span class='ocrx_word' id='word_1_705' title='bbox 2328 3992 2439 4060; x_wconf 86' lang='lat' dir='ltr'><strong>jam</strong></span> <span class='ocrx_word' id='word_1_706' title='bbox 2468 3992 2832 4055; x_wconf 82' lang='lat' dir='ltr'><strong>occidetetur,</strong></span> <span class='ocrx_word' id='word_1_707' title='bbox 2865 3991 2953 4045; x_wconf 94' lang='lat' dir='ltr'><strong>cui</strong></span> <span class='ocrx_word' id='word_1_708' title='bbox 2981 3998 3099 4043; x_wconf 89' lang='lat' dir='ltr'><strong>erat</strong></span> <span class='ocrx_word' id='word_1_709' title='bbox 3132 3990 3182 4042; x_wconf 91' lang='lat' dir='ltr'><strong>in</strong></span> <span class='ocrx_word' id='word_1_710' title='bbox 3214 3996 3480 4060; x_wconf 88' lang='lat' dir='ltr'><strong>potestate</strong></span> 
     </span>
    </p>
   </div>
   <div class='ocr_carea' id='block_1_102' title="bbox 1886 4081 3481 4159">
    <p class='ocr_par' dir='ltr' id='par_1_102' title="bbox 1886 4081 3481 4159">
     <span class='ocr_line' id='line_1_102' title="bbox 1886 4081 3481 4159; baseline -0.004 -19"><span class='ocrx_word' id='word_1_711' title='bbox 1886 4085 2064 4140; x_wconf 87' lang='lat' dir='ltr'><strong>anima</strong></span> <span class='ocrx_word' id='word_1_712' title='bbox 2095 4102 2213 4149; x_wconf 85' lang='lat' dir='ltr'><strong>sua,</strong></span> <span class='ocrx_word' id='word_1_713' title='bbox 2273 4085 2366 4139; x_wconf 91' lang='lat' dir='ltr'><strong>sed</strong></span> <span class='ocrx_word' id='word_1_714' title='bbox 2408 4085 2683 4153; x_wconf 85' lang='lat' dir='ltr'><strong>parcendo</strong></span> <span class='ocrx_word' id='word_1_715' title='bbox 2739 4082 2958 4148; x_wconf 65' lang='lat' dir='ltr'><strong>Iudaeis,</strong></span> <span class='ocrx_word' id='word_1_716' title='bbox 3012 4098 3079 4137; x_wconf 91' lang='lat' dir='ltr'><strong>ne</strong></span> <span class='ocrx_word' id='word_1_717' title='bbox 3125 4081 3225 4152; x_wconf 89' lang='lat' dir='ltr'><strong>ipsi</strong></span> <span class='ocrx_word' id='word_1_718' title='bbox 3278 4081 3481 4159; x_wconf 82' lang='lat' dir='ltr'><strong>invidia</strong></span> 
     </span>
    </p>
   </div>
   <div class='ocr_carea' id='block_1_103' title="bbox 1887 4172 3485 4253">
    <p class='ocr_par' dir='ltr' id='par_1_103' title="bbox 1887 4172 3485 4253">
     <span class='ocr_line' id='line_1_103' title="bbox 1887 4172 3485 4253; baseline 0 -23"><span class='ocrx_word' id='word_1_719' title='bbox 1887 4175 2294 4230; x_wconf 88' lang='lat' dir='ltr'><strong>trucidarentur</strong></span> <span class='ocrx_word' id='word_1_720' title='bbox 2339 4175 2684 4231; x_wconf 88' lang='lat' dir='ltr'><strong>innocentem</strong></span> <span class='ocrx_word' id='word_1_721' title='bbox 2735 4175 3132 4253; x_wconf 88' lang='lat' dir='ltr'><strong>persequendo.</strong></span> <span class='ocrx_word' id='word_1_722' title='bbox 3170 4172 3244 4229; x_wconf 91' lang='lat' dir='ltr'><strong>De</strong></span> <span class='ocrx_word' id='word_1_723' title='bbox 3285 4174 3485 4244; x_wconf 84' lang='lat' dir='ltr'><strong>quibus</strong></span> 
     </span>
    </p>
   </div>
   <div class='ocr_carea' id='block_1_104' title="bbox 1854 4264 3482 4343">
    <p class='ocr_par' dir='ltr' id='par_1_104' title="bbox 1854 4264 3482 4343">
     <span class='ocr_line' id='line_1_104' title="bbox 1854 4264 3482 4343; baseline -0.002 -22"><span class='ocrx_word' id='word_1_724' title='bbox 1854 4282 1857 4287; x_wconf 85' lang='grc'><strong>·</strong></span> <span class='ocrx_word' id='word_1_725' title='bbox 1887 4267 2015 4322; x_wconf 86' lang='lat' dir='ltr'><strong>alibi</strong></span> <span class='ocrx_word' id='word_1_726' title='bbox 2046 4267 2263 4338; x_wconf 89' lang='lat' dir='ltr'><strong>legitur,</strong></span> <span class='ocrx_word' id='word_1_727' title='bbox 2288 4284 2403 4321; x_wconf 83' lang='lat' dir='ltr'><strong>vere</strong></span> <span class='ocrx_word' id='word_1_728' title='bbox 2431 4265 2618 4321; x_wconf 87' lang='lat' dir='ltr'><strong>stultos</strong></span> <span class='ocrx_word' id='word_1_729' title='bbox 2657 4264 2923 4336; x_wconf 77' lang='lat' dir='ltr'><strong>interﬁcit</strong></span> <span class='ocrx_word' id='word_1_730' title='bbox 2943 4266 3240 4343; x_wconf 73' lang='lat' dir='ltr'><strong>iracundia,</strong></span> <span class='ocrx_word' id='word_1_731' title='bbox 3285 4276 3331 4320; x_wconf 87' lang='lat' dir='ltr'><strong>et</strong></span> <span class='ocrx_word' id='word_1_732' title='bbox 3358 4282 3482 4337; x_wconf 76' lang='lat' dir='ltr'><strong>par-</strong></span> 
     </span>
    </p>
   </div>
   <div class='ocr_carea' id='block_1_105' title="bbox 1887 4356 3481 4430">
    <p class='ocr_par' dir='ltr' id='par_1_105' title="bbox 1887 4356 3481 4430">
     <span class='ocr_line' id='line_1_105' title="bbox 1887 4356 3481 4430; baseline -0.001 -17"><span class='ocrx_word' id='word_1_733' title='bbox 1887 4359 2037 4414; x_wconf 79' lang='lat' dir='ltr'><strong>vulos</strong></span> <span class='ocrx_word' id='word_1_734' title='bbox 2084 4359 2271 4414; x_wconf 84' lang='lat' dir='ltr'><strong>occidit</strong></span> <span class='ocrx_word' id='word_1_735' title='bbox 2306 4359 2525 4414; x_wconf 83' lang='lat' dir='ltr'><strong>invidia.</strong></span> <span class='ocrx_word' id='word_1_736' title='bbox 2583 4359 2694 4414; x_wconf 81' lang='lat' dir='ltr'><strong>Nos</strong></span> <span class='ocrx_word' id='word_1_737' title='bbox 2743 4369 2947 4424; x_wconf 90' lang='lat' dir='ltr'><strong>autem,</strong></span> <span class='ocrx_word' id='word_1_738' title='bbox 2995 4356 3343 4430; x_wconf 76' lang='lat' dir='ltr'><strong>tropologiCe,</strong></span> <span class='ocrx_word' id='word_1_739' title='bbox 3396 4357 3481 4411; x_wconf 82' lang='lat' dir='ltr'><strong>in-</strong></span> 
     </span>
    </p>
   </div>
   <div class='ocr_carea' id='block_1_106' title="bbox 1889 4449 3485 4524">
    <p class='ocr_par' dir='ltr' id='par_1_106' title="bbox 1889 4449 3485 4524">
     <span class='ocr_line' id='line_1_106' title="bbox 1889 4449 3485 4524; baseline 0.001 -19"><span class='ocrx_word' id='word_1_740' title='bbox 1889 4452 2070 4517; x_wconf 86' lang='lat' dir='ltr'><strong>struit,</strong></span> <span class='ocrx_word' id='word_1_741' title='bbox 2110 4459 2169 4504; x_wconf 93' lang='lat' dir='ltr'><strong>ut</strong></span> <span class='ocrx_word' id='word_1_742' title='bbox 2197 4467 2320 4506; x_wconf 91' lang='lat' dir='ltr'><strong>cum</strong></span> <span class='ocrx_word' id='word_1_743' title='bbox 2368 4450 2572 4521; x_wconf 86' lang='lat' dir='ltr'><strong>aliquid</strong></span> <span class='ocrx_word' id='word_1_744' title='bbox 2599 4451 2779 4524; x_wconf 87' lang='lat' dir='ltr'><strong>magni</strong></span> <span class='ocrx_word' id='word_1_745' title='bbox 2806 4450 3114 4517; x_wconf 84' lang='lat' dir='ltr'><strong>fecerimus,</strong></span> <span class='ocrx_word' id='word_1_746' title='bbox 3165 4450 3378 4507; x_wconf 88' lang='lat' dir='ltr'><strong>laudem</strong></span> <span class='ocrx_word' id='word_1_747' title='bbox 3403 4449 3485 4506; x_wconf 81' lang='lat' dir='ltr'><strong>fo-</strong></span> 
     </span>
    </p>
   </div>
   <div class='ocr_carea' id='block_1_107' title="bbox 1890 4544 2625 4613">
    <p class='ocr_par' dir='ltr' id='par_1_107' title="bbox 1890 4544 2625 4613">
     <span class='ocr_line' id='line_1_107' title="bbox 1890 4544 2625 4613; baseline -0.001 -15"><span class='ocrx_word' id='word_1_748' title='bbox 1890 4544 2131 4599; x_wconf 86' lang='lat' dir='ltr'><strong>rinsecus</strong></span> <span class='ocrx_word' id='word_1_749' title='bbox 2159 4561 2266 4598; x_wconf 91' lang='lat' dir='ltr'><strong>non</strong></span> <span class='ocrx_word' id='word_1_750' title='bbox 2302 4558 2625 4613; x_wconf 47' lang='lat' dir='ltr'><strong>quaeramus.</strong></span> 
     </span>
    </p>
   </div>
   <div class='ocr_carea' id='block_1_108' title="bbox 1965 4633 3485 4706">
    <p class='ocr_par' dir='ltr' id='par_1_108' title="bbox 1965 4633 3485 4706">
     <span class='ocr_line' id='line_1_108' title="bbox 1965 4633 3485 4706; baseline -0.001 -18"><span class='ocrx_word' id='word_1_751' title='bbox 1965 4633 2032 4688; x_wconf 87' lang='lat' dir='ltr'><strong>Ut</strong></span> <span class='ocrx_word' id='word_1_752' title='bbox 2084 4635 2459 4706; x_wconf 76' lang='lat' dir='ltr'><strong>atlirnpleretur</strong></span> <span class='ocrx_word' id='word_1_753' title='bbox 2495 4634 2635 4704; x_wconf 84' lang='lat' dir='ltr'><strong>quod</strong></span> <span class='ocrx_word' id='word_1_754' title='bbox 2679 4635 2875 4686; x_wconf 88' lang='lat' dir='ltr'><strong>dictum</strong></span> <span class='ocrx_word' id='word_1_755' title='bbox 2923 4644 2997 4687; x_wconf 86' lang='lat' dir='ltr'><strong>est</strong></span> <span class='ocrx_word' id='word_1_756' title='bbox 3024 4651 3116 4703; x_wconf 87' lang='lat' dir='ltr'><strong>per</strong></span> <span class='ocrx_word' id='word_1_757' title='bbox 3141 4633 3341 4688; x_wconf 85' lang='lat' dir='ltr'><strong>Isaiam</strong></span> <span class='ocrx_word' id='word_1_758' title='bbox 3366 4651 3485 4701; x_wconf 57' lang='lat' dir='ltr'><strong>pro-</strong></span> 
     </span>
    </p>
   </div>
   <div class='ocr_carea' id='block_1_109' title="bbox 1892 4728 3485 4805">
    <p class='ocr_par' dir='ltr' id='par_1_109' title="bbox 1892 4728 3485 4805">
     <span class='ocr_line' id='line_1_109' title="bbox 1892 4728 3485 4805; baseline -0.003 -17"><span class='ocrx_word' id='word_1_759' title='bbox 1892 4736 2099 4805; x_wconf 85' lang='lat' dir='ltr'><strong>phetum</strong></span> <span class='ocrx_word' id='word_1_760' title='bbox 2129 4733 2380 4786; x_wconf 84' lang='lat' dir='ltr'><strong>dicentem</strong></span> <span class='ocrx_word' id='word_1_761' title='bbox 2413 4749 2427 4785; x_wconf 91' lang='lat'><strong>:</strong></span> <span class='ocrx_word' id='word_1_762' title='bbox 2470 4731 2605 4785; x_wconf 84' lang='lat' dir='ltr'><strong>Ecce</strong></span> <span class='ocrx_word' id='word_1_763' title='bbox 2638 4746 2768 4801; x_wconf 88' lang='lat' dir='ltr'><strong>puer</strong></span> <span class='ocrx_word' id='word_1_764' title='bbox 2788 4747 2954 4796; x_wconf 87' lang='lat' dir='ltr'><strong>meus,</strong></span> <span class='ocrx_word' id='word_1_765' title='bbox 2988 4747 3140 4801; x_wconf 85' lang='lat' dir='ltr'><strong>quem</strong></span> <span class='ocrx_word' id='word_1_766' title='bbox 3168 4731 3316 4799; x_wconf 85' lang='lat' dir='ltr'><strong>elegi,</strong></span> <span class='ocrx_word' id='word_1_767' title='bbox 3349 4728 3485 4783; x_wconf 87' lang='lat' dir='ltr'><strong>dile-</strong></span> 
     </span>
    </p>
   </div>
   <div class='ocr_carea' id='block_1_110' title="bbox 1896 4819 3485 4893">
    <p class='ocr_par' dir='ltr' id='par_1_110' title="bbox 1896 4819 3485 4893">
     <span class='ocr_line' id='line_1_110' title="bbox 1896 4819 3485 4893; baseline -0.001 -15"><span class='ocrx_word' id='word_1_768' title='bbox 1896 4836 2010 4878; x_wconf 84' lang='lat' dir='ltr'><strong>ctus</strong></span> <span class='ocrx_word' id='word_1_769' title='bbox 2048 4840 2193 4877; x_wconf 86' lang='lat' dir='ltr'><strong>meus</strong></span> <span class='ocrx_word' id='word_1_770' title='bbox 2225 4824 2283 4877; x_wconf 89' lang='lat' dir='ltr'><strong>in</strong></span> <span class='ocrx_word' id='word_1_771' title='bbox 2310 4840 2412 4893; x_wconf 88' lang='lat' dir='ltr'><strong>quo</strong></span> <span class='ocrx_word' id='word_1_772' title='bbox 2443 4822 2568 4876; x_wconf 87' lang='lat' dir='ltr'><strong>bene</strong></span> <span class='ocrx_word' id='word_1_773' title='bbox 2597 4820 2907 4889; x_wconf 82' lang='lat' dir='ltr'><strong>complacuit</strong></span> <span class='ocrx_word' id='word_1_774' title='bbox 2931 4823 3123 4876; x_wconf 76' lang='lat' dir='ltr'><strong>anima:</strong></span> <span class='ocrx_word' id='word_1_775' title='bbox 3152 4837 3300 4873; x_wconf 74' lang='lat' dir='ltr'><strong>mere.</strong></span> <span class='ocrx_word' id='word_1_776' title='bbox 3331 4819 3485 4888; x_wconf 87' lang='lat' dir='ltr'><strong>Quod</strong></span> 
     </span>
    </p>
   </div>
   <div class='ocr_carea' id='block_1_111' title="bbox 1899 4906 3487 4987">
    <p class='ocr_par' dir='ltr' id='par_1_111' title="bbox 1899 4906 3487 4987">
     <span class='ocr_line' id='line_1_111' title="bbox 1899 4906 3487 4987; baseline -0.003 -17"><span class='ocrx_word' id='word_1_777' title='bbox 1899 4916 2043 4972; x_wconf 90' lang='lat' dir='ltr'><strong>enim</strong></span> <span class='ocrx_word' id='word_1_778' title='bbox 2068 4915 2329 4985; x_wconf 87' lang='lat' dir='ltr'><strong>propheta</strong></span> <span class='ocrx_word' id='word_1_779' title='bbox 2360 4915 2425 4987; x_wconf 90' lang='lat' dir='ltr'><strong>de</strong></span> <span class='ocrx_word' id='word_1_780' title='bbox 2446 4914 2540 4968; x_wconf 89' lang='lat' dir='ltr'><strong>illo</strong></span> <span class='ocrx_word' id='word_1_781' title='bbox 2566 4913 2803 4968; x_wconf 75' lang='lat' dir='ltr'><strong>futurum</strong></span> <span class='ocrx_word' id='word_1_782' title='bbox 2827 4913 3096 4986; x_wconf 65' lang='lat' dir='ltr'><strong>praedixit,</strong></span> <span class='ocrx_word' id='word_1_783' title='bbox 3127 4906 3351 4981; x_wconf 82' lang='lat' dir='ltr'><strong>necesse</strong></span> <span class='ocrx_word' id='word_1_784' title='bbox 3368 4923 3487 4978; x_wconf 82' lang='lat' dir='ltr'><strong>erat</strong></span> 
     </span>
    </p>
   </div>
   <div class='ocr_carea' id='block_1_112' title="bbox 1858 4988 3487 5078">
    <p class='ocr_par' dir='ltr' id='par_1_112' title="bbox 1858 4988 3487 5078">
     <span class='ocr_line' id='line_1_112' title="bbox 1858 4988 3487 5078; baseline 0.001 -16"><span class='ocrx_word' id='word_1_785' title='bbox 1858 5052 1859 5055; x_wconf 54' lang='grc' dir='ltr'><strong>η</strong></span> <span class='ocrx_word' id='word_1_786' title='bbox 1900 5008 1955 5062; x_wconf 92' lang='lat' dir='ltr'><strong>in</strong></span> <span class='ocrx_word' id='word_1_787' title='bbox 1988 5008 2106 5078; x_wconf 89' lang='lat' dir='ltr'><strong>ipso</strong></span> <span class='ocrx_word' id='word_1_788' title='bbox 2154 5007 2386 5078; x_wconf 89' lang='lat' dir='ltr'><strong>impleri,</strong></span> <span class='ocrx_word' id='word_1_789' title='bbox 2438 5015 2502 5062; x_wconf 93' lang='lat' dir='ltr'><strong>ut</strong></span> <span class='ocrx_word' id='word_1_790' title='bbox 2531 5004 2838 5064; x_wconf 81' lang='lat' dir='ltr'><strong>innocentia</strong></span> <span class='ocrx_word' id='word_1_791' title='bbox 2888 4988 2963 5061; x_wconf 49' lang='lat' dir='ltr'><strong>et&#39;</strong></span> <span class='ocrx_word' id='word_1_792' title='bbox 2988 5008 3342 5061; x_wconf 83' lang='lat' dir='ltr'><strong>mansuetudo</strong></span> <span class='ocrx_word' id='word_1_793' title='bbox 3371 5005 3487 5075; x_wconf 83' lang='lat' dir='ltr'><strong>ejus</strong></span> 
     </span>
    </p>
   </div>
   <div class='ocr_carea' id='block_1_113' title="bbox 1898 5097 3521 5171">
    <p class='ocr_par' dir='ltr' id='par_1_113' title="bbox 1898 5097 3521 5171">
     <span class='ocr_line' id='line_1_113' title="bbox 1898 5097 3521 5171; baseline -0.002 -15"><span class='ocrx_word' id='word_1_794' title='bbox 1898 5115 2087 5156; x_wconf 88' lang='lat' dir='ltr'><strong>verum</strong></span> <span class='ocrx_word' id='word_1_795' title='bbox 2136 5102 2515 5171; x_wconf 85' lang='lat' dir='ltr'><strong>comprobaret</strong></span> <span class='ocrx_word' id='word_1_796' title='bbox 2570 5100 2955 5171; x_wconf 83' lang='lat' dir='ltr'><strong>prophetarum</strong></span> <span class='ocrx_word' id='word_1_797' title='bbox 2998 5097 3295 5153; x_wconf 89' lang='lat' dir='ltr'><strong>oraculum.</strong></span> <span class='ocrx_word' id='word_1_798' title='bbox 3346 5097 3521 5153; x_wconf 75' lang='lat' dir='ltr'><strong>Puer</strong></span> 
     </span>
    </p>
   </div>
   <div class='ocr_carea' id='block_1_114' title="bbox 1900 5188 3523 5263">
    <p class='ocr_par' dir='ltr' id='par_1_114' title="bbox 1900 5188 3523 5263">
     <span class='ocr_line' id='line_1_114' title="bbox 1900 5188 3523 5263; baseline -0.001 -17"><span class='ocrx_word' id='word_1_799' title='bbox 1900 5208 2030 5263; x_wconf 83' lang='lat' dir='ltr'><strong>ergo</strong></span> <span class='ocrx_word' id='word_1_800' title='bbox 2058 5192 2275 5246; x_wconf 87' lang='lat' dir='ltr'><strong>Domini</strong></span> <span class='ocrx_word' id='word_1_801' title='bbox 2301 5199 2385 5247; x_wconf 87' lang='lat' dir='ltr'><strong>est</strong></span> <span class='ocrx_word' id='word_1_802' title='bbox 2405 5189 2585 5258; x_wconf 72' lang='lat' dir='ltr'><strong>Iesus,</strong></span> <span class='ocrx_word' id='word_1_803' title='bbox 2615 5190 2742 5260; x_wconf 91' lang='lat' dir='ltr'><strong>quia</strong></span> <span class='ocrx_word' id='word_1_804' title='bbox 2775 5188 3003 5243; x_wconf 81' lang='lat' dir='ltr'><strong>formam</strong></span> <span class='ocrx_word' id='word_1_805' title='bbox 3028 5188 3169 5243; x_wconf 89' lang='lat' dir='ltr'><strong>servi</strong></span> <span class='ocrx_word' id='word_1_806' title='bbox 3199 5190 3408 5260; x_wconf 84' lang='lat' dir='ltr'><strong>accepit</strong></span> <span class='ocrx_word' id='word_1_807' title='bbox 3437 5198 3489 5245; x_wconf 78' lang='lat' dir='ltr'><strong>et</strong></span> <span class='ocrx_word' id='word_1_808' title='bbox 3516 5254 3523 5257; x_wconf 92' lang='lat'>_</span> 
     </span>
    </p>
   </div>
   <div class='ocr_carea' id='block_1_115' title="bbox 1900 5274 3521 5356">
    <p class='ocr_par' dir='ltr' id='par_1_115' title="bbox 1900 5274 3521 5356">
     <span class='ocr_line' id='line_1_115' title="bbox 1900 5274 3521 5356; baseline -0.002 -16"><span class='ocrx_word' id='word_1_809' title='bbox 1900 5285 2089 5341; x_wconf 86' lang='lat' dir='ltr'><strong>habitu</strong></span> <span class='ocrx_word' id='word_1_810' title='bbox 2116 5285 2367 5340; x_wconf 88' lang='lat' dir='ltr'><strong>inventus</strong></span> <span class='ocrx_word' id='word_1_811' title='bbox 2392 5294 2476 5339; x_wconf 89' lang='lat' dir='ltr'><strong>est</strong></span> <span class='ocrx_word' id='word_1_812' title='bbox 2503 5293 2561 5339; x_wconf 90' lang='lat' dir='ltr'><strong>ut</strong></span> <span class='ocrx_word' id='word_1_813' title='bbox 2587 5286 2779 5350; x_wconf 86' lang='lat' dir='ltr'><strong>homo;</strong></span> <span class='ocrx_word' id='word_1_814' title='bbox 2799 5284 2893 5338; x_wconf 87' lang='lat' dir='ltr'><strong>sed</strong></span> <span class='ocrx_word' id='word_1_815' title='bbox 2921 5292 3096 5337; x_wconf 89' lang='lat' dir='ltr'><strong>tamen</strong></span> <span class='ocrx_word' id='word_1_816' title='bbox 3120 5282 3342 5349; x_wconf 89' lang='lat' dir='ltr'><strong>electus,</strong></span> <span class='ocrx_word' id='word_1_817' title='bbox 3364 5274 3521 5356; x_wconf 57' lang='lat' dir='ltr'><strong>quia&quot;</strong></span> 
     </span>
    </p>
   </div>
   <div class='ocr_carea' id='block_1_116' title="bbox 1898 5368 3488 5447">
    <p class='ocr_par' dir='ltr' id='par_1_116' title="bbox 1898 5368 3488 5447">
     <span class='ocr_line' id='line_1_116' title="bbox 1898 5368 3488 5447; baseline -0.003 -16"><span class='ocrx_word' id='word_1_818' title='bbox 1898 5378 2028 5447; x_wconf 87' lang='lat' dir='ltr'><strong>ipse,</strong></span> <span class='ocrx_word' id='word_1_819' title='bbox 2071 5377 2213 5431; x_wconf 87' lang='lat' dir='ltr'><strong>sicut</strong></span> <span class='ocrx_word' id='word_1_820' title='bbox 2261 5375 2541 5445; x_wconf 87' lang='lat' dir='ltr'><strong>Scriptura</strong></span> <span class='ocrx_word' id='word_1_821' title='bbox 2590 5375 2740 5440; x_wconf 86' lang='lat' dir='ltr'><strong>dicit,</strong></span> <span class='ocrx_word' id='word_1_822' title='bbox 2788 5373 2979 5427; x_wconf 84' lang='lat' dir='ltr'><strong>electus</strong></span> <span class='ocrx_word' id='word_1_823' title='bbox 3009 5383 3082 5428; x_wconf 86' lang='lat' dir='ltr'><strong>est</strong></span> <span class='ocrx_word' id='word_1_824' title='bbox 3117 5380 3193 5429; x_wconf 75' lang='lat' dir='ltr'><strong>ex‘</strong></span> <span class='ocrx_word' id='word_1_825' title='bbox 3233 5368 3488 5440; x_wconf 85' lang='lat' dir='ltr'><strong>millibus,</strong></span> 
     </span>
    </p>
   </div>
   <div class='ocr_carea' id='block_1_117' title="bbox 1898 5452 3494 5535">
    <p class='ocr_par' dir='ltr' id='par_1_117' title="bbox 1898 5452 3494 5535">
     <span class='ocr_line' id='line_1_117' title="bbox 1898 5452 3494 5535; baseline -0.003 -10"><span class='ocrx_word' id='word_1_826' title='bbox 1898 5454 2071 5526; x_wconf 19' lang='lat' dir='ltr'><strong>verus.</strong></span> <span class='ocrx_word' id='word_1_827' title='bbox 2105 5470 2315 5526; x_wconf 89' lang='lat' dir='ltr'><strong>scilicet</strong></span> <span class='ocrx_word' id='word_1_828' title='bbox 2344 5470 2511 5526; x_wconf 87' lang='lat' dir='ltr'><strong>David</strong></span> <span class='ocrx_word' id='word_1_829' title='bbox 2532 5510 2548 5535; x_wconf 93' lang='lat'><strong>,</strong></span> <span class='ocrx_word' id='word_1_830' title='bbox 2583 5470 2669 5524; x_wconf 86' lang='lat' dir='ltr'><strong>vir</strong></span> <span class='ocrx_word' id='word_1_831' title='bbox 2699 5468 2993 5524; x_wconf 86' lang='lat' dir='ltr'><strong>secundum</strong></span> <span class='ocrx_word' id='word_1_832' title='bbox 3022 5485 3118 5526; x_wconf 89' lang='lat' dir='ltr'><strong>cor</strong></span> <span class='ocrx_word' id='word_1_833' title='bbox 3157 5468 3368 5524; x_wconf 89' lang='lat' dir='ltr'><strong>Domini</strong></span> <span class='ocrx_word' id='word_1_834' title='bbox 3408 5452 3494 5521; x_wconf 54' lang='lat' dir='ltr'><strong>in;</strong></span> 
     </span>
    </p>
   </div>
   <div class='ocr_carea' id='block_1_118' title="bbox 1900 5546 3492 5631">
    <p class='ocr_par' dir='ltr' id='par_1_118' title="bbox 1900 5546 3492 5631">
     <span class='ocr_line' id='line_1_118' title="bbox 1900 5546 3492 5631; baseline -0.003 -14"><span class='ocrx_word' id='word_1_835' title='bbox 1900 5571 2114 5627; x_wconf 86' lang='lat' dir='ltr'><strong>ventus,</strong></span> <span class='ocrx_word' id='word_1_836' title='bbox 2153 5561 2244 5631; x_wconf 90' lang='lat' dir='ltr'><strong>qui</strong></span> <span class='ocrx_word' id='word_1_837' title='bbox 2268 5559 2399 5616; x_wconf 76' lang='lat' dir='ltr'><strong>fecit</strong></span> <span class='ocrx_word' id='word_1_838' title='bbox 2427 5576 2617 5616; x_wconf 89' lang='lat' dir='ltr'><strong>omnes</strong></span> <span class='ocrx_word' id='word_1_839' title='bbox 2653 5546 2962 5616; x_wconf 82' lang='lat' dir='ltr'><strong>voluntates</strong></span> <span class='ocrx_word' id='word_1_840' title='bbox 2990 5559 3128 5631; x_wconf 87' lang='lat' dir='ltr'><strong>ejus.</strong></span> <span class='ocrx_word' id='word_1_841' title='bbox 3161 5559 3379 5615; x_wconf 89' lang='lat' dir='ltr'><strong>Electus</strong></span> <span class='ocrx_word' id='word_1_842' title='bbox 3407 5566 3492 5613; x_wconf 90' lang='lat' dir='ltr'><strong>est</strong></span> 
     </span>
    </p>
   </div>
   <div class='ocr_carea' id='block_1_119' title="bbox 1898 5640 3493 5725">
    <p class='ocr_par' dir='ltr' id='par_1_119' title="bbox 1898 5640 3493 5725">
     <span class='ocr_line' id='line_1_119' title="bbox 1898 5640 3493 5725; baseline -0.003 -16"><span class='ocrx_word' id='word_1_843' title='bbox 1898 5655 2043 5710; x_wconf 89' lang='lat' dir='ltr'><strong>enim</strong></span> <span class='ocrx_word' id='word_1_844' title='bbox 2089 5654 2145 5709; x_wconf 89' lang='lat' dir='ltr'><strong>in</strong></span> <span class='ocrx_word' id='word_1_845' title='bbox 2180 5640 2325 5724; x_wconf 6' lang='lat' dir='ltr'><strong>iopas</strong></span> <span class='ocrx_word' id='word_1_846' title='bbox 2368 5652 2510 5723; x_wconf 88' lang='lat' dir='ltr'><strong>quod</strong></span> <span class='ocrx_word' id='word_1_847' title='bbox 2539 5668 2700 5709; x_wconf 90' lang='lat' dir='ltr'><strong>nemo</strong></span> <span class='ocrx_word' id='word_1_848' title='bbox 2730 5653 2868 5708; x_wconf 88' lang='lat' dir='ltr'><strong>alius</strong></span> <span class='ocrx_word' id='word_1_849' title='bbox 2916 5654 3065 5721; x_wconf 79' lang='lat' dir='ltr'><strong>fecit,</strong></span> <span class='ocrx_word' id='word_1_850' title='bbox 3112 5663 3171 5707; x_wconf 91' lang='lat' dir='ltr'><strong>ut</strong></span> <span class='ocrx_word' id='word_1_851' title='bbox 3200 5652 3493 5725; x_wconf 80' lang='lat' dir='ltr'><strong>redimeret</strong></span> 
     </span>
    </p>
   </div>
   <div class='ocr_carea' id='block_1_120' title="bbox 1902 5730 3497 5827">
    <p class='ocr_par' dir='ltr' id='par_1_120' title="bbox 1902 5730 3497 5827">
     <span class='ocr_line' id='line_1_120' title="bbox 1902 5730 3497 5827; baseline 0.002 -25"><span class='ocrx_word' id='word_1_852' title='bbox 1902 5762 2072 5820; x_wconf 86' lang='lat' dir='ltr'><strong>genus</strong></span> <span class='ocrx_word' id='word_1_853' title='bbox 2150 5746 2444 5802; x_wconf 87' lang='lat' dir='ltr'><strong>humanum</strong></span> <span class='ocrx_word' id='word_1_854' title='bbox 2526 5753 2582 5801; x_wconf 91' lang='lat' dir='ltr'><strong>et</strong></span> <span class='ocrx_word' id='word_1_855' title='bbox 2651 5744 2965 5818; x_wconf 78' lang='lat' dir='ltr'><strong>paeiiicaret</strong></span> <span class='ocrx_word' id='word_1_856' title='bbox 3040 5742 3302 5802; x_wconf 88' lang='lat' dir='ltr'><strong>mundum</strong></span> 
     </span>
    </p>
   </div>
  </div>
