3960 6360
579 390 688 451 455

1220 396 1284 453 Β.
1323 396 1577 453 RABANI
1614 395 1836 453 MAURI
1870 395 2190 453 ARCHIEP.
2234 378 2542 453 MOGUNT.
2575 392 2860 450 OPERUM
2895 394 3077 453 PARS
3116 397 3179 453 Il.

3672 410 3735 471 ibi

575 524 677 582 per
713 510 931 566 viduam
952 523 1186 579 castam,
1232 514 1325 569 sed
1352 530 1449 585 per
1486 515 1659 571 solum
1711 517 1815 572 hoc
1867 517 2168 587 virgineum
2195 498 2250 575 Α
2273 513 2383 568 ctio
2410 520 2526 577 est,
2561 522 2778 568 exutam
2810 520 3048 570 mentem
3086 530 3116 569 a
3152 517 3355 572 cunctis
3387 498 3561 577 habere
3585 531 3736 587 terrenis

575 616 779 674 corpus
806 604 1069 676 implevit.
1109 596 1243 673 Quia
1295 608 1451 677 quasi
1497 609 1578 665 sol
1617 611 1798 666 oriens
1843 610 2048 667 nitidus
2103 611 2169 667 ab

573 697 725 752 otnni
778 697 1088 767 pollutionis
1144 703 1305 756 sorde
1352 703 1617 771 processit
1659 720 1723 759 ex
1751 712 1907 759 utero
1941 705 2168 773 virginis

572 787 767 843 matris
790 787 918 844 felix
948 800 1098 846 certe
1117 800 1171 847 et
1203 794 1350 849 omni
1402 794 1561 851 laude
1585 796 1927 867 dignissima,
1957 814 2076 868 quae
2098 798 2167 853 de

571 881 714 937 θωιο
754 885 995 955 suscepit
1028 886 1238 955 prolem
1270 898 1331 943 et-
1354 891 1555 944 mundo
1585 893 1769 962 genuit
1798 894 2158 949 salvatorem:

572 978 699 1029 eum
727 975 892 1044 igitur
916 984 1065 1033 tanta
1092 980 1201 1035 sint
1227 982 1419 1036 merita
1448 982 1796 1053 virginitatis,
1852 1000 1959 1039 non
1981 994 2163 1041 tamen

571 1068 936 1136 repudiandus
958 1078 1042 1126 est
1068 1072 1258 1128 thorus
1280 1074 1548 1129 castitatis
1580 1093 1593 1127 :
1623 1075 1750 1144 quia
1778 1076 1976 1130 bonum
2000 1076 2164 1147 virgi-

566 1156 761 1213 nitatis
810 1176 916 1215 non
948 1162 1051 1216 nisi
1094 1178 1125 1218 a
1153 1162 1415 1234 coniugali
1458 1165 1614 1221 thoro
1644 1167 1907 1236 procedit,
1938 1169 2163 1223 castitas

570 1247 738 1319 igitur
762 1250 815 1304 in
842 1252 1049 1321 virgine
1080 1253 1186 1308 alta
1214 1264 1297 1309 est
1325 1264 1382 1309 et
1427 1272 1636 1311 summa
1659 1258 1703 1312 si
1734 1257 1786 1311 in
1812 1262 1974 1313 corde
2002 1259 2162 1313 simul

565 1342 813 1411 persistit
838 1354 895 1401 et
927 1362 1171 1416 corpore,
1208 1350 1303 1404 sed
1330 1350 1549 1406 castitas
1595 1350 1897 1423 coniugalis
1922 1354 2163 1408 sanctior

563 1442 649 1488 est
680 1449 801 1503 quae
825 1437 879 1491 in
922 1440 1086 1495 corde
1129 1441 1567 1511 simnlpersistit
1595 1450 1648 1498 et
1674 1458 1901 1512 corpore
1923 1451 2157 1512 constat,

493 1568 497 1574 ί
560 1544 725 1598 quam
762 1530 850 1586 illa
877 1548 997 1603 quae
1038 1534 1091 1588 in
1142 1537 1302 1590 corde
1333 1546 1541 1591 tantum
1570 1544 1655 1591 est
1690 1547 1841 1592 casta
1890 1547 1945 1592 et
1998 1536 2160 1595 corde

561 1623 792 1680 diversis
815 1634 898 1681 est
924 1628 1100 1683 modis
1125 1630 1447 1695 adulterata,
1477 1631 1590 1686 sive
1622 1632 1676 1685 in
1697 1629 1957 1699 jactantia
1988 1639 2082 1688 aut
2104 1633 2160 1687 in

482 1696 512 1731 ῃ

511 1715 520 1791 ἦ
558 1715 810 1783 superbia
840 1726 934 1771 aut
967 1719 1130 1774 etiam
1170 1721 1224 1774 in
1255 1722 1497 1791 appetitu
1529 1721 1786 1778 libidinis.
1824 1723 1994 1791 Unde,
2026 1725 2161 1780 dile-

560 1803 813 1872 ctissimi,
837 1809 993 1864 nobis
1020 1812 1167 1867 omni
1191 1813 1370 1868 studio
1392 1829 1694 1880 servemus,
1712 1832 1817 1871 non
1839 1818 2015 1873 solum
2036 1833 2157 1873 cor-

2273 620 2501 674 eamque
2545 615 2807 675 quantum
2856 608 3093 662 humana
3146 602 3467 667 imbecillitas
3504 616 3608 691 sinit
3642 624 3736 678 unire

2272 710 2393 749 cum
2422 694 2659 762 Christo,
2686 698 2874 753 activa:
2900 714 3029 753 vero
3052 694 3213 769 quam
3241 696 3480 774 frequens
3505 707 3563 761 sit
3580 709 3737 769 mima.

2270 787 2434 852 rium,
2465 788 2704 855 gentiqu
2729 788 2986 860 magister
3013 784 3223 872 edocet,
3258 792 3346 862 qui
3372 776 3735 872 creberrimisepi-

2268 878 2530 934 stolarum
2558 880 2718 935 dictis
2747 897 2875 936 suos
2901 892 3001 953 pro
3025 868 3242 939 Christo
3269 882 3402 939 teira
3429 889 3629 959 marique
3647 868 3735 948 libo-

2269 986 2358 1026 res
2401 988 2466 1027 ac
2503 987 2598 1028 sua
2638 975 2878 1044 pericula
2916 974 3325 1033 conuuemorat.
3365 972 3418 1033 In
3452 962 3612 1050 quibus
3636 988 3733 1042 etim

2266 1063 2503 1120 visiones
2544 1073 2599 1120 et
2632 1050 2992 1127 revelationes
3030 1058 3242 1122 Domini
3289 1068 3644 1141 commendans,
3672 1094 3733 1133 non

2265 1156 2446 1211 minus
2481 1172 2539 1212 se
2584 1158 2639 1212 in
2674 1154 3003 1229 speculativa
3041 1152 3240 1215 virtute
3266 1146 3409 1232 quod
3450 1170 3521 1217 eSt
3547 1166 3731 1235 imitabile,

2265 1259 2698 1306 consummatum
2725 1240 2889 1309 fuisse
2912 1254 3195 1325 significat.
3221 1254 3371 1311 Unde
3393 1244 3527 1321 dicit,
3546 1259 3632 1313 sive
3648 1264 3733 1317 enim

2264 1352 2445 1398 mente
2472 1336 2774 1401 excidimus
2800 1341 2931 1414 Deo,
2963 1349 3077 1403 sive
3109 1346 3276 1403 sobrii
3304 1348 3476 1404 sumus
3500 1352 3636 1407 vobis.

2338 1434 2471 1501 Quae
2493 1437 2633 1490 stetit
2665 1447 2711 1492 et
2740 1439 2812 1492 ait
2843 1452 2862 1490 .'
2894 1436 3147 1506 Domine,
3179 1458 3283 1515 non
3310 1450 3380 1493 est
3419 1442 3503 1495 tibi
3526 1459 3633 1495 cura
3651 1445 3733 1513 quod

2262 1548 2415 1586 soror
2434 1548 2550 1587 mea
2581 1533 2788 1606 reliquit
2815 1552 2896 1589 me
2916 1534 3083 1589 solum
3115 1532 3451 1589 ministrare?
3486 1532 3566 1589 Dic
3588 1554 3671 1607 ergo
3689 1538 3732 1590 illi

2260 1632 2319 1697 ut
2345 1640 2427 1679 me
2455 1625 2688 1695 adjuvet.
2724 1627 2799 1681 De
2840 1627 3051 1682 illorum
3090 1644 3322 1699 persona
3353 1620 3576 1707 loquilnr,
3602 1633 3664 1700 qui
3680 1633 3731 1686 ad-

2260 1716 2367 1770 huc
2398 1717 2592 1772 divina:
2617 1720 3086 1789 contemplationis
3128 1716 3299 1791 ignari
3346 1721 3501 1776 solum
3525 1720 3633 1791 quod
3649 1723 3731 1777 tIItII-

2262 1824 2387 1864 cere
2416 1809 2671 1865 fraternze
2698 1812 3001 1867 dilectionis
3027 1828 3162 1882 opus
3199 1808 3313 1867 Deo
3338 1812 3567 1882 placitum
3586 1814 3729 1876 ducunt,

558 1908 685 1965 pus,
705 1897 798 1951 sed
821 1899 984 1954 etiam
1008 1916 1103 1955 cor
1132 1912 1375 1959 nostrum
1404 1905 1472 1960 ab
1492 1908 1639 1961 omni
1661 1910 1803 1978 quod
1831 1910 1944 1964 odit
1968 1911 2152 1966 Domi-
2182 1888 2232 1955 Β
2259 1900 2488 1972 ideoque
2524 1910 2748 1958 ουηοιοε
2787 1903 2878 1973 QUI
2920 1902 3139 1959 (Ῑῖπίδιο
3176 1896 3353 1960 dem“
3386 1919 3496 1959 esse
3518 1904 3731 1958 “illum”

555 1999 681 2051 nus,
705 1997 760 2043 et
779 1990 835 2043 in
851 1992 997 2046 omni
1021 1995 1163 2062 quod
1185 1996 1234 2050 ei
1255 1996 1433 2066 placet
1452 2000 1776 2056 confirmare
1789 2018 1884 2058 cor
1909 2015 2154 2060 nostrum

556 2077 674 2147 eius
703 2082 1133 2141 misericordiam
1162 2090 1533 2158 postulemus;
1562 2101 1616 2147 et
1643 2093 1785 2150 inter
1816 2095 1930 2151 haec
1970 2098 2152 2152 omnia

555 2177 669 2227 toto
698 2175 878 2231 cordis
908 2175 1103 2235 aﬂ‘ectu
1132 2194 1231 2236 nos
1275 2181 1534 2237 auxilium
1580 2185 1752 2240 beatae
1774 2187 2015 2257 Virginis
2050 2190 2153 2243 im-

552 2266 872 2350 ploremus,
930 2271 1057 2341 quia
1111 2273 1239 2328 dum
1289 2290 1389 2331 nos
1443 2290 1563 2331 eam
1619 2278 1843 2348 supplici
1890 2279 2152 2351 obsequio

545 2357 959 2431 frequentamus
979 2364 1034 2418 in
1062 2367 1245 2432 terris,
1266 2367 1383 2437 ipsa
1412 2384 1512 2425 nos
1530 2370 1715 2425 sedula
1736 2386 1900 2441 prece
1928 2372 2149 2429 Christo

545 2448 780 2507 Domino
829 2463 1018 2511 nostro
1072 2458 1456 2515 commendare
1520 2461 1777 2532 dignatur
1841 2465 1893 2519 in
1960 2467 2144 2533 emlis;

546 2542 692 2609 quod
719 2542 835 2614 ipse
862 2554 1121 2616 praestare
1142 2549 1394 2620 dignetur
1419 2552 1512 2622 qui
1545 2553 1599 2607 in
1649 2555 1889 2611 trinitate
1908 2557 2146 2626 perfecta

551 2643 746 2703 regnat
789 2645 847 2691 et
887 2638 1196 2695 dominatur
1216 2656 1315 2711 per
1334 2644 1514 2699 omnia
1565 2646 1760 2701 saecula
1799 2650 2141 2707 saeculorum.

542 2727 742 2783 Amen.
1358 2792 1361 2797 ,

1129 2803 1413 2861 HOMILIA
1448 2805 1553 2863 CL.

1019 2913 1083 2953 ια
1138 2915 1370 2955 sensu
1428 2917 1652 2959 res'ro.
1770 2978 1771 2981 η

702 2989 892 3046 Lectio
910 2992 1094 3047 sancti
1123 2992 1401 3063 Evangelii
1430 2996 1731 3053 secundum
1755 2996 1980 3054 Lucam.

615 3100 684 3156 In
707 3100 800 3156 illo
828 3112 1078 3174 tempore,
1107 3106 1325 3160 intrauit
1363 3106 1521 3163 Iesus
1556 3109 1612 3164 in
1646 3113 1913 3182 quoddam
1954 3115 2141 3170 castel-

543 3193 690 3259 lum;
727 3204 775 3249 ει
811 3195 1002 3251 "wh-8,.
1027 3198 1271 3269 quwdam
1290 3239 1305 3265 ν
1336 3198 1549 3256 nam,“
1574 3206 1815 3272 nomim’,
1845 3209 2044 3279 excepi,
2069 3209 2136 3264 δι,
2166 3246 2209 3281 Α
2316 3193 2493 3261 Maria
2516 3193 2766 3259 optimam
2789 3201 2989 3260 partem
3013 3193 3181 3260 elegit,
3207 3206 3330 3261 qua'
3356 3196 3451 3243 itan
3474 3193 3701 3281 aufereltttt

2161 3263 2207 3327 C
2237 3293 2319 3331 ea.
2350 3275 2489 3333 Ecce
2510 3294 2636 3348 pars
2665 3279 2889 3334 Martha:
2916 3292 3019 3334 non
3050 3281 3482 3350 reprehenditur,
3520 3272 3595 3332 sed
3615 3271 3729 3327 Maris

538 3285 651 3339 lum
677 3287 733 3339 in
758 3288 971 3342 domum
1000 3300 1156 3343 suam
1186 3305 1205 3343 :
1230 3300 1278 3345 et
1308 3291 1429 3347 huic
1450 3302 1563 3348 erat
1589 3310 1744 3351 soror
1770 3300 1979 3355 nomine
2010 3299 2131 3355 Μα-

539 3379 646 3444 ria,
684 3387 789 3435 etc.

614 3472 742 3531 Haec
788 3475 951 3533 lectio
977 3480 1243 3549 superiori
1279 3483 1641 3551 pulcherrima
1676 3484 1888 3541 ratione
1928 3500 2130 3543 conne-

546 3565 734 3633 ctitur,
766 3570 894 3638 quia
923 3571 1175 3627 videlicet
1200 3574 1290 3628 illa
1320 3576 1663 3632 dilectionem
1691 3577 1786 3633 Dei
1815 3587 1870 3635 et
1897 3581 2129 3649 praximi

536 3660 721 3716 verbis
741 3670 795 3715 et
819 3664 1109 3733 parabolis,
1136 3666 1252 3721 haec
1272 3676 1453 3723 autem
1478 3670 1609 3739 ipsis
1632 3672 1794 3727 rebus
1822 3681 1876 3727 et
1904 3675 2132 3743 veritate

536 3748 805 3823 designat.
847 3754 977 3810 Duae
1009 3757 1209 3828 quippe
1244 3759 1362 3815 istae
1394 3761 1624 3818 Domino
1667 3764 1876 3821 dilectae
1913 3778 2130 3823 sorores

536 3841 671 3896 duas
697 3844 838 3900 vitas
867 3847 1139 3917 spiritales
1168 3851 1365 3919 quibus
1392 3854 1447 3907 in
1473 3857 1728 3924 przesenti
1756 3866 1943 3914 sancta
1967 3874 2127 3915 excr-

534 3942 689 4009 eetur
717 3935 981 4006 Ecclesia,
1013 3940 1408 3998 demonstrant.
1444 3944 1652 4002 Martha
1686 3949 1903 4017 quidem
1945 3959 2129 4006 actua-

532 4022 783 4097 Iem,qua
813 4030 1062 4100 proximo
1091 4033 1147 4087 in
1173 4035 1443 4093 charitate
1469 4039 1771 4107 sociamur;
1803 4042 1969 4098 Maria
2001 4059 2128 4102 vero

532 4121 1153 4194 contemplativam,qua
1188 4126 1243 4181 in
1277 4127 1374 4183 Dei
1415 4146 1601 4187 amore
1639 4134 1991 4203 suspiramus.
2023 4136 2129 4192 Ac-

532 4209 641 4288 tiva
669 4214 817 4268 enim
854 4215 963 4271 vita
997 4226 1081 4272 est
1114 4233 1311 4288 panem
1349 4223 1613 4279 esurienti
1650 4226 1919 4293 tribuere,
1960 4231 2128 4283 verbo

530 4305 812 4373 sapientia:
844 4309 1177 4365 nescientem
1204 4314 1421 4380 docere,
1452 4327 1724 4374 errantem
1756 4321 2029 4390 corrigere
2057 4324 2125 4378 ad

529 4393 887 4455 humanitatis
907 4400 1072 4468 viam,
1092 4406 1495 4473 superbientem
1516 4412 1820 4479 proximum
1845 4429 2122 4482 revocare,

528 4487 869 4547 infirmitatis
910 4509 1095 4550 curam
1131 4508 1348 4568 gerere,
1393 4517 1514 4572 quae
1552 4504 1778 4574 singulis
1824 4508 2124 4578 quibusque

529 4581 823 4650 expediant
864 4586 1206 4657 dispensare,
1251 4599 1306 4645 et
1342 4593 1645 4649 commissis
1691 4597 1846 4653 nobis
1891 4598 2125 4667 qualiter

529 4674 826 4732 subsistere
852 4679 1388 4752 valeantprovidere.
1413 4684 1842 4757 Contemplativa
1867 4705 1992 4746 vero
2014 4692 2122 4745 vita

529 4772 615 4849 est
636 4766 956 4826 charitatem
986 4774 1203 4842 quidem
1234 4776 1329 4831 Dei
1361 4786 1416 4832 et
1439 4781 1671 4849 proximi
1701 4789 1811 4837 tota
1836 4793 2015 4838 mente
2038 4800 2125 4840 re—

528 4848 733 4930 tinere,
765 4865 859 4920 sed
889 4868 957 4922 ab
985 4872 1240 4926 exteriori
1277 4874 1487 4929 actione
1514 4877 1828 4945 quiescere,
1858 4880 1955 4935 soli
1986 4880 2125 4936 desi-

526 4948 678 5007 derio
716 4957 1014 5014 conditoris
1042 4961 1308 5019 inhmrere
1338 4973 1397 5019 ut
1432 4967 1565 5021 nihil
1601 4984 1761 5039 agerc
1798 4971 1991 5039 libeat,
2026 4973 2121 5028 sed

525 5044 746 5102 calcatis
774 5052 919 5107 curis
945 5054 1197 5109 omnibus
1224 5058 1290 5111 ad
1319 5058 1603 5113 videndam
1634 5060 1826 5115 faciem
1857 5064 2118 5119 creatoris

526 5137 610 5191 sui
639 5140 855 5207 animus
884 5146 1211 5215 inardescat,
1245 5149 1318 5204 ita
1349 5160 1405 5203 ut
1426 5149 1538 5219 jam
1564 5154 1771 5208 novem
1798 5155 1977 5209 carnis
1999 5170 2119 5209 cor-

526 5226 799 5297 ruptibilis
826 5237 1037 5302 pondus
1064 5255 1186 5295 cum
1222 5238 1456 5296 maerore
1483 5252 1734 5311 portare,
1762 5246 1997 5316 totisque
2025 5234 2117 5301 dc-

526 5317 742 5376 sidcriis
784 5336 1035 5394 appetere
1079 5331 1183 5386 illis
1218 5333 1546 5404 hymuidicis
1582 5335 1895 5406 angelorum
1935 5337 2115 5392 choris

526 5409 791 5470 interesse
806 5458 820 5484 ,
839 5421 1143 5479 .admisceri
1174 5425 1484 5482 coelestibus
1506 5427 1716 5483 civibus
1739 5428 1805 5484 de
1827 5438 2029 5485 aeterna
2059 5429 2113 5484 in

524 5516 815 5572 conspectu
843 5510 935 5563 Dei
964 5512 1364 5585 incorruptione
1389 5519 1643 5590 gaudere.

600 5592 731 5661 Qua:
766 5602 923 5657 etiam
969 5606 1151 5662 sedens
1189 5627 1337 5665 secus
1375 5619 1529 5683 pedes
1569 5613 1819 5681 Domini,
1864 5600 2112 5671 audiebat

526 5689 734 5745 verbum
765 5693 943 5762 illius;
975 5697 1189 5755 Martha
1218 5714 1391 5759 autem
1416 5706 1686 5777 satagebat
1707 5708 1848 5762 circa
1871 5709 2112 5782 frequens

526 5780 892 5844 ministerium.
929 5789 1055 5847 Hzec
1094 5795 1308 5865 utrique
1343 5799 1465 5855 vitae
1497 5816 1795 5873 congruere
1830 5817 1987 5859 nemo
2020 5806 2112 5876 qui

533 5868 769 5949 dubitet,
810 5887 867 5937 et
904 5886 1336 5963 contemplativa:
1376 5890 1592 5966 quidem
1606 5868 1908 5953 uniformis
1938 5868 2118 5971 perle-
2169 5884 2172 5886 ⁷

2259 1995 2651 2065 mancipandos
2677 2004 2802 2050 autu
2812 1984 2999 2077 mant._
3110 2068 3113 2075 _
3446 2072 3450 2077 _
3674 2070 3679 2077 ,

2328 2082 2399 2136 Et
2432 2084 2743 2153 respondens
2788 2086 2921 2140 dixit
2959 2070 3038 2140 illi
3068 2070 3328 2142 Dominus
3367 2104 3384 2141 :
3421 2070 3732 2150 HartlmJar-

2255 2175 2367 2241 tha,
2397 2174 2623 2229 sollicita
2650 2194 2703 2230 es
2726 2188 2773 2231 et
2802 2172 3031 2233 turbaris
3061 2196 3181 2249 erga
3208 2178 3464 2250 plurima;
3491 2182 3614 2249 p'orrb
3635 2186 3731 2231 unus

2255 2277 2333 2322 est
2363 2271 2735 2325 necessarium.
2768 2269 2836 2325 Et
2866 2271 3058 2326 beatus
3082 2268 3257 2327 David
3281 2258 3445 2327 solum
3468 2256 3555 2325 toc'
3572 2266 3731 2325 decessi-

2256 2359 2397 2413 riutn
2442 2358 2645 2415 homini
2686 2377 2808 2417 esse
2850 2358 3147 2428 deﬁniens,
3194 2354 3309 2419 Deo
3343 2362 3526 2434 jugiler
3558 2350 3731 2417 inlisum

2255 2449 2530 2505 desiderat
2558 2452 2746 2507 dicens
2781 2471 2794 2507 :
2828 2452 2964 2507 Milti
3004 2464 3179 2508 autem
3221 2452 3477 2509 adliwrere
3505 2452 3590 2507 Deo
3613 2452 3729 2506 bonan

2251 2550 2347 2604 est,
2372 2558 2563 2611 ponere
2585 2542 2639 2595 in
2654 2540 2878 2598 Domino
2900 2534 3004 2597 Deo
3029 2561 3171 2614 spem
3191 2539 3361 2599 meum
3378 2562 3395 2609 ;
3415 2553 3465 2599 et
3488 2538 3728 2598 alibi:lfm

2249 2634 2375 2704 petii
2404 2652 2435 2688 a
2466 2634 2709 2701 Domino,
2744 2634 2880 2692 lianc
2911 2638 3198 2708 requirant,
3235 2648 3288 2692 ut
3316 2636 3619 2719 lnhabitemiu
3637 2635 3728 2687 dom

2248 2726 2464 2781 Domini
2492 2728 2730 2784 omnibus
2756 2730 2936 2785 diebus
2966 2731 3082 2785 vita:
3108 2748 3262 2797 mere,
3287 2740 3341 2785 ut
3373 2724 3549 2785 adeam
3576 2729 3728 2782 volante

2248 2828 2353 2874 tem
2390 2810 2606 2875 Domini
2639 2830 2686 2876 et
2727 2822 2929 2876 visitem
2976 2816 3225 2893 templum
3272 2810 3501 2876 sa‘nclt'ilii
3534 2819 3635 2889 ejus.
3661 2814 3728 2871 lim

2247 2925 2379 2982 ergo
2405 2919 2459 2967 et
2484 2912 2596 2966 sola
2627 2920 2710 2967 est
2736 2912 2964 2978 theoria,
2997 2913 3050 2967 id
3080 2910 3186 2971 est.
3222 2906 3574 2982 coniemplatio
3595 2907 3661 2963 Dei
3679 2904 3728 2959 mi

2244 3001 2442 3056 merito
2463 3000 2642 3057 omnia
2666 2998 3117 3073 justiﬁeationuin
3146 3002 3369 3071 merita,
3398 3000 3611 3058 mureti:
3625 2992 3728 3051 iirtu—

2245 3104 2359 3151 tum
2393 3096 2571 3151 studia
2596 3096 3011 3169 postponuntur.

2316 3186 2493 3261 Maria
2516 3184 2766 3259 optimam
2789 3201 2989 3260 partem
3013 3188 3181 3260 elegit,
3207 3206 3330 3261 qua'
3356 3196 3451 3243 tum
3474 3178 3729 3255 σημαίνεται

2235 3356 2507 3438 laudatur,
2541 3370 2717 3443 neque
2738 3372 2882 3427 enim
2910 3373 3103 3428 bonam
3128 3383 3343 3442 partem
3365 3372 3565 3440 elegisse
3584 3362 3727 3420 Mariam

2237 3462 2386 3529 dicit,
2414 3463 2507 3520 sed
2535 3464 2892 3536 optimam’,ut
2912 3454 3072 3520 eliam
3100 3468 3229 3535 pars
3258 3460 3472 3520 Martiis:
3493 3457 3729 3547 iudicaretis

2234 3557 2395 3612 bona.
2436 3558 2613 3625 Quare
2640 3568 2820 3613 autem
2850 3560 2979 3628 pa‘rs
3010 3550 3193 3612 Ma'rite
3237 3558 3309 3612 sit
3335 3550 3520 3628 Optima
3546 3546 3728 3606 submitte

2236 3658 2324 3704 tur
2349 3648 2472 3704 cum
2504 3644 2705 3705 dicitur
2730 3667 2847 3721 qua:
2874 3668 2977 3704 non
3008 3648 3285 3720 auferetur
3319 3649 3383 3703 ab
3417 3652 3489 3702 ea.
3515 3640 3659 3699 Aetli:
3678 3644 3725 3689 el-

2234 3742 2379 3797 enim
2413 3742 2522 3797 vita
2558 3744 2679 3797 cum
2716 3746 2945 3813 corpore
2977 3742 3186 3798 deficit:
3212 3744 3343 3813 quis
3366 3740 3499 3797 enim
3534 3739 3577 3791 in
3597 3738 3724 3790 istem:

2231 3839 2409 3909 patria
2443 3854 2636 3907 panem
2677 3838 2939 3893 esurienti
2981 3832 3221 3908 porrigat
3283 3834 3368 3891 ubi
3415 3836 3559 3889 nemo
3590 3820 3726 3882 ἔςιιΐὶιῗ

2233 3912 2355 4004 quis
2398 3944 2588 4003 potum
2642 3920 2845 3989 iribuat
2898 3922 3103 3989 silicnti
3146 3932 3237 3989 ubi
3281 3948 3435 3988 nemo
3488 3926 3611 3985 sitit?
3646 3919 3726 4021 Ουῖξ

2233 4036 2504 4081 mortuum
2538 4020 2761 4097 s‘epeiiat
2790 4026 2879 4082 ubi
2926 4043 3084 4082 nemo
3118 4027 3386 4082 moritur?
3414 4023 3532 4081 Cum
3558 4020 3726 4091 plusculi

2232 4133 2360 4188 ergo
2388 4118 2586 4173 saeculo
2615 4119 2724 4173 vita
2749 4118 2994 4174 aufertur
3030 4120 3207 4173 activa
3236 4138 3249 4172 :
3279 4113 3644 4185 contemplativa
3665 4120 3723 4157 alr

2235 4218 2340 4264 tem
2383 4212 2472 4265 hic
2509 4211 2797 4281 incipitur,
2832 4220 2892 4266 ut
2933 4212 2984 4265 in
3029 4206 3239 4266 caelesti
3280 4210 3449 4281 patria
3479 4200 3722 4278 perﬁciatur,

2230 4304 2354 4374 quia
2381 4319 2537 4359 amor
2558 4304 2714 4374 ignis,
2744 4306 2837 4377 qui
2869 4306 2957 4360 hic
2986 4298 3179 4359 ardere
3212 4300 3445 4368 inchoat,
3472 4296 3721 4364 cumipsuw,

2229 4410 2390 4465 quem
2420 4405 2585 4462 amat,
2602 4395 2820 4462 viderit,
2856 4398 2907 4451 in
2938 4412 3122 4451 amore
3150 4394 3381 4466 amplius
3405 4388 3614 4464 ignescit.
3637 4380 3724 4436 Co"-

2230 4489 2541 4558 tcmplativa
2569 4504 2696 4561 ergo
2724 4491 2832 4544 vita
2865 4488 3086 4545 minime
3111 4478 3375 4553 aufertur,
3401 4486 3513 4557 quia
3535 4479 3722 4536 subtracta

2228 4571 2511 4649 praesentis
2544 4579 2724 4635 smculi
2752 4581 2870 4637 luce
2894 4582 3172 4653 perﬁcitur
3201 4580 3257 4636 in
3294 4574 3487 4635 aeterna
3512 4572 3642 4647 gloria
3664 4577 3722 4653 per

2225 4673 2411 4729 Jesum
2457 4675 2729 4730 Christum
2780 4670 3067 4729 Dominum
3120 4684 3367 4730 nostrum
3412 4671 3494 4742 qui
3528 4662 3624 4723 ciini
3657 4648 3723 4711 ῧῡυ

2225 4762 2389 4819 Patre
2417 4764 2470 4819 in
2498 4766 2708 4821 unitate
2734 4765 2969 4835 Spiritus
3008 4769 3183 4822 sancti
3216 4768 3350 4823 vivit
3375 4777 3427 4822 et
3454 4758 3612 4835 regnat
3633 4746 3722 4811 Delli

2225 4870 2323 4927 per
2351 4856 2533 4911 omnia
2559 4857 2754 4912 saecula
2784 4857 3127 4914 smculorum.
3157 4846 3346 4916 Amen.

2798 4972 3076 5029 HOMILIA
3116 4972 3245 5030 CLI.

2486 5081 2804 5120 IIEBDOMADA
2845 5082 2941 5121 XIII
2983 5082 3112 5122 POS'I'
3151 5080 3532 5122 PENTECOSTEN.

2560 5154 2747 5210 Lectio
2772 5154 3026 5225 Epistola}
3053 5158 3120 5211 ad
3143 5156 3466 5212 Corinthios.
3558 5218 3563 5227 ι

2294 5248 2544 5315 Fratres,
2574 5249 2825 5318 ﬁduciam
2856 5249 3011 5302 talem
3043 5248 3292 5304 habemus
3324 5266 3414 5319 per
3446 5240 3660 5330 Christian

2220 5339 2388 5393 Deum
2419 5357 2435 5394 :
2467 5356 2573 5395 non
2611 5340 2752 5410 quod
2781 5339 3087 5411 sufﬁcientes
3117 5336 3329 5412 [simus]
3350 5337 3562 5421 cogitare
3584 5320 3719 5421 01W

2219 5452 2251 5488 a
2279 5435 2447 5499 nobis,
2479 5436 2630 5506 quasi
2658 5451 2722 5489 ea:
2752 5434 2934 5501 nobis;
2961 5432 3052 5490 sed
3080 5424 3384 5505 suﬁicientia
3408 5441 3566 5488 nostra
3585 5440 3635 5479 ea
3652 5419 3719 5472 lito

2221 5535 2311 5591 est,
2351 5535 2456 5582 etc.

2294 5617 2656 5674 Dubitandum
2682 5634 2789 5675 non
2812 5630 2914 5687 est,
2932 5620 3284 5686 dilectissimi,
3310 5630 3514 5674 omnem
3533 5608 3720 5701 observ?

2224 5712 2424 5766 tionem
2452 5713 2817 5767 Christianam
2856 5714 3180 5770 conditionis
3212 5727 3330 5769 esse
3359 5704 3537 5765 divinae
3556 5710 3601 5758 et
3617 5688 3720 5766 (μηδ’

2223 5802 2350 5874 quid
2384 5804 2437 5857 in
2463 5805 2707 5861 ecclesia:
2746 5804 3137 5862 consuetudine
3171 5815 3252 5862 est
3293 5810 3549 5874 receptum
3576 5793 3627 5849 de
3648 5798 3719 5874 mf

2224 5897 2426 5955 ditiuue
2463 5880 2755 5977 apostolica
2792 5909 2848 5958 ct
2888 5899 2956 5959 de
2990 5901 3164 5960 sancti
3205 5898 3431 5977 Spiritus
3459 5884 3640 5969 prodire
3658 5876 3721 5935 JO'
