3960 6360
219 392 335 452 45⁵1

1311 399 1614 458 HOMILUE
1653 400 1722 457 IN
1752 401 1973 460 EPIST.
2012 402 2101 458 ET
2137 401 2392 462 EVANG.

220 509 426 591 ctrina.
478 508 632 569 Unde
667 510 801 567 dicit
852 510 907 567 in
947 513 1200 583 praesenti
1246 512 1476 571 lectione
1510 516 1803 586 apostolus,
1832 521 1887 582 Α
1908 516 2001 572 illa
2030 516 2143 573 vita
2167 519 2315 575 beati
2336 518 2505 576 futuri
2534 532 2680 589 sunt,
2705 523 2832 594 quia
2853 524 2925 582 ibi
2944 527 3189 585 omnium
3212 528 3499 589 beatorum

221 590 482 671 ﬁduciam
510 601 667 661 talem
694 602 943 659 habemus
969 622 1060 676 per
1085 602 1350 661 Christum
1374 608 1443 662 ad
1468 607 1657 677 Deum,
1682 610 1809 680 quia

222 693 479 748 novimus
503 708 600 749 vos
627 709 735 750 non
771 710 930 766 posse
966 712 1062 767 per
1103 698 1455 769 vosmetipsos
1492 700 1807 767 credidisse,

218 784 325 839 sed
355 784 536 840 divina
567 793 775 840 tantum
809 795 999 859 agente
1025 790 1198 860 gratia
1225 807 1245 842 ι
1266 807 1371 844 non
1392 792 1533 862 quod
1558 792 1813 863 suﬁcien-

218 882 302 930 ιιι
329 892 511 931 sumus
540 878 771 947 cogitare
799 877 999 950 aliquid
1022 896 1054 934 a
1084 881 1250 947 nobis,-
1279 884 1430 953 quasi
1449 900 1514 938 ea:
1545 883 1711 951 nobis,
1732 884 1811 941 Ac

215 963 269 1018 si
300 965 700 1022 diceretzNihil
727 978 911 1024 nostra
938 985 1224 1039 possumus
1239 971 1417 1027 facere
1443 973 1726 1043 prudentia
1755 983 1812 1029 et

213 1054 448 1123 virtute,
468 1058 659 1128 utipse
682 1058 943 1117 Dominus
962 1061 1070 1117 ait:
1096 1060 1222 1118 Sine
1244 1081 1324 1117 me
1346 1064 1419 1118 nil
1444 1068 1687 1135 potestis;
1712 1082 1807 1122 ne-

214 1162 330 1218 que
354 1164 452 1219 per
477 1165 575 1206 nos
604 1152 909 1208 rusticanos
931 1154 1179 1210 homines
1202 1172 1441 1227 unquam
1470 1158 1586 1213 fieri
1612 1161 1806 1229 potuit,

215 1247 280 1294 ut
320 1247 469 1295 tanta
512 1251 657 1297 esset
709 1244 944 1303 fidelium
989 1248 1275 1304 multitudo
1321 1250 1693 1308 festinantium
1739 1254 1808 1309 ad

208 1332 473 1398 salutem,
502 1335 617 1390 sine
644 1337 815 1408 gratia
846 1338 959 1394 Dei.
989 1339 1140 1395 Unde
1167 1342 1413 1396 subditur
1452 1361 1463 1396 :

293 1421 403 1477 Sed
432 1426 738 1495 sufficientia
766 1439 945 1482 nostra
972 1447 1036 1484 ex
1071 1429 1180 1484 Deo
1209 1444 1303 1485 est.
1332 1432 1432 1499 Qui
1456 1435 1638 1489 omnia
1662 1449 1806 1505 quae-

211 1524 436 1581 cunque
462 1513 695 1568 voluerit
725 1526 980 1586 operatur
1006 1519 1060 1573 in
1091 1522 1261 1575 servis
1290 1523 1420 1577 suis.

290 1602 397 1668 Qui
421 1614 466 1658 et
498 1606 709 1661 idoneos
741 1625 833 1663 nos
866 1609 988 1678 fecit
1015 1613 1278 1667 ministros
1304 1613 1440 1668 Novi
1468 1614 1802 1673 Testamenti.

208 1694 289 1750 Ut
319 1696 706 1769 adimpleretur
732 1703 1010 1771 prophetia
1038 1720 1158 1773 quae
1181 1707 1310 1761 dicit
1330 1726 1341 1762 :
1360 1706 1518 1778 Aperi
1546 1727 1603 1764 os
1634 1721 1801 1779 tuum,

203 1793 261 1840 et
286 1804 380 1857 ego
406 1788 695 1860 adimplebo
718 1791 881 1858 illud;
905 1803 961 1848 et
980 1795 1092 1865 ipsc
1116 1796 1402 1853 Dominus:
1424 1799 1545 1854 Non
1566 1803 1702 1856 enim
1718 1820 1804 1859 vos

205 1878 362 1942 estis,
391 1879 584 1950 inquit,
602 1882 694 1954 qui
726 1882 1034 1955 loquimini;
1064 1888 1155 1941 sed
1186 1887 1413 1960 Spiritus
1445 1889 1627 1946 Patris
1651 1895 1803 1950 vestri
1829 1894 1879 1955 Β

200 1971 302 2040 qui
324 1970 555 2043 loquitur
570 1976 626 2029 in
647 1977 809 2043 vobis;
827 1988 881 2033 et
903 1980 1120 2047 iterum,
1136 1981 1248 2052 Ego
1270 1985 1404 2037 enim
1429 1985 1564 2039 dabo
1584 1988 1722 2045 vobis
1743 2006 1800 2044 os

200 2075 259 2120 et
292 2067 628 2137 sapientiam.
658 2070 813 2126 Unde
837 2073 983 2127 enim
1012 2075 1113 2129 nisi
1149 2092 1180 2130 a
1210 2075 1411 2146 Spiritu
1444 2089 1633 2135 sancto
1660 2080 1802 2151 Apo—

200 2159 337 2216 stoli
373 2170 481 2219 tam
511 2161 687 2217 idonei
712 2163 931 2239 fuerunt
960 2174 1020 2220 ut
1044 2174 1191 2223 tanta
1228 2184 1327 2239 per
1355 2184 1449 2225 eos
1476 2171 1657 2227 divina
1686 2187 1803 2245 my-

200 2254 378 2308 steria
408 2255 752 2312 credentibus
784 2260 1187 2317 revelarentur?
1215 2261 1473 2334 Sequitur
1500 2285 1513 2321 :

285 2342 413 2398 Non
444 2344 638 2401 littera.
676 2347 794 2402 Non
818 2351 963 2429 enim
996 2354 1176 2408 omnia
1208 2354 1324 2411 haec
1353 2356 1407 2409 in
1431 2355 1629 2414 litteris
1659 2365 1803 2415 vete-

199 2435 287 2491 ris
316 2435 451 2506 legis
482 2450 822 2509 repererunt,
847 2443 943 2500 sed
964 2443 1199 2516 Spiritus
1223 2448 1398 2503 sancti
1428 2448 1657 2505 docente
1679 2467 1802 2522 gra-

201 2526 283 2581 tia
317 2529 642 2587 didicerunt.

278 2617 481 2675 Littera
506 2624 643 2676 enim
678 2626 885 2680 occidit.
918 2627 1057 2696 Quia
1087 2630 1140 2684 in
1170 2630 1284 2702 lege
1316 2632 1510 2689 litterae
1534 2634 1680 2690 nulla
1708 2652 1797 2692 re-

198 2708 434 2776 missio,
461 2712 555 2767 sed
588 2728 801 2787 semper
834 2717 967 2774 ultio
995 2730 1310 2788 exercetur,
1352 2732 1412 2778 ut
1448 2726 1553 2781 hoc
1578 2734 1663 2783 est
1693 2742 1707 2782 :
1741 2726 1799 2784 Si

198 2800 332 2869 quis
360 2801 463 2856 hoc
490 2804 573 2858 vel
597 2805 728 2861 illud
760 2806 968 2874 fecerit,
998 2820 1172 2868 morte
1200 2816 1486 2872 moriatur.

279 2891 513 2963 Spiritus
538 2907 714 2952 autem
738 2901 980 2971 uiviﬁcat.
1013 2903 1067 2958 ld
1090 2912 1195 2969 est,
1222 2905 1309 2962 lex
1333 2909 1521 2981 gratia:
1542 2912 1802 2982 spiritalis

198 3002 428 3042 onmem
458 2987 731 3045 hominem
763 2991 877 3047 vult
906 2993 1114 3049 salvum
1150 2994 1268 3051 ﬁeri
1298 3006 1354 3053 et
1388 2999 1443 3053 in
1471 3002 1800 3072 agnitionem

197 3078 459 3134 veritatis
498 3081 713 3148 venire,
752 3091 1118 3157 aeternamque
1149 3088 1316 3144 vitam
1346 3091 1598 3150 omnibus
1626 3093 1798 3152 ﬁdeli-

200 3177 293 3226 ter
331 3173 699 3240 quaerentibus
729 3185 968 3245 praestat.

279 3260 439 3327 Quod
480 3264 527 3318 si
563 3266 879 3324 ministratio
917 3274 1130 3338 mortis,
1184 3272 1371 3330 litteris
1408 3278 1706 3349 deformata
1742 3282 1799 3339 in

197 3350 492 3423 lapidibus,
524 3355 624 3427 fuit
651 3358 705 3413 in
730 3358 920 3430 gloria.
949 3363 1079 3430 Quae
1100 3366 1391 3423 mortiﬁcat
1411 3379 1725 3440 peccatores
1745 3380 1801 3428 et

195 3443 453 3514 damnat,
470 3457 526 3505 et
544 3457 753 3506 tantum
776 3454 1192 3514 observantibus
1211 3474 1330 3515 eam
1352 3464 1637 3533 praesentia
1660 3466 1800 3522 bona

198 3538 515 3609 promittit,
547 3549 602 3597 et
626 3542 691 3597 de
728 3542 924 3600 futuris
953 3563 1054 3603 nec
1094 3551 1423 3623 mentionem
1453 3552 1612 3621 facit,
1639 3564 1696 3611 et
1722 3565 1801 3612 ta-

200 3645 337 3685 men
367 3628 422 3685 in
448 3648 641 3707 magna
666 3634 838 3707 gloria
859 3645 980 3693 erat
1006 3640 1365 3717 observanda,
1397 3645 1522 3713 quia
1552 3647 1800 3702 umbram

201 3723 521 3782 futurorum
551 3729 819 3785 bonorum
861 3736 1207 3790 monstravit.
1250 3736 1337 3809 Ita
1376 3748 1432 3792 ut
1458 3757 1563 3795 non
1596 3753 1801 3812 possent

196 3816 481 3871 intendere
504 3817 606 3885 ﬁlii
632 3818 805 3876 Israel
830 3823 885 3876 in
910 3823 1099 3893 faciem
1131 3825 1325 3897 Moysi,
1348 3840 1558 3899 propter
1577 3829 1802 3901 gloriam

200 3905 385 3962 vultus
412 3908 548 3989 ejus,
575 3927 693 3980 quis
722 3924 1006 3968 evacuatur
1038 3932 1136 3987 per
1161 3916 1359 3975 Christi
1386 3923 1690 3991 passionem
1714 3932 1798 3978 at-

199 4013 320 4069 que
353 4002 804 4059 resurrectionem
822 4044 837 4075 ,
864 4020 983 4076 quae
1008 4008 1247 4062 omnium
1278 4012 1656 4081 superexcellit
1674 4029 1801 4095 gra-

200 4088 371 4142 tiam.
429 4154 432 4163 λ

289 4181 565 4261 Quomodo
612 4204 714 4242 non
756 4191 923 4261 magis
970 4188 1290 4250 ministratio
1329 4192 1559 4267 Spiritus
1603 4200 1703 4253 erit
1748 4199 1803 4253 in

199 4273 430 4348 gloria?
466 4275 521 4363 Si
554 4281 694 4363 enim
732 4284 1168 4363 quod'evacuari
1197 4282 1378 4359 potest
1410 4290 1465 4347 in
1502 4291 1673 4363 gloria
1696 4303 1800 4360 est,

200 4377 424 4439 quanto
451 4360 620 4443 magis
646 4377 790 4444 quod
825 4360 895 4432 ad
920 4360 1178 4434 aeternam
1208 4380 1433 4452 gloriam
1462 4360 1608 4438 ducit
1642 4383 1804 4455 glori-

202 4462 487 4539 ﬁcandum
525 4476 609 4524 est
634 4471 900 4541 eopcribus
944 4472 1149 4528 sanctis
1195 4482 1249 4529 et
1285 4474 1482 4546 justis,
1513 4485 1570 4529 ut
1599 4485 1804 4533 aeterna

202 4556 380 4639 etiam
407 4557 573 4629 gloria
602 4575 701 4630 per
724 4562 839 4618 hzec
864 4565 1176 4621 mercatur?
1204 4564 1339 4621 Nam
1378 4568 1517 4622 sicut
1544 4578 1665 4625 orto
1692 4568 1805 4623 sole
1828 4598 1861 4639 ,-

1828 4617 1883 4680 D

1872 4667 1877 4697 Γ
1908 4668 2036 4722 rire.
2063 4667 2197 4722 Nam
2219 4670 2443 4739 digitum
2466 4669 2561 4724 Dei
2585 4671 2839 4740 appellari
2867 4668 3131 4738 Spiritum
3152 4679 3399 4726 sanctum
3423 4681 3500 4725 te-

201 4646 399 4731 lume'n
423 4652 738 4709 obtunditur
764 4654 925 4724 lunae,
950 4674 1075 4713 cum
1103 4667 1282 4714 tamen
1301 4675 1399 4716 suo
1422 4650 1661 4730 tempore
1685 4677 1802 4716 ma-

204 4758 379 4817 gnum
407 4744 602 4800 habeat
632 4745 811 4802 lumen
833 4789 847 4814 ,
886 4748 959 4803 ita
992 4750 1397 4819 comparatione
1425 4750 1610 4823 gloria:
1643 4766 1807 4806 evan-

207 4835 404 4907 gelicae
425 4837 780 4895 obumbratur
797 4824 972 4897 omnis
1002 4843 1171 4914 gloria
1198 4844 1395 4898 veteris
1417 4843 1567 4915 legis.
1601 4843 1736 4898 Nam
1759 4846 1805 4901 si

208 4918 579 4984 ministerium
624 4933 983 4989 damnationis
1023 4935 1192 5006 gloria
1236 4920 1349 5001 est,
1398 4943 1600 5004 quanto
1634 4936 1805 5006 magis

205 5021 582 5077 ministerium
602 5010 861 5091 justitite,
889 5025 1210 5081 dimittendo
1246 5034 1468 5097 peccata
1496 5026 1805 5082 hominibus

205 5098 269 5166 et
313 5111 382 5167 de
419 5112 545 5169 filiis
578 5114 773 5169 diaboli
820 5115 957 5171 filios
990 5118 1085 5172 Dei
1138 5116 1422 5172 faciendo?
1462 5116 1580 5183 Quo
1615 5124 1803 5171 contra

205 5210 345 5258 sunt
380 5205 470 5273 qui
504 5205 758 5261 dicuntur
793 5208 848 5261 in
884 5209 988 5262 hac
1026 5208 1134 5263 vita
1167 5210 1332 5276 beati,
1375 5209 1573 5279 quibus
1623 5210 1802 5264 omnia

204 5296 381 5366 hujus
419 5298 601 5353 mundi
636 5288 894 5370 prospera
922 5302 1154 5366 cedunt,
1186 5318 1304 5372 quae
1343 5301 1620 5357 beatitudo
1645 5301 1804 5357 simul

205 5382 502 5457 cum’ipsa
548 5392 732 5447 mundi
769 5393 1045 5449 evanescit
1089 5395 1476 5464 prosperitate;
1526 5395 1580 5449 hi
1624 5402 1804 5448 autem

207 5497 347 5538 vere
382 5472 523 5537 beati
550 5479 801 5540 dicuntur
823 5486 913 5555 qui
944 5502 1039 5557 spe
1068 5485 1259 5542 futurae
1291 5487 1639 5543 beatitudinis
1662 5487 1808 5542 beati

205 5582 368 5640 sunt,
399 5574 490 5643 qui
517 5564 606 5630 hic
630 5576 797 5631 multa
820 5586 1041 5648 propter
1061 5577 1227 5633 Deum
1259 5578 1529 5634 sustinent
1558 5578 1805 5646 adversa,

208 5674 270 5723 et
294 5675 501 5737 quanto
513 5667 747 5738 majores
772 5677 827 5724 et
847 5668 1255 5739 multipliciores
1280 5660 1439 5739 hujus
1462 5669 1642 5725 saeculi
1673 5669 1807 5724 tole-

207 5766 347 5814 rant
360 5756 602 5827 injurias,
617 5764 768 5815 tanto
780 5776 991 5832 semper
1005 5771 1129 5816 sunt
1143 5761 1197 5816 in
1220 5761 1401 5816 animo
1416 5761 1666 5830 laetiores,
1682 5762 1808 5834 quia

208 5860 377 5921 tanto
407 5850 577 5924 major
602 5853 683 5911 eis
711 5853 877 5928 gloria
905 5852 1233 5919 cumulatur,
1250 5855 1343 5935 qui
1366 5869 1472 5910 non
1496 5854 1605 5924 hic,
1634 5853 1727 5911 sed
1754 5854 1808 5911 in

1911 610 2189 668 beatitudo
2206 614 2445 683 perfecta
2458 615 2580 671 erit.
2597 615 2937 688 Quapropter
2956 620 3004 685 si
3018 619 3088 677 ad
3102 620 3257 677 illam
3280 623 3497 680 beatam

1910 705 2079 760 vitam
2113 707 2401 776 pervenire
2437 708 2706 776 volumus,
2734 710 2962 767 sollicite
3010 712 3195 768 vivere
3240 714 3500 773 debemus

1911 811 2233 867 semperque
2254 800 2545 854 terminum
2559 801 2686 855 vita:
2706 799 2865 870 hujus
2884 802 3114 858 sollicite
3128 803 3495 860 cansiderare.

1912 888 2292 960 Unusquisque
2352 901 2596 949 nostrum
2610 894 2679 958 jn
2700 894 3151 965 contemplatione
3184 895 3328 951 illius
3349 896 3494 963 vitae,

1909 979 2069 1049 hujus
2094 982 2274 1037 saeculi
2300 998 2557 1055 prospera
2582 994 2787 1041 caveat.
2816 985 3088 1057 Scriptum
3107 995 3192 1043 est
3210 987 3357 1042 enim
3391 1005 3405 1042 :
3429 988 3497 1044 In

1912 1074 2150 1127 omnibus
2188 1075 2428 1144 operibus
2466 1077 2567 1131 tuis
2602 1093 2892 1132 memorare
2928 1080 3211 1134 novissima
3246 1090 3339 1134 tua
3367 1090 3415 1135 et
3443 1082 3498 1141 in

1911 1171 2163 1217 azternum
2189 1178 2292 1217 non
2317 1166 2571 1235 peccabis.
2602 1165 2726 1222 Ideo
2748 1169 2886 1223 mori
2906 1178 3118 1249 oportet
3144 1171 3416 1228 hominem
3440 1173 3495 1229 in

1909 1270 2075 1309 carne
2117 1258 2351 1323 mundo,
2394 1273 2463 1313 ne
2500 1261 2766 1315 moriatur
2807 1262 2862 1318 in
2889 1264 3066 1317 anima
3094 1263 3329 1320 Christo.
3361 1265 3497 1322 Nam

1908 1355 2040 1401 tunc
2061 1346 2290 1416 quisque
2312 1348 2495 1404 vivere
2517 1350 2775 1416 creditur,
2791 1352 2837 1406 si
2863 1353 3046 1407 saeculi
3074 1354 3358 1410 desideriis
3383 1370 3495 1411 mo-

1910 1436 2057 1491 riens
2086 1437 2139 1491 in
2166 1438 2279 1493 solo
2308 1438 2420 1495 Deo
2440 1443 2621 1497 vivere
2646 1443 2957 1500 delectetur.
2990 1444 3276 1516 Largiente
3302 1447 3422 1517 ipso
3442 1456 3499 1502 et

1910 1527 2206 1583 auxiliante
2241 1528 2468 1588 Domino
2512 1542 2700 1589 nostro
2736 1534 2864 1591 Jesu
2903 1535 3119 1601 Christo
3145 1538 3238 1608 qui
3277 1539 3409 1593 vivit
3442 1546 3497 1593 et

1909 1625 2099 1686 regnat
2129 1633 2250 1672 cum
2279 1618 2440 1675 Patre
2465 1630 2521 1677 et
2559 1623 2762 1693 Spiritu
2801 1635 2990 1683 sancto
3024 1627 3169 1684 Deus
3190 1642 3290 1698 per
3312 1628 3494 1685 omnia

1902 1710 2104 1767 mula
2139 1714 2479 1772 saeculorum.
2506 1717 2697 1773 Amen.

2468 1830 2748 1888 HOMILIA
2782 1831 2936 1888 CLII.

2397 1934 2559 1975 ITEM
2618 1937 2701 1976 UT
2762 1937 2992 1978 SUPRA.

2042 2009 2226 2066 Lectio
2256 2013 2430 2068 sancti
2460 2013 2734 2085 Evangelii
2764 2015 3058 2070 secundum
3089 2014 3348 2071 Marcum.

1973 2110 2041 2165 In
2069 2111 2162 2166 illo
2196 2121 2422 2184 tempore
2439 2155 2453 2180 ,
2478 2115 2655 2170 exiens
2681 2116 2836 2171 Jesus
2864 2117 2928 2170 de
2953 2117 3147 2187 ﬁnibus
3174 2116 3300 2189 Tyri
3314 2160 3329 2185 ,
3356 2116 3495 2175 vertit

1900 2214 1995 2272 per
2022 2200 2273 2258 Sidonem
2297 2206 2366 2258 ad
2394 2222 2542 2261 mare
2566 2205 2822 2273 Galilcete,
2850 2210 2986 2263 inter
3014 2206 3212 2264 medios
3236 2210 3369 2279 ﬁnes
3392 2210 3498 2265 De-

1902 2290 2167 2362 capoleos,
2199 2302 2305 2349 etc.
2524 2307 2529 2311 ‘

1974 2381 2257 2455 Decapolis
2285 2396 2390 2450 est,
2418 2395 2478 2441 ut
2502 2387 2622 2457 ipso
2644 2388 2864 2444 nomine
2885 2389 3100 2460 probat,
3127 2390 3279 2462 regio
3307 2391 3492 2447 decem

1902 2474 2114 2529 urbium
2146 2484 2298 2531 trans
2325 2476 2614 2533 Jordanem
2649 2479 2716 2534 ad
2749 2481 3014 2537 orientem
3045 2481 3192 2537 circa
3225 2481 3411 2553 lppum
3434 2490 3490 2539 et

1899 2562 2100 2620 Pellam
2126 2574 2181 2620 et
2209 2565 2478 2622 Gadaram
2515 2576 2707 2625 contra
2735 2568 3032 2626 Galilmam.
3064 2571 3220 2639 Quod
3252 2587 3387 2644 ergo
3411 2568 3493 2628 di-

1900 2659 2065 2726 citur,
2078 2660 2202 2729 quia
2220 2660 2476 2718 Dominus
2496 2663 2640 2718 venit
2653 2665 2720 2719 ad
2736 2668 2884 2720 mare
2896 2664 3114 2722 Galilere
3126 2665 3271 2722 inter
3285 2666 3494 2721 medios

1899 2751 2037 2807 ﬁnes
2058 2753 2401 2825 Decapoleos,
2435 2757 2580 2827 ipsos
2603 2757 2736 2814 lines
2763 2759 3092 2830 Decapoleos
3112 2775 3238 2816 eum
3260 2756 3493 2816 intrasse

1897 2842 2187 2913 signiﬁcat,
2220 2860 2395 2916 neque
2431 2847 2577 2901 enim
2618 2863 2766 2903 mare
2803 2851 3235 2923 transnavigasse
3272 2851 3492 2917 dicitur,

1898 2934 1995 2990 sed
2030 2936 2209 3006 potius
2254 2936 2321 2990 ad
2358 2950 2506 2994 mare
2549 2948 2720 3009 uSque
2756 2942 2968 2998 venisse
3005 2950 3165 3012 atque
3202 2943 3271 2997 ad
3314 2942 3490 3012 ipsum

1897 3027 2211 3097 pervenisse
2248 3027 2424 3082 locum
2454 3030 2545 3099 qui
2575 3031 2781 3085 medios
2816 3032 2951 3087 ﬁnes
2981 3031 3311 3102 Decapoleos
3339 3030 3495 3102 longe

1902 3122 2058 3170 trans
2088 3129 2241 3170 mare
2269 3117 2476 3185 positos
2510 3119 2852 3187 respiciebat.

1973 3202 2045 3258 Et
2074 3204 2346 3261 adducunt
2389 3207 2438 3261 ei
2464 3207 2682 3261 surdum
2711 3214 2759 3262 et
2794 3216 3030 3275 mutum,
3061 3217 3111 3264 et
3144 3208 3497 3280 deprecaban-

1903 3304 1990 3350 tur
2017 3306 2075 3350 ut
2105 3298 2339 3368 imponat
2366 3298 2446 3352 illi
2461 3315 2705 3354 manum.
2750 3299 2959 3357 Surdus
2992 3309 3047 3356 et
3082 3310 3266 3357 mutus
3289 3308 3373 3357 est
3399 3302 3495 3372 qui

1902 3403 2005 3443 nec
2029 3404 2190 3445 aures
2219 3391 2474 3446 audiendi
2504 3392 2597 3446 Dei
2620 3392 2865 3460 verbum,
2899 3407 2999 3449 nec
3023 3407 3087 3449 os
3112 3394 3289 3465 aperit
3310 3392 3496 3464 prolo-‘-

1902 3480 2122 3551 quendi.
2150 3480 2349 3548 Quales
2372 3497 2593 3539 necesse
2613 3492 2698 3539 est
2730 3492 2789 3538 ut
2814 3484 2869 3539 hi
2900 3485 2993 3556 qui
3015 3485 3160 3556 loqui
3183 3484 3297 3555 jam
3319 3494 3374 3540 et
3401 3500 3497 3541 au-

1901 3571 2019 3629 dire
2048 3573 2224 3628 divina
2255 3573 2468 3644 eloquia
2494 3575 2653 3647 longo
2683 3591 2784 3632 usu
2811 3575 3133 3644 didicerunt,
3155 3577 3383 3634 Domino
3410 3590 3498 3633 sa-

1902 3664 2110 3720 nandos
2129 3662 2379 3733 oﬁ‘erant,
2402 3675 2672 3736 quatenus
2697 3680 2791 3722 eos
2812 3681 2948 3738 quos
2971 3669 3206 3723 humana
3232 3668 3497 3740 fragilitas

1901 3756 2109 3828 nequit,
2139 3757 2254 3827 ipse
2282 3758 2469 3828 gratiae
2495 3774 2607 3814 suae
2633 3760 2856 3815 dextera
2887 3760 3079 3815 salvet.

1972 3846 2043 3902 Et
2068 3849 2457 3921 apprehendens
2478 3866 2597 3905 cum
2621 3851 2686 3905 de
2707 3850 2863 3904 turba
2890 3867 3147 3905 seorsum.
3176 3851 3499 3921 Apprehen-

1902 3941 2037 3999 deus
2056 3957 2291 4012 namque
2310 3942 2585 3998 infirmum
2609 3943 2675 3999 de
2699 3942 2856 3998 turba
2879 3956 3125 3999 seorsum
3147 3944 3348 4009 educit,
3372 3958 3497 4000 cum

1903 4041 2142 4089 mentem
2175 4034 2413 4103 peccatis
2443 4033 2754 4103 languidam
2788 4034 3097 4090 visitatione
3141 4047 3254 4089 sua:
3280 4030 3499 4103 pietatis

1904 4123 2181 4178 illustrans
2200 4164 2215 4190 ,
2239 4139 2269 4177 a
2296 4124 2570 4179 consuetis
2596 4124 2849 4194 humanae
2875 4124 3308 4179 conversationis
3331 4126 3499 4178 mori-

1903 4216 2006 4271 bus
2034 4224 2245 4282 evocat,
2270 4224 2433 4284 atque
2461 4215 2529 4270 ad
2552 4215 2827 4285 sequenda
2857 4223 3252 4286 praeceptorum
3277 4229 3496 4271 suorum

1905 4305 2103 4360 itinera
2127 4312 2406 4375 provocat.
3422 4318 3425 4321 λ

1976 4397 2123 4453 Misit
2154 4397 2343 4470 digitos
2366 4415 2488 4453 suos
2514 4399 2572 4453 in
2600 4398 2873 4453 auriculas
2899 4398 3039 4469 ejus.
3064 4397 3282 4475 Mittere
3304 4398 3499 4470 digitos

1907 4490 1962 4544 in
1992 4489 2264 4555 auriculas
2288 4498 2372 4545 est
2419 4504 2518 4560 per
2546 4490 2687 4546 dona
2718 4488 2954 4560 Spiritus
2984 4490 3159 4545 sancti
3190 4504 3350 4546 aures
3377 4505 3500 4545 cor-

1908 4577 1992 4632 dis
2018 4578 2085 4632 ad
2115 4578 2461 4650 intelligenda
2492 4594 2555 4634 ac
2582 4578 2925 4647 suscipienda
2950 4580 3119 4635 verba
3149 4580 3345 4635 salutis
3374 4595 3500 4649 ape~

1907 4768 2081 4814 statur
2110 4760 2224 4830 ipse
2250 4761 2508 4815 Dominus
2537 4775 2659 4815 cum
2695 4760 2823 4815 dicit
2844 4758 3077 4817 Iudaeis:
3110 4760 3168 4818 Si
3205 4780 3298 4834 ego
3329 4766 3383 4816 in
3412 4764 3497 4817 di-

1907 4853 2015 4922 gito
2041 4850 2138 4905 Dei
2166 4851 2318 4919 ejicio
2343 4852 2637 4918 daemonia,
2664 4851 2765 4921 ﬁlii
2803 4855 2958 4907 uestri
2998 4854 3055 4908 in
3100 4871 3202 4926 quo
3245 4854 3501 4925 ejiciunt?

1909 4943 2051 5013 quod
2081 4957 2354 5012 exponens
2404 4942 2542 4997 alius
2591 4944 2931 5015 Evangelista
2979 4945 3109 5000 dicit
3161 4962 3172 4998 :
3215 4942 3274 4998 Si
3313 4959 3407 5014 ego
3444 4944 3499 4998 in

1909 5034 2097 5105 spiritu
2131 5033 2242 5090 Dei.
2258 5034 2411 5105 ejicio
2440 5035 2742 5089 daemonia?
2779 5036 2845 5091 Et
2870 5036 3013 5107 magi
3046 5037 3100 5091 in
3141 5035 3375 5105 Egypto
3406 5051 3498 5090 su—

1905 5126 2079 5197 perati
2110 5125 2361 5181 dixerunt
2387 5146 2399 5180 :
2429 5126 2638 5198 Digitus
2666 5128 2762 5182 Dei
2784 5128 2868 5182 hic
2893 5136 3000 5193 est;
3027 5135 3083 5184 et
3107 5126 3193 5182 lex
3220 5127 3277 5181 in
3304 5126 3500 5183 tabulis

1908 5218 2075 5289 digito
2112 5218 2207 5273 Dei
2260 5218 2462 5289 scripta
2513 5231 2595 5274 est
2643 5215 2887 5291 lapideis.
2934 5217 3093 5289 Digiti
3135 5232 3269 5288 ergo
3312 5217 3407 5273 Dei
3445 5216 3501 5271 in

1909 5306 2183 5362 auriculas
2213 5308 2331 5379 ejus
2370 5308 2523 5363 missi
2557 5308 2650 5378 qui
2691 5307 2967 5362 sanandus
3001 5315 3150 5372 erat,
3190 5307 3329 5363 dona
3376 5314 3504 5362 sunt

1909 5396 2083 5452 sancti
2112 5395 2378 5467 Spiritus,
2411 5398 2607 5467 quibus
2650 5396 2813 5451 corda
2835 5436 2851 5461 ,
2888 5410 3009 5466 quae
3048 5412 3080 5450 a
3121 5397 3205 5451 via
3254 5397 3502 5453 veritatis

1912 5490 2303 5545 aberraverunt
2340 5490 2407 5543 ad
2437 5490 2712 5544 sciendam
2751 5488 2941 5544 salutis
2965 5489 3108 5545 viam
3129 5531 3145 5556 ,
3185 5491 3254 5545 ad
3280 5489 3504 5544 audien-
3570 5484 3578 5491 ’

1911 5576 2038 5632 dam
2067 5579 2487 5649 discendumque
2516 5578 2738 5632 revelat.
2766 5577 2834 5633 Et
2854 5578 2978 5649 quia
3010 5580 3225 5652 cognita
3254 5577 3506 5635 veritatis

1911 5668 2050 5734 luce,
2087 5670 2237 5740 sequi
2268 5667 2537 5725 confessio
2559 5667 2743 5736 debet,
2776 5678 2899 5741 apte
2927 5669 3275 5741 subjungitur
3305 5686 3321 5723 :
3396 5736 3399 5741 η

1985 5762 2054 5815 Et
2082 5778 2337 5833 exspuens
2362 5759 2596 5830 linguam
2620 5761 2735 5831 ejus
2770 5754 3274 5832 tetigit.‘Exspuens
3305 5756 3505 5829 quippe

1914 5855 2208 5923 Dominus,
2251 5854 2492 5929 linguam
2528 5855 2704 5928 tetigit
2731 5856 2917 5931 aegroti
2948 5870 3071 5911 cum
3106 5854 3175 5909 ad
3205 5848 3503 5914 confessifb
