3960 6360
477 410 583 469 445

1113 413 1174 468 Β.
1213 410 1467 467 RABANI
1505 409 1724 467 MAURI
1761 404 2079 465 ARCHIEP.
2121 401 2762 464 MOGUNT-OPERUM
2794 406 2975 464 PARS
3012 406 3110 465 ll.~

3678 414 3783 471 444

550 530 623 586 Et
648 539 726 598 tu,
753 527 1149 605 Capitarnaum,
1178 529 1414 601 nunquid
1443 546 1604 600 usque
1627 531 1683 583 in
1706 526 1893 583 caelum
1911 524 2060 581 exal-
2088 521 2146 584 A
2168 527 2307 575 ctum
2332 520 2388 576 in
2431 520 2682 589 Domino,
2727 524 2781 578 in
2817 536 2922 595 quo
2946 534 2995 583 et
3018 541 3113 581 vos
3139 526 3547 597 eorudificamsni
3576 529 3647 584 in
3680 520 3782 583 lu-

478 625 712 691 taberts?
734 634 895 697 usque
922 626 977 678 in
997 624 1262 694 infernum
1282 623 1580 679 descendas.
1608 622 1669 676 In
1689 621 1862 676 altero
1880 634 2065 675 exem-

476 719 612 789 plari
659 718 959 788 reperimus
984 733 999 770 :
1024 716 1091 770 Et
1121 718 1175 771 tu
1209 714 1605 785 Capharnaum,
1637 728 1756 784 qua:
1795 728 1964 783 usque
1997 713 2066 767 ad

477 808 673 864 caelum
707 808 945 863 exaltata
979 821 1039 862 es
1081 821 1254 877 usque
1300 808 1365 862 ad
1396 806 1607 861 inferna
1654 806 1979 871 descendes;
2010 812 2071 860 et.

476 907 562 954 est
589 898 780 969 duplex
812 896 1165 968 intelligentia
1194 917 1207 952 :
1239 898 1325 953 vel
1354 897 1497 964 ideo,
1529 898 1597 951 ad
1618 897 1827 966 inferna
1855 897 2067 951 descen-

476 989 590 1054 des,
618 990 749 1060 quia
776 986 965 1044 eontra
994 990 1433 1060 praedicationem
1467 1001 1642 1043 meam
1681 987 2070 1058 superbissime

477 1083 742 1146 restitisti,
766 1082 825 1137 ‘et
856 1083 977 1138 ideo
1002 1082 1391 1155 quiaexaltata
1424 1098 1595 1153 usque
1628 1083 1695 1137 ad
1720 1083 1916 1137 cmlum
1943 1082 2067 1137 meo

476 1176 732 1246 hospitio,
762 1180 817 1231 et
843 1177 978 1232 meis
1012 1176 1181 1248 signis
1209 1184 1370 1247 atque
1398 1176 1688 1231 virtutibus
1719 1184 1928 1230 tantum
1970 1178 2069 1231 ha-

475 1267 611 1322 bens
632 1267 969 1339 privilegium
1005 1266 1303 1337 majoribus
1333 1269 1586 1339 plecteris
1613 1269 1909 1338 suppliciis,
1938 1271 2069 1339 quia'

475 1358 563 1413 his
588 1373 804 1431 quoque
828 1362 1052 1416 credere
1099 1361 1339 1416 noluisti.
1370 1361 1427 1417 in
1450 1361 1833 1431 Capharn‘aum
1862 1371 2067 1428 autem,

474 1465 598 1521 quin
647 1446 1038 1523 interpretatur
1088 1454 1213 1508 villa
1261 1454 1646 1524 pulcherrima,
1678 1456 2072 1510 condemnatur

472 1543 751 1600 incredula
797 1540 1119 1613 Jerusalem,
1167 1549 1253 1603 cui
1300 1550 1497 1607 dicitur
1543 1565 1641 1621 per
1686 1547 2069 1606 Ezechielem:

470 1636 774 1708 Justiﬁcata
816 1640 1048 1694 Sodoma
1095 1659 1243 1696 soror
1272 1652 1472 1696 ludes:
1508 1651 1577 1698 te.
1617 1642 1770 1699 Unde
1800 1651 1856 1700 et
1876 1656 2067 1700 conse-

470 1738 700 1799 quenter
725 1733 971 1788 subditur
993 1752 1004 1787 :
1084 1737 1087 1741 '

542 1820 682 1886 Quia
710 1824 755 1876 si
784 1824 838 1877 in
867 1823 1111 1881 Sodomis
1137 1828 1292 1897 facta:
1323 1827 1540 1896 fuissent
1571 1830 1784 1884 virtutes
1828 1847 1947 1900 qua:
1975 1831 2064 1900 fa-

2167 611 2455 668 bitaculum
2480 614 2576 669 Dei
2600 615 2657 668 in
2679 614 2885 686 Spiritu
2908 626 3121 685 sancto,
3141 619 3197 675 in
3221 632 3330 690 quo
3348 629 3405 677 et
3422 636 3527 677 vos
3548 621 3785 690 Ephai

2166 709 2511 765 :ediﬁcamini
2541 710 2595 764 iu
2626 709 2885 782 templum
2908 726 2976 767 ex
3017 712 3155 769 vivis
3178 701 3597 786 lapidibus-Deo
3632 730 3787 771 sun-

2167 800 2276 855 ino.
2302 800 2457 869 Quod
2487 801 2535 857 si
2562 802 2828 859 universa
2845 803 3159 869 aediﬁcatio,-
3185 806 3302 861 sive
3327 821 3398 861 ex
3422 804 3645 861 Iudaeis
3667 807 3783 863 sive

2166 908 2233 950 ex
2256 894 2503 965 gentibus
2530 902 2844 951 constructa
2876 905 2933 953 et
2984 897 3367 969 compaginata
3394 914 3498 969 per
3540 900 3782 970 angula-

2166 1002 2281 1041 rem
2310 987 2540 1058 lapidem
2570 989 2662 1058 qui
2695 989 2831 1044 duos
2851 989 3090 1060 parietes
3136 990 3438 1062 conjungit,
3490 991 3705 1046 crescit
3726 991 3779 1045 in

2166 1081 2624 1150 unumtemplum
2655 1081 2816 1137 unius
2849 1083 2965 1149 Dei,
2998 1099 3181 1139 nonne
3219 1084 3378 1140 nobis
3402 1086 3556 1155 omni
3590 1084 3783 1141 labore

2167 1172 2492 1227 studendum
2515 1181 2617 1239 est,
2644 1182 2703 1228 ut
2727 1173 2920 1230 ﬁamus
2946 1175 3021 1230 illi
3048 1175 3274 1247 lapides,
3320 1177 3386 1231 de
3413 1177 3629 1247 quibus
3649 1180 3780 1232 scri-

2165 1270 2321 1332 ptum
2347 1272 2451 1328 est,
2477 1263 2676 1335 lapides
2699 1267 2867 1339 sancti
2902 1266 3180 1321 uoluuntur
3208 1284 3366 1338 super
3387 1278 3620 1332 terram,
3655 1285 3775 1323 cum

2168 1356 2431 1415 fuerimus
2466 1360 2572 1415 vivi
2621 1360 2825 1432 lapides
2869 1378 2937 1430 ex
2966 1364 3114 1418 omni
3160 1374 3317 1433 parte
3364 1364 3556 1427 dolati,
3612 1365 3777 1428 leves,

2168 1449 2343 1521 politi,
2392 1451 2593 1519 nullam
2653 1454 3018 1509 scabridinem
3052 1456 3317 1511 habentes
3359 1455 3709 1511 mdiﬁcemur
3728 1458 3777 1510 in

2169 1541 2451 1611 templum,
2503 1542 2766 1599 faciamus
2817 1546 2873 1599 in
2930 1547 3334 1620 nobismetipsis
3397 1548 3777 1603 habitaculum

2170 1632 2304 1700 Deo,
2328 1643 2387 1690 ut
2416 1636 2667 1707 dignetur
2694 1638 2750 1693 in
2780 1637 2985 1710 Spiritu
3008 1648 3198 1709 sancto
3220 1642 3470 1696 habitare
3503 1641 3561 1695 in
3584 1641 3775 1705 nobis;

2172 1726 2306 1782 duos
2329 1728 2473 1783 enim
2499 1716 2724 1800 populos
2771 1732 2825 1786 in
2858 1748 2915 1787 se
2962 1734 3200 1804 suscepit
3236 1733 3511 1803 Salvator,
3563 1744 3625 1788 et
3657 1733 3777 1789 {cdt

2171 1837 2339 1876 unum
2368 1823 2422 1877 in
2465 1824 2714 1892 Domino,
2764 1827 2904 1882 sicut
2930 1835 2986 1882 et
3032 1828 3170 1899 lapis
3197 1831 3476 1901 angularis
3514 1830 3663 1885 duos
3688 1845 3779 1900 pa-

467 1920 565 1968 cttt'
591 1924 712 1969 sunt
755 1914 809 1971 in
850 1926 918 1983 te,
948 1918 1083 1987 forte
1112 1922 1428 1975 mansissent
1467 1936 1629 1993 usque
1649 1922 1703 1975 in
1739 1896 1877 1975 hunc
1902 1896 2060 1976 diem.
2092 1896 2141 1957 Β
2169 1912 2333 1967 miles
2364 1916 2604 1984 (ἴουῑῖηθῑ
2654 1917 2711 1983 ηίη
2767 1918 2976 1973 “nimie
3029 1921 3222 1976 domus
3262 1921 3514 1977 ﬁrmatos
3536 1938 3560 1987 ἱ
3590 1921 3779 1977 Ιῖιῖθιδ

467 2004 693 2064 Minoris
722 2023 852 2081 ergo
882 2012 1162 2082 injustitiae
1198 2010 1453 2082 Sodoma,
1484 2025 1540 2072 et
1573 2017 1725 2087 quasi
1762 2019 1909 2089 justa
1944 2033 2064 2075 esse

467 2097 669 2154 dicitur
692 2101 749 2156 in
777 2106 1177 2173 comparatione
1195 2108 1417 2178 majoris
1437 2107 1731 2178 iniustitiae.
1762 2109 2063 2167 Jerusalem

465 2204 589 2247 cum
643 2192 733 2249 illa
766 2196 1025 2267 exemptis
1057 2196 1196 2255 Lath
1244 2208 1350 2257 non
1388 2199 1569 2263 fuerit
1607 2211 1851 2257 correcta
1881 2210 1935 2257 et
1959 2203 2065 2257 ista

463 2280 565 2337 ﬁlii
590 2284 685 2340 Dei
712 2288 893 2343 verbis
918 2295 973 2346 et
1001 2291 1275 2349 miraculis
1294 2308 1511 2364 semper
1534 2294 1803 2350 exstiterit
1825 2297 2063 2367 ingrata;

463 2373 575 2431 imo
601 2379 892 2448 prophetas
928 2394 1029 2439 nec
1056 2398 1163 2438 non
1191 2393 1245 2439 et
1275 2385 1448 2454 ipsum
1478 2385 1813 2442 Salvatorem
1832 2388 2058 2454 ’oecidit,

465 2472 521 2519 et
557 2470 828 2536 apostolos
855 2473 974 2542 ejus
997 2483 1279 2543 persecuta
1313 2485 1415 2532 est.

543 2556 917 2618 Verumtamen
957 2565 1077 2620 dico
1116 2567 1278 2633 vobis,
1331 2570 1455 2638 quia
1501 2575 1656 2623 terrm
1692 2568 2061 2628 Sodomorum

464 2647 736 2703 remissius
765 2652 862 2705 erit
883 2653 937 2706 in
963 2654 1048 2708 die
1064 2654 1256 2725 judicii
1276 2674 1435 2728 quam
1455 2660 1565 2715 tibi.
1594 2660 1895 2717 Remissior
1915 2665 2060 2719 enim

462 2748 650 2791 eorum
684 2741 789 2794 erit
818 2742 1000 2811 paena,
1031 2754 1257 2815 quorum
1285 2749 1463 2804 minor
1494 2760 1580 2807 est
1604 2753 1782 2823 culpa,
1810 2763 1865 2809 et
1886 2755 1939 2809 in
1967 2768 2060 2811 eos

460 2824 656 2883 fortioi-
704 2835 975 2911 procedet.
1003 2837 1237 2894 vindicta
1282 2846 1511 2910 quorum
1543 2844 1717 2915 major
1741 2854 1823 2901 est
1874 2848 2056 2903 noxia.

460 2916 648 2975 Iustus
674 2922 810 2976 enim
836 2932 913 2979 est
932 2925 1273 2985 Dominus-in
1295 2933 1535 2988 omnibus
1563 2935 1660 2989 viis
1697 2937 1828 3002 suis,
1861 2946 1911 2991 et
1931 2955 2054 2993 san~
2084 2980 2089 2995 .

461 3015 577 3061 ctus
610 3011 663 3064 in
707 3015 946 3069 omnibus
976 3018 1216 3087 operibus
1260 3022 1388 3089 suis,
1419 3024 1511 3093 qui
1539 3026 1718 3081 reddet
1777 3028 2059 3101 unicuique

459 3101 744 3156 secundum
770 3121 927 3176 opera
952 3106 1086 3177 ejus.

1013 3199 1295 3259 HOMILIA
1323 3203 1501 3263 CLVI.

636 3299 691 3367 ΔΙΝ
720 3300 916 3342 NATAIJ
954 3305 1145 3357 SANC'I'I
1174 3311 1566 3361 ΒΔΒΪΗΟΕΟΙΕΙ
1595 3314 1874 3362 Αιδοετοιι.
1968 3352 1969 3355 η

814 3378 1003 3437 Lectio
1039 3384 1291 3454 Epistolas
1318 3389 1387 3443 ad
1415 3390 1694 3460 Ephesios.

535 3462 767 3535 Fratres,
792 3472 907 3542 jam
941 3490 1045 3552 non
1066 3479 1190 3532 estis
1212 3480 1440 3551 hospites
1464 3495 1513 3543 et
1541 3486 1783 3554 aduente,
1812 3489 1905 3544 sed
1930 3492 2053 3548 estis

458 3559 594 3635 cives
622 3575 922 3620 sanctorum
944 3579 992 3622 et
1018 3569 1286 3627 domestici
1310 3574 1426 3643 Dei,
1450 3585 1558 3632 etc.

532 3650 614 3705 Ad
646 3653 699 3707 id
746 3657 889 3725 quod
935 3675 1099 3730 supra
1144 3663 1357 3720 dixerat
1406 3671 1712 3741 peregrinis
1757 3682 2051 3733 testamen-

458 3747 639 3797 torum
672 3751 1130 3821 repromissionis,
1148 3771 1303 3817 nunc.
1319 3764 1605 3830 respondet
1628 3784 1641 3818 :
1668 3782 1797 3839 ergo
1818 3779 1925 3825 tam
1950 3788 2053 3827 non

458 3834 580 3930 estis
603 3835 847 3921 hospites,
881 3842 934 3920 id
959 3852 1041 3899 est
1081 3848 1371 3916 peregrini.
1398 3852 1491 3913 .Et
1512 3856 1580 3913 ad
1606 3834 1906 3928 illud'quod
1930 3876 2061 3930 pro-.

458 3926 682 3983 miserat
708 3930 955 3999 alienatis
1000 3952 1030 3990 a
1080 3942 1507 4007 conversatione
1544 3926 1945 4014 Israel,mndo-
1969 3969 2069 4010 ποθ-η

457 4019 706 4115 spondet,
734 4025 860 4081 estis
897 4028 1029 4084 cives
1055 4041 1368 4098 sanctorum,
1394 4047 1447 4091 et,
1465 4038 1737 4096 domestici
1774 4043 1893 4110 Dei,
1924 4047 2050 4115 quia

456 4108 547 4205 qui
577 4110 867 4182 aliquando
894 4118 1049 4191 longe
1077 4120 1282 4191 fuistis,
1313 4141 1419 4183 non
1465 4130 1730 4190 habentes
1760 4108 2052 4205 repromis—
2084 4182 2089 4185 ι

453 4201 636 4285 siones
685 4207 752 4262 de
795 4208 1030 4281 Christo,
1076 4217 1161 4270 vel
1208 4218 1393 4279 salute
1438 4231 1639 4289 vestra,
1687 4201 1835 4283 nunc
1882 4246 2081 4302 prope

454 4296 604 4361 estis,
660 4308 717 4354 ct
761 4316 867 4358 non
924 4305 1323 4379 solumprope,
1376 4313 1470 4375 sed
1525 4296 2083 4378 etiamcives'sahm

453 4399 687 4449 ctorum.
718 4440 723 4445 .
754 4444 757 4449 ,
808 4440 813 4447 .
1296 4452 1297 4457 η
1532 4454 1535 4457 .

504 4466 949 4558 νδιιρθναιάίίίεαιί
996 4497 1591 4566 super..ftmdamentum
1623 4507 1979 4575 apostolorum
1998 4519 2049 4565 et

2167 2006 2310 2059 enim
2338 2008 2653 2078 superﬁcies
2695 2017 2822 2065 sunt
2850 2011 3038 2081 templi
3066 2012 3161 2069 Dei
3201 2012 3257 2066 in
3304 2013 3505 2082 spiritu
3542 2027 3776 2068 coner»

2168 2105 2354 2154 sentes
2383 2107 2442 2153 ut
2466 2101 2679 2170 possint
2705 2102 2951 2158 haeredes
2977 2101 3094 2158 ﬁeri
3123 2102 3360 2169 caelestis
3388 2103 3774 2159 habitationis.

2165 2188 2270 2243 Per
2293 2190 2582 2247 Dominum
2633 2200 2881 2248 nostrum
2933 2192 3120 2260 Jesum
3175 2193 3474 2257 Christum,
3526 2196 3777 2265 quicum

2165 2279 2329 2336 Patre
2358 2293 2413 2338 et
2466 2282 2677 2354 Spiritu
2714 2294 2905 2342 sancto
2949 2286 3086 2341 vivit
3135 2294 3201 2357 et
3221 2297 3411 2358 regnat
3456 2285 3634 2354 Deus,
3682 2302 3777 2357 per

2166 2374 2351 2429 omnia
2378 2374 2576 2430 saecula
2608 2374 2950 2433 saeculorum.
2979 2373 3174 2430 Amen.

2324 2491 2512 2549 Lectio
2542 2494 2715 2549 sancti
2746 2493 3022 2565 Evangelii
3051 2493 3350 2548 secundum
3371 2492 3606 2547 Lucam.

2234 2583 2303 2639 In
2331 2584 2424 2639 illo
2446 2595 2676 2656 ternpore
2702 2586 2844 2655 facta
2884 2593 2961 2640 est
2994 2593 3042 2639 et
3068 2585 3327 2639 contentio
3356 2586 3503 2638 inter
3538 2584 3773 2653 discipl-

2165 2674 2243 2730 los
2268 2678 2384 2747 quis
2414 2688 2596 2730 eorum
2628 2676 2892 2731 videretur
2915 2689 3026 2731 esse
3049 2676 3251 2746 major,
3269 2686 3379 2731 etc.

2235 2768 2474 2838 Require
2536 2769 2597 2825 in
2652 2769 2914 2825 Passione
2969 2770 3229 2836 Domini;
3284 2780 3408 2840 qua
3462 2769 3675 2840 legitur
3716 2771 3768 2824 in

2164 2869 2357 2930 quarta
2385 2861 2544 2917 feria.

2496 2998 2499 3001 _
2698 2932 2984 2988 nonum
3020 2932 3218 3002 CLvu.
3372 2995 3383 3006 ,
3482 2998 3487 3005 ,

2403 3020 2457 3059 ΙΝ
2482 3019 2727 3085 i’ASSlONE
2760 3020 2948 3085 SANCTI
2977 3021 3194 3060 JOANNIS
3223 3021 3529 3061 BAPTISTE.

2624 3082 2808 3154 Lectio
2836 3080 2960 3155 libri
2992 3086 3303 3169 Sapientia).

2233 3184 2542 3259 Expectatio
2559 3182 2851 3260 justorum,
2882 3184 3091 3259 laetitia,
3130 3210 3245 3265 spes
3282 3192 3457 3249 autem
3482 3196 3764 3267 impiorum

2081 3265 2127 3329 (εἶ
2156 3282 2360 3354 peribit,
2389 3294 2494 3339 etc.

2231 3375 2468 3446 Require
2494 3377 2550 3432 in
2578 3375 2768 3434 Natale
2796 3379 3152 3450 plurimorum
3188 3378 3523 3455 martyrum.

2300 3487 2486 3544 Lectio
2511 3491 2685 3546 sancti
2709 3491 2987 3562 Evangelii
3016 3496 3323 3550 secundum
3342 3496 3618 3554 Marcum.

2225 3576 2295 3632 In
2328 3578 2420 3633 illo
2447 3589 2690 3651 tempore,
2722 3583 2863 3636 misit
2894 3582 3131 3640 Herodes
3171 3596 3219 3640 et
3259 3590 3430 3643 tenuit
3473 3590 3767 3657 Joannem,

2155 3681 2205 3727 et
2228 3673 2391 3728 vinxit
2417 3690 2536 3728 eum
2571 3674 2627 3728 iu
2658 3692 2871 3731 carcere
2896 3687 3107 3747 propter
3126 3677 3514 3749 Herodiadent,
3550 3702 3759 3740 uxorem

2156 3764 2391 3838 Philippi
2418 3768 2602 3838 fratris
2634 3772 2740 3836 sui,
2764 3773 2888 3841 quia
2928 3774 3151 3829 duxerat
3177 3792 3315 3831 eam.
3356 3779 3588 3841 Dicebat
3629 3785 3759 3838 enim

2152 3857 2388 3925 Joannes
2412 3859 2659 3917 Herodi:
2689 3860 2814 3918 Non
2834 3863 2954 3919 licet
2977 3865 3073 3921 tibi
3092 3867 3283 3924 habere
3312 3886 3540 3926 mrem
3583 3876 3759 3945 fratris

2151 3951 2247 4017 tui,
2278 3958 2384 4007 etc.
2742 4006 2745 4013 ,
2902 4008 2924 4019 γλ
2964 4000 2967 4007 .
3396 4000 3399 4003 ρ
3460 4004 3464 4011 .
3735 4002 3738 4009 .

2227 4043 2394 4101 Vetus
2427 4055 2616 4103 narrat
2656 4048 2885 4105 historia
2935 4050 3244 4123 Philippum
3277 4053 3519 4113 Herodis
3542 4059 3755 4129 majora

2152 4137 2321 4192 lilium
2360 4139 2460 4195 sub
2488 4154 2596 4208 quo
2619 4139 2884 4197 Dominus
2905 4139 3044 4209 fugit
3077 4143 3133 4198 in
3174 4142 3501 4214 Egyptian,
3538 4151 3753 4207 iram

2152 4230 2312 4300 hujus
2346 4230 2598 4297 Herodis,
2637 4233 2739 4287 sub
2760 4247 2874 4301 quo
2902 4248 3095 4303 passus
3118 4242 3204 4291 est
3238 4234 3519 4305 Christus,
3544 4242 3767 4298 duxisse

2151 4338 2379 4382 uxorem
2407 4324 2774 4382 Herodiadem
2795 4326 2960 4382 ﬁliam
2985 4326 3147 4399 Regis
3172 4329 3372 4395 Aretm,
3406 4341 3607 4401 postea
3638 4352 3751 4391 vero

2149 4430 2405 4472 socerum
2451 4415 2599 4486 ejus,
2633 4418 2839 4473 exortis
2892 4418 3215 4487 quibusdam
3250 4429 3458 4477 contra
3501 4441 3748 4496 generum

2150 4508 2532 4575 simultatibus,
2565 4509 2750 4569 tulisse
2778 4509 2945 4566 ﬁliam
2989 4526 3141 4566 suam
3187 4513 3334 4567 et-in
3368 4516 3625 4573 dolorem
3646 4534 3747 4575 IIII-

455 4575 848 4645 prophetarum.
894 4582 1010 4639 lloc
1035 4595 1149 4653 est,
1168 4605 1339 4660 supra
1378 4608 1583 4650 novum
1614 4606 1670 4651 et
1696 4607 1852 4656 vetus
1881 4613 2048 4662 testa-

455 4677 694 4696 ...nn......
733 4673 977 4696 --..-.--..
1010 4695 1017 4696 ,
1188 4683 1201 4696 .
1322 4686 1333 4696 .
1630 4690 1662 4696 --

2170 4600 2240 4653 'iti
2264 4600 2463 4669 prioris
2518 4601 2722 4656 inimici
2773 4601 2889 4669 ejus
2937 4604 3142 4672 nuptiis
3184 4606 3494 4676 copulasse.
3524 4608 3660 4677 Quis
3686 4612 3755 4666 sit-

453 4677 697 4724 mentum
729 4673 979 4769 collocati
1006 4695 1023 4745 ;
1059 4683 1203 4750 quod
1242 4686 1395 4740 enim
1437 4690 1663 4758 apostoli
1712 4696 2040 4762 prtedicave-
2072 4673 2128 4729 u«
2151 4698 2331 4746 autem
2353 4692 2443 4754 hic
2462 4690 2747 4763 Philippus
2774 4695 3105 4764 evangelista
3130 4673 3307 4753 Lucas
3349 4673 3574 4769 plenius
3603 4704 3741 4758 docet

453 4767 600 4861 13ml,
633 4762 906 4829 propheta:
938 4766 1180 4826 futurum
1206 4773 1477 4830 dixerunt.
1514 4778 1772 4845 Quamvis
1798 4784 1945 4841 dicat
1975 4790 2043 4843 ad

2170 4786 2356 4847 licens,
2390 4785 2543 4839 Anno
2571 4786 2772 4849 decimo
2803 4789 2981 4858 quinto
3030 4791 3236 4861 imperii
3272 4791 3471 4847 Tiberii
3492 4793 3738 4861 (ἰωῆς,

451 4848 803 4911 Corinthios:
836 4856 984 4914 Deus
1008 4863 1235 4931 primunt
1270 4870 1442 4936 posuit
1488 4873 1542 4926 in
1575 4875 1793 4932 ecclesia
1833 4895 2016 4949 aposto
2038 4913 2051 4921 -

2170 4886 2463 4930 trocurante
2495 4874 2686 4930 Pontio
2739 4875 2917 4933 Pilato
2943 4848 3211 4939 Iudicum.
3259 4886 3533 4938 tetram/ta
3578 4898 3740 4941 atate-

451 4939 549 5046 los,
577 4948 804 5047 secundo
837 4951 1134 5021 prophetas,
1181 4958 1275 5011 sed
1315 4959 1405 5014 alii
1445 4966 1721 5035 prophetae
1758 4939 1920 5027 sunt:
1950 4974 2042 5030 illo

2170 4964 2386 5021 3alilrea:
2412 4967 2644 5033 Herode,
2667 4967 2912 5041 Philippo
2941 4983 3118 5028 autem
3136 4978 3305 5044 fratre
3344 4978 3465 5047 ejus
3489 4939 3737 5034 ιριτᾷνῷ

450 5035 593 5089 enim
625 5036 744 5094 loco
764 5041 830 5095 de
851 5042 1193 5102 ordinatione
1221 5050 1463 5108 ecclesiae
1490 5056 1726 5126 disputat
1752 5078 1766 5126 ;
1800 5063 1887 5117 hic
1916 5080 2043 5121 vero

2170 5057 2344 5114 ltureu:
2358 5054 2405 5115 et
2425 5059 2811 5117 Traclconitidis
2829 5066 3072 5135 regionis.
3092 5068 3229 5137 Ergo
3248 5067 3490 5127 Joannes
3512 5073 3733 5143 Baptista

454 5126 518 5180 de
546 5128 894 5188 fundamento
939 5138 1221 5207 ecclesia};
1260 5145 1539 5213 propheta:
1585 5152 1728 5206 cnim
1768 5156 2049 5223 disposue-

2170 5152 2243 5220 ιυί
2276 5154 2424 5208 venit
2452 5154 2506 5208 in
2530 5155 2720 5225 spiritu
2752 5166 2809 5211 et
2831 5158 3032 5213 virtute
3076 5126 3241 5216 Heliae
3264 5164 3461 5219 eadem
3506 5126 3728 5222 auctori-

453 5226 603 5327 tt'unt,
634 5235 758 5274 nam
795 5227 1023 5327 appstoli
1056 5227 1402 5287 fundamenta
1424 5236 1691 5305 jecerunt.
1741 5242 1891 5299 Unde
1919 5247 2050 5302 dicit
2150 5251 2279 5309 tate,
2313 5262 2421 5315 qua
2462 5246 2550 5301 ille
2576 5248 2763 5303 Achab
2808 5250 3152 5321 corripuerat
3176 5262 3232 5308 et
3260 5253 3542 5323 Hiezabel,
3569 5258 3729 5327 arguit

453 5304 714 5363 Dominus
740 5313 807 5366 ad
840 5312 1076 5384 Petrum,
1122 5337 1277 5391 super
1323 5304 1525 5393 petram
1571 5331 1841 5399 wdiﬁcabo
1864 5336 2049 5391 Eccle-

450 5401 583 5461 siaut
615 5418 802 5467 meum,
834 5406 936 5465 hoc
984 5419 1088 5476 est,
1120 5414 1172 5468 in
1204 5418 1482 5474 catholica:
1528 5419 1653 5479 ﬁdei
1706 5424 2045 5486 confessione
2078 5462 2083 5469 ι

452 5490 846 5584 statuoilideles
872 5499 938 5551 ad
972 5501 1155 5557 vitam.
1201 5505 1336 5562 Nam
1367 5518 1423 5565 et
1462 5510 1630 5566 David
1662 5513 1925 5584 disposuit
1952 5521 2045 5575 do-

451 5596 599 5637 mum
628 5583 742 5649 Dei,
771 5596 823 5641 et
850 5589 1171 5661 signiﬁcavit
1200 5597 1377 5656 locum
1423 5603 1512 5657 ubi
1544 5603 1741 5673 fuerat,
1788 5606 2043 5671 Salomon

451 5689 591 5753 vero.
615 5678 857 5736 fundavit
886 5700 1028 5740 eam.

527 5768 658 5843 Ipso
681 5791 884 5831 summa
925 5780 1172 5850 angulari
1219 5784 1405 5856 lapide
1435 5787 1642 5847 Christo
1662 5791 1821 5860 Jesu,
1853 5777 1911 5853 in
1940 5816 2042 5869 quo

645 5870 926 5951 aediﬁcatio
968 5885 1269 5933 constructa
1304 5883 1490 5939 crescit
1534 5885 1591 5943 in
1628 5887 1874 5967 templum
1918 5866 2043 5955 stm-

2147 5333 2413 5392 Herodem
2440 5346 2496 5393 et
2544 5338 2923 5407 Herodiadem,
2972 5345 3115 5413 quod
3161 5345 3378 5403 illicitas
3420 5351 3636 5419 nuptias
3661 5347 3729 5402 ie-

2147 5428 2342 5493 cerint,
2373 5438 2428 5485 et
2449 5445 2556 5485 non
2596 5431 2757 5487 liceat
2797 5432 2968 5491 fratre
2991 5435 3227 5503 vivente,
3258 5453 3576 5508 gerntanum
3602 5440 3726 5494 illius

2145 5536 2368 5576 uxorem
2393 5522 2612 5588 ducere,
2636 5524 3160 5596 malenspericlitari
3191 5531 3330 5599 apud
3352 5532 3559 5603 regem,
3581 5546 3723 5603 quam

2144 5621 2369 5683 propter
2413 5615 2779 5673 adulationem
2829 5632 2955 5673 esse
3005 5619 3294 5676 immemor
3339 5633 3721 5696 praeceptorum

2149 5705 2262 5761 Dei.

2217 5796 2285 5853 Et
2332 5817 2450 5855 cum
2479 5802 2589 5858 dies
2633 5816 2957 5876 opportunus
2995 5809 3317 5874 accessisset,
3352 5808 3591 5864 Herodes
3633 5825 3718 5862 u-

2145 5894 2392 5952 talissua:
2414 5912 2613 5954 caenam
2624 5899 2744 5967 fecit
2768 5901 3183 5982 principibus,“
3211 5902 3456 5975 tribunis,
3478 5913 3529 5959 et
3547 5902 3719 5983 pristis
