3960 6360
167 439 280 496 445

1287 440 1586 502 nostle
1623 444 1690 500 IN
1728 417 1947 504 sets'r.
1991 447 2080 504 ET
2119 423 2375 508 “me.

3335 455 3458 540 us.

166 556 432 612 Galilme.
460 554 573 612 Soli
592 556 900 612 mortalium
927 556 1166 615 Herodes
1187 567 1244 614 et
1279 559 1492 616 Pharao
1511 560 1761 634 leguntur
1785 565 1839 626 Α
1863 557 2036 620 turbis
2087 563 2358 636 Propheta
2406 579 2526 621 esse
2560 546 2854 636 putabatur
2900 544 3159 646 Dominus
3207 567 3446 644 PrOphc-

165 651 314 705 diem
336 649 540 704 natalis
559 649 644 704 sui
669 648 878 721 gaudiis
905 649 1114 707 festivis
1143 652 1467 721 celebrasse,
1500 655 1596 709 sed
1615 663 1760 710 uter-

209 756 278 796 ne
307 756 401 796 rex
428 738 664 800 infausto
681 741 919 812 auspicio
949 742 1298 799 festivitatem
1325 760 1478 801 suam
1501 747 1761 818 sanguine

209 758 278 796 ue
307 758 401 796 rex
428 758 664 800 unausto
681 758 919 812 auSPICIO
949 758 1298 799 tesnvttatem
1325 760 1478 801 suam
1501 758 1760 818 sanguine

163 758 396 892 zedavit
428 851 443 900 ;
497 849 686 890 verum
738 834 978 892 Herodes
1030 844 1183 893 tanto
1232 838 1436 908 majore
1486 840 1760 910 impietate

163 936 375 999 quanto
412 937 659 983 sanctum
688 935 744 984 et
787 929 1132 985 innocentem
1179 933 1466 988 Doctorem
1517 933 1762 988 veritatis

163 1028 224 1074 et
277 1032 585 1088 prmconem
618 1017 745 1072 vita:
781 1033 844 1074 ac
874 1020 1026 1090 regni
1067 1021 1302 1078 ctelestis
1326 1023 1545 1089 occidit,
1585 1032 1638 1078 et
1659 1008 1760 1080 hoc

164 1123 269 1180 pro
309 1117 434 1163 voto
462 1123 525 1164 ac
573 1109 833 1180 petitione
863 1110 1180 1179 saltatricis,
1230 1130 1405 1184 neque
1430 1114 1575 1169 enim
1600 1123 1762 1185 caput

164 1203 333 1260 occisi
367 1213 492 1260 ante
517 1205 774 1261 convivas
794 1203 994 1261 inferre
1032 1206 1254 1276 puduit;
1280 1223 1404 1260 nam
1431 1206 1644 1262 Pharao
1687 1207 1761 1262 nil

165 1297 295 1353 talis
348 1298 580 1352 vesaniae
624 1299 961 1355 commisisse
997 1299 1220 1370 legitur,
1252 1301 1346 1356 sed
1377 1309 1584 1355 tantum
1634 1315 1762 1370 pec-

164 1400 381 1444 cantem
414 1391 514 1444 sibi
547 1392 853 1446 eunuchum
903 1391 1011 1447 vita
1038 1393 1240 1462 privari
1255 1391 1474 1462 jubens,
1505 1409 1612 1462 quo
1647 1393 1762 1447 Ion-

163 1483 289 1550 gius
321 1497 349 1536 a
375 1469 518 1544 vera:
549 1482 694 1536 cultu
717 1482 995 1554 religionis
1025 1485 1236 1550 aberat,
1265 1499 1332 1539 co
1363 1483 1532 1539 levius
1570 1485 1622 1538 in
1649 1485 1764 1539 vio-

161 1573 368 1630 latione
399 1590 510 1629 sua:
538 1573 848 1630 festivitatis
879 1576 1123 1646 deliquit.
1154 1575 1406 1632 Attamen
1455 1592 1519 1630 ex
1564 1576 1764 1632 utrius—

164 1683 269 1735 que
294 1667 542 1738 exemplo
561 1668 842 1738 probatur,
871 1670 1059 1725 utilius
1080 1685 1201 1726 csse
1229 1671 1388 1726 nobis
1411 1671 1552 1726 diem
1575 1671 1764 1726 mortis

163 1761 361 1818 futura:
387 1763 626 1818 timendo
655 1772 708 1819 et
734 1771 880 1820 caste
909 1765 1118 1833 agendo
1136 1765 1333 1835 smpius
1362 1766 1417 1819 in
1447 1765 1764 1820 memoriam

167 1871 450 1918 revocare,
489 1871 653 1926 quam
705 1855 848 1911 diem
901 1857 1202 1914 nativitatis
1247 1857 1570 1914 luxuriando
1619 1858 1763 1913 cele-

1865 660 2040 706 tarum
2069 661 2122 709 et
2150 653 2398 709 Christus
2439 654 2534 710 Dei
2565 654 2706 711 ﬁlius
2750 671 2781 710 a
2822 655 3030 714 cunctis
3075 645 3323 718 ﬁdelibus
3351 672 3460 720 ,est.

1862 744 2096 814 agnitus.
2125 743 2361 801 Minutus
2400 761 2530 816 ergo
2559 748 2734 818 capite
2770 747 3022 814 Joannes,
3070 751 3340 810 exaltatus
3365 765 3450 812 est

1860 837 1917 894 in
1943 853 2103 894 cruce
2127 838 2410 906 Dominus,
2428 841 2555 921 quia
2577 840 2719 896 sicut
2744 841 2884 896 idem
2913 840 3154 900 Joannes
3175 846 3274 911 ait,
3293 843 3445 903 illum

1863 933 2130 1003 oportebat
2153 949 2400 1000 crescere,
2427 931 2688 987 Joannem
2736 943 2909 988 autem
2941 936 3150 1002 minui;
3176 936 3329 992 illum
3354 954 3450 994 au-

1864 1032 1970 1078 tem
1993 1025 2084 1094 qui
2108 1025 2375 1096 Pmphcta
2396 1026 2787 1110 aestimabatur,
2803 1025 3080 1110 Christum
3103 1031 3378 1101 cognosci,
3396 1039 3458 1090 et

1863 1129 1984 1170 eum
2013 1117 2103 1186 qui
2127 1116 2378 1173 Christus
2423 1134 2523 1190 pro
2552 1103 2812 1198 virtutum
2849 1103 3181 1179 sublimitate
3224 1125 3454 1196 putaba-

1861 1215 1973 1273 tur,
2007 1207 2207 1264 Christi
2245 1225 2366 1265 essc
2414 1210 2758 1280 prophetam,
2791 1213 2846 1267 ct
2877 1229 3268 1284 praecursorem
3297 1217 3456 1272 dece-

1862 1299 1956 1354 bat
1978 1300 2222 1373 intelligi,
2256 1303 2398 1370 quod
2449 1303 2627 1374 ipsum
2666 1300 2882 1376 quoque
2921 1307 3271 1364 distinctione
3317 1319 3454 1364 tetu-

1859 1391 2010 1462 poris
2049 1408 2156 1461 quo
2195 1401 2423 1464 uterque
2474 1395 2690 1451 illorum
2740 1406 2901 1454 natus
2945 1402 3050 1464 eSt,
3088 1399 3222 1456 satis
3268 1411 3455 1472 aperte

1862 1481 2133 1554 signatum
2169 1491 2253 1538 est
2280 1503 2292 1538 :
2319 1486 2410 1554 qui
2438 1485 2673 1543 Joannes
2699 1489 2916 1558 quidem
2961 1505 3119 1560 quem
3170 1492 3458 1564 oportebat

1863 1573 2055 1639 minui,
2083 1591 2206 1628 cum
2230 1575 2481 1632 diurnum
2511 1578 2688 1634 lumen
2721 1580 3039 1636 decrescere
3079 1583 3269 1654 incipit
3298 1591 3469 1676 natus.L

1864 1673 1967 1729 est,
2001 1664 2259 1720 Dominus
2281 1675 2462 1722 autem
2487 1669 2580 1739 qui
2606 1661 2734 1724 vera
2765 1671 2853 1725 lux
2887 1673 3072 1727 mundi
3100 1683 3200 1738 est,
3237 1689 3304 1728 eo
3330 1660 3456 1728 anni

1865 1763 2132 1826 tempore,
2149 1774 2258 1829 quo
2285 1759 2400 1814 dies
2419 1775 2666 1818 crescere
2690 1763 2900 1834 incipit,
2924 1761 3138 1819 luciﬁua
3165 1766 3321 1821 nobis
3347 1781 3458 1821 suae

1867 1845 2006 1901 dona
2041 1849 2344 1905 nativitatis
2371 1845 2655 1918 exhibuit;
2704 1854 2795 1924 qui
2840 1855 2971 1910 vivit
3014 1866 3069 1911 et
3115 1863 3305 1929 regnat
3333 1873 3456 1912 cum

162 1943 350 1999 brare.
376 1945 550 2000 Homo
571 1945 715 1999 enim
765 1945 834 2000 ad
886 1944 1125 2001 laborem
1170 1947 1416 2002 nascitur
1441 1947 1496 2001 lu
1540 1948 1762 2012 mundo,
1795 1935 1844 2006 B
1869 1939 1980 1998 Deo
2005 1941 2167 1999 Patre
2198 1944 2252 1999 in
2280 1947 2490 2034 unitate
2533 1946 2755 2017 spiritus
2779 1950 2954 2004 sancti
2978 1937 3121 2005 Deus
3147 1966 3246 2022 per
3275 1952 3455 2006 onmia

161 2043 220 2095 et
247 2035 405 2116 electi
433 2037 498 2092 ad
525 2038 771 2107 requiem
799 2051 898 2108 per
925 2029 1156 2094 morlem
1181 2047 1463 2096 transeunt
1487 2056 1518 2096 e
1540 2041 1759 2096 mundo.

237 2123 475 2199 Cumque
505 2127 767 2183 introisset
796 2126 910 2198 ﬁlia
936 2129 1100 2200 ipsius
1127 2129 1471 2198 Herodiadis,
1511 2142 1556 2187 et
1579 2132 1766 2188 saltas-

159 2215 261 2286 s'et,
289 2229 339 2272 et
362 2218 643 2291 placuisset
674 2209 896 2288 Herodi,
919 2211 1177 2291 simulque
1212 2222 1644 2290 recumbentibus,
1675 2239 1765 2279 rex

159 2301 242 2367 ait
264 2290 454 2382 puella:
480 2328 498 2366 :
529 2290 657 2393 Pete
686 2325 719 2366 α
755 2329 835 2366 me
857 2311 998 2382 quod
1031 2313 1133 2382 _vis,
1163 2322 1212 2366 et
1238 2313 1374 2367 dabo
1411 2313 1526 2379 tibi,
1551 2323 1597 2368 et
1611 2313 1766 2384 jura-

159 2400 236 2458 vit
260 2403 362 2469 illi,
397 2411 505 2458 etc.
537 2401 652 2458 Non
685 2412 977 2459 excusatur
1019 2402 1260 2459 Herodes
1294 2407 1438 2474 quod
1489 2405 1690 2461 invitus
1713 2414 1766 2460 et

163 2493 361 2549 nolens
384 2502 606 2564 propter
626 2493 1000 2562 juramentum
1026 2495 1378 2552 homicidium
1409 2497 1622 2564 fecerit,
1638 2498 1766 2569 quia

160 2586 234 2640 ad
264 2587 368 2641 hoc
397 2585 538 2642 forte
552 2585 776 2656 juravit,
831 2597 890 2642 ut
931 2573 1129 2644 futurae
1177 2589 1438 2644 occisioni
1486 2591 1767 2645 machinas

157 2689 455 2750 prmparet.
482 2679 734 2750 Alioquin
759 2678 805 2734 si
822 2679 892 2735 ob
905 2678 1290 2752 jusjurandum
1311 2680 1506 2737 fecisse
1531 2697 1588 2736 se
1611 2682 1764 2750 dicit,

160 2772 210 2854 si
235 2772 426 2842 patris,
468 2772 516 2827 si
565 2773 756 2854 matris
809 2774 1140 2846 postulasset
1189 2775 1467 2830 interitum
1524 2775 1767 2833 facturus

159 2847 346 2919 fuerat
372 2879 442 2919 an
470 2879 576 2920 non
595 2845 626 2918 ἴ
673 2845 817 2934 quod
862 2867 916 2920 in
960 2881 1020 2922 se
1047 2867 1428 2936 repudiaturus
1485 2867 1608 2934 fuit,
1641 2883 1770 2924 con-

160 2965 413 3014 temnere
435 2943 620 3014 debuit
647 2960 778 3014 etin
805 2959 1096 3030 Propheta.

238 3050 374 3117 Qua:
395 3067 514 3105 cum
561 3053 772 3118 exisset,
803 3052 938 3129 dixit
987 3053 1146 3106 matri
1174 3069 1286 3108 sua:
1307 3067 1326 3105 :
1372 3051 1516 3118 Quid
1543 3061 1714 3137 petant
1743 3053 1769 3108 ?

157 3118 231 3194 Ᾰι
258 3131 547 3195 ἔιιάάὶπίιε
599 3139 770 3212 Caput
807 3119 1032 3196 Joannis
1080 3141 1351 3214 Baptistae.
1403 3118 1668 3217 Herotlias
1697 3141 1766 3196 ti-

158 3247 325 3288 mens
345 3246 411 3286 ne
435 3229 674 3288 Herodes
699 3231 990 3304 aliquando
1011 3234 1378 3304 resipuiceret,
1408 3233 1492 3288 vel
1521 3217 1767 3304 Philippo

1867 2035 2061 2092 saecula
2083 2037 2424 2093 saeculorum.
2444 2037 2638 2094 Amen.

2404 2129 2685 2186 HOMILIA
2721 2131 2806 2188 CL
2815 2131 2943 2188 νιυ.

2150 2235 2470 2276 usunousns
2499 2239 2588 2278 xtv
2615 2219 2746 2280 resr
2777 2215 3172 2295 rsurscosrm.
3233 2229 3238 2234 ’
3284 2219 3288 2226 ’

2243 2314 2430 2371 Lectio
2459 2317 2715 2387 Epistolas
2745 2319 2830 2372 add
2850 2319 3089 2389 Galatas.

1952 2389 2208 2472 Fratres,
2245 2407 2470 2462 Abraha:
2513 2409 2669 2464 dicta:
2713 2396 2838 2464 sunt
2873 2410 3246 2482 promissiones
3287 2421 3338 2469 et
3381 2430 3462 2470 se-

1866 2490 1996 2550 m'ini
2025 2497 2158 2566 ejus.
2209 2497 2334 2552 Non
2363 2500 2489 2554 dicit
2521 2517 2540 2554 :
2570 2500 2640 2556 Et
2670 2503 2985 2569 seminibus,
3033 2506 3186 2574 quasi
3225 2505 3278 2560 in
3329 2506 3465 2560 mul-

1867 2587 1954 2650 tis,
1989 2587 2078 2641 sed
2121 2589 2275 2659 quasi
2302 2588 2358 2644 in
2396 2605 2500 2643 uno
2533 2603 2550 2642 :
2581 2589 2650 2644 Et
2697 2591 2883 2646 semini
2923 2601 3034 2657 tuo‘,
3065 2593 3155 2664 qui
3183 2602 3256 2648 est
3303 2591 3462 2648 Chri-

1866 2675 1980 2732 stus
1996 2719 2010 2743 ,
2043 2689 2149 2734 etc.
2882 2748 2888 2760 Ι

1940 2771 2016 2826 De
2046 2768 2162 2843 lege
2199 2787 2296 2843 per
2319 2771 2534 2845 Moysen
2564 2774 2688 2828 data
2723 2771 2922 2844 populo
2952 2771 3137 2842 Israel,
3167 2784 3221 2830 et
3244 2775 3309 2832 de
3332 2791 3464 2847 pro-

1866 2863 2218 2918 missiOnibus
2271 2865 2503 2919 Abrahae
2545 2865 2880 2920 sanctissimi
2933 2847 3298 2936 patria-rebus,
3352 2875 3465 2920 tra'

1865 2951 2022 3036 etans
2066 2955 2374 3026 Apostolus,
2405 2963 2464 3010 ut
2507 2956 2561 3011 in
2595 2958 2847 3028 praesenti
2891 2945 3129 3035 lectione
3153 2946 3360 3013 audivit
3385 2958 3468 3013 di-

1867 3041 2261 3114 lectib‘vestra,
2311 3049 2537 3104 Abralue
2565 3051 2721 3106 dicta:
2747 3062 2890 3118 sunt,
2926 3043 3122 3122 inquit,
3155 3045 3460 3124 promissio—

1867 3159 1956 3198 nes
1994 3137 2380 3214 redemptionis
2415 3151 2470 3198 et
2511 3143 2828 3199 salvationis
2873 3131 3100 3198 humani
3147 3129 3362 3216 generis
3415 3143 3488 3199 et'

1866 3236 2054 3290 semini
2077 3237 2214 3307 ejus,
2245 3247 2306 3291 ut
2333 3236 2534 3292 dicitur
2561 3234 2612 3292 ei
2647 3255 2659 3290 :
2695 3231 2765 3291 In
2795 3236 2991 3292 semine
3035 3245 3125 3292 tuo
3163 3233 3468 3292 benedicen-

157 3305 322 3378 imm
363 3324 572 3379 amicus
604 3319 778 3390 ﬁeret,
824 3334 986 3395 atque
1037 3324 1236 3381 illicita:
1293 3326 1496 3396 nuptiae
1541 3326 1765 3394 repudio
1793 3309 1842 3388 C
1869 3331 1958 3382 tur
1983 3345 2159 3382 omnes
2199 3327 2371 3382 tribus
2401 3338 2575 3394 terrm,
2619 3337 2679 3383 ut
2719 3325 3116 3384 maledictionis
3139 3345 3266 3400 pars
3292 3331 3464 3402 prima

158 3409 529 3483 solverentur,
554 3428 738 3473 monet
767 3417 955 3485 ﬁliam,
981 3427 1041 3474 ut
1065 3421 1119 3474 in
1150 3419 1268 3491 ipso
1309 3421 1492 3475 statim
1515 3419 1766 3475 convivio

99 3531 106 3536 ·
159 3519 334 3580 caput
378 3501 607 3565 Joannis
656 3509 918 3582 poStulet,
963 3511 1182 3582 dignum
1233 3527 1368 3583 opus
1421 3511 1763 3578 saltationis,

163 3601 396 3672 dignum
418 3601 698 3670 sanguinis
724 3595 1027 3671 prtemium.

240 3685 309 3745 Et
332 3688 672 3748 contristatus
696 3705 786 3748 est.
801 3709 892 3748 rea:
913 3707 932 3746 :
953 3703 1165 3766 propter
1181 3689 1558 3764 jusjurandum
1577 3683 1624 3748 et
1644 3711 1767 3765 pro-

158 3783 284 3856 pter
325 3778 488 3839 simul
532 3779 890 3841 recumbentes’
927 3786 1092 3840 noluit
1140 3799 1255 3841 eam
1303 3790 1632 3850 contristare,
1674 3785 1764 3841 sed

159 3873 329 3932 inissa
357 3871 672 3948 spiculatore
709 3872 954 3951 pra'cepit
974 3864 1158 3950 a/j‘erri
1193 3893 1346 3952 caput
1371 3881 1484 3950 ejus
1516 3883 1570 3934 in
1596 3881 1764 3948 disco,

157 3981 277 4026 etc.
321 3970 738 4028 Consuetudinis
765 3973 1168 4045 Scripturarum
1209 3983 1313 4040 est,
1360 3983 1419 4028 ut
1458 3967 1765 4044 opinionem

157 4057 465 4141 multorum
493 4063 573 4118 sic
593 4071 780 4120 narret
805 4061 1414 4141 historicuanuomodo
1436 4081 1500 4120 eo
1524 4063 1766 4136 tempore

156 4153 245 4208 ali
265 4137 520 4206 omnibus
541 4155 882 4209 credebatur.
909 4153 1059 4211 Sicut
1080 4137 1281 4227 Josepb
1315 4154 1384 4210 ab
1413 4153 1525 4225 ipsa
1551 4151 1766 4225 quoque

157 4243 346 4300 Maria
373 4244 668 4314 appellatur
703 4257 860 4318 pater
879 4245 1027 4314 Jesu,
1055 4249 1127 4303 ita
1157 4259 1211 4304 et
1249 4266 1393 4304 nunc
1421 4247 1660 4306 Herodes
1680 4251 1766 4305 di-

157 4337 315 4393 citur
339 4337 711 4404 contriStatus,
737 4341 860 4409 quia
892 4327 995 4396 boc
1025 4340 1426 4398 discumbentes
1462 4344 1725 4413 putabant
1749 4335 1768 4410 ;’

157 4427 540 4482 dissimulator
574 4431 716 4484 enim
747 4432 944 4504 mentis
981 4448 1112 4496 suae,
1145 4441 1198 4487 et
1228 4432 1423 4489 artifex
1471 4425 1764 4501 homicida,

159 4515 452 4574 tristitiam
481 4509 805 4588 przeferebat
849 4520 904 4575 in
950 4506 1104 4587 lacie,
1128 4538 1250 4576 cum
1279 4523 1518 4578 laetitiam
1545 4515 1770 4580 haberei

159 4610 226 4667 in
257 4605 458 4675 mente,
488 4611 773 4682 scelusque
803 4621 1024 4668 excusat
1061 4613 1393 4682 juramento,
1446 4625 1506 4672 ut
1545 4607 1646 4672 sub
1670 4615 1764 4672 oc-

1869 3411 2163 3483 deleretur,
2204 3423 2259 3474 et
2311 3417 2622 3473 benedictio
2668 3408 2891 3474 daretur
2937 3411 3034 3490 pro
3089 3413 3468 3477 maledi'ctione

1869 3509 2122 3564 omnibus
2155 3511 2245 3581 qui
2296 3509 2388 3565 Dei
2422 3509 2645 3566 credere
2674 3517 2730 3566 et
2757 3509 2978 3566 obedire
3027 3497 3294 3566 voluerint
3325 3527 3464 3584 prte-

1870 3598 2060 3670 ceptis'.
2094 3599 2220 3656 Non
2251 3601 2377 3654 dicit
2406 3615 2424 3653 :
2453 3597 2521 3654 Et
2549 3601 2856 3667 seminibus,
2879 3601 3034 3672 ἐμετιδί
3057 3603 3112 3656 in
3151 3602 3352 3668 multis,
3377 3598 3467 3658 sed
3492 3597 3499 3602 ’

1868 3693 2024 3764 ἐμιαεί
2063 3693 2116 3745 in
2152 3709 2255 3746 uno
2298 3689 2410 3746 :Et
2437 3685 2625 3746 s‘en'tini
2647 3695 2770 3758 tuo,
2813 3693 2904 3763 q’ui
2935 3695 3009 3746 est
3050 3689 3310 3758 Christus,
3339 3695 3465 3764 quia

1867 3790 1964 3855 per
2012 3783 2210 3840 nullius
2274 3782 2510 3838 hominis
2559 3784 2752 3838 merita
2823 3780 2922 3839 nec
2989 3785 3311 3854 promissio,
3367 3799 3466 3842 nec

1869 3875 1986 3946 ipsa
2022 3869 2144 3930 data
2187 3887 2270 3930 eSt
2299 3866 2630 3940 benediétio,
2671 3883 2727 3930 et
2757 3870 2900 3930 facta
2932 3875 3232 3946 redemptio
3258 3875 3312 3930 in
3353 3875 3468 3931 sola

1869 3967 2101 4038 gratuita
2137 3961 2343 4022 Christi
2382 3954 2505 4021 Filii
2545 3965 2642 4020 Dei
2674 3963 3070 4022 misericordia.
3117 3965 3119 3968 ‘
3488 3953 3492 3958 ’

1940 4055 2056 4112 Hoc
2081 4067 2255 4111 autem
2277 4055 2414 4122 dico,
2449 4055 2820 4110 testan’t‘ét'ttun‘t’
2855 4050 3224 4126 ean/innatum
3269 4075 3301 4111 a
3331 4050 3462 4124 D'eo,

1866 4147 1970 4218 qua
2020 4155 2134 4217 post
2187 4146 2597 4218 quadringentos
2646 4149 2694 4199 et
2739 4135 2956 4216 triginta
2997 4149 3162 4200 atinas
3199 4147 3340 4218 facta
3390 4155 3465 4200 est

1867 4217 2000 4305 Lex,
2029 4257 2133 4293 non
2160 4237 2370 4292 irritum
2401 4239 2530 4308 facit
2561 4237 2630 4290 ad
2664 4235 3022 4290 ebacttandam
3045 4217 3461 4308 promissionem.

1868 4323 1968 4386 Hic
2007 4331 2164 4386 docet
2192 4328 2482 4400 Apostolus
2509 4333 2620 4384 non
2645 4329 2804 4399 posse
2829 4327 2926 4400 per
2955 4322 3149 4397 Legem
3171 4371 3185 4395 ,
3218 4326 3336 4400 quin
3366 4331 3463 4402 po"

1867 4423 1981 4480 s’tea
2011 4417 2136 4478 data
2167 4421 2273 4489 est,
2319 4415 2772 4494 repromissiones‘
2818 4417 2938 4494 quat
2968 4418 3093 4478 a'nte
3141 4404 3303 4499 iacla?
3341 4407 3467 4479 suntl

1866 4515 1934 4572 ad
1961 4510 2237 4570 A‘hrah’am
2292 4513 2519 4581 destrui,
2547 4525 2603 4569 et
2627 4506 2930 4586 posteriora
2970 4511 3243 4584 prioribus
3271 4515 3466 4586 pra'ju-

1867 4601 2069 4673 dicare,
2103 4623 2225 4662 cum
2258 4607 2710 4677 repromiSSiones'
2741 4595 3014 4678 pradiclm
3033 4603 3306 4660 Abraham
3339 4605 3478 4662 :inte‘

160 4702 391 4758 casione
420 4703 638 4772 pietatis
666 4675 862 4774 impius
906 4675 1079 4760 ﬁct‘et:
1107 4705 1258 4774 Quod
1284 4675 1464 4762 autem
1508 4699 1723 4777 subj'icit
1749 4727 1761 4762 :
1793 4675 1848 4756 Il
1869 4702 2293 4772 quadringentos
2322 4675 2390 4753 iet
2426 4697 2646 4770 triginta
2675 4675 2848 4751 anites
2886 4695 3052 4766 Legis‘
3071 4688 3210 4777 data;
3239 4691 3459 4761 fttcriut,

158 4791 244 4848 Et
275 4805 485 4864 propter
507 4795 668 4848 simul
717 4795 1088 4864 recumbentes,
1143 4798 1257 4852 vult
1303 4813 1492 4854 omnes
1544 4801 1765 4856 sceleris

159 4885 291 4954 ejus
329 4899 448 4940 esse
473 4885 773 4961 consortes,
809 4894 866 4941 ut
896 4888 948 4942 in
979 4879 1260 4945 luxnrioso
1298 4890 1616 4961 impuroque
1637 4909 1766 4946 con-

156 4977 314 5032 vivio
343 4986 578 5033 cruenta:
606 4957 777 5049 epulae
797 4979 1154 5034 deferrentur.

237 5067 314 5124 Et
341 5071 516 5124 attulit
547 5081 703 5143 caput
735 5072 847 5141 eius
877 5074 930 5126 in
955 5073 1124 5140 disco,
1152 5083 1202 5130 et
1229 5073 1371 5130 dedit
1400 5075 1534 5130 illud
1554 5067 1761 5147 puellm,

155 5171 216 5218 et
244 5161 424 5232 puella
463 5159 606 5217 dedit
638 5167 796 5219 matri
835 5181 964 5218 sum.
1001 5165 1119 5232 Quo
1157 5165 1342 5222 audito
1376 5167 1622 5238 discipuli
1652 5169 1764 5238 ejus

158 5263 422 5309 venerunt
460 5257 512 5308 et
539 5256 772 5310 tulerunt
809 5273 998 5327 corpus
1051 5258 1188 5330 ejus,
1229 5270 1276 5313 et
1305 5271 1592 5332 posuerunt
1632 5258 1768 5314 illud

157 5347 226 5400 in
263 5355 624 5401 monumento.
675 5347 788 5404 Hoc
829 5349 986 5419 juxta
1030 5349 1269 5407 litteram
1304 5353 1504 5409 factum
1549 5355 1640 5419 sit,
1670 5370 1768 5408 nos

160 5447 356 5491 autem
389 5453 559 5508 usque
590 5441 750 5496 hodie
775 5443 1049 5497 cernimus
1076 5444 1130 5498 in
1161 5445 1337 5514 capite
1381 5439 1604 5500 Joannis
1643 5461 1770 5516 pro-

157 5528 372 5600 phetae,
401 5526 617 5586 Judaaos
645 5530 919 5587 Christum
947 5534 1038 5604 qui
1065 5545 1229 5604 caput
1265 5535 1660 5606 Prophetarum
1684 5537 1770 5591 est

157 5621 522 5694 perdidisse;
571 5623 765 5679 aﬁ‘ter:
815 5623 1109 5681 Decolla‘tio
1167 5625 1389 5681 Jo‘annis
1451 5627 1755 5682 miuoratio.

156 5717 300 5770 item
345 5711 504 5771 fama:
531 5715 673 5772 illius
719 5733 825 5789 qua
854 5717 1103 5776 Christus
1147 5737 1177 5774 a
1218 5719 1414 5792 populo
1445 5717 1767 5794 credebatur

159 5805 439 5872 insinuat,
487 5808 626 5864 sicut
673 5810 930 5866 exaitati‘o
959 5812 1016 5866 in
1040 5825 1205 5867 cruce
1238 5811 1455 5866 Domini
1481 5811 1766 5868 salvatoris

160 5891 494 5981 mima
531 5895 844 5978 designabat
897 5901 1046 5974 ﬁdei,
1095 5908 1205 5980 qua‘
1251 5903 1370 5980 ipse
1413 5899 1507 5980 qui
1549 5905 1700 5982 gntus
1733 5911 1772 5962 ες

1873 4793 2018 4862 quod
2045 4791 2499 4846 benedicerentur
2525 4790 2578 4842 in
2601 4788 2808 4842 semine
2833 4788 2968 4858 ejus‘,
2998 4777 3100 4840 hoc
3125 4775 3209 4839 est
3233 4786 3284 4840 in
3307 4785 3463 4842 Chri-

1871 4894 1978 4950 sto,
2002 4884 2266 4938 universm
2288 4883 2558 4946 nationes,
2572 4888 2627 4936 et
2657 4881 2724 4935 ab
2747 4877 2896 4934 omni
2917 4875 3312 4934 maledictionis
3349 4879 3465 4932 viu-

1877 4975 1993 5034 culo
2022 4965 2190 5033 libera
2199 4984 2406 5032 rentur.

1947 5070 2087 5125 Nam
2117 5074 2164 5126 si
2191 5087 2256 5125 ea:
2299 5070 2406 5142 lege
2435 5067 2736 5125 hwreditas.
2769 5057 2848 5124 Ᾱο
2886 5069 2932 5124 si
2981 5065 3195 5124 dicatur
3223 5061 3242 5121 τ’
3273 5063 3329 5122 Si
3366 5083 3463 5139 per

1871 5159 2006 5234 legis
2032 5163 2466 5218 observationem
2497 5163 2654 5216 nobis
2685 5161 3005 5216 redderetur
3025 5169 3243 5214 (eterna:
3273 5160 3461 5230 patrirc

1865 5255 2176 5320 hrercditas,
2213 5253 2335 5324 quae
2385 5267 2483 5325 per
2531 5254 2702 5308 Adam
2751 5251 2962 5323 perdita
2993 5251 3092 5315 est,
3115 5251 3232 5323 jam
3265 5269 3366 5306 non
3395 5269 3461 5306 ex

1864 5347 2228 5418 promissione.
2256 5343 2369 5400 Non
2395 5347 2538 5400 enim
2562 5347 2632 5401 ad
2649 5345 3019 5399 evacuandam
3048 5344 3458 5414 promissionem

1869 5443 1958 5498 Vel
1995 5439 2379 5497 destruendam
2409 5441 2534 5495 da‘ta
2563 5448 2648 5495 est
2673 5439 2805 5504 Lex,
2834 5441 2896 5492 ut
2927 5437 2979 5493 in
3004 5425 3476 5518 consequentibus:

1873 5533 2072 5592 dicitur
2105 5527 2122 5589 τ’

1946 5623 2088 5693 Quid
2125 5625 2254 5698 ergo'
2295 5612 2446 5682 Lex?
2489 5623 2716 5698 Propter
2747 5629 3184 5698 transgressibnes
3237 5638 3460 5680 utnnum

1870 5722 2042 5792 posita
2089 5729 2183 5775 est.
2227 5719 2460 5790 Propter
2506 5717 2830 5775 odension'es
2870 5721 3014 5775 enim
3061 5718 3277 5782 multas,
3325 5733 3476 5800 quas.

1871 5812 2001 5867 fecit
2061 5813 2149 5867 Dei
2202 5811 2450 5882 populus,
2485 5811 2572 5866 lex
2619 5812 3082 5884 transgressiones
3136 5792 3464 5881 prohibendi

1872 5904 1994 5968 data
2019 5912 2126 5976 est,
2155 5903 2320 5962 donec
2349 5904 2544 5962 veniret
2581 5918 2760 5961 semen
2779 5942 2796 5970 ,
2827 5901 2886 5958 id
2929 5908 3016 5958 est
3061 5897 3330 5972 Christus,
3370 5893 3460 5957 cui
3495 5891 3500 5896 ’
