3960 6360
481 365 582 465 ἐδί

1126 368 1190 425 B.
1231 368 1485 427 RABANI
1522 368 1743 427 nsum
1780 352 2105 437 ARCHIEP.
2132 366 2444 451 uocum.
2486 363 2770 450 omnim
2807 363 2988 421 PARS
3027 364 3092 420 ιι.

3674 358 3779 420 452

480 464 668 565 eadem
706 485 843 559 urbe
884 482 998 538 nati
1027 489 1084 539 et
1124 483 1338 548 nutriti,
1381 484 1476 538 sed
1506 492 1745 539 externae
1770 483 1946 561 gentis
1974 499 2067 538 ac-
2091 488 2142 565 Α
2172 481 2267 537 tali
2294 482 2529 549 cultura,
2572 480 2752 537 veraci
2792 480 2977 546 corde,
3027 479 3144 533 sine
3189 476 3567 542 simulatione,
3598 476 3659 530 in
3685 490 3775 531 sa-

479 577 625 643 cola,
657 576 782 645 quia
827 575 1286 649 magis'misertus
1317 583 1418 639 est,
1451 574 1627 629 factus
1652 582 1737 629 est
1767 574 2063 644 proximus.

480 654 789 729 Sacratiore
836 678 1018 747 autem
1066 669 1359 747 intellectu,
1390 669 1644 738 quoniam
1693 684 1852 724 nemo
1897 669 2069 740 magis

476 770 562 817 est
604 744 881 832 proximus
935 776 1097 831 quam
1150 761 1243 830 qui
1292 744 1518 816 vulnera
1572 770 1761 816 nostra
1813 761 2063 828 curavit,

477 853 765 934 diligamus
803 870 925 909 eum
974 855 1129 923 quasi
1166 853 1453 921 Dominum
1488 853 1655 909 Deum
1696 863 1960 923 nostrum,
1986 854 2068 910 di-

476 943 706 1025 ligamus
735 944 891 1016 quasi
949 945 1253 1015 proximum
1288 964 1300 999 ε
1335 946 1470 1000 nihil
1514 946 1661 1011 enim
1711 954 1820 1001 tam
1876 947 2065 1016 proxi-

475 1052 624 1091 mum
670 1036 831 1106 quam
880 1046 1042 1108 caput
1090 1038 1366 1119 membris.
1404 1037 1698 1109 Diligamus
1736 1040 1901 1093 etiam
1940 1054 2065 1111 eum

474 1128 568 1199 qui
614 1129 854 1185 imitator
896 1138 980 1209 est
1009 1129 1244 1215 Christi;
1272 1118 1401 1213 hoc
1455 1139 1541 1213 est
1592 1118 1753 1215 enim
1790 1133 1935 1215 quod
1978 1148 2066 1188 se-

475 1219 705 1289 quitur:
1194 1208 1387 1225 -
1522 1208 1531 1213 ’
1684 1210 1814 1221 ’”’

543 1310 612 1389 Et
642 1312 715 1366 ait
739 1311 819 1367 illi
842 1312 1041 1379 Iesus:
1079 1312 1226 1370 Vade
1265 1323 1313 1370 et
1344 1324 1400 1393 tu
1445 1315 1533 1385 fac
1573 1316 1834 1393 similiter.
1870 1316 1927 1372 ld
1956 1324 2062 1389 est,

470 1388 689 1459 utvere
734 1412 788 1461 te
840 1405 1146 1483 proximum
1193 1407 1333 1462 sicut
1382 1388 1435 1462 te
1464 1408 1638 1478 ipsum
1670 1388 1892 1482 diligere
1944 1388 2062 1463 ma?-

468 1495 717 1563 nifest‘es,
743 1499 1003 1571 quidquid
1034 1501 1182 1557 vales
1215 1501 1269 1556 in
1291 1500 1407 1570 ejus
1436 1502 1519 1556 vel
1551 1501 1819 1572 corporali
1849 1501 1935 1557 vel
1955 1503 2065 1577 spi-

470 1584 613 1641 ritali
638 1591 965 1647 necessitate
986 1592 1315 1648 sublevanda
1351 1594 1576 1648 devotus
1600 1609 1849 1664 operare,
1876 1596 2063 1667 sicque

468 1679 538 1759 ad
752 1681 990 1738 caelestis
1017 1684 1239 1753 praemia
1274 1684 1478 1755 poteris
1511 1670 1816 1756 pervenire.
1976 1686 1981 1693 ’

1009 1794 1292 1873 HOMILIA
1351 1798 1509 1855 CLX.

1119 1880 1282 1923 FERIA
1321 1886 1397 1924 ιν.

462 1951 652 2009 Lectio
702 1953 957 2025 Epistula:
1001 1944 1147 2013 beati
1199 1944 1349 2013 Pauli
1398 1961 1628 2031 apostoli
1661 1961 1726 2017 ad
1774 1962 2056 2020 Hebraeos.

540 2042 789 2113 Fratres,
824 2047 1067 2103 habentes
1106 2049 1358 2118 ﬁduciam
1391 2053 1444 2107 in
1482 2052 1700 2119 introitu
1731 2065 2058 2125 sanctorum,

464 2135 522 2191 in
549 2137 804 2207 sanguine
855 2137 1071 2205 Christi,
1120 2157 1278 2212 quam
1310 2140 1535 2196 initiavit
1587 2132 1734 2197 nobis
1779 2144 1917 2199 viam
1961 2163 2061 2201 n0-

464 2242 582 2280 vam
609 2236 656 2282 et
687 2228 934 2283 viventem
974 2247 1067 2301 per
1105 2231 1339 2287 velamen
1362 2274 1375 2299 ,
1424 2233 1480 2287 id
1518 2245 1596 2305 est
1640 2252 1851 2292 carnem
1884 2255 2057 2306 suam,

460 2325 512 2391 et
539 2319 861 2375 sacerdotem
889 2337 1139 2392 magnum
1167 2341 1326 2395 super
1346 2326 1564 2381 domum
1593 2327 1713 2382 Dei.

533 2408 633 2464 Hic
656 2412 891 2467 ostendit
917 2414 1231 2495 distantiam
1258 2418 1531 2489 pontiﬁcis
1561 2428 1616 2490 et
1642 2420 1966 2489 hostiarum,
2000 2432 2058 2479 et

463 2502 821 2572 tabernaculi,
877 2515 931 2562 et
983 2507 1343 2581 Testamenti,
1395 2519 1451 2566 et
1498 2514 1956 2582 repromissionis,
2003 2524 2059 2572 et

461 2592 685 2648 multam
704 2584 1073 2652 differentiam
1110 2617 1122 2653 :
1156 2601 1424 2671 siquidem
1470 2603 1558 2657 illa
1591 2606 1821 2675 quidem
1855 2616 2059 2677 tempo-

464 2682 620 2750 ralia,
646 2686 761 2741 hzec
792 2695 972 2742 autem
1002 2697 1235 2758 aeterna;
1279 2691 1370 2747 illa
1402 2693 1620 2762 quidem
1669 2695 1902 2764 inﬁrma,
1942 2698 2057 2753 haec

462 2781 644 2827 autem
668 2774 942 2844 perfecta;
968 2778 1055 2853 illa
1083 2780 1301 2850 quidem
1327 2781 1532 2851 formae,
1561 2785 1676 2861 haec
1705 2793 1883 2859 autem
1907 2789 2054 2842 veri-

458 2871 561 2920 tas.
578 2864 705 2921 Non
729 2869 871 2923 enim
889 2869 1045 2939 juxta
1076 2861 1247 2944 legem
1274 2878 1536 2945 mandati,
1567 2879 1764 2949 inquit,
1784 2881 2053 2955 carnalis,

441 2954 724 3025 'sedjuxta
747 2961 1003 3018 virtutem
1028 2963 1155 3020 vitae
1202 2966 1527 3035 insolubilis,
1559 2980 1613 3026 et
1640 2980 1702 3024 tu
1725 2964 1778 3025 es
1808 2974 2053 3027 sacerdos

456 3045 513 3099 in
541 3056 865 3119 perpetuum.
900 3053 1040 3110 Ecce
1082 3059 1415 3127 perpetuitas
1458 3062 1757 3119 sacerdotis
1781 3073 1837 3117 et
1863 3061 2054 3118 Testa-

459 3147 641 3203 mento
670 3139 762 3195 illo
788 3141 923 3198 dixit
946 3145 1089 3215 quod
1130 3157 1403 3205 vetustum
1437 3160 1549 3217 est;
1577 3154 1718 3223 quod
1759 3162 1939 3208 autem
1962 3169 2051 3208 ve-

2122 564 2133 575 ’
2174 574 2477 631 tisfactione
2504 573 2650 641 ﬁdei,
2673 575 2798 646 quia
2830 573 2966 628 nihil
2990 580 3075 628 est
3097 570 3309 627 visibile
3336 571 3563 635 horum,
3593 585 3776 639 neque

2171 668 2427 723 sacerdos
2467 665 2601 736 jam,
2664 681 2841 736 neque
2905 664 3232 721 sacriﬁcium
3254 705 3269 731 ,
3327 678 3513 734 neque
3572 661 3769 717 dum.

2169 758 2484 829 Pmpterea,
2534 757 2727 827 inquit,
2773 758 2831 810 in
2871 755 3198 827 plenitudine
3257 755 3380 824 ﬁdei
3422 756 3508 810 sic
3547 762 3775 823 oportet

2170 851 2415 916 credere,
2452 848 2723 920 quomodo
2748 848 2882 904 certi
2917 863 3104 904 sumus
3128 848 3195 903 de
3233 845 3430 901 visibili
3458 847 3675 902 etenim
3719 856 3776 901 et

2171 944 2348 998 adhuc
2372 942 2619 1012 amplius.
2652 940 2790 996 Hinc
2832 940 2977 995 enim
3023 939 3312 1009 aliquando
3340 938 3528 993 carnis
3568 952 3773 997 sensus

2168 1036 2406 1094 erantin
2435 1037 2519 1091 his
2540 1050 2661 1105 quae
2706 1034 2979 1099 videntur,
3031 1032 3141 1088 illic
3170 1043 3354 1092 autem
3393 1046 3769 1100 nequaquam,

2168 1130 2297 1201 quia
2328 1127 2520 1198 spiritu
2551 1124 2814 1197 spiritalia
2854 1124 3204 1197 percipimus,
3233 1131 3291 1179 et
3316 1138 3425 1178 non
3450 1122 3590 1177 licet
3611 1123 3775 1176 haesi-

2167 1228 2287 1277 tare
2335 1219 2405 1276 de
2450 1220 2548 1285 iis;
2597 1219 2719 1274 ideo
2762 1217 2881 1272 ait:
2914 1216 3125 1287 Aspersi
3157 1216 3313 1269 corde
3357 1231 3391 1268 a
3438 1215 3774 1269 conscientia

2165 1310 2330 1377 mala,
2360 1310 2654 1366 ostendens
2693 1307 2820 1378 quia
2861 1321 2970 1362 non
2996 1305 3130 1361 lldes
3159 1305 3293 1371 sola,
3327 1305 3424 1360 sed
3454 1304 3633 1359 etiam
3664 1306 3771 1358 vita

2167 1418 2293 1459 cum
2321 1402 2523 1457 virtute
2545 1402 2827 1471 quaeritur,
2851 1399 2977 1469 quia
3007 1397 3144 1454 ﬁdes
3162 1398 3281 1452 sine
3303 1398 3570 1468 operibus
3590 1398 3772 1452 otiosa

2165 1502 2270 1551 est.
2311 1494 2391 1550 llli
2444 1503 2626 1549 autem
2677 1506 2905 1562 corpora
2952 1489 3304 1555 mundabant,
3352 1505 3454 1545 nos
3482 1486 3773 1544 conscien-

2168 1588 2318 1643 tiam.
2341 1586 2410 1640 Et
2438 1585 2605 1647 abluti
2644 1601 2782 1657 aqua
2828 1582 3045 1637 munda.
3088 1582 3391 1649 Lavacrum
3421 1584 3773 1654 baptismatis

2163 1680 2219 1735 in
2263 1680 2367 1737 hoc
2395 1680 2515 1736 loco
2542 1679 2675 1734 dicit
2705 1696 2718 1733 :
2752 1678 3081 1749 baptismum
3132 1680 3276 1734 enim
3325 1681 3583 1750 corporis
3608 1696 3766 1734 inun-

2164 1772 2311 1829 datio
2343 1787 2452 1827 non
2486 1779 2593 1837 est,
2643 1769 2740 1825 sed
2764 1770 2980 1834 animai,
3014 1769 3058 1824 si
3102 1768 3236 1825 ﬁdes
3259 1770 3415 1825 adest
3462 1770 3769 1840 baptizata,

2089 1876 2140 1938 Β
2167 1862 2280 1919 sive
2304 1872 2617 1935 parentum,
2646 1862 2761 1917 sive
2780 1862 2979 1917 suimet
3001 1860 3193 1931 ipsius,
3220 1860 3267 1916 si
3289 1862 3354 1917 ad
3379 1861 3770 1916 rationabilem

2164 1963 2379 2012 :etatem
2406 1956 2733 2026 perveniret.

2237 2049 2524 2104 Teneamus
2576 2051 2684 2122 spei
2737 2061 2929 2106 nostra:
2981 2050 3360 2121 confessionem
3408 2047 3773 2103 indeclinabi—

2163 2141 2263 2197 lem
2304 2157 2323 2196 :
2374 2140 2548 2210 ﬁdelis
2586 2152 2664 2196 est
2716 2145 2854 2197 enim
2895 2143 2985 2214 qui
3045 2142 3358 2213 repromisit.
3416 2139 3573 2195 Nihil
3622 2140 3770 2194 enim

2162 2233 2441 2298 scruteris,
2474 2233 2550 2289 nil
2586 2234 2813 2290 rationis
2862 2244 3145 2307 exspectes
3195 2254 3207 2289 :
3242 2233 3348 2288 ﬁde
3387 2248 3534 2303 opus
3564 2233 3770 2287 habent

2161 2328 2277 2384 haec
2319 2327 2524 2393 omnia,
2566 2328 2694 2396 quia
2748 2329 2861 2381 sine
2907 2328 3013 2397 ﬁde
3053 2326 3369 2398 impossibile
3420 2337 3499 2382 est
3558 2326 3770 2398 placere

2160 2418 2292 2474 Deo.
2334 2418 2490 2474 Sicut
2517 2418 2659 2473 Deus
2688 2417 2863 2473 ﬁdelis
2890 2428 2974 2474 est
3002 2419 3056 2473 in
3086 2419 3374 2489 promissis
3401 2418 3546 2483 suis,
3577 2418 3657 2477 ita
3706 2418 3767 2470 ﬁ-

2160 2513 2309 2569 deles
2338 2513 2452 2567 vult
2496 2528 2598 2567 nos
2625 2527 2745 2567 esse
2776 2512 2830 2566 in
2869 2513 3151 2582 promissis
3181 2513 3407 2577 nostris,
3451 2527 3583 2581 qua:
3612 2511 3766 2566 vovi-

2159 2622 2303 2671 mus,
2333 2605 2549 2661 diabolo
2577 2605 2955 2660 contradicere
2998 2613 3052 2660 et
3083 2604 3301 2659 Christo
3328 2604 3538 2658 dicere.

2232 2697 2303 2751 Et
2339 2697 2725 2752 consideremus
2756 2697 2972 2750 invicem
2993 2697 3048 2750 in
3078 2697 3446 2767 provocatione
3481 2694 3768 2748 alacritatis

2158 2801 2207 2848 et
2237 2792 2491 2846 bonorum
2531 2807 2765 2861 operum,
2814 2806 2919 2844 non
2956 2789 3246 2843 deserentes
3279 2786 3651 2845 collectionem
3674 2803 3771 2839 ne-

2158 2892 2346 2948 stram,
2396 2883 2531 2936 sicut
2577 2890 2653 2935 est
2703 2879 3095 2935 consuetudinis
3127 2878 3466 2949 quibusdam.
3511 2876 3659 2942 Quid
3685 2883 3768 2929 est

2157 2976 2521 3047 intelligamus
2545 2975 2803 3029 invicem?
2828 2973 2872 3028 si
2900 2974 3021 3042 quis
3056 2972 3220 3026 fuerit
3241 2972 3447 3024 virtute
3472 2969 3763 3038 praeditus,

2156 3070 2301 3124 hunc
2337 3069 2630 3132 imitemur,
2661 3075 2717 3121 ct
2744 3066 3085 3121 intendamus
3115 3063 3168 3117 in
3194 3077 3341 3126 eum,
3373 3070 3435 3115 ut
3467 3061 3769 3133 diligamus

2155 3168 2211 3215 et
2234 3159 2556 3229 diligamur;
2587 3172 2654 3211 ex
2683 3155 2973 3210 dilectione
3000 3153 3196 3224 quippe
3224 3152 3365 3213 bona
3387 3167 3569 3221 opera
3600 3151 3760 3207 ﬁunt.

464 3229 687 3325 terasfit
711 3238 767 3286 et
788 3236 1025 3290 senescit
1050 3239 1357 3307 proximum
1390 3250 1474 3297 est
1503 3244 1766 3299 interitui.
1788 3246 1909 3325 ‘lloc
1959 3262 2054 3299 au-
2080 3246 2126 3311 C
2159 3252 2409 3324 Magnum
2444 3250 2641 3321 quippe
2671 3249 2872 3303 bonum
2899 3256 2984 3302 est
3018 3246 3368 3316 congregatio
3394 3263 3407 3298 :
3445 3246 3569 3316 ipsa
3602 3262 3766 3299 nam-

458 3324 565 3372 tcm
590 3319 999 3379 Testamentum
1051 3326 1259 3384 Novum
1303 3339 1359 3386 et
1385 3334 1760 3390 remissionem
1799 3320 2053 3406 peccato-

456 3422 577 3498 rum
608 3409 793 3478 habet,
826 3413 958 3471 illud
991 3426 1171 3472 autem
1200 3420 1331 3475 nihil
1363 3422 1701 3491 huiusmodi;
1759 3425 1889 3482 illud
1932 3430 2051 3498 qui-

457 3497 579 3591 dem
616 3515 777 3557 manu
809 3502 1034 3572 factum,
1072 3508 1176 3564 hoc
1214 3518 1396 3591 autem
1443 3529 1551 3571 non
1594 3532 1757 3570 manu
1808 3497 2047 3586 factum;

456 3587 588 3645 illud
615 3592 832 3662 quidem
860 3598 1179 3679 sanguinem
1208 3587 1484 3659 hircorum
1534 3608 1790 3674 habebat,
1825 3609 1929 3664 hoc
1956 3625 2052 3664 au-

458 3688 566 3736 tem
588 3683 832 3751 Domini;
864 3686 994 3743 illud
1022 3691 1240 3759 quidem
1281 3702 1514 3749 stantem
1553 3698 1913 3764 sacerdotem,
1945 3701 2049 3755 hoc

455 3783 638 3830 autem
669 3777 968 3834 sedentem.
996 3782 1263 3848 Quoniam
1307 3786 1472 3858 igitur
1499 3799 1691 3845 cuncta
1720 3791 1807 3846 illa
1838 3792 2047 3848 minora

455 3875 603 3933 sunt,
631 3869 749 3923 haec
770 3881 949 3928 autem
978 3875 1212 3946 majora,
1234 3889 1542 3950 pr0pterea,
1564 3884 1759 3955 inquit,
1780 3886 2042 3953 habentes,

453 3957 667 4028 fratres,
719 3963 991 4031 ﬁduciam.
1049 3968 1238 4025 Unde?
1292 3970 1442 4027 Sicut
1482 3975 1626 4029 enim
1678 3978 2045 4033 confusionem

450 4048 657 4106 faciunt
681 4064 926 4122 peccata,
964 4058 1043 4119 sic
1073 4059 1325 4115 ﬁduciam
1355 4064 1597 4119 omnium
1637 4067 1885 4123 remissio
1920 4085 2047 4139 pec-

451 4149 718 4209 catorum,
752 4154 806 4199 et
831 4148 975 4216 quod
1005 4150 1318 4213 colueredes
1367 4154 1545 4209 eﬁ‘ecti
1587 4172 1791 4223 sumus,
1820 4168 1875 4213 et
1900 4162 2046 4229 quod

453 4237 600 4287 tanta
624 4235 912 4299 tﬁlectione
943 4238 1197 4296 fruimur.
1226 4243 1297 4298 In
1328 4246 1573 4313 introitu,
1614 4249 1808 4319 inquit,
1838 4261 2047 4305 sancto-

449 4338 587 4377 rum.
622 4325 905 4385 lntroitum
951 4333 1039 4387 hic
1064 4335 1260 4390 ccelum
1298 4338 1429 4393 dicit
1454 4348 1510 4394 et
1535 4356 1811 4396 accessum
1841 4345 1909 4398 ad
1936 4346 2045 4415 spi-

451 4416 652 4470 ritalia.
678 4419 850 4487 Quam
882 4422 1171 4491 dedicavit,
1208 4427 1313 4483 hoc
1361 4439 1464 4495 est,
1510 4448 1672 4502 quam
1717 4438 2041 4504 construxit,

449 4520 612 4575 quam
636 4513 961 4578 praeparavit
984 4523 1038 4568 ct
1065 4530 1226 4585 quam
1256 4519 1508 4575 initiavit.
1543 4522 1823 4579 Dedicatio
1849 4527 2046 4596 quippe

2156 3359 2261 3414 que
2277 3342 2598 3399 charitatem
2618 3347 2871 3410 operatur
2891 3336 3276 3395 fcrventiorcm
3301 3345 3440 3391 etex
3463 3351 3533 3399 ea
3560 3343 3765 3391 cuncta

2152 3435 2295 3490 bona
2324 3447 2488 3504 opera
2524 3438 2867 3503 generantur.
2908 3427 3050 3483 Nihil
3081 3442 3315 3497 namque
3345 3428 3576 3491 bonum,
3614 3429 3762 3499 quod

2153 3543 2262 3583 non
2311 3541 2410 3596 per
2438 3525 2757 3580 charitatem
2811 3524 2899 3587 ﬁt;
2951 3524 3114 3577 istam
3164 3521 3332 3592 igitur
3360 3522 3762 3585 conﬁrmamus

2153 3617 2408 3682 invicem,
2453 3616 2579 3686 quia
2630 3615 2908 3685 plenitudo
2949 3612 3112 3684 Legis
3165 3613 3409 3674 charitas
3462 3622 3572 3668 est.
3641 3614 3759 3668 Non

2153 3707 2297 3761 enim
2338 3705 2540 3760 laboris
2568 3720 2703 3776 opus
2732 3704 2994 3758 habemus
3033 3712 3126 3757 aut
3169 3703 3412 3768 sudoris;
3470 3704 3519 3758 si
3553 3704 3762 3760 dilexe-

2152 3797 2323 3851 rimus
2357 3797 2613 3862 invicem,
2663 3803 2964 3865 spontanea
3013 3794 3171 3850 nobis
3214 3796 3327 3849 vita
3375 3799 3761 3864 prosternitur

2152 3887 2355 3942 ducens
2403 3887 2473 3945 ad
2512 3886 2766 3940 virtutem
2809 3894 2862 3939 ct
2892 3884 2960 3939 ad
3000 3883 3266 3940 caelestia.
3304 3882 3469 3939 Sicut
3514 3886 3673 3941 enim
3704 3887 3759 3940 in

2152 3980 2345 4034 itinere
2373 3978 2658 4048 contingit,
2710 3977 2902 4046 siquis
2951 3977 3165 4031 initium
3205 3978 3635 4047 comprehcndit
3684 3994 3759 4033 re-

2150 4078 2295 4126 ctam
2323 4069 2492 4134 viam,
2525 4068 2741 4123 ducitur
2772 4068 2861 4122 ubi
2890 4075 3119 4137 oportet,
3152 4068 3231 4122 sic
3273 4068 3437 4122 etiam
3467 4069 3525 4122 in
3568 4072 3759 4125 chari-

2152 4172 2262 4218 tate
2318 4170 2525 4218 tantum
2572 4161 2752 4230 arripe
2784 4160 3146 4230 principium,
3180 4169 3234 4214 et
3273 4160 3458 4215 statim
3519 4178 3756 4217 mnum

2149 4254 2249 4309 tibi
2288 4254 2559 4323 praebens,
2602 4252 2719 4321 ipsa
2764 4260 2815 4307 te
2846 4253 2994 4307 ducit
3023 4261 3079 4308 et
3102 4252 3303 4320 dirigit.
3331 4250 3506 4317 Sicut,
3538 4254 3752 4325 inquit,

2149 4355 2224 4399 est
2262 4344 2656 4399 consuetudinis
2685 4344 3017 4415 quibusdam.
3050 4346 3106 4399 in
3135 4345 3237 4403 hoc
3264 4345 3380 4401 loco
3418 4362 3532 4402 non
3567 4349 3751 4403 solum

2150 4436 2450 4501 admonuit,
2497 4435 2594 4492 sed
2634 4437 2801 4505 etiam
2841 4436 3077 4506 culpavit
3126 4446 3181 4492 et
3228 4439 3420 4492 terruit
3470 4438 3752 4495 unitatem

2149 4526 2434 4581 cbaritatis
2473 4526 2804 4581 sciudcntcs.

447 4597 649 4655 dicitur
689 4601 905 4657 initium
947 4608 1153 4662 utendi.
1185 4610 1356 4676 Quam
1385 4616 1728 4682 praeparavit,
1763 4614 1954 4687 inquit,
1985 4628 2040 4673 et
2066 4610 2117 4669 D
2214 4616 2318 4672 Sed
2340 4618 2689 4683 consolantes,
2722 4628 2771 4672 et
2797 4628 2942 4679 tanto
2964 4624 3133 4690 magis
3154 4631 3347 4691 quanto
3378 4622 3626 4677 videritis
3651 4642 3749 4694 ap-

444 4705 545 4763 per
565 4703 729 4763 quam
756 4694 871 4766 ipse
897 4700 1137 4767 perrexit
1156 4701 1301 4754 viam
1322 4717 1543 4770 novam,
1566 4706 1693 4762 hinc
1713 4707 2036 4763 satisfactio-

445 4799 568 4838 nem
600 4787 714 4856 spei
743 4787 1190 4846 declaratnovam
1215 4794 1418 4860 dicens,
1440 4806 1666 4851 conatur
1685 4800 1830 4853 cnim
1855 4810 2038 4855 osten-

445 4873 575 4929 dere
629 4887 825 4933 cuncta
882 4880 1087 4950 majora
1142 4898 1241 4938 nos
1293 4885 1513 4941 habere.
1565 4888 1842 4957 Siquidem
1895 4909 2038 4956 nunc

444 4975 647 5033 aperta:
679 4976 806 5023 sunt
849 4978 1024 5039 portae
1066 4973 1209 5039 coeli,
1243 4978 1387 5045 quod
1437 4994 1611 5050 neque
1655 4983 1722 5037 ad
1760 4984 2035 5039 Abraham

446 5059 693 5130 contigit.
726 5058 876 5117 Viam
900 5079 1095 5119 novam
1124 5066 1261 5122 dixit
1280 5070 1424 5137 vitae,
1447 5074 1544 5131 sed
1573 5074 1714 5129 viam
1746 5076 1892 5130 illam
1941 5093 2037 5132 vo-

446 5148 610 5214 cavit,
654 5149 759 5207 hoc
804 5161 890 5208 est
932 5165 1234 5226 pracepta;
1264 5160 1380 5229 ipse
1408 5171 1591 5227 autem
1620 5164 1891 5221 dedicavit
1936 5182 2035 5223 no-

446 5242 876 5306 vatn,dedicavit
897 5256 1077 5304 autem
1108 5250 1255 5308 illam
1280 5255 1387 5310 hac
1407 5258 1615 5312 ratione
1642 5260 1896 5328 quoniam
1917 5262 2033 5331 ipse

446 5332 501 5387 in
532 5349 597 5388 ea
636 5339 895 5406 perrexit.
950 5343 1324 5402 Vclamentum
1356 5360 1539 5405 autem
1593 5353 1804 5408 vocavit
1849 5372 1863 5408 :
1904 5370 2031 5421 cum

445 5425 590 5479 enim
641 5427 883 5488 elevatus
930 5443 1014 5490 est
1064 5436 1121 5492 in
1168 5440 1467 5509 excelsum,
1497 5452 1629 5501 tunc
1662 5454 2030 5515 apparuerunt

444 5514 705 5573 omlestia.
1358 5542 1361 5551 ε
1698 5540 1701 5541 ν

513 5612 834 5675 decedamus
885 5640 1005 5679 cum
1052 5644 1171 5685 vero
1211 5632 1367 5688 corde
1405 5634 1462 5688 in
1506 5632 1832 5705 plenitudine
1881 5634 2028 5704 ﬁdei,

445 5709 641 5775 aspersi
691 5712 852 5769 corda
896 5735 929 5771 a
981 5723 1299 5779 conscientia
1348 5725 1509 5790 mala,
1545 5734 1595 5779 et
1634 5725 1801 5780 abluti
1840 5743 2030 5798 corpus

446 5814 584 5869 aqua
608 5808 827 5864 munda.
881 5811 939 5866 lu
970 5827 1078 5881 quo
1105 5818 1449 5883 accedamus,
1479 5818 1685 5875 scilicet
1714 5819 1838 5884 ﬁde,
1869 5820 2032 5891 spiri-

2142 4712 2576 4782 propinqunntem
2600 4712 2758 4766 diem.
2784 4714 2954 4779 Quem
2991 4714 3131 4768 diem
3161 4715 3422 4785 designat,
3459 4717 3564 4769 nisi
3594 4718 3749 4774 diem

2136 4801 2351 4871 judicii,
2408 4804 2461 4857 in
2518 4819 2624 4873 quo
2671 4804 3003 4874 singulorum
3064 4807 3254 4859 merita
3308 4809 3750 4865 examinantur?

2145 4895 2238 4949 Vel
2274 4897 2436 4949 etiam
2466 4906 2767 4949 extremum
2806 4897 2945 4950 diem
2983 4897 3104 4951 vita:
3150 4905 3373 4963 nostrae;
3407 4900 3540 4953 dicit
3585 4902 3744 4957 enim

2143 4986 2248 5040 alio
2280 4986 2399 5041 loco
2432 5004 2444 5039 :
2485 4987 2738 5041 Dominus
2769 5002 2926 5057 prope
2967 4997 3065 5053 est,
3090 4987 3219 5041 nihil
3248 4988 3459 5042 solliciti
3481 4991 3615 5045 estis
3634 5034 3650 5057 ,
3687 4993 3744 5047 id

2140 5090 2242 5144 est,
2274 5081 2340 5134 de
2382 5080 2650 5146 terrenis;
2678 5088 2733 5135 et
2764 5081 2892 5135 item
2920 5099 2933 5132 :

2208 5170 2366 5225 Nunc
2386 5173 2596 5242 prapius
2636 5181 2714 5226 est
2757 5171 2903 5226 nobis
2923 5171 3068 5227 salus
3092 5181 3272 5227 nostra
3290 5190 3447 5245 quam
3473 5190 3597 5228 am
3626 5193 3746 5232 cre-

2132 5266 2386 5333 didimus,
2435 5274 2633 5335 tempus
2665 5266 2851 5336 quippe
2894 5265 3250 5320 abbreviatum
3291 5276 3399 5331 est;
3426 5265 3741 5323 voluntarie

2136 5360 2275 5413 enim
2323 5357 2654 5428 peccantibus
2691 5357 2836 5411 nobis
2876 5366 2991 5427 post
3020 5367 3286 5427 acceptam
3317 5357 3557 5411 notitiam
3595 5362 3741 5413 veri-

2138 5451 2262 5505 tatis
2280 5450 2401 5519 jam
2437 5465 2541 5503 non
2570 5447 2881 5518 relinquitur
2908 5448 3079 5503 hostia
3115 5465 3211 5519 pro
3236 5450 3481 5520 peccatis.
3518 5447 3740 5519 Sponte

2136 5557 2373 5610 namque
2395 5540 2745 5611 peccantibus
2769 5539 2951 5605 nobis,
2983 5548 3269 5609 postquam
3295 5540 3611 5611 accepimus
3636 5554 3739 5596 vc-

2137 5633 2319 5695 ritatis
2346 5632 2699 5705 agnitionem,
2727 5631 2867 5686 ultra
2911 5646 3020 5686 non
3047 5630 3374 5701 relinquitur
3400 5632 3576 5686 hostia
3628 5647 3737 5701 pro

2135 5724 2394 5795 peccatis,
2431 5727 2571 5779 sicut
2594 5724 2648 5778 in
2681 5723 2847 5778 veteri
2877 5721 3022 5794 Lege
3052 5722 3313 5778 donatum
3364 5722 3466 5776 iuit
3510 5722 3733 5778 hostias

2134 5819 2328 5878 θηρί’ιό
2358 5820 2549 5889 sacpius
2571 5836 2666 5889 pro
2696 5826 2932 5888 peccato.
2969 5816 3153 5887 Neque
3173 5819 3317 5874 enim
3337 5819 3581 5875 Christus
3599 5819 3729 5879 ipse
