3960 6360
188 286 291 365 βὸᾆ

1283 280 1589 373 ttome
1622 280 1691 338 1N
1729 275 1945 367 epist.
1982 281 2072 343 ET
2107 276 2364 357 nunc,

3332 275 3447 345 ιω

190 400 383 479 iterugp
432 398 794 477 immndus
834 404 924 473 est
963 410 1062 479 pro
1109 397 1350 473 peccatis
1396 397 1616 462 nostris,
1663 395 1767 473 h‘oc
1792 396 1971 483 unus
2006 395 2287 477 Scriptura
2313 397 2485 452 dicit:
2516 396 2760 471 Accedite
2790 398 2860 452 ad
2890 412 3030 477 eum,
3079 407 3127 454 et
3172 381 3449 471 illupiinag-

189 494 329 571 euim
378 492 544 571 semel
572 493 773 547 lacuna
817 500 920 561 est,
966 501 1020 546 et
1072 493 1310 547 secundo
1354 507 1461 547 non
1487 498 1570 547 est
1595 506 1765 562 opus;

190 587 282 643 sed
328 586 500 656 magis
526 600 661 656 Opus
704 593 787 639 est
828 592 952 655 post
978 594 1256 663 acceptam
1295 586 1524 657 gratiam
1554 600 1769 655 perma—

188 693 317 733 nere
346 678 400 755 in
429 676 535 744 fide
561 687 616 733 et
644 676 910 731 charitale
950 676 1215 731 bonorum
1245 692 1491 755 Operum.
1534 675 1770 731 Arbores

187 787 308 842 quae
358 769 618 847 instituta:
647 777 775 824 sunt
813 778 868 823 et
896 776 1151 847 caeteram
1190 768 1496 855 habuerunt
1541 768 1771 840 diligen-

186 863 319 917 tiam
347 861 721 939 agricolarum,
757 860 1057 939 adhibitam
1089 861 1337 939 manibus
1366 869 1528 930 atque
1567 858 1768 937 labori-

183 956 306 1023 bus,
339 936 385 1010 si
418 936 621 1009 nullam
665 936 907 1028 referant
950 953 1154 1025 laboris
1178 936 1644 1033 ‘vicissiltudincm,
1685 968 1771 1007 ra-

182 1049 379 1121 dicitus
410 1047 629 1123 evulsa,
671 1046 787 1127 igni
819 1047 1138 1133 tradentur?
1170 1047 1276 1102 tale
1318 1047 1578 1127 quiddam
1615 1057 1669 1100 et
1714 1046 1770 1099 in

181 1158 345 1198 causa
396 1141 667 1217 contingit
718 1140 1101 1217 baptismatis;
1152 1156 1276 1196 cum
1327 1141 1473 1219 enim
1521 1137 1770 1219 Christus

179 1250 279 1292 uos
311 1234 606 1290 instituerit
632 1241 699 1309 et
746 1234 1078 1305 irrogatione
1116 1233 1349 1304 spiritali
1392 1232 1549 1303 potiti
1604 1232 1771 1288 fueri-

178 1340 326 1407 mus,
355 1325 402 1379 si
428 1323 857 1407 deinde’nullum
886 1322 1121 1387 fructum
1145 1323 1456 1405 all'eramus,
1493 1323 1633 1407 tgnis
1673 1338 1771 1380 nos

178 1398 518 1501 exspectabit
540 1396 1095 1501 gehenpzcetﬂamma
1126 1396 1605 1495 ineustinguibilis.
1626 1416 1768 1473 Pau-

177 1509 258 1564 lus
288 1509 457 1589 igitur
481 1509 733 1589 hortatur
758 1507 826 1562 ad
853 1507 1176 1585 charitatem
1216 1514 1272 1589 et
1298 1505 1771 1589 fructificationem

176 1584 444 1677 bonorum
467 1584 716 1670 operum,
746 1613 810 1653 ex
840 1584 1064 1654 utilibus
1084 1584 1340 1677 invitans.
1366 1584 1504 1667 Quae
1533 1608 1659 1654 sunt
1683 1615 1773 1653 au-

178 1698 285 1745 tem
317 1674 437 1747 haec.
453 1692 628 1757 utilia,
661 1691 920 1769 quuniam
948 1674 1237 1769 introitum
1268 1691 1536 1746 habemus
1557 1692 1623 1746 ad
1651 1707 1773 1746 san-

1870 489 2022 563 mini,
2049 497 2106 567 et
2150 499 2364 565 caetera.
2412 489 2685 545 Exeuntes
2733 489 2981 559 videlicet
3027 506 3149 545 cum
3188 493 3453 567 magistro

1871 596 1969 657 suo
2010 582 2242 657 diabolo,
2293 582 2360 638 de
2408 600 2513 655 quo
2544 584 2804 659 scriptum
2824 592 2912 663 est
2954 603 2968 639 :
3002 583 3178 661 Exivi;
3207 585 3373 663 Satan
3418 603 3453 665 ᾳ

1870 672 2005 749 facie
2038 672 2268 751 Domini.
2297 664 2587 729 Consilium
2616 675 2847 747 fecerunt
2873 674 3131 753 quomodo
3155 676 3311 757 uitam
3338 664 3456 747 per?-

1870 766 2070 847 derent.
2103 766 2221 829 Non
2266 769 2534 851 quomodo
2572 764 2738 837 vitam
2785 767 2885 861 ipsi
2926 767 3252 851 invenirent.
3299 766 3455 841 Quod

1871 865 2049 937 autem
2078 858 2307 937 Domino
2350 859 2522 940 iniqui
2570 857 2866 939 moliuntur
2919 858 3162 935 insidias,
3218 857 3357 941 livor
3396 859 3454 927 in

1871 964 2032 1005 causa
2061 959 2143 1007 est
2168 969 2180 1004 :
2214 949 2342 1021 quid
2370 951 2514 1029 enim
2542 948 2751 1033 fecerat
2777 950 3162 1033 ut'i’harisaaos
3190 952 3258 1033 ad
3285 951 3457 1029 inter-

1872 1037 2161 1119 fectionem
2203 1041 2286 1115 sui
2328 1022 2689 1117 provocaret?
2728 1018 3330 1124 ‘Nem'pgquodhpmo
3355 1056 3456 1095 ex-

1876 1128 2385 1215 tenderatmanuin.
2443 1134 2576 1201 Quis
2614 1133 2759 1213 enim
2811 1134 3209 1219 Pharisaeorum
3258 1133 3317 1215 in
3368 1133 3458 1189 die

1873 1208 2093 1309 sabbati
2128 1240 2233 1280 non
2257 1225 2574 1303 extenderat
2612 1208 2853 1292 manum,
2876 1208 3101 1311 portans
3124 1208 3294 1307 cibos,
3326 1224 3459 1295 cali-

1872 1333 1989 1373 cem
2005 1317 2307 1399 porrigens,
2323 1326 2377 1397 et
2404 1327 2600 1399 uetera
2618 1334 2742 1390 quae
2767 1319 2935 1399 victui
2960 1315 3271 1395 necessaria
3298 1315 3460 1371 sunt?

1873 1410 1931 1465 Si
1959 1394 2087 1484 ergo
2124 1428 2343 1467 manum
2364 1394 2663 1491 extendere
2690 1421 2745 1467 et
2769 1394 3024 1491 alimenta
3057 1412 3338 1497 sublevare
3373 1410 3459 1491 vel

1870 1514 2058 1584 potum
2079 1506 2133 1559 in
2157 1507 2381 1562 sabbato
2404 1523 2510 1562 non
2537 1515 2622 1587 est
2649 1507 2914 1579 criminis,
2942 1522 3040 1587 cur
3217 1505 3344 1567 mali
3372 1490 3460 1559 ar;

1872 1605 2035 1667 guant
2061 1598 2202 1668 quod
2228 1599 2329 1668 ipsi
2351 1607 2616 1675 coguntur
2643 1597 2842 1683 facere,
2883 1590 3187 1687 prteset‘tim
3211 1613 3335 1681 eum
3358 1598 3460 1665 iste

1874 1686 2249 1765 cazmentarius
2270 1690 2404 1745 nihil
2429 1691 2532 1745 tale
2556 1691 2880 1773 portaverit,
2911 1691 3006 1771 sed
3033 1692 3100 1745 ad
3125 1696 3459 1764 praeceptum

175 1790 284 1847 cta,
319 1782 588 1838 dedicavit
614 1783 771 1838 nobis
797 1767 941 1848 viam
982 1798 1216 1849 novam;
1259 1792 1547 1854 postquam
1573 1800 1639 1839 ex
1668 1784 1769 1839 uti-
1872 1777 2086 1834 Domini
2112 1779 2316 1835 salvam
2341 1767 2658 1841 extenderet
2687 1767 2934 1846 manum,
2984 1796 3160 1855 neque
3197 1780 3343 1861 enim
3374 1779 3463 1861 ille

174 1869 317 1927 libus
347 1872 576 1928 mutavit
606 1873 693 1928 ad
738 1888 905 1945 opera
936 1872 1100 1940 bona,
1149 1873 1265 1927 vult
1308 1873 1471 1954 etiam
1518 1889 1660 1929 nunc
1701 1889 1768 1929 ex

175 1964 481 2021 metuendis
510 1974 567 2022 et
610 1967 857 2022 tristibus
908 1967 1142 2036 idipsum
1193 1967 1322 2022 item
1358 1966 1568 2036 facere;
1616 1978 1768 2039 post-

175 2071 341 2124 quam
383 2057 529 2111 enim
569 2057 708 2112 dixit
741 2078 756 2112 ;
802 2057 928 2112 Non
952 2057 1376 2129 derelinquamus
1401 2048 1757 2130 congregatio-

176 2162 291 2200 nem
321 2156 575 2213 nostram,
599 2148 1039 2218 quemadmodum
1060 2148 1371 2219 quibusdam
1401 2167 1527 2204 usus
1550 2159 1649 2215 est;
1679 2151 1770 2205 sed

174 2235 510 2290 exhortantes
532 2246 677 2291 tanto
690 2237 914 2315 amplius
930 2248 1127 2309 quanto
1143 2238 1331 2293 videtis
1351 2242 1774 2312 appropinquan-

175 2335 273 2379 tem
322 2324 483 2411 diem,
515 2326 701 2407 intulit
727 2328 951 2384 dicens:
1003 2328 1207 2399 Sponte
1235 2345 1472 2401 namque
1497 2333 1775 2411 peccanti-

174 2417 274 2473 bus
314 2419 469 2474 nobis
493 2427 779 2490 postquam
805 2422 1115 2501 accepimus
1145 2423 1474 2494 agnitionem
1504 2426 1770 2501 veritatis,

175 2508 335 2581 [opus
345 2520 449 2576 est,
466 2510 660 2581 inquit,
676 2513 833 2568 bonis
847 2498 1124 2589 operibus;
1142 2529 1276 2584 opus
1286 2523 1368 2569 est
1385 2498 1603 2591 enimet
1617 2516 1774 2570 valde

173 2616 313 2670 opus
343 2619 357 2654 :
409 2611 602 2671 sponte
636 2619 873 2674 namque
899 2602 1252 2674 peccantibus
1286 2607 1444 2681 nobis
1483 2616 1773 2677 postquam

172 2693 486 2762 accepimus
512 2694 760 2750 veritatis
797 2696 1148 2770 agnitionem]
1188 2696 1330 2752 ultra
1362 2714 1469 2753 non
1515 2699 1775 2769 relinqui-

173 2791 261 2837 tur
293 2784 473 2840 hostia
504 2800 604 2856 pro
632 2789 892 2856 peccatis.
925 2772 1215 2844 Mandatus
1244 2770 1324 2857 es,
1356 2790 1494 2846 liber
1519 2806 1580 2847 es
1608 2807 1640 2845 a
1662 2785 1771 2847 cri-

171 2874 437 2939 minibus,
467 2874 643 2931 factus
671 2894 729 2933 es
757 2878 900 2934 ﬁlius
923 2879 1049 2946 Dei;
1084 2879 1131 2934 si
1155 2880 1223 2936 ad
1249 2880 1484 2950 primum
1510 2883 1765 2937 vomitum

172 2979 432 3021 reversus
454 2966 642 3034 fueris,
674 2967 821 3024 aliud
845 2979 898 3023 te
923 2979 1201 3040 exspectat
1223 2972 1511 3042 judicium,
1542 2975 1648 3028 nisi
1677 2954 1775 3044 per

171 3048 557 3128 paenitentiam
603 3070 894 3119 renovatus
952 3060 1140 3118 fueris.
1187 3064 1316 3119 ldeo
1372 3066 1771 3136 subs’cqueuter

173 3150 252 3204 ait
277 3168 290 3205 ;

247 3241 525 3298 Terribilis
570 3252 745 3298 autem
776 3244 1019 3316 quadam
1070 3247 1387 3318 exspectatio
1405 3248 1603 3318 judicii
1639 3248 1774 3319 ignis

169 3334 449 3389 aemulatio
475 3353 594 3407 qua:
622 3346 997 3410 consumptum
1025 3348 1100 3393 est
1140 3339 1493 3395 adversarios.
1564 3340 1624 3396 In
1671 3340 1777 3397 hoc

170 3440 283 3484 non
353 3430 732 3500 pmnitentiam
779 3433 1042 3498 exclusit,
1103 3450 1280 3513 neque
1334 3437 1774 3508 propitiationem

169 3536 298 3592 quae
343 3520 403 3576 ﬁt
430 3536 528 3592 per
553 3521 961 3594 pmnitcntiam;
994 3539 1171 3595 neque
1196 3526 1407 3596 repellit
1433 3520 1547 3597 ‘pcr
1584 3530 1775 3598 despe-

172 3615 451 3670 rationem
463 3615 864 3685 delinquentem
883 3635 895 3671 :
914 3633 1022 3672 non
1053 3620 1201 3674 enim
1225 3619 1298 3674 ita
1310 3628 1394 3677 est
1409 3621 1662 3677 inimicus
1691 3638 1780 3677 sa-

168 3706 308 3764 lutis
345 3716 542 3763 nostra:
588 3717 647 3763 ut
692 3710 915 3765 secundi
961 3711 1307 3782 baptismatis
1333 3713 1633 3781 lavacrum,
1674 3714 1779 3770 hoc

170 3811 258 3856 est
285 3790 644 3871 poenitentia},
676 3802 948 3856 excludat.
982 3801 1100 3858 Non
1152 3805 1297 3859 enim
1330 3805 1485 3872 dixit,
1534 3804 1652 3860 Non
1695 3815 1782 3877 est

169 3894 326 3947 ultra
364 3884 714 3963 poenitentia;
748 3909 923 3964 neque
953 3894 1109 3961 dixit,
1146 3894 1301 3950 Ultra
1327 3913 1436 3952 non
1469 3906 1553 3952 est
1590 3878 1781 3953 remis-

170 3986 291 4051 sio;
327 3985 424 4039 sed
455 3983 665 4051 Hostia,
693 3984 891 4056 inquit,
924 3986 1067 4040 ultra
1098 3988 1205 4040 "non
1244 3997 1339 4055 est,
1390 3976 1494 4043 hoc
1523 3999 1607 4045 est
1648 4006 1781 4044 crux

167 4077 427 4133 secunda
455 4078 596 4131 ultra
625 4092 732 4133 non
756 4066 843 4132 est
868 4096 879 4131 :
914 4094 1017 4132 una
1049 4060 1280 4148 namque
1303 4080 1535 4148 perfecit
1575 4080 1630 4134 in
1659 4097 1785 4151 per-

165 4176 415 4242 petuum
459 4182 553 4223 eos
596 4168 688 4239 qui
735 4154 1167 4235 sanctiﬁcantur,
1229 4186 1335 4223 non
1376 4168 1519 4225 sicut
1574 4168 1778 4237 Judaei;

168 4270 386 4319 cautos
413 4274 513 4315 nos
539 4259 723 4315 volens
772 4260 1020 4342 ellicere,
1055 4277 1123 4317 ne
1150 4262 1291 4317 ultra
1322 4262 1404 4317 vel
1432 4262 1633 4318 Christi
1660 4280 1783 4319 cru-

171 4370 302 4410 cem
337 4352 427 4407 vel
452 4353 656 4407 hostias
680 4351 934 4408 Judaicas
959 4363 1337 4424 exspectemus
1375 4371 1475 4426 pro
1512 4357 1781 4428 peccatis,

170 4455 231 4503 et
263 4446 582 4518 quicunque
609 4445 943 4516 pmnitentizc
972 4434 1430 4503 medicamentum
1459 4451 1781 4521 neglexerit,

174 4541 330 4612 ignis
352 4538 625 4595 tumulatio
650 4528 933 4594 devorabit
960 4555 1103 4595 eum.
1130 4540 1478 4612 Quapropter
1498 4540 1783 4614 unusquis-

174 4646 291 4703 que
324 4632 393 4685 ad
417 4631 773 4700 pmnitentiae,
802 4631 928 4686 dum
959 4640 1171 4702 tempus
1202 4620 1384 4699 habet,
1424 4636 1782 4689 medicamen-

176 4732 301 4778 tum
338 4721 633 4794 confugiat,
683 4712 754 4780 ne
800 4724 909 4796 igni
939 4724 1187 4779 tradatur
1212 4734 1437 4793 ωιθι-ιιο,
1468 4727 1593 4797 quia
1629 4726 1785 4795 juxta

174 4830 363 4871 sacrae
411 4814 711 4886 Scriptura:
771 4818 1135 4884 sententiam,
1181 4817 1286 4883 Qui
1334 4818 1469 4873 bona
1504 4830 1739 4889 oegerunt
1770 4859 1786 4886 ,

172 4909 341 4964 ibunt
381 4909 639 4964 ad‘vitam
678 4919 962 4965 aeternam:
1001 4911 1092 4981 qui
1118 4926 1236 4967 vero
1274 4910 1429 4983 _mala
1470 4922 1705 4984 egerunt,
1731 4914 1790 4967 in

173 5000 516 5074 supplicium
541 5010 819 5057 aeternum.
1496 5012 1499 5017 ‘

765 5094 1049 5153 HOMILIA
1083 5084 1262 5153 CLXI.

771 5200 906 5240 ιτειι
942 5201 1102 5241 FEBIA
1142 5201 1219 5241 Π.

253 5276 457 5333 Lectio
494 5277 672 5333 sancti
707 5277 987 5350 Evangelii
1027 5280 1326 5334 secundum
1370 5277 1704 5335 Matthaeum.

249 5368 335 5426 In
365 5368 460 5423 illo
494 5378 725 5440 tempore
753 5382 1000 5427 exeuntes
1026 5368 1291 5450 Pharisaei
1318 5372 1595 5427 comitium
1624 5373 1793 5444 facie-

177 5463 317 5519 bant
352 5463 632 5518 adversum
658 5463 869 5533 Iesum,
900 5467 1162 5537 quomodo
1198 5483 1317 5521 eum
1343 5461 1640 5538 perderent,
1684 5476 1791 5523 etc.

253 5552 543 5609 Exeuntes
569 5568 666 5610 eos
694 5556 849 5623 dicit,
897 5571 1007 5611 non
1054 5557 1337 5625 adeuntes,
1368 5558 1453 5615 vel
1508 5559 1798 5631 appropin-

177 5653 458 5719 quantes,
487 5646 618 5719 quia
639 5660 832 5705 eorum
861 5638 1015 5708 mens
1039 5667 1209 5723 prava
1239 5666 1458 5722 semper
1499 5651 1798 5708 a‘Domino

180 5753 403 5800 aversa
447 5739 569 5808 fuit,
601 5756 702 5799 nec
730 5743 1085 5813 pertinebant
1112 5744 1181 5831 ad
1219 5744 1411 5802 eorum
1438 5751 1642 5833 sortem
1673 5744 1797 5816 qui-

1874 1873 1966 1942 qui
2004 1872 2185 1927 dixit:
2228 1872 2296 1927 Et
2348 1873 2491 1943 facta
2534 1882 2657 1953 sunt
2700 1874 2900 1953 omnia,
2932 1850 3170 1953 Sabbato
3215 1850 3465 1953 laborare

1870 1972 2085 2040 poterat
2112 1964 2380 2020 convinci.
2636 1950 2639 1957 λ
2820 1950 2827 1958 ’
3152 1950 3161 1957 θ
3386 1950 3391 1955 ’

1878 2044 1883 2049 ’
1943 2058 2097 2119 .Iesus
2149 2067 2323 2112 autem
2362 2059 2556 2124 sciens,
2600 2060 2809 2133 secessit
2834 2057 2974 2117 inde.
3006 2056 3195 2137 Sciens
3239 2055 3465 2137 insidias

1874 2166 2083 2214 eorum,
2110 2152 2255 2223 quod
2285 2152 2484 2208 vellent
2513 2153 2741 2223 perdere
2781 2139 3117 2230 Salvatorem
3150 2165 3328 2221 suum,
3381 2162 3473 2208 rc-‘

1874 2242 2041 2299 cessit
2068 2242 2214 2310 inde,
2240 2232 2303 2297 ut
2330 2242 2623 2297 Pharisaais
2651 2250 2842 2298 contra
2887 2258 2947 2297 se
2980 2242 3273 2319 impietatis
3300 2257 3465 2298 occa-

1875 2334 2083 2390 sionem
2116 2333 2376 2413 auferret.
2412 2332 2652 2391 Secessit
2679 2334 2837 2415 quasi
2876 2333 3060 2415 homo,
3092 2334 3304 2409 fugiens
3346 2347 3466 2403 per-

1875 2406 2217 2496 Sequentiuni
2245 2410 2491 2489 insidias,
2524 2424 2651 2495 quia
2680 2406 2855 2493 neque
2875 2406 3054 2503 adhuc
3085 2406 3308 2503 venerat
3333 2422 3469 2476 hora

1873 2517 2143 2587 passionis
2168 2518 2307 2589 ejus,
2335 2532 2510 2588 neque
2535 2506 2695 2572 extra
2716 2496 3016 2597 Jerusalem
3040 2502 3145 2571 fuit
3167 2496 3318 2589 locus
3335 2530 3467 2597 pas-

1875 2612 2063 2667 sionis.
2096 2611 2334 2675 Secessit
2364 2611 2572 2694 fugiens
2603 2626 2722 2691 sese
2763 2592 3347 2710 odio‘persequentes,

1875 2704 1949 2761 ibi
1974 2706 2208 2761 accessit
2231 2706 2317 2759 ubi
2344 2690 2765 2795 pluresinven‘it
2802 2690 2925 2779 sese
2967 2690 3333 2791 periuriorem
3378 2718 3467 2775 se-

1875 2805 2123 2867 quentes.
2156 2796 2293 2851 Nam
2326 2795 2577 2851 subditur
2602 2814 2615 2849 :
2966 2798 2973 2805 ’

1947 2887 2016 2942 Et
2042 2889 2206 2943 secuti
2239 2897 2359 2943 sunt
2412 2905 2529 2942 eum
2578 2887 2751 2953 multi,
2795 2897 2845 2961 et
2889 2888 3092 2969 curavit
3138 2904 3224 2969 eos
3270 2882 3477 2941 omnes.

1877 2981 2019 3036 Ecce
2064 2979 2345 3046 Pharisaei,
2400 2980 2642 3050 magistri
2684 2963 2935 3034 videlicet
2981 2960 3189 3057 plebis,
3226 2975 3471 3057 unanimi

1880 3066 2171 3129 Dominum
2195 3073 2424 3129 consilio
2465 3072 2695 3143 perdere
2722 3064 3005 3142 quarunt;
3038 3079 3093 3123 at
3130 3070 3283 3143 turba
3315 3070 3470 3124 indo-

1802 3135 1851 3221 Ο
1879 3175 1965 3222 cta
1986 3174 2041 3222 et
2080 3166 2272 3236 vulgus
2299 3150 2655 3234 undecunque
2700 3163 2986 3245 collectum
3029 3146 3271 3245 unanimi
3325 3160 3474 3216 illum

1880 3255 2165 3311 dilectione
2217 3242 2539 3326 sequuntur.
2594 3252 2673 3307 Illi
2726 3240 2972 3329 videntes
2999 3236 3164 3322 opera
3208 3252 3473 3329 virtutum

1877 3342 2015 3417 ejus,
2046 3335 2101 3403 et
2128 3348 2291 3401 verba
2319 3347 2579 3417 doctrinae
2610 3328 2917 3410 audientes,
2944 3344 3076 3398 nihil
3107 3328 3338 3413 amplius
3366 3328 3475 3396 dis-

1878 3432 2005 3495 cere
2033 3455 2198 3510 quam
2224 3448 2287 3494 ut
2324 3427 2449 3495 eum
2495 3443 2977 3509 persequerentur,
3026 3437 3312 3503 volebant;
3363 3435 3475 3502 isti,

1879 3531 2131 3601 opinione
2162 3538 2374 3585 tantum
2405 3529 2554 3585 ducti
2581 3529 2846 3584 virtutum
2899 3528 3040 3598 ejus,
3073 3537 3335 3601 congesto
3380 3544 3476 3598 ag-

1880 3616 2025 3678 mine
2050 3623 2392 3692 permaximo
2417 3612 2645 3677 veniunt
2673 3622 2742 3695 ad
2772 3620 3100 3677 audiendum
3123 3606 3479 3695 eunt,-0pem-

1881 3726 1985 3783 que
2011 3713 2201 3769 salutis
2231 3712 2602 3784 ﬂagitaudatn.
2800 3701 2805 3705 ’
2936 3702 2941 3709 ’
2976 3698 2983 3707 ⁸
3072 3706 3081 3711 Χ
3134 3704 3139 3709 ’
3290 3696 3295 3701 ’
3328 3694 3341 3723 τ
3398 3696 3403 3701 κ

1954 3805 2023 3859 Et
2072 3806 2316 3876 prwcepit
2351 3806 2424 3860 eis
2453 3822 2515 3859 ne
2543 3805 2886 3876 manifestum
2911 3821 3029 3873 eum
3061 3804 3312 3881 facerent.
3336 3802 3482 3881 Prte-

1883 3896 2026 3965 cepit
2074 3897 2217 3949 enim
2262 3896 2384 3962 hoc,
2433 3912 2539 3951 non
2584 3904 2809 3967 propter
2848 3892 3097 3950 timorem
3142 3895 3360 3959 mortis,
3414 3908 3481 3948 ne

1882 3986 2021 4042 forte
2048 3986 2296 4058 proditus
2327 3987 2439 4055 jam
2468 3988 2831 4051 occidetetur,
2864 3987 2953 4041 cui
2981 3994 3098 4039 erat
3131 3968 3181 4038 in
3212 3992 3480 4055 potestate

1886 4081 2063 4135 anima
2094 4082 2212 4145 sua,
2273 4081 2365 4135 sed
2408 4080 2682 4149 parcendo
2738 4077 2958 4143 ιῐυίίτθὶε,
3011 4094 3079 4133 ne
3125 4064 3224 4148 ipsi
3278 4076 3480 4156 invidia

1886 4171 2293 4225 trucidarentur
2338 4172 2684 4226 innocentem
2734 4171 3131 4249 persequendo.
3169 4168 3244 4225 De
3285 4169 3487 4240 quibus

1852 4278 1857 4282 ’
1887 4262 2014 4317 alibi
2046 4262 2262 4333 legitur,
2287 4279 2403 4317 vere
2430 4261 2618 4318 stultos
2656 4262 2904 4331 interﬁcit
2942 4262 3240 4339 iracundia,
3284 4271 3331 4316 et
3358 4278 3482 4332 par-

1887 4354 2038 4409 vulos
2084 4355 2271 4410 occidit
2305 4356 2525 4410 invidia.
2582 4354 2693 4410 Nos
2743 4364 2946 4419 autem,
2994 4352 3342 4426 tropologlCe,
3395 4353 3481 4407 in-

1889 4446 2070 4513 struit,
2110 4455 2168 4500 ut
2196 4462 2319 4501 cum
2368 4446 2571 4517 aliquid
2599 4447 2778 4519 magni
2806 4446 3114 4513 fecerimus,
3164 4445 3377 4502 laudem
3403 4445 3485 4502 fo—

1890 4539 2131 4593 rinsecus
2159 4555 2266 4594 non
2301 4554 2624 4609 quarramus.
3200 4528 3201 4531 “

1965 4628 2031 4683 Ut
2084 4629 2459 4701 atlimpleretur
2494 4630 2634 4699 quod
2678 4631 2874 4682 dictum
2922 4640 2996 4683 est
3023 4647 3115 4699 per
3140 4629 3341 4684 Isaiam
3365 4647 3485 4697 pro-

1891 4730 2099 4800 phetam
2129 4728 2380 4782 dicentem
2412 4745 2426 4781 :
2470 4726 2605 4780 Ecce
2637 4742 2767 4797 puer
2787 4743 2953 4792 meus,
2988 4743 3138 4797 quem
3168 4727 3315 4796 elegi,
3349 4723 3484 4779 dile-

1896 4831 2009 4873 ctus
2048 4835 2192 4873 meus
2226 4820 2281 4871 in
2310 4835 2411 4889 quo
2442 4818 2567 4871 bene
2596 4816 2906 4885 complacuit
2931 4819 3123 4872 animle
3152 4833 3299 4870 mete.
3331 4816 3485 4883 Quod

1899 4912 2042 4967 enim
2068 4911 2329 4980 propheta
2359 4911 2425 4965 de
2445 4908 2539 4964 illo
2565 4909 2803 4964 futurum
2826 4909 3096 4995 praedixit,
3127 4900 3487 4964 necesseerat

1857 5046 1860 5051 .
1899 5002 1955 5057 in
1988 5003 2106 5073 ipso
2153 5002 2385 5074 impleri,
2436 5010 2501 5058 ut
2530 5000 2838 5059 innocentia
2888 4993 2963 5057 et'
2987 4993 3341 5057 mansuetudo
3370 5001 3486 5070 ejus

1897 5110 2087 5152 verum
2135 5098 2514 5167 comprobaret
2570 5096 2954 5166 prophetarum
2998 5094 3295 5149 oraculum.
3346 5093 3521 5148 Puer'

1900 5203 2030 5259 ergo
2058 5188 2274 5242 Domini
2300 5195 2384 5243 est
2405 5185 2584 5253 Jesus,
2614 5186 2742 5256 quia
2774 5184 3003 5239 formam
3028 5183 3169 5239 servi
3199 5186 3406 5256 accepit
3435 5194 3489 5241 et
3516 5248 3521 5253 ο

1900 5281 2088 5337 habitu
2116 5281 2366 5336 inventus
2391 5290 2475 5336 est
2502 5289 2560 5334 ut
2586 5281 2779 5346 homo;
2799 5280 2893 5355 sed
2921 5288 3095 5333 tamen
3119 5278 3342 5345 electus,
3363 5270 3521 5352 quia"

1898 5373 2028 5443 ipse,
2071 5372 2213 5427 sicut
2260 5372 2540 5441 Scriptura
2589 5370 2741 5435 dicit,
2787 5369 2979 5423 electus
3008 5380 3081 5425 est
3117 5374 3193 5425 ea:
3233 5362 3486 5436 millibus,

1897 5450 2071 5521 verus,
2104 5465 2313 5521 scilicet
2342 5466 2511 5520 David
2532 5506 2547 5531 ,
2583 5466 2669 5519 vir
2698 5464 2993 5519 secundant
3021 5481 3117 5521 cor
3156 5463 3368 5520 Domini
3407 5448 3493 5517 in;

1899 5565 2113 5623 ventus,
2152 5556 2245 5626 qui
2267 5554 2398 5611 fecit
2426 5571 2616 5611 omnes
2653 5555 2961 5612 voluntates
2990 5554 3128 5626 ejus.
3160 5555 3378 5610 Electus
3406 5562 3491 5608 est

1898 5650 2042 5705 enim
2088 5649 2144 5703 in
2180 5634 2324 5719 cpus
2367 5648 2509 5718 quod
2538 5663 2699 5704 nemo
2729 5648 2867 5704 alius
2915 5649 3065 5715 fecit,
3112 5659 3171 5703 ut
3201 5648 3493 5723 redimeret

1902 5756 2072 5815 genus
2148 5742 2444 5797 humanum
2525 5748 2581 5797 et
2650 5739 2965 5813 paciﬁcaret
3040 5738 3301 5798 mundum
