3960 6360
479 395 584 452 455

1117 393 1178 448 Β.
1221 393 1476 450 RABANI
1514 393 1735 450 MAURI
1771 390 2093 449 ARCHIEP.
2135 387 2446 449 MOGUNT.
2489 389 2776 449 OPERUM
2815 389 2996 447 PARS
3033 388 3097 446 Il.

3667 386 3781 445 456

479 512 609 568 Deo.
650 515 876 582 Quando
902 515 1046 569 enim
1079 514 1193 584 ipse
1227 515 1461 587 eligitur,
1493 516 1657 572 homo
1685 524 1803 582 est;
1849 512 2066 584 quando
2092 511 2146 574 Α
2170 509 2316 566 bitur
2341 510 2569 575 insidiis,
2604 510 2774 566 donec
2804 516 2970 579 ponat
3001 508 3058 562 in
3095 514 3240 563 terra
3261 505 3644 578 judicium,et
3672 507 3779 566 im-

477 605 645 677 eligit,
672 606 814 664 Deus
839 615 924 663 est
951 625 964 661 :
999 610 1055 662 in
1079 607 1286 664 duabus
1309 609 1526 679 quidem
1564 609 1777 665 naturis
1799 623 1908 664 una
1943 623 2065 678 per-

475 712 610 754 sona
638 708 722 756 est
763 699 1033 757 Christus.
1075 701 1135 756 In
1177 701 1295 772 ipso
1333 710 1516 756 autem
1555 701 1693 757 bene
1739 699 2066 769 complacuit

477 791 580 849 sibi
617 792 798 847 anima
822 792 940 860 Dei,
981 793 1104 863 quia
1138 792 1256 864 ipse
1284 792 1430 849 solus
1467 800 1551 849 est
1591 791 1778 865 Agnus
1800 793 1915 848 sine
1938 807 2066 863 pec-

475 885 582 940 cati
611 884 846 952 macula,
875 883 943 940 de
967 900 1076 957 quo
1120 893 1178 941 et
1216 893 1443 956 paterna
1471 900 1579 942 vox
1619 885 1749 942 dicit
1779 903 1793 941 :
1842 884 1948 940 Hic
1989 895 2064 942 est

474 976 647 1034 Filius
676 996 820 1035 meus
860 978 1102 1047 dilectus,
1132 981 1188 1035 in
1213 997 1314 1052 quo
1355 980 1485 1035 mihi
1511 979 1637 1035 bene
1678 979 1990 1051 complacui.

544 1068 750 1126 Ponam
777 1072 1019 1143 spiritum
1045 1089 1216 1128 meum
1251 1090 1408 1144 super
1435 1089 1554 1128 eum
1583 1081 1632 1128 et
1653 1073 1919 1144 judicium
1941 1089 2066 1144 gen-

471 1161 606 1217 tibus
634 1163 915 1217 nuntiabit.
972 1163 1054 1218 Ex
1079 1179 1311 1235 persona
1345 1163 1526 1220 Patris
1569 1166 1672 1221 hoc
1711 1181 1810 1236 per
1832 1165 2064 1236 prophe-

471 1261 581 1307 tam
621 1252 846 1321 dicitur;
878 1253 1101 1324 spiritus
1130 1255 1326 1326 quippe
1363 1255 1583 1327 ponitur
1629 1272 1736 1312 non
1778 1271 1941 1326 super
1967 1255 2064 1312 Dei

468 1343 728 1412 Verbum,
766 1356 823 1403 et
861 1363 1024 1419 super
1073 1349 1421 1420 Unigenitum
1464 1352 1558 1424 qui
1612 1353 1680 1407 de
1724 1353 1845 1408 sinu
1885 1353 2064 1408 Patris

466 1438 755 1509 processit,
792 1441 888 1495 sed
914 1454 1079 1511 super
1118 1455 1244 1496 eum
1286 1443 1351 1498 de
1393 1457 1501 1513 quo
1531 1443 1735 1498 dictum
1763 1453 1847 1500 est
1880 1461 1892 1498 :
1930 1443 2065 1498 Ecce

468 1547 598 1585 nuer
622 1547 802 1598 meus;
829 1541 888 1587 et
923 1532 1056 1589 item
1101 1548 1116 1587 :
1159 1532 1478 1605 Requiescet,
1514 1535 1710 1607 inquit,
1743 1553 1898 1608 super
1945 1553 2063 1592 eum

466 1622 682 1692 spiritus
720 1623 958 1692 Domini,
986 1625 1202 1697 spiritus
1231 1627 1502 1698 sapientia:
1531 1635 1578 1680 et
1613 1626 1927 1696 intellectus,
1951 1629 2062 1700 spi-

467 1716 596 1770 ritus
623 1716 830 1773 consilii
865 1727 914 1774 et
955 1719 1306 1790 fortitudinis,
1353 1720 1569 1790 spiritus
1596 1721 1826 1776 scientia:
1862 1731 1908 1776 et
1949 1723 2062 1792 pie-

463 1810 604 1876 tatis,
645 1820 694 1866 et
735 1811 949 1883 replebit
991 1830 1110 1867 eum
1144 1813 1358 1884 spiritus
1404 1813 1606 1868 timoris
1650 1812 1882 1868 Domini.
1907 1811 2061 1869 Judi-

2165 603 2342 675 pletur
2371 603 2500 658 illud
2529 604 2675 675 quod
2703 603 2967 673 scriptum
2991 597 3252 658 estzFiat
3281 600 3522 656 voluntas
3550 610 3654 657 tua
3676 602 3782 658 sio-

2170 703 2225 748 ut
2259 695 2312 748 in
2340 693 2466 748 caelo
2501 703 2551 749 et
2580 695 2636 748 in
2668 703 2825 749 terra.

2235 789 2305 843 Et
2327 790 2381 843 in
2413 789 2619 843 nomine
2647 789 2762 859 ejus
2791 798 2964 860 gentes
2995 788 3298 860 sperabunt.
3320 787 3514 843 Merito
3551 802 3698 859 ergo
3720 790 3780 842 in

2167 884 2373 938 nomine
2416 883 2531 954 ejus
2578 891 2752 953 gentes
2792 883 3096 953 sperabunt,
3149 883 3276 954 quia
3305 882 3418 952 ipse
3458 889 3550 937 est
3576 895 3781 938 semen

2166 976 2231 1032 de
2259 991 2366 1046 quo
2397 975 2724 1047 promissum
2753 984 2836 1032 est
2879 975 3112 1032 Abrahae
3138 975 3283 1046 quod
3313 976 3365 1030 in
3395 974 3610 1032 semine
3658 973 3783 1042 eius

2165 1068 2616 1125 benedicerentur
2645 1083 2836 1124 omnes
2861 1076 3050 1140 gentes
3093 1076 3283 1125 terrae:
3319 1067 3384 1123 de
3409 1083 3523 1138 quo
3549 1075 3610 1122 et
3639 1082 3784 1137 pra:-

2166 1161 2343 1218 dictus
2387 1161 2554 1219 Isaias
2601 1162 2683 1218 ait
2721 1204 2735 1218 .
2789 1159 2962 1216 Radix
3007 1161 3158 1218 Iesse
3179 1162 3268 1234 qui
3310 1169 3783 1232 ersurget_reger¢

2165 1265 2363 1328 gentes,
2399 1256 2455 1312 in
2485 1273 2603 1312 eum
2633 1265 2809 1329 gentes
2855 1256 3162 1328 sperabunt,
3208 1256 3479 1326 ipsumque
3520 1255 3784 1324 depreca-

2167 1347 2379 1404 buntur.

2239 1441 2306 1497 In
2356 1445 2562 1499 nomine
2601 1443 2801 1516 quippe
2843 1443 2960 1514 ejus
2999 1459 3178 1498 omnes
3216 1450 3392 1514 gentes
3439 1441 3744 1514 sperabunt
3767 1483 3780 1505 ,

2167 1535 2312 1606 quia,
2355 1543 2416 1590 ut
2447 1535 2640 1591 Petrus
2670 1535 2766 1601 ait,
2811 1552 2916 1590 non
2955 1545 3029 1592 est
3077 1533 3227 1588 aliud
3260 1551 3448 1589 nomen
3492 1534 3596 1588 sub
3653 1533 3785 1588 calo

2166 1627 2349 1682 datum
2401 1627 2719 1693 hominibus,
2759 1643 2853 1697 per
2878 1626 3018 1699 quod
3057 1626 3258 1698 possint
3285 1624 3524 1679 salvari:
3574 1624 3682 1678 sed
3732 1625 3783 1675 in

2167 1723 2376 1777 nomine
2423 1722 2574 1788 Jesu,
2621 1723 2776 1793 juxta
2807 1721 2960 1776 Pauli
2986 1736 3197 1786 vocem,
3239 1735 3390 1774 omne
3420 1735 3562 1790 genu
3606 1718 3786 1786 ﬂecte-

2167 1822 2274 1880 tur,
2307 1813 2614 1879 caelestium,
2661 1814 2988 1868 terrestrium
3021 1822 3068 1867 et
3104 1812 3470 1881 infernarum;
3523 1824 3576 1864 et
3611 1810 3786 1864 omnis

465 1901 610 1958 cium
680 1919 811 1977 ergo
873 1905 971 1962 Dei
1027 1904 1291 1962 Dominus
1366 1904 1524 1961 Jesus
1598 1907 1849 1978 gentibus
1927 1923 2067 1962 nun-
2094 1885 2142 1945 Β
2169 1903 2352 1977 lingua
2381 1906 2730 1975 conﬁtebitur,
2762 1906 2888 1977 quia
2908 1905 3168 1960 Dominus
3209 1906 3363 1960 Iesus
3396 1906 3451 1958 in
3478 1903 3667 1974 gloria
3716 1913 3785 1955 est

465 1995 639 2063 tiavit,
671 1997 798 2066 quia
845 1997 1088 2054 futurum
1107 1996 1375 2068 judicium
1415 2014 1595 2065 suum,
1629 2001 1772 2070 quod
1811 1999 1912 2055 illae
1957 2000 2062 2056 mi-

465 2085 612 2140 nime
667 2087 1040 2156 crediderunt,
1092 2105 1192 2159 per
1236 2089 1590 2161 Evangelium
1658 2105 1815 2146 suum
1867 2099 1921 2147 et
1967 2107 2066 2162 per

462 2177 849 2247 praedicatores
883 2179 1017 2236 Novi
1068 2181 1404 2236 Testamenti
1448 2180 1730 2253 patefecit,
1776 2183 2066 2256 docuitque

462 2282 556 2324 eas
585 2271 746 2327 modo
775 2286 938 2343 agere
962 2272 1167 2346 judicia
1197 2272 1349 2343 justa
1384 2282 1439 2330 et
1471 2275 1714 2332 devitarc
1747 2276 1954 2348 judicia
1981 2278 2064 2333 in-

456 2359 626 2430 justa.
670 2363 930 2435 Sequitur
956 2382 970 2419 :

537 2453 661 2508 Non
683 2456 978 2524 contendet,
1009 2473 1172 2529 neque
1198 2458 1466 2526 clamabit,
1488 2477 1650 2532 neque
1671 2460 1850 2516 audiet
1872 2461 2063 2533 aliquis

461 2545 517 2601 in
571 2547 757 2618 plateis
792 2567 964 2605 uocem
1003 2551 1138 2620 ejus.
1179 2551 1297 2608 Non
1327 2553 1610 2609 contendit
1636 2569 1766 2624 ergo
1814 2553 2064 2610 Christus

464 2651 640 2704 neque
687 2637 961 2707 clamavit,
1001 2655 1178 2712 neque
1229 2641 1416 2698 audita
1475 2653 1558 2700 est
1613 2644 1667 2699 in
1710 2645 1909 2716 plateis
1956 2662 2062 2703 vox

463 2724 607 2797 ejus,
636 2731 762 2800 quia
791 2747 908 2785 cum
937 2731 1357 2801 malediceretur,
1394 2751 1497 2789 non
1528 2735 1894 2803 maledicebat,
1943 2753 2062 2791 cum

461 2827 750 2892 pateretur,
794 2839 898 2901 non
937 2827 1398 2884 comminabatur:
1434 2829 1684 2886 tradebat
1712 2840 1894 2898 autem
1917 2830 2064 2902 judi-

462 2914 610 2969 canti
644 2929 702 2971 se
731 2913 952 2987 injuste,
983 2935 1182 2990 corpus
1219 2936 1377 2977 suum
1405 2921 1554 2978 dedit
1592 2924 2024 2994 percutientibus
2044 2967 2059 2994 ,

461 3012 518 3062 et
543 3021 708 3077 genas
752 3025 878 3066 suas
907 3010 1250 3079 vellentibus,
1302 3014 1438 3068 sicut
1485 3014 1594 3069 ovis
1640 3015 1710 3068 ad
1748 3016 2061 3072 occisionem

464 3096 652 3153 ductus
684 3109 782 3167 est,
809 3110 857 3156 et
884 3118 990 3157 non
1012 3104 1216 3173 aperuit
1239 3122 1297 3158 os
1326 3122 1500 3160 suum.
1525 3107 1829 3180 Allegoricc
1854 3119 2056 3180 autem,

461 3208 569 3248 non
612 3195 820 3252 audivit
847 3197 1136 3268 quisquam
1167 3201 1222 3254 in
1252 3199 1447 3270 plateis
1469 3216 1658 3257 vocem
1679 3201 1906 3268 Christi,
1931 3205 2059 3274 quia

2169 1995 2268 2053 Dei
2296 1997 2511 2053 Patris:
2537 1999 2629 2068 qui
2664 2014 2786 2055 cum
2815 1998 2977 2053 Patre
3000 2007 3055 2054 et
3082 1997 3288 2069 Spiritu
3328 2004 3526 2053 sancto
3560 1995 3706 2050 vivit
3729 2003 3787 2048 et

2168 2101 2358 2164 regnat
2378 2093 2521 2150 Deus
2546 2107 2645 2164 per
2671 2093 2852 2148 omnia
2883 2091 3080 2149 saecula
3106 2092 3446 2148 saeculorum.
3477 2090 3686 2145 Amen.

2700 2226 2988 2285 HOMILIA
3021 2224 3225 2284 CLXII.

2829 2346 2989 2388 FERIA
3005 2339 3101 2388 'vr.

2333 2444 2520 2502 Lectio
2547 2445 2721 2502 sancti
2750 2445 3027 2518 Evangelii
3058 2443 3355 2502 secundum
3379 2444 3615 2501 Lucam.

2238 2557 2305 2614 In
2334 2558 2424 2614 illo
2460 2569 2710 2630 tempore,
2749 2561 2874 2614 dum
2901 2560 3181 2629 iret’Jesus
3211 2579 3303 2632 per
3333 2562 3578 2617 civitates
3622 2571 3672 2615 et
3703 2578 3786 2615 ca-

2168 2647 2344 2714 stella,
2375 2649 2566 2704 docens
2597 2657 2646 2703 et
2687 2649 2786 2704 iter
2814 2649 3015 2719 faciens
3057 2648 3379 2716 Jerusalem,
3416 2651 3492 2703 ait
3542 2651 3624 2701 illi
3671 2649 3790 2720 qni—

2169 2742 2334 2796 dant:
2361 2741 2605 2808 Domine,
2641 2743 2687 2796 si
2712 2743 2871 2813 pauci
2892 2753 3012 2798 sunt
3054 2745 3146 2814 qui
3184 2744 3502 2799 salvantur?
3546 2743 3676 2814 Ipse
3701 2762 3789 2798 asse

2167 2842 2270 2887 tem
2308 2834 2440 2888 dixit
2481 2834 2552 2888 ad
2595 2832 2715 2890 illos
2742 2851 2761 2890 .°
2786 2833 3093 2892 Contendite
3120 2837 3320 2893 intrare
3358 2855 3456 2909 per
3495 2851 3785 2909 angustans

2165 2935 2394 2996 portam,
2427 2933 2534 2982 etc.

2235 3018 2340 3075 Per
2375 3028 2662 3091 angustam
2689 3029 2904 3092 portam
2945 3021 3064 3076 aula
3101 3019 3295 3076 salutis
3336 3019 3608 3084 intratur,
3660 3023 3784 3091 quia

2165 3123 2389 3166 necesse
2426 3119 2508 3166 est
2547 3120 2609 3166 ut
2644 3125 2743 3181 per
2781 3110 2996 3167 labores
3035 3120 3092 3166 et
3125 3109 3333 3182 jejunia
3385 3110 3644 3166 fallentis
3689 3129 3786 3166 δερ»

2164 3202 2270 3257 culi
2314 3201 2571 3257 illecebra
2617 3202 2901 3267 vincatur;
2943 3211 2998 3258 et
3032 3202 3173 3258 bene
3225 3201 3364 3258 dixit
3410 3217 3426 3256 :
3463 3200 3788 3257 Contendit:

461 3282 571 3341 lata
614 3297 688 3343 est
718 3289 801 3344 via
828 3307 948 3361 quae
988 3292 1133 3346 ducit
1173 3292 1242 3347 ad
1275 3294 1641 3364 perditionem,
1693 3288 1746 3349 et
1792 3295 1942 3349 multi
1970 3297 2062 3368 qui
2089 3279 2134 3344 C
2167 3294 2388 3359 intrare,
2433 3293 2560 3364 quia
2605 3293 2711 3350 nisi
2760 3293 2960 3350 mentis
3011 3294 3292 3350 contentio
3329 3293 3592 3362 ferveat,
3648 3295 3788 3352 unda

461 3377 828 3448 ingrediuntur
864 3397 957 3452 per
982 3398 1132 3449 eam;
1160 3383 1252 3454 qui
1279 3383 1435 3440 multi
1463 3401 1573 3442 non
1611 3385 1841 3441 audiunt
1872 3401 2063 3444 vocem

465 3466 784 3539 Salvatoris,
817 3473 944 3543 quia
989 3490 1096 3531 non
1122 3485 1250 3532 sunt
1279 3478 1333 3533 in
1360 3487 1513 3536 arcta
1542 3479 1652 3548 via,
1702 3480 1799 3536 sed
1843 3481 1906 3536 in.
1941 3497 2065 3554 spa-

467 3561 627 3619 tiosa.

534 3654 860 3714 Arundinem
890 3672 1194 3732 quassatam
1225 3680 1329 3719 non
1357 3664 1670 3736 confringet,
1700 3673 1746 3718 et
1777 3663 1943 3720 linunt
1977 3665 2064 3736 fu-

462 3748 666 3820 migans
716 3769 822 3808 non
865 3755 1174 3826 exstinguet.
1245 3757 1571 3811 Arundinem
1620 3767 1926 3829 quassatam
1969 3755 2065 3812 Ju-

461 3840 608 3898 dteos
635 3843 785 3910 dicit,
839 3855 1062 3917 propter
1096 3849 1242 3919 quod
1269 3865 1411 3905 unus
1436 3849 1668 3920 populus
1707 3857 1848 3915 erat,
1897 3857 1953 3905 et
1994 3848 2062 3905 ab

461 3929 694 3994 invicem
741 3935 1143 4010 discrepabant.
1185 3939 1376 3996 Linum
1421 3940 1686 4012 fumigans
1734 3958 1838 3997 non
1867 3944 2063 3998 exstin-

457 4033 598 4094 guet.
649 4025 912 4098 Populum
937 4031 1205 4101 ,videlicet
1235 4033 1301 4088 de
1341 4035 1592 4104 gentibus
1622 4043 2015 4107 congregatum
2044 4075 2060 4102 ,

464 4114 578 4184 qui,
600 4117 873 4176 exstincto
895 4120 1029 4192 legis
1046 4124 1310 4180 naturalis
1335 4123 1551 4192 ardore,
1576 4124 1708 4181 fumi
1729 4125 2061 4184 amarissimi

458 4217 514 4265 et
536 4211 629 4282 qui
681 4214 879 4270 noxius
904 4216 1078 4272 oculis
1121 4227 1206 4274 est
1252 4220 1658 4290 tenebrosaque
1689 4219 1937 4292 caliginis
1977 4222 2062 4276 in-

459 4309 780 4368 volvebatur
809 4314 1108 4382 erroribus,
1131 4330 1292 4385 quem
1320 4331 1427 4371 non
1459 4317 1633 4372 solum
1664 4333 1774 4374 non
1801 4317 2062 4375 exstinxit

457 4409 513 4456 et
535 4403 742 4474 redegit
765 4404 818 4458 in
851 4405 1110 4471 cinerem,
1143 4407 1239 4462 sed
1268 4424 1299 4463 e
1329 4407 1607 4462 contrario
1631 4409 1698 4462 de
1724 4423 1892 4478 parva
1917 4407 2062 4462 scin-

459 4493 578 4547 tilla
609 4504 663 4550 et
689 4511 828 4564 pene
863 4497 1129 4552 moriente
1165 4498 1403 4554 maxima
1448 4499 1733 4555 suscitavit
1781 4499 2058 4567 incendia,

459 4585 534 4641 ita
579 4595 639 4642 ut
687 4595 834 4645 totus
861 4590 1010 4646 orbis
1043 4589 1262 4647 arderet
1305 4591 1429 4662 igne
1471 4591 1687 4648 Domini
1734 4592 2053 4662 Salvatoris,

455 4690 619 4747 quem
650 4679 798 4734 venit
841 4681 1060 4738 mittere
1091 4698 1256 4754 super
1287 4689 1510 4738 terram.
1545 4681 1672 4738 Sive
1719 4683 1878 4740 aliter
1901 4726 1916 4752 ,
1962 4685 2056 4755 qui

454 4773 734 4841 peccatori
775 4790 884 4830 non
941 4776 1172 4848 porrigit
1233 4792 1476 4843 manum,
1528 4793 1629 4832 nec
1690 4785 1872 4847 portat
1921 4794 2058 4834 onus

457 4860 646 4918 fratris
683 4865 785 4929 sui,
827 4865 932 4920 iste
972 4875 1289 4936 quassatum
1335 4868 1605 4923 calamum
1650 4869 1973 4942 confringit;
2006 4878 2060 4926 et

454 4953 550 5022 qui
596 4955 866 5011 modicam
902 4957 1190 5012 scintillam
1222 4959 1521 5014 contemnit
1573 4959 1627 5014 in
1656 4960 1918 5030 parvulis,
1970 4961 2058 5017 hic

455 5043 629 5100 linum
654 5047 952 5120 exstinguit
985 5048 1257 5120 fumigans
1290 5067 1304 5104 :
1358 5050 1505 5122 quod
1545 5050 1798 5108 Christus
1841 5060 2056 5108 utrum-

455 5152 563 5207 que
591 5153 702 5195 non
739 5139 899 5209 fecit;
934 5142 1003 5197 ad
1044 5143 1151 5200 hoc
1177 5143 1324 5200 enim
1359 5153 1584 5202 venerat
1619 5154 1680 5200 ut
1719 5145 1927 5201 salvum
1969 5145 2054 5201 fa-

457 5239 609 5286 ceret
650 5233 792 5301 quod
821 5234 1077 5304 perierat,
1112 5244 1168 5291 et
1195 5251 1350 5294 ovem
1396 5252 1684 5294 erroneam
1731 5238 1798 5293 ad
1837 5252 2052 5310 gregem

457 5321 514 5377 in
555 5323 670 5379 suis
697 5326 867 5381 sacris
908 5327 1150 5386 humeris
1189 5340 1536 5403 reportaret;
1580 5331 1724 5386 unde
1765 5332 2050 5401 sequitur:

530 5413 710 5471 Donec
759 5418 939 5488 ejiciat
989 5419 1060 5475 ad
1095 5422 1368 5478 victoriam
1407 5421 1697 5493 judicium.
1739 5421 1846 5478 Iste
1871 5431 2051 5479 autem

456 5505 551 5576 qui
599 5505 919 5566 arundinem
947 5522 1262 5583 quassatam
1310 5526 1416 5568 non
1472 5510 1732 5568 contrivit
1777 5521 1832 5568 et
1882 5513 2053 5569 linum

456 5593 748 5657 fulminans
773 5617 882 5659 non
924 5605 1208 5669 exstinxit,
1250 5603 1514 5673 judicium
1554 5619 1771 5674 quoque
1798 5604 2052 5675 perduxit

456 5693 525 5749 ad
559 5681 866 5765 vietoriam,
898 5698 1052 5768 cujus
1075 5697 1280 5768 judicia
1329 5713 1458 5753 vera
1489 5706 1618 5753 sunt
1650 5697 1950 5767 justiﬁcata
1993 5700 2050 5755 in

457 5789 800 5862 Settletipsis,
864 5793 1048 5848 tandiu
1103 5791 1282 5847 lumen
1353 5791 1758 5862 praedicationis
1811 5792 1928 5865 ejus
1993 5792 2047 5849 in

455 5867 661 5936 lunndo
689 5880 1013 5949 resplendet,
1044 5880 1329 5954 nullusque
1355 5893 1669 5941 conteretur
1696 5899 1797 5944 nec
1821 5898 2047 5958 supera-

2165 3383 2374 3439 mundi.
2405 3400 2514 3440 non
2555 3383 2800 3441 vincitur
2826 3425 2841 3452 ,
2868 3397 2965 3457 per
2996 3400 3161 3456 quam
3210 3384 3392 3440 anima
3438 3400 3681 3456 semper
3726 3386 3786 3441 ad

2165 3475 2276 3531 ima
2304 3484 2615 3533 revocatur.

2238 3569 2378 3637 Quia
2415 3571 2608 3646 multi,
2651 3571 2772 3627 dico
2806 3569 2960 3626 vobis
2989 3610 3004 3638 ,
3033 3580 3277 3642 quierunt
3323 3572 3534 3626 intrare
3591 3582 3648 3626 et
3693 3589 3787 3628 λοι

2162 3674 2426 3736 poterunt.
2467 3665 2730 3733 Quaerunt
2756 3665 2962 3720 intrare
2989 3663 3183 3720 salutis
3226 3679 3413 3720 amore
3441 3667 3785 3736 provocati,

2163 3764 2218 3812 et
2256 3773 2365 3812 non
2389 3763 2678 3827 poterunt,
2710 3756 2925 3812 itineris
2960 3757 3260 3827 asperitate
3291 3756 3553 3813 deterriti
3589 3778 3605 3814 :
3647 3773 3788 3830 qua-

2164 3857 2291 3902 runt
2326 3849 2431 3904 hoc
2460 3847 2752 3903 ambitione
2779 3848 3148 3919 praemiorum,
3173 3864 3204 3903 a
3228 3863 3335 3919 quo
3357 3863 3490 3903 mox
3515 3848 3786 3905 laborum

2166 3941 2361 3998 timore
2404 3939 2708 4013 refugiunt;
2742 3957 2849 3996 non
2879 3941 3004 4011 quia
3027 3941 3217 4012 jugum
3260 3940 3478 3996 Domini
3511 3941 3798 4014 asper-unt

2164 4042 2257 4087 aut
2291 4048 2429 4089 onus
2458 4041 2543 4088 est
2572 4047 2755 4104 grave,
2798 4032 2893 4088 sed
2919 4031 3047 4101 quia
3082 4031 3272 4088 nolunt
3306 4031 3522 4088 discere
3574 4033 3660 4088 ab
3693 4048 3785 4099 eo,

2161 4126 2408 4197 quoniam
2436 4126 2577 4181 mitis
2623 4135 2698 4180 est
2738 4134 2786 4181 et
2815 4123 3030 4179 humilis
3060 4124 3217 4180 corde
3250 4133 3312 4180 ut
3355 4124 3664 4182 inveniant
3706 4143 3785 4182 re-

2163 4217 2345 4288 quiem
2381 4215 2666 4273 animabus
2705 4216 2848 4282 suis;
2895 4231 3089 4287 eoque,
3115 4215 3179 4273 lit
3202 4223 3434 4288 angusta
3472 4225 3655 4288 porta
3681 4231 3781 4288 qua

2162 4307 2396 4364 intratur
2411 4308 2479 4363 ad
2520 4308 2727 4364 vitam.‘
2935 4374 2941 4377 _

2233 4399 2366 4455 Cum
2404 4409 2581 4454 autem
2621 4401 2895 4455 intraverit
2938 4397 3325 4471 paterfamilias
3351 4440 3367 4466 ,
3410 4409 3462 4455 et
3509 4399 3782 4458 clauserit

2162 4497 2374 4562 ostium,
2418 4505 2546 4552 tunc
2575 4497 2835 4566 incipietis
2863 4495 2995 4566 foris
3029 4506 3189 4563 stare,
3219 4505 3270 4550 et
3305 4493 3518 4567 pulsare
3547 4501 3780 4563 ostium,

2161 4590 2429 4644 dicentes:
2462 4589 2706 4656 Domine,
2736 4591 2883 4660 aperi
2913 4589 3081 4645 nobis.
3121 4588 3546 4657 Paterfamilias,
3578 4591 3780 4646 Domi-

2162 4698 2265 4738 nus
2293 4682 2544 4739 videlicet
2565 4681 2836 4749 Christus,
2873 4683 2966 4753 qui
2993 4683 3196 4753 ubique
3230 4691 3379 4739 totus
3406 4674 3493 4739 est
3519 4698 3601 4738 ex
3637 4685 3777 4740 divi-

2157 4775 2352 4840 nitate,
2395 4775 2543 4830 intus
2566 4773 2789 4845 quidem
2833 4781 2920 4829 est
2961 4774 3040 4828 eis
3066 4790 3204 4843 quos
3238 4774 3293 4828 in
3325 4773 3534 4829 caelesti
3587 4777 3777 4845 patria

2155 4882 2396 4936 praesens
2421 4881 2518 4923 sua
2547 4866 2754 4922 visione
2777 4864 3039 4930 latiﬁcat,
3070 4865 3165 4921 sed
3196 4864 3352 4935 quasi
3380 4864 3517 4920 loris
3536 4876 3644 4921 est
3686 4867 3777 4921 ad-

2157 4964 2264 5018 huc
2298 4963 2377 5018 eis
2402 4977 2538 5032 quos
2563 4961 2618 5015 in
2658 4961 2762 5015 hac
2789 4958 3230 5030 peregrinatione
3261 4965 3539 5014 certantes
3572 4959 3774 5014 occul-

2157 5064 2246 5111 tus
2283 5055 2592 5110 consolator
2620 5051 2862 5122 adjuvat,
2887 5051 3044 5122 juxta
3087 5051 3233 5121 quod
3275 5050 3390 5120 ipse
3433 5050 3713 5120 promisit
3757 5069 3771 5102 :

2159 5143 2296 5200 Ecce
2320 5161 2411 5215 ego
2435 5143 2696 5199 vobiscum
2722 5158 2838 5197 sum
2865 5141 3106 5196 omnibus
3135 5141 3315 5194 diebus
3339 5156 3503 5210 usque
3531 5140 3615 5192 ad
3639 5159 3771 5194 ron-

2159 5237 2564 5292 summationem
2624 5233 2826 5291 sa’culi.
2884 5233 3116 5288 Intrabit
3184 5241 3363 5288 autem
3430 5241 3489 5287 et
3538 5233 3774 5290 claudet

2157 5327 2358 5384 ostium
2383 5367 2398 5394 ,
2429 5325 2647 5397 quando
2674 5332 2850 5380 totum
2877 5339 3077 5395 corpus
3115 5339 3295 5389 suum,
3343 5323 3491 5395 quod
3517 5335 3614 5380 est
3665 5327 3769 5380 Ec-

2156 5416 2345 5482 clesia,
2377 5416 2800 5472 resurrectionis
2823 5415 2996 5487 gloria
3022 5414 3378 5488 gloriﬁcatum
3404 5416 3474 5472 ad
3495 5432 3620 5473 sua:
3645 5435 3773 5473 con-

2156 5509 2527 5580 templationis
2573 5509 2827 5581 gaudium
2880 5509 3224 5580 perducens‘,
3274 5510 3521 5581 reprobis
3574 5509 3768 5566 locum

2154 5603 2492 5675 pwnitentite
2523 5603 2696 5670 tollet,
2728 5618 2893 5673 quem
2938 5618 3082 5657 nunc
3109 5605 3199 5673 pie
3242 5601 3591 5673 pulsantibus
3637 5620 3769 5676 ape—

2155 5697 2228 5754 rit
2257 5713 2271 5752 :
2309 5714 2435 5754 nam
2461 5699 2597 5756 foris
2626 5707 2834 5755 stantes
2863 5699 3064 5755 ostium
3091 5699 3328 5770 pulsare,
3359 5707 3444 5756 est
3485 5715 3518 5755 a
3556 5701 3767 5758 beato.-

2103 5809 2108 5816 ·
2153 5805 2276 5845 rum
2305 5797 2454 5847 sorte
2495 5801 2738 5848 secretos
2777 5790 3208 5850 misericordiam
3234 5833 3248 5861 ,
3292 5806 3455 5864 quam
3498 5791 3770 5863 neglext».-

2152 5892 2300 5958 rant,
2331 5901 2364 5943 a
2391 5885 2503 5962 Deo
2529 5883 2736 5945 frustra
2771 5883 3021 5956 ﬂagitari.
