3960 6360
156 288 265 347 457

1265 268 1572 330 ΗΟΜΞΙΔᾹΞ
1616 268 1680 323 ΙΝ
1723 265 1975 323 EVANG.
2020 265 2109 322 ET
2149 263 2365 321 EPIST.

3337 262 3446 321 458

227 397 298 452 Et
327 395 642 468 respondens
686 395 819 450 dicet
848 394 991 449 vobis
1025 408 1044 447 :
1076 389 1270 448 Nescio
1297 406 1384 446 vos
1426 388 1563 443 unde
1612 387 1748 442 sitis.
1777 402 1838 461 Α
1857 384 2040 440 nandi.
2074 383 2261 440 Potest
2303 395 2359 439 et
2384 382 2482 450 ita,
2507 381 2635 453 quia
2671 381 2826 437 multi
2871 397 2996 439 sero
3042 382 3110 439 ad
3140 383 3238 440 Dei
3273 385 3448 442 servi-

155 489 442 562 Quomodo
470 488 643 544 nescit
668 487 810 542 unde
837 486 968 551 sint,
996 501 1121 540 cum
1147 483 1387 554 psalmus
1412 481 1557 536 dicat
1589 496 1603 534 :
1642 479 1753 533 Do-

155 585 333 638 minus
389 581 526 636 novit
573 580 910 651 cogitationes
948 578 1219 632 hominum
1247 615 1264 642 ,
1307 575 1559 645 quoniam
1606 586 1755 626 vana:

155 686 313 740 sunt;
355 684 411 729 et
440 671 568 728 alibi
619 671 883 742 scriptum
927 669 1036 726 sit:
1069 669 1191 741 Ipse
1230 667 1370 722 novit
1414 666 1778 736 decipientem'

156 773 207 818 et
238 778 358 818 eum
390 761 480 833 qui
510 761 800 832 decipitur;
842 761 949 818 nisi
971 761 1099 832 quia
1147 760 1290 816 scire
1337 758 1435 816 Dei
1465 757 1758 829 aliquando

157 868 492 927 cognoscere
519 852 741 920 dicitur,
771 853 1066 925 aliquando
1107 851 1454 922 approbare?
1489 850 1758 919 Quoniam

158 945 315 1001 novit
334 945 478 1000 Deus
501 944 645 999 viam
665 948 963 1016 justorum,
985 944 1078 1014 qui
1106 954 1290 1000 autem
1325 944 1574 1015 ignorat,
1603 942 1759 1015 igno-

1859 477 1991 532 tium
2018 476 2296 531 venientes
2343 474 2554 546 magnis
2589 473 2715 529 vita:
2756 475 2969 530 meritis
3008 475 3305 544 excellant;
3357 477 3449 534 alii

1858 585 2011 635 vero,
2051 585 2081 624 a
2109 569 2289 640 prima
2327 578 2489 625 aetate
2531 567 2762 640 spiritali
2811 568 2989 624 studio
3032 568 3326 637 ferventes,
3378 573 3450 629 ad

1858 672 2162 718 extremum
2184 662 2298 717 otio
2322 670 2568 733 torpente
2605 661 2891 717 latescant.
2915 661 3118 717 Tamen
3145 663 3248 719 hoc
3271 665 3452 720 scien-

1859 755 1987 810 dum
2004 762 2088 810 est
2109 754 2252 825 quod
2267 752 2518 809 Salvator
2531 763 2738 818 noster,
2754 754 2845 823 qui
2862 761 2948 808 est
2956 753 3124 822 iudex
3137 755 3385 811 vivorum
3397 765 3454 812 et

1860 852 2219 912 mortuorum,
2244 843 2538 917 unicuique
2562 845 2617 900 in
2638 843 2929 912 diciudicii
2953 848 3225 916 propriam
3250 860 3455 903 merce-

1862 936 1984 992 dem
2005 936 2274 1003 restituet,
2306 945 2361 991 et
2383 936 2538 992 ibunt
2563 936 2713 1007 impii
2745 936 2798 991 in
2818 936 3142 1006 supplicium
3167 952 3454 1004 aeternum,

159 1040 398 1106 rabitur,
431 1048 486 1094 ct
522 1039 626 1095 scit
655 1053 800 1109 ,ergo
830 1039 1090 1109 reprobos
1111 1078 1126 1104 ,
1175 1052 1312 1108 quos
1348 1035 1756 1109 cognoscendo,
1856 1029 1989 1101 justi
2025 1037 2210 1088 autem
2234 1030 2289 1087 in
2316 1030 2484 1087 vitam
2509 1039 2792 1086 aeternam.

160 1129 370 1199 iudicat
396 1169 413 1196 ,
469 1144 643 1199 neque
687 1129 834 1184 enim
876 1128 1178 1199 iudicasset
1225 1143 1361 1198 quos
1408 1127 1632 1183 minime
1669 1140 1766 1184 co-

160 1230 480 1294 gnosceret;
509 1230 692 1277 tamen
722 1220 1122 1291 quodammodo
1150 1219 1324 1276 nescit
1343 1234 1440 1276 eos
1464 1221 1609 1275 unde
1628 1219 1760 1285 sint,

161 1314 312 1384 apud
335 1329 474 1384 quos
509 1312 638 1369 Iidei
677 1321 735 1369 et
757 1312 1062 1370 dilectionis
1095 1327 1208 1369 suae
1236 1313 1610 1368 characterem
1653 1326 1763 1368 non

162 1408 453 1478 approbat.

241 1495 390 1552 Tunc
426 1495 683 1568 incipietis
725 1497 918 1563 dicere,
966 1495 1408 1553 Manducavimus
1461 1504 1511 1551 et
1541 1495 1765 1550 bibimus

163 1603 349 1643 coram
382 1597 429 1641 tc
476 1595 526 1642 et
554 1587 608 1641 in
629 1585 819 1657 plateis
851 1587 1044 1641 nostris
1091 1586 1338 1641 docuisti.
1379 1584 1476 1640 Vel
1505 1583 1768 1655 simplici-

166 1687 256 1734 ter
309 1677 720 1749 intelligendum
773 1678 920 1748 quod
969 1677 1094 1732 lidci
1143 1677 1405 1749 mysteria
1447 1683 1768 1747 spernentes

2387 1142 2668 1201 HOMILIA
2709 1142 2935 1201 CLXIII.

1953 1234 2168 1291 Initium
2199 1235 2370 1292 sancti
2407 1235 2682 1305 Evangelii
2712 1237 3010 1291 secundum
3040 1235 3374 1293 Matthteum.

1939 1325 2093 1382 Liber
2137 1327 2489 1398 generationis
2539 1325 2669 1381 Iesu
2720 1327 2952 1394 Christi,
2980 1326 3082 1396 lilii
3119 1327 3317 1398 David,
3358 1328 3463 1400 ﬁlis

1868 1416 2135 1472 Abraham
2154 1458 2170 1485 ,
2198 1426 2304 1472 etc.

1942 1500 2096 1562 ﬁber
2143 1510 2494 1580 generationis
2532 1511 2661 1565 Jesu
2706 1508 2923 1577 Christi,
2974 1512 3076 1582 ﬁlii
3119 1513 3310 1581 David,
3359 1514 3465 1584 ﬁlii

1870 1598 2155 1654 Abraham.
2193 1597 2338 1656 Ordo
2364 1612 2744 1672 praeposterus,
2767 1603 2860 1658 sed
2888 1605 3200 1662 necessario
3220 1621 3467 1662 commu-

1875 1698 2060 1746 tatus:
2106 1691 2153 1746 si
2193 1691 2340 1748 enim
2383 1693 2534 1761 prius
2575 1694 2846 1763 posuisset
2873 1695 3147 1752 Abraham
3187 1711 3244 1752 et
3272 1706 3464 1767 postea

162 1770 363 1836 iudici,
392 1786 458 1826 co
506 1785 566 1826 se
618 1770 848 1827 Domino
891 1780 1051 1859 notos
1091 1770 1452 1834 arbitrentur.
1488 1769 1536 1825 si
1584 1768 1762 1859 δοιμηι
1794 1776 1841 1836 Β
1870 1779 2061 1846 David,
2076 1796 2264 1837 rursus
2287 1782 2338 1838 ei
2371 1784 2694 1852 repetendus
2723 1795 2867 1842 esset
2891 1786 3193 1854 Abraham,
3217 1798 3276 1843 ut
3305 1804 3468 1859 gene-

165 1860 422 1915 vic'timas
472 1861 543 1916 ad
591 1859 852 1932 templum
899 1858 1170 1925 deferant,
1207 1867 1262 1914 et
1307 1873 1494 1914 coram
1537 1856 1766 1914 Domino

165 1951 478 2023 epulantur,
504 1952 890 2024 prophetarum
919 1951 1139 2009 lectioni
1162 1951 1491 2019 auscultent,
1522 1951 1770 2008 nescien-

170 2052 258 2100 tes
287 2043 421 2098 illud
464 2043 706 2114 Apostoli
743 2063 757 2100 :
791 2043 919 2100 Non
953 2052 1031 2101 est
1071 2061 1288 2116 regnum
1313 2045 1413 2100 Dei
1447 2060 1567 2100 esca
1593 2052 1643 2098 et
1676 2060 1769 2114 po-

169 2144 282 2201 tus,
314 2134 407 2188 sed
420 2134 633 2205 justitia
661 2144 710 2190 et
738 2151 866 2207 pax,
892 2146 942 2192 et
968 2137 1222 2208 gaudium
1243 2138 1299 2192 in
1328 2136 1534 2208 Spiritu
1553 2146 1769 2202 sancto;

171 2234 235 2282 et
261 2226 390 2281 alibi
433 2244 448 2280 :
479 2225 719 2293 Quorum
754 2227 896 2282 Deus
924 2237 1100 2284 venter
1125 2237 1223 2295 est,
1251 2239 1300 2284 et
1343 2227 1516 2300 gloria
1549 2229 1609 2283 in
1647 2243 1774 2282 con-

174 2319 442 2388 fusionem
471 2321 726 2391 ipsorum,
750 2321 805 2376 id
830 2329 937 2389 est,
983 2322 1042 2376 in
1084 2320 1501 2378 circumcisione
1543 2318 1772 2376 carnali.

178 2409 282 2465 Vel
313 2410 542 2482 mystice
589 2411 934 2468 sentiendum
979 2414 1316 2469 manducare
1359 2428 1456 2470 eos
1487 2421 1546 2470 et
1587 2412 1778 2467 bibere

175 2517 368 2558 coram
416 2502 665 2571 Domino,
696 2503 790 2575 qui
820 2505 973 2560 verbi
1020 2505 1280 2575 pabulum
1305 2506 1468 2576 digna
1520 2504 1779 2560 aviditate

177 2594 518 2666 suscipiunt;
547 2595 692 2651 unde
720 2596 826 2668 ipsi
850 2596 946 2670 qui
1003 2598 1120 2652 lucc
1160 2598 1382 2665 dicunt,
1420 2598 1570 2654 velut
1609 2612 1778 2668 expo-

1871 1872 2096 1928 rationis
2140 1874 2309 1930 series
2338 1883 2632 1930 tcxeretur.
2669 1876 2792 1932 Ideo
2837 1887 3039 1945 autem,
3081 1880 3468 1948 praetermissis

1872 1963 2015 2031 aliis,
2051 1965 2244 2020 horum
2277 1966 2446 2022 lilium
2474 1967 2614 2023 dixit
2649 1986 2663 2022 :
2695 1969 2821 2041 quia
2861 1970 2930 2024 ad
2963 1971 3063 2026 hos
3090 1979 3298 2026 tantum
3324 1972 3472 2028 facta

1872 2062 1958 2109 est
1991 2055 2341 2126 repromissio
2382 2057 2448 2112 de
2479 2056 2715 2113 Christo.
2761 2060 2844 2115 Ad
2891 2061 3167 2117 Abraham
3198 2063 3344 2118 enim
3387 2062 3472 2119 di-

1874 2155 2022 2202 ctum
2052 2153 2138 2202 est
2178 2165 2193 2202 :
2238 2144 2307 2202 In
2329 2149 2523 2204 semine
2547 2158 2639 2204 tuo
2663 2150 3033 2206 benedicentur
3053 2169 3229 2208 omnes
3254 2165 3471 2224 gentes;

1875 2237 1944 2292 ad
1970 2235 2140 2292 David
2173 2253 2188 2292 :
2217 2237 2296 2292 De
2329 2237 2507 2307 fructu
2534 2239 2724 2295 ventris
2764 2242 2842 2295 tui
2866 2258 3058 2312 ponam
3097 2259 3255 2313 super
3296 2243 3475 2300 sedem

1877 2340 2044 2384 tuam.
2077 2329 2174 2386 Vel
2204 2329 2324 2386 ideo
2351 2329 2502 2402 prior
2538 2331 2748 2403 positus
2776 2340 2860 2389 est
2884 2332 3076 2401 David,
3104 2334 3232 2405 quia
3253 2335 3477 2406 propior

1879 2418 1982 2475 fuit
2008 2418 2250 2476 Christo.

1952 2514 2220 2568 Abraham
2261 2515 2437 2585 genuit
2463 2512 2642 2569 Isaac.
2675 2514 2841 2571 Recte
2867 2531 2898 2570 a
2922 2517 3100 2587 capite
3127 2517 3252 2573 fidei
3274 2528 3331 2574 et
3359 2519 3478 2589 ipso

1884 2604 2039 2661 initio
2057 2604 2438 2675 promissionis
2457 2604 2662 2662 Christi
2680 2607 2994 2680 genealogia
3015 2624 3191 2680 usque
3215 2611 3285 2666 ad
3305 2610 3481 2681 ipsum

178 2687 367 2742 tuendo
413 2687 774 2759 subiungunt,
813 2698 863 2746 et
902 2691 959 2744 in
1009 2690 1198 2761 plateis
1257 2691 1449 2748 nostris
1487 2690 1714 2746 docuisti
1759 2701 1782 2744 ἔ
1884 2697 2162 2754 Christum
2203 2697 2456 2770 dirigitur
2510 2716 2524 2754 :
2588 2698 2780 2755 hamus
2839 2701 3022 2771 utique
3075 2701 3130 2756 in
3181 2701 3288 2758 ﬁde
3339 2703 3486 2775 regis

180 2778 473 2849 Scriptum
503 2780 650 2836 enim
684 2795 845 2837 sacra
877 2781 1170 2852 aliquando
1198 2782 1354 2839 cibus
1377 2783 1534 2839 nobis
1553 2791 1660 2848 est,
1687 2782 1784 2837 ali—
1889 2787 1961 2863 [Ε
1965 2798 2096 2856 orte,
2114 2789 2169 2844 in
2195 2790 2328 2846 retis
2355 2789 2578 2870 capite],
2603 2800 2658 2845 et
2683 2790 2738 2845 in
2756 2789 2860 2846 fine
2891 2791 3221 2864 genealogiaa
3249 2793 3484 2864 positus,

179 2873 405 2943 quando
435 2883 614 2944 potus.
647 2874 707 2930 In
733 2875 869 2931 locis
889 2877 1303 2933 obscurioribus
1329 2878 1485 2933 cibus
1508 2886 1614 2943 est,
1659 2877 1787 2948 quia
1888 2894 1997 2949 quo
2024 2879 2325 2935 aduncatus
2349 2890 2433 2936 est
2473 2879 2772 2936 Leviathan
2801 2881 3133 2953 maxillaque
3152 2881 3270 2952 eius
3302 2882 3489 2954 perfo-

181 2965 349 3031 quasi
393 2967 716 3035 exponendo
752 2965 1055 3039 frangitur,
1084 2977 1141 3023 et
1188 2968 1494 3024 mandendo
1539 2969 1784 3039 glutitur.
1891 2979 2046 3038 rata,
2080 2971 2416 3042 paenitentiae
2440 2971 2741 3053 ejusjanua
2771 2985 2958 3043 aperta
2987 2985 3090 3030 est.
3124 2973 3338 3039 Genuit,
3379 2989 3490 3030 non

182 3052 364 3107 Potus
384 3064 516 3106 vero
537 3065 621 3107 est
643 3057 701 3113 in
723 3057 859 3114 locis
880 3060 1266 3129 apertioribus,
1283 3063 1411 3131 quia
1440 3059 1515 3114 ita
1540 3060 1790 3114 sorbetur
1891 3064 2014 3133 fuit,
2060 3080 2238 3135 neque
2283 3052 2585 3136 generavit.
2623 3065 2972 3121 Diviuitatem
3013 3065 3220 3122 Christi
3257 3065 3496 3120 ostendit

183 3145 339 3201 sicut
374 3144 664 3200 invenitur.
696 3144 765 3200 Ει
793 3151 1005 3202 Occulta
1045 3167 1176 3218 ergo
1215 3155 1469 3208 mandata
1509 3153 1648 3209 sacri
1683 3153 1793 3208 €10-
1819 3145 1867 3208 C
1897 3159 2083 3214 dicens
2117 3159 2383 3215 Divinitas
2413 3177 2426 3213 :
2476 3159 2589 3231 Ego
2619 3159 2774 3225 hodie
2817 3161 2972 3230 genui
3003 3169 3083 3224 te;
3134 3159 3264 3214 item
3298 3175 3312 3212 :
3358 3158 3496 3213 Ante

185 3239 390 3309 quiiet
430 3249 618 3310 aperta
666 3255 725 3296 se
773 3241 1109 3297 intellexisse
1161 3253 1450 3310 testantur,
1481 3247 1575 3316 qui
1607 3261 1793 3318 repro-
1897 3247 2204 3320 Luciferum
2226 3250 2381 3319 genui
2405 3257 2470 3304 te.
2517 3248 2821 3314 Mattbteus,
2844 3250 3046 3320 genuit,
3072 3249 3200 3320 quia
3228 3248 3372 3304 filios
3395 3264 3496 3302 na-

186 3330 349 3385 banti
385 3345 445 3387 se
477 3329 652 3401 iudici
689 3333 818 3402 quia
869 3334 1320 3392 rnarnducaverint
1371 3352 1558 3394 coram
1603 3338 1695 3394 illo
1739 3347 1796 3395 et

185 3422 440 3478 biberint
501 3434 926 3495 conqueruntur.
981 3424 1091 3484 Sed
1149 3428 1452 3485 timendum
1497 3439 1582 3487 est
1640 3431 1797 3487 valde

188 3515 347 3584 quod
380 3515 600 3571 additur
630 3533 644 3569 :

279 3606 351 3660 Et
389 3606 526 3661 dicet
565 3608 729 3672 vobis,
760 3608 956 3662 Nescio
983 3627 1072 3661 vos
1104 3612 1244 3663 unde
1281 3613 1440 3669 sitis:
1487 3613 1738 3669 discedite
1765 3632 1800 3670 a

195 3713 311 3761 me,
347 3713 525 3751 omnes
556 3697 786 3769 operarii
810 3697 1125 3768 iniquitatis.
1152 3696 1296 3764 Non,
1327 3698 1522 3769 inquit,
1545 3698 1802 3770 legalium

193 3791 564 3847 festivitatum
611 3792 849 3862 epulatio
879 3790 1055 3860 juvat,
1095 3807 1259 3863 quem
1301 3791 1446 3848 ﬁdei.
1475 3793 1650 3862 pietas
1693 3806 1802 3850 non

189 3882 584 3948 ‘conunendat;
615 3898 724 3939 non
754 3881 1159 3953 Scripturarum
1201 3882 1432 3938 scientia
1461 3884 1572 3941 Deo
1615 3891 1805 3940 notum

195 3972 362 4038 facit,
390 3988 552 4042 quem
579 3987 805 4043 operum
851 3973 1113 4043 iniquitas
1141 3973 1420 4031 obtutibus
1460 3973 1578 4045 eius
1615 3983 1806 4032 osten-

198 4068 292 4124 dit
323 4066 630 4138 indignum.

285 4157 375 4211 Ibi
407 4158 507 4212 erit
544 4159 700 4227 ﬂetus
740 4167 788 4213 et
837 4160 1037 4215 stridor
1077 4159 1337 4216 dentium.
1389 4161 1575 4218 Fletus
1615 4162 1682 4218 de
1724 4176 1812 4217 ar-

200 4251 372 4313 dore,
410 4248 609 4302 stridor
633 4249 867 4305 dentium
892 4251 1032 4308 solet
1065 4253 1298 4309 excitari
1326 4254 1394 4310 de
1421 4253 1626 4326 frigore
1664 4273 1677 4309 :
1719 4255 1812 4310 ubi

203 4341 418 4411 duplex
446 4342 749 4398 ostenditur
800 4346 1079 4414 gehenua,
1134 4347 1189 4403 id
1233 4356 1338 4413 est,
1397 4348 1551 4404 nimii
1597 4346 1815 4419 frigoris

203 4442 266 4488 et
302 4431 662 4488 intolerabilis
701 4448 824 4489 esse
863 4434 1123 4503 fervoris;
1156 4436 1244 4491 cui
1278 4437 1423 4492 beati
1461 4437 1562 4492 Job
1596 4447 1814 4494 senten-

209 4529 297 4582 tia
355 4527 631 4583 consentit
665 4528 898 4584 dicentis
931 4547 944 4582 :
977 4529 1059 4584 Ad
1103 4530 1330 4586 calorem
1379 4531 1601 4586 nimium
1644 4541 1821 4587 trans-

209 4622 371 4674 ibunt
409 4620 474 4674 ab
511 4621 664 4691 aquis
711 4622 929 4676 nivium.
984 4622 1082 4678 Vel
1131 4633 1280 4681 certe
1319 4624 1523 4681 stridor
1572 4625 1815 4681 dentium

211 4712 410 4785 prodit
440 4711 779 4784 indignantis
823 4713 1098 4783 affectum,
1153 4730 1222 4771 eo
1263 4716 1408 4786 quod
1452 4731 1578 4772 sero
1620 4733 1816 4772 unum-

213 4821 500 4878 quemque
525 4808 807 4880 pteniteat,
840 4825 962 4864 sero
1004 4809 1356 4880 ingemiscat,
1402 4826 1528 4869 sero
1551 4812 1820 4868 irascatur

216 4897 357 4964 sibi,
401 4898 546 4970 quod
587 4908 698 4955 tam
741 4901 1015 4971 pervicaci
1049 4902 1397 4974 improbitate
1428 4903 1737 4976 deliquerit.

302 4990 376 5045 Et
427 5008 543 5048 ecce
581 5003 705 5048 sunt
745 4996 1016 5051 novissimi
1064 4999 1157 5069 qui
1187 5008 1337 5052 erant
1373 4999 1530 5070 primi
1559 5038 1574 5065 ,
1618 5008 1668 5053 et
1704 5010 1826 5054 sunt

218 5083 390 5155 primi
427 5084 517 5153 qui
554 5095 703 5139 erant
740 5087 1031 5142 novissimi.
1069 5087 1392 5160 Principalis
1425 5089 1645 5162 quidem
1668 5087 1828 5158 huius

221 5174 522 5231 sententiae
550 5190 745 5232 sensus
769 5191 839 5234 ex
866 5180 1242 5249 superioribus
1265 5189 1445 5254 patet;
1477 5182 1606 5253 quia
1643 5181 1828 5253 populi

223 5266 479 5339 gentium
509 5267 601 5324 diu
629 5269 745 5325 sine
787 5271 892 5326 fide
920 5273 1164 5330 viventes
1201 5284 1386 5331 essent
1433 5276 1504 5332 ad
1536 5276 1698 5333 fidem
1729 5291 1827 5333 vo-

225 5357 422 5423 candi,
444 5367 500 5414 et
515 5357 707 5427 Judaei,
735 5373 898 5432 caput
929 5363 1052 5420 fidei
1080 5375 1136 5421 et
1159 5366 1386 5435 iustitiae
1405 5383 1503 5440 per
1529 5377 1608 5426 tot
1633 5369 1828 5426 siccula

229 5460 514 5514 tenentes,
549 5452 717 5509 futuri
743 5465 928 5512 essent
971 5457 1027 5512 in
1055 5459 1303 5514 caudam.
1333 5459 1532 5531 ,Potest
1561 5469 1742 5518 autem
1777 5469 1834 5518 et

229 5541 317 5596 ita
360 5540 631 5613 intelligi:
679 5544 808 5614 quia
857 5545 1126 5612 nonnulli,
1173 5547 1241 5602 ad
1271 5547 1528 5603 saeculum
1551 5548 1832 5622 despecti,

229 5647 503 5703 magnam
551 5633 609 5689 in
651 5633 839 5690 futuro
881 5636 992 5692 sint
1032 5638 1257 5710 gloriam
1316 5639 1588 5706 habituri;
1648 5652 1703 5697 et
1744 5641 1835 5699 alii

230 5723 389 5796 apud
428 5724 680 5781 homines
717 5726 961 5798 gloriosi,
1000 5746 1032 5784 a
1061 5730 1310 5787 districto
1349 5729 1660 5801 siutiudice
1687 5733 1836 5790 dam-

576 5817 854 5882 PATROL.
901 5819 1032 5885 CX.

1842 4494 1896 4555 D
1923 4494 2127 4580 Christi

1898 3348 2055 3407 tum,
2083 3340 2246 3405 dicit;
2279 3340 2474 3407 Lucas,
2499 3341 2622 3411 fuit,
2655 3341 2782 3410 quia
2811 3339 2951 3420 ﬁlios
2979 3340 3133 3411 legis.

1969 3430 2136 3486 Iacob
2164 3443 2340 3486 autem
2369 3433 2545 3503 genuit
2583 3431 2788 3487 ludant
2830 3443 2878 3487 et
2901 3431 3094 3502 fratres
3124 3431 3261 3502 ejus.
3302 3431 3500 3487 Ismael

1900 3523 2294 3595 primogenitus
2323 3525 2589 3591 Abrahae,
2631 3532 2689 3581 et
2724 3524 2868 3580 Esau
2907 3524 3302 3594 primogenitae
3346 3523 3502 3578 isaae

1903 3613 2060 3682 quasi
2086 3612 2248 3668 alieni
2280 3630 2316 3667 a
2337 3615 2540 3678 pupula
2564 3615 2662 3664 Dei
2691 3610 3042 3679 praetermissi
3083 3620 3245 3678 sunt,
3302 3611 3504 3670 fratres

1902 3694 2054 3751 Iudae
2078 3707 2610 3754 commemorantur:
2635 3700 2728 3770 qui
2751 3700 3078 3771 patriarcha:
3099 3702 3384 3760 duodecim
3408 3705 3504 3760 tri-

1903 3785 2094 3854 buum,
2127 3789 2253 3859 quia
2276 3798 2435 3845 erant
2459 3790 2528 3845 de
2551 3790 2750 3862 populo
2777 3792 2890 3860 Dei,
2925 3808 3032 3848 non
3068 3802 3197 3850 sunt
3237 3795 3406 3852 etiam
3431 3797 3503 3853 de

1908 3879 2222 3953 genealogia
2249 3879 2454 3937 Christi
2481 3881 2665 3938 alieni.

1977 3970 2153 4027 ludas
2180 3974 2358 4044 genuit
2388 3973 2590 4028 Phares
2618 3982 2668 4028 et
2708 3973 2926 4030 Zaram.
2970 3975 3064 4030 Isti
3089 3992 3198 4032 non
3233 3986 3361 4034 sunt
3387 3979 3505 4050 pri-

1912 4064 2173 4135 mogeniti
2201 4064 2384 4130 Judac;
2417 4066 2511 4120 sed
2547 4066 2641 4135 qui
2667 4064 2830 4120 simul
2858 4065 2972 4120 nati
3001 4075 3150 4133 sunt,
3175 4075 3322 4123 recte
3343 4068 3507 4126 simul

1913 4163 2408 4210 commemorantur
2454 4174 2468 4210 :
2521 4163 2576 4211 et
2623 4157 2855 4212 istorum
2899 4165 3127 4226 uterque
3170 4157 3316 4214 nulla
3347 4157 3508 4231 culpa

1918 4257 2068 4303 ratus
2098 4255 2182 4303 est
2207 4257 2265 4302 ut
2291 4247 2675 4304 excluderetur
2696 4249 2762 4305 de
2786 4249 3122 4320 genealogia.

1988 4340 2066 4394 De
2113 4339 2364 4394 Thamar.
2421 4339 2809 4396 Prsetermissis
2861 4340 3118 4412 legitimis
3168 4341 3507 4416 coniugibus,

1919 4439 2155 4502 quatuor
2189 4440 2464 4488 extraneae
2509 4431 2765 4489 mulieres
2803 4441 3092 4489 sumuntur
3118 4435 3175 4489 in
3199 4435 3516 4507 genealogia

2177 4543 2192 4580 :
2238 4525 2477 4580 Thamar
2517 4526 2686 4592 enim,
2733 4526 2834 4582 sub
2879 4527 3067 4583 habitu
3110 4530 3414 4585 meretricis
3459 4531 3516 4586 in

1923 4613 2069 4672 bivio
2089 4616 2317 4682 sedens;
2353 4616 2507 4671 Raab
2533 4617 2816 4682 meretrix,
2853 4615 3116 4672 Salmoim
3143 4618 3376 4690 principi
3413 4619 3516 4676 tri-

1924 4713 2028 4769 bus
2050 4712 2203 4767 Judae
2225 4712 2294 4767 de
2315 4711 2533 4767 Jericho
2563 4728 2621 4768 se
2644 4710 2909 4783 iungens;
2949 4712 3120 4780 Ruth,
3155 4723 3371 4771 mortuo
3400 4715 3520 4774 viro

1925 4819 2024 4859 suo
2053 4804 2121 4859 de
2148 4802 2438 4858 Moabitida
2477 4804 2699 4874 regione
2721 4804 2968 4874 veniens,
3003 4805 3238 4878 iungens
3257 4821 3318 4863 se
3336 4806 3519 4875 Boos;

1927 4893 2214 4960 Bersabee,
2246 4894 2313 4950 de
2341 4894 2486 4966 regis
2516 4895 2687 4952 David
2734 4897 3003 4954 adulterio
3037 4897 3366 4968 concipiens.
3404 4898 3522 4957 Hoc

1930 4987 2134 5043 factum
2159 4996 2244 5043 est
2264 4997 2326 5043 ut
2350 4989 2646 5045 secundum
2671 4989 2910 5047 litteram
2932 4991 3146 5047 Domini
3173 4990 3520 5051 clementiam

1933 5080 2328 5137 admiraremur
2355 5081 2681 5150 maximam,
2710 5083 2839 5155 quia
2882 5093 3104 5156 propter
3129 5084 3365 5142 hominis
3396 5101 3523 5157 pec-

1930 5183 2112 5230 catum
2137 5174 2444 5242 delendum,
2468 5191 2576 5232 non
2598 5176 2774 5233 solum
2797 5177 2866 5232 de
2888 5176 3219 5243 hominibus,
3241 5178 3336 5233 sed
3356 5179 3526 5235 etiam

1933 5265 2002 5322 de
2031 5267 2411 5337 peccatoribus
2440 5277 2496 5324 et
2539 5268 2918 5324 meretricibus
2958 5268 3107 5322 nasci
3141 5269 3391 5341 dignatus
3419 5277 3523 5326 est.

1939 5357 2247 5414 Secundum
2270 5373 2400 5414 vero
2425 5375 2644 5415 sensum
2675 5358 3078 5432 [spiritualem],
3121 5361 3172 5415 in
3203 5361 3325 5417 istis
3355 5361 3531 5421 tribus

1939 5451 2258 5508 mulieribus
2290 5450 2534 5507 Ecclesia
2557 5461 2787 5506 ventura
2817 5449 2885 5506 ad
2917 5451 3203 5508 Dominum
3233 5452 3301 5507 de
3323 5450 3532 5524 gentili-

1943 5547 2070 5601 tatis
2097 5561 2283 5601 errore
2311 5546 2677 5619 signiﬁcatur:
2700 5562 2818 5616 qua:
2844 5548 2995 5618 prius
3020 5549 3195 5605 aliena
3223 5556 3279 5603 et
3306 5546 3532 5612 sterilis,

1940 5646 2127 5708 postea
2157 5653 2286 5693 vero
2307 5639 2590 5709 conjuncta
2616 5648 2698 5694 est
2725 5638 2952 5694 Domino
2975 5648 3242 5701 matrona,
3268 5652 3387 5706 qua:
3413 5634 3532 5704 plu-

1946 5747 2034 5787 res
2060 5732 2341 5802 adoptivos
2370 5732 2510 5788 fllios
2549 5733 2659 5788 Deo
2701 5735 2842 5804 parit
2879 5749 3043 5804 quam
3075 5733 3380 5804 Syuagoga,
3409 5743 3531 5800 qua:
