3960 6360
181 428 284 485 461

1277 428 1579 484 llOMlLL/E
1619 427 1689 483 1N
1727 387 1976 498 svmvs.
2020 427 2109 483 ET
2141 425 2356 484 EPIST.

3360 433 3465 486 462

179 542 260 596 sic
281 554 300 591 :
327 556 420 613 ego
451 549 500 602 et
535 550 684 613 pater
706 548 824 606 (una
844 542 1205 614 quwrebamus
1231 549 1319 607 te;
1357 543 1540 613 itaque
1564 541 1766 614 Joseph
1794 546 1845 606 Α
1871 550 2094 616 propter
2119 543 2468 608 viduitatem;
2516 542 2729 610 fames,
2767 551 2991 615 propter
3028 543 3354 603 desiderium
3393 549 3460 603 li-

179 649 293 688 non
319 636 506 714 genuit
532 633 737 703 Jesum,
774 635 869 698 sed
894 636 1186 714 adoptavit.
1216 633 1390 691 Lucas
1414 637 1772 713 quadraginta

1881 638 2165 703 berorum;
2217 635 2469 708 impetus,
2511 637 2636 708 quia
2667 637 2929 708 impetum
2969 637 3217 702 fecerunt
3261 641 3314 694 in
3340 656 3463 697 eam

179 734 299 788 tres
341 741 371 780 a
419 726 636 785 Christo
665 742 835 806 usque
873 729 941 782 ad
985 727 1177 804 David,
1203 727 1495 794 ’Matthteus
1533 745 1568 786 a
1604 725 1774 788 David
1876 737 1937 784 ut
1963 729 2340 786 comburerent
2386 728 2729 794 :‘Eccl'eslam
2757 729 3042 802 signiﬁcat.
3085 728 3259 792 Esron
3301 735 3463 803 sagit-

177 833 356 891 usque
392 819 460 873 ad
486 815 764 874 Christum
789 819 977 898 viginti
1004 829 1127 878 octo
1147 821 1362 898 posuit:
1386 819 1514 899 quia
1541 821 1625 877 vel
1653 830 1775 893 post
1870 828 1984 882 tam
2018 819 2147 875 vidit
2167 818 2254 881 vel
2283 820 2476 873 atrium
2506 832 2684 874 eorum
2709 819 3105 890 interpretatur
3133 835 3148 874 :
3183 820 3459 891 sagittam,

176 910 714 983 transmigrationem
745 928 887 973 unus
924 911 1007 970 bis
1051 924 1392 982 numeratur;
1443 911 1527 980 vel
1573 913 1770 984 Lucas,

174 1017 342 1062 avum
364 1011 668 1061 maternum
699 1003 947 1085 quidipit
964 1046 980 1072 ,
1007 1005 1171 1062 solvit
1201 1007 1366 1076 istam
1388 1007 1767 1080 quaestionem,

174 1108 344 1160 causa
365 1093 675 1168 adeptandi.

257 1182 444 1250 Virum
474 1184 702 1259 Mariae,
737 1183 791 1245 id
818 1193 920 1254 est,
952 1201 1235 1257 sponsum,
1263 1189 1390 1262 quia
1430 1204 1640 1260 sponsze
1668 1205 1767 1248 vo-

173 1283 373 1344 cantur
400 1291 618 1343 uxores,
649 1277 793 1342 sicut
819 1280 1003 1352 Sponsi
1039 1280 1142 1334 viri
1172 1288 1227 1335 et
1273 1281 1456 1335 mariti
1490 1281 1764 1337 dicuntur.

171 1367 461 1434 Matthteus
489 1367 861 1449 genealogiam
888 1371 1041 1426 initio
1065 1371 1190 1440 libri
1225 1373 1310 1428 sui
1346 1375 1543 1445 posuit,
1569 1389 1676 1446 quo
1697 1376 1767 1430 ad

169 1457 391 1528 Iudaeos
416 1461 653 1538 scripsit,
681 1470 740 1520 ut
775 1461 1078 1535 intelligant
1105 1462 1254 1518 illum
1281 1462 1396 1533 jam
1422 1466 1638 1520 venisse
1669 1481 1768 1536 per

169 1554 275 1608 hos
321 1559 504 1629 patres
531 1539 686 1622 quos
731 1548 942 1630 [quem]
991 1554 1268 1628 prophetae
1315 1563 1603 1620 venturum
1648 1573 1767 1618 esse

165 1647 536 1720 praedixerant
562 1662 627 1703 ex
660 1647 886 1706 eisdem.
920 1647 992 1703 At
1022 1664 1150 1708 vero
1177 1647 1354 1705 Lucas
1382 1665 1490 1706 non
1517 1659 1641 1704 ante
1671 1651 1767 1708 sed

167 1748 296 1810 post
321 1737 650 1808 baptismum
677 1739 858 1808 posuit
894 1739 1267 1814 genealogiam
1295 1737 1526 1804 Domini,
1563 1749 1621 1796 ut
1647 1739 1766 1795 nul-

165 1835 260 1896 lus
296 1834 584 1906 postquam
615 1835 821 1898 audivit
866 1851 1055 1894 vocem
1099 1835 1313 1900 Domini
1346 1837 1574 1900 dicentis
1604 1856 1615 1890 :
1659 1835 1762 1898 Hic

164 1938 243 1994 est
263 1926 442 1994 Filius
463 1946 610 1994 meus
626 1927 869 2000 dilectus,
891 1929 1208 1994 credidisset
1227 1929 1371 1998 quod
1400 1929 1542 1984 ﬁlius
1561 1927 1761 2001 Ioseph

164 2019 382 2086 fuisset.
407 2021 490 2082 Ab
519 2022 800 2088 Abraham
829 2037 1003 2094 usque
1027 2022 1094 2085 ad
1128 2021 1429 2089 Christum,
1465 2024 1760 2084 secundum

162 2111 501 2182 Matthzeum,
531 2115 888 2186 quadraginta
927 2117 1034 2176 duo
1062 2121 1187 2174 sunt
1215 2115 1272 2176 in
1298 2114 1634 2186 genealogis,
1659 2115 1763 2171 hoc

161 2214 251 2266 eat
279 2220 310 2270 a
337 2205 516 2284 capite
542 2205 669 2262 ﬁdei
697 2221 868 2278 usque
889 2207 960 2262 ad
991 2214 1192 2269 terram
1221 2206 1547 2272 viventium,
1570 2207 1762 2268 relicto

161 2309 355 2358 errore
401 2296 721 2376 gentilitatis
742 2337 758 2363 ,
795 2296 858 2361 in
905 2296 1077 2374 ﬁgura
1124 2297 1487 2368 quadraginta
1533 2297 1762 2357 duarum

159 2387 508 2454 mansionum
535 2386 771 2448 ﬁliorum
801 2386 966 2448 Israel
994 2388 1059 2444 de
1085 2385 1321 2459 Μεῖνιο
1350 2387 1406 2442 in
1439 2394 1644 2446 terram
1673 2401 1760 2442 re-

159 2476 542 2547 promissionis
580 2494 594 2530 :
627 2476 826 2548 quibus
868 2485 978 2533 tres
1024 2478 1337 2538 mansiones
1375 2478 1760 2548 praetermissae

160 2574 312 2633 sunt,
345 2567 437 2624 ubi
463 2567 645 2622 Aaron
677 2577 928 2634 mortuus
957 2577 1062 2633 est,
1107 2576 1164 2622 et
1193 2568 1286 2623 ubi
1314 2568 1544 2639 populus
1569 2577 1760 2624 contra

160 2661 456 2722 Dominum
475 2668 531 2728 et
557 2659 780 2734 Moysen
819 2661 886 2722 de
913 2658 1128 2728 fastidio
1151 2675 1365 2715 manna:
1386 2675 1762 2718 murmurave-

157 2760 316 2818 runt,
335 2757 390 2805 et
415 2750 504 2806 ubi
526 2767 558 2816 a
585 2745 929 2820 serpentibus
953 2748 1241 2819 vulnerati,
1265 2751 1320 2810 in
1347 2751 1575 2822 ﬁguram
1594 2751 1762 2810 trium

154 2857 352 2915 regum
381 2842 478 2914 qui
501 2842 566 2902 de
600 2839 917 2914 genealogia
945 2840 1228 2904 tolluntur.
1276 2840 1591 2906 Secundum
1628 2858 1759 2899 vero

153 2931 368 2994 Lucam
393 2934 742 3008 septuaginta
756 2942 963 3004 septem
993 2934 1048 2997 in
1078 2933 1392 3005 genealogia
1428 2943 1578 3005 sunt,
1616 2933 1762 2988 inter

155 3023 334 3078 Adam
356 3034 412 3090 et
434 3015 968 3096 Christumpropter
986 3019 1363 3090 remissionem
1388 3034 1759 3094 peccatorum,

158 3122 223 3180 ut
247 3113 512 3178 Domitius
553 3118 621 3180 ad
669 3115 930 3189 Petrum:
978 3115 1105 3171 Non
1145 3117 1262 3172 dico
1302 3116 1396 3171 tibi
1425 3118 1633 3187 septies,
1669 3117 1760 3172 sed

154 3203 455 3273 septuagies
475 3202 686 3274 septies.
727 3200 863 3272 Item
893 3201 1270 3272 interpretatio
1299 3203 1603 3260 nominum.
1637 3205 1758 3260 Pri-

154 3311 314 3360 mum
342 3310 559 3362 nomen,
581 3294 642 3358 id
662 3301 766 3362 est.
793 3301 949 3374 pater
976 3293 1180 3358 Abram
1201 3295 1591 3366 interpretatur
1607 3305 1759 3367 pater

152 3386 431 3456 excelsus;
494 3385 778 3450 Abraham.
809 3394 960 3455 pater
1005 3384 1295 3448 multarum
1345 3387 1757 3459 interpretatur,

153 3479 420 3546 subaudis
453 3479 728 3559 gentium,
779 3475 1052 3548 signiﬁcat
1095 3477 1374 3544 Christum
1395 3521 1416 3550 ,1
1459 3480 1587 3550 quia
1642 3481 1760 3550 ipse

152 3570 304 3636 ﬁlios
334 3569 628 3636 multarum
651 3569 894 3646 gentium
923 3569 1108 3636 habet,
1136 3577 1197 3623 ut
1223 3569 1424 3626 dicitur
1452 3589 1464 3622 ε
1496 3569 1558 3636 Si
1584 3580 1758 3632 custo-

139 3664 354 3722 dierint
381 3661 481 3732 lilii
510 3661 587 3722 tui
607 3645 768 3738 legem
790 3677 979 3726 meum.
1007 3662 1158 3726 Isaac
1180 3665 1317 3726 risus
1341 3663 1753 3740 interpretatur,

153 3755 292 3826 quia
323 3753 447 3820 risit
486 3751 622 3812 Sara
655 3760 710 3814 et
752 3751 1034 3816 Abraham
1067 3764 1180 3832 prae
1207 3749 1444 3820 gaudio,
1483 3741 1754 3820 signiﬁcat

152 3844 474 3913 Christum,
525 3853 586 3908 ut
620 3861 636 3900 :
671 3844 812 3910 Ecce
850 3843 1105 3908 annuntio
1154 3841 1300 3906 vobis
1350 3841 1604 3913 gaudium
1644 3858 1760 3897 ma-

149 3959 342 4014 gnum,
357 3939 527 4006 Iacob
548 3942 934 4016 interpretatur
959 3939 1491 4015 διωριαθαμιρκηιμὶλ
1521 3949 1605 3996 ter
1632 3955 1756 4013 sup-

150 4033 429 4104 plantavit
469 4031 694 4088 fratrem
720 4047 900 4098 suum,
929 4031 1117 4102 primo
1138 4045 1209 4092 ex
1241 4041 1398 4088 utero
1431 4031 1644 4098 matris,
1673 4045 1757 4094 se-

150 4121 345 4180 cundo
369 4137 466 4191 per
489 4122 716 4188 lentem,
746 4122 906 4177 tertio
933 4136 1032 4191 per
1069 4120 1505 4179 benedictionem
1538 4138 1551 4175 :
1583 4119 1756 4192 signi-

145 4213 296 4270 ﬁcat
354 4211 668 4278 Christum,
715 4213 848 4283 quia
893 4220 976 4274 ter-
1027 4211 1394 4286 snpplantavit
1435 4211 1752 4268 diabolum:

147 4305 360 4379 primo,
397 4302 524 4362 Non
552 4303 606 4358 in
636 4303 746 4360 solo
775 4321 910 4375 pane
939 4305 1057 4362 vivit
1082 4305 1277 4371 homo;
1319 4304 1598 4361 secundo:
1630 4304 1758 4366 Non

150 4397 386 4459 tentabis
427 4395 717 4452 Dominum
765 4395 938 4456 Deum
977 4406 1162 4466 tuum;
1213 4397 1420 4454 tertio:
1467 4395 1756 4451 Dominum

149 4491 339 4552 Deum
361 4497 516 4558 tuum
539 4489 822 4556 adorabis;
852 4497 907 4545 et
931 4488 1061 4554 alibi
1091 4508 1104 4543 :
1139 4489 1310 4556 Nemo
1334 4498 1504 4564 potest
1529 4489 1755 4560 diripere

152 4600 290 4638 vasa
319 4582 486 4682 fastis,
515 4584 628 4644 nisi.
654 4586 803 4654 prius
822 4583 1121 4656 alligaverit
1153 4584 1374 4684 fortem.
1404 4581 1585 4648 'Judas
1625 4599 1754 4646 aon-
1777 4628 1840 4688 D

154 4673 332 4742 fessio,
352 4672 760 4743 interpretatur.
797 4674 890 4736 Sic
917 4684 1097 4738 mater
1119 4672 1235 4742 ejus
1257 4675 1366 4738 ait:
1401 4674 1561 4731 Nune
1582 4675 1752 4745 conﬁ-

151 4764 311 4822 tebor
359 4763 665 4830 Dominum,
716 4767 842 4836 quia
889 4765 1032 4821 dedit
1079 4765 1209 4828 milii
1246 4773 1496 4836 quartum
1537 4763 1752 4832 ﬁlium;

151 4853 436 4928 signiﬁcat
457 4853 757 4922 Christum,
793 4863 854 4910 ut
879 4854 1174 4925 (ἐσπιΙὶωὸον
1219 4855 1338 4924 tibi,
1361 4851 1527 4910 Pater
1563 4855 1676 4908 caeli
1706 4865 1754 4910 et

150 4955 342 5004 terrm.
392 4943 597 5012 Phares
647 4947 1043 5016 interpretatur
1088 4945 1276 5002 divisio
1320 4945 1406 5004 vel
1448 4945 1653 5011 divisit,
1696 4954 1757 5008 ut

153 5038 305 5094 dixit
331 5037 594 5102 obstetrix
621 5056 635 5091 :
673 5037 850 5106 Quare
873 5037 1098 5096 divisisti
1120 5037 1438 5103 maceriam;
1484 5035 1756 5108 signiﬁcat

151 5127 463 5195 Christum.
489 5138 548 5188 ut
579 5146 592 5183 :
622 5128 836 5193 Statuas
867 5145 982 5190 oves
1006 5146 1040 5183 a
1062 5128 1284 5196 dextris,
1310 5127 1490 5190 haedos
1518 5139 1696 5190 autem
1723 5147 1759 5184 a

150 5221 428 5286 sinistris;
465 5230 520 5278 et
552 5221 750 5286 dividet
779 5237 902 5288 eum
943 5230 1264 5298 partemque
1289 5218 1407 5290 eius
1438 5229 1606 5294 ponet
1631 5236 1758 5286 cum

151 5313 488 5384 hypocritis.
536 5311 675 5378 Sara
696 5314 874 5378 oriens
901 5312 990 5376 vel,
1016 5314 1290 5376 coccineus
1319 5313 1752 5384 interpretatur:

152 5405 389 5471 oriens.
441 5404 576 5476 quia.
620 5406 772 5487 prius
829 5405 966 5466 oriri
1001 5404 1224 5472 deum;
1260 5405 1578 5474 coccinatus,
1628 5405 1755 5477 quia

150 5494 632 5562 ﬁlius.
663 5495 913 5570 alligatus
965 5503 1050 5560 est
1091 5494 1259 5570 digito
1297 5495 1454 5576 eius;
1490 5496 1759 5569 signiﬁcat

151 5585 476 5654 Christum,
495 5597 572 5664 ut,
619 5586 854 5646 Visitavit
877 5605 981 5650 nos
992 5589 1169 5654 enim
1190 5604 1258 5644 εσυ
1277 5586 1419 5655 αλιος
1446 5596 1506 5654 et
1529 5602 1548 5650 ἒ
1578 5587 1756 5662 (ξω-ε

413 5691 490 5740 est
508 5681 870 5748 indumentum
895 5683 1086 5740 tuum?
1109 5680 1346 5738 Thamar
1367 5681 1757 5752 interpretatur

152 5771 366 5844 palma.
399 5780 460 5838 el
482 5788 670 5840 atillam
688 5773 872 5841 fames,
906 5773 992 5828 vel
1022 5774 1242 5843 impetus
1275 5786 1292 5824 .·
1329 5773 1506 5842 palma
1533 5784 1756 5844 propter

154 5859 478 5926 victoriam,
511 5862 636 5931 quia
665 5862 948 5918 suscitavit
985 5876 1168 5918 semen
1197 5863 1375 5918 mariti
1404 5863 1521 5927 sui;
1548 5880 1753 5932 ainara,

1874 913 2002 992 quia
2027 929 2094 977 eo
2120 919 2365 992 tempore
2403 919 2563 967 natus
2604 921 2688 968 est
2721 911 2937 990 quando
2964 910 3255 968 Chananaei
3285 913 3461 968 inimi-

1873 1005 2030 1062 citias
2056 1007 2381 1070 exercebant
2428 1014 2616 1067 contra
2651 1005 2814 1070 Israel
2849 1019 2955 1078 pro
3000 1019 3132 1068 nece
3156 1003 3374 1060 Sichem
3403 1014 3459 1060 et

1872 1091 2070 1162 Emor;
2111 1096 2333 1162 atrium,
2379 1109 2445 1162 eo
2491 1095 2636 1165 quod
2685 1094 2853 1165 ipsius
2888 1102 3130 1164 tempore
3174 1096 3460 1150 habitabat

1860 1182 2035 1242 ‘lsrael
2069 1184 2122 1239 in
2168 1185 2530 1241 tabernaculis
2579 1193 2635 1240 et
2672 1183 2918 1248 tentoriis
2935 1201 2962 1250 ,τ
2992 1185 3261 1256 signiﬁcat
3303 1185 3458 1241 Chri-

1871 1284 2032 1345 stum,
2058 1285 2152 1332 ut:
2178 1277 2397 1354 Sagitta:
2419 1287 2524 1333 tua:
2545 1288 2712 1332 acuta:
2726 1296 2746 1344 ;
2775 1287 2830 1333 et
2856 1294 2870 1340 ξ
2903 1277 3113 1334 Stantes
3133 1288 3280 1341 erant
3303 1279 3457 1349 pedes

1871 1375 2038 1426 nostri
2063 1374 2118 1426 in
2130 1375 2285 1432 atriis
2311 1373 2434 1439 tuis,
2459 1371 2778 1428 Jerusalem.
2810 1373 2974 1427 Aram
3000 1373 3193 1432 electus
3223 1375 3335 1429 sive
3363 1391 3456 1428 ea:—

1870 1462 2036 1516 celsus
2079 1463 2469 1535 interpretatur
2511 1482 2523 1516 :
2569 1463 2836 1536 signiﬁcat
2881 1462 3176 1530 Christum,
3199 1471 3258 1519 ut
3297 1484 3308 1518 :
3352 1464 3456 1519 Hic

1868 1563 1945 1607 est
1968 1552 2112 1622 ﬁlius
2144 1568 2288 1608 meus
2313 1551 2533 1608 dilectus
2554 1571 2572 1619 ;
2604 1563 2661 1609 et
2684 1573 2696 1606 :
2736 1553 2805 1608 Et
2833 1554 3066 1610 excelsus
3092 1573 3249 1628 super
3276 1574 3455 1611 omnes

1866 1651 2042 1714 gentes
2078 1640 2354 1701 Dominus.
2393 1642 2696 1700 Aminadab
2718 1646 2939 1720 populus
2966 1665 3112 1706 meus
3141 1657 3455 1718 spontaneus

1869 1733 2279 1803 interpretatur,
2320 1750 2385 1790 eo
2427 1735 2572 1808 quod
2607 1748 2847 1810 tempore
2881 1739 3182 1796 nativitatis
3215 1757 3326 1795 sua:
3353 1742 3452 1795 ha-

1868 1825 2079 1890 bitabat
2099 1826 2329 1898 populus
2349 1825 2518 1882 Israel
2541 1839 2731 1900 sponte
2759 1831 2813 1884 in
2837 1840 2980 1902 terra
3008 1831 3265 1906 Egypti:
3293 1832 3456 1904 signi-

1791 1908 1838 1968 B
1868 1915 1996 1972 ficat
2025 1913 2323 1985 Christum,
2349 1927 2445 1976 ut:
2481 1917 2649 1981 Nemo
2674 1920 2817 1976 tollet
2837 1941 2870 1982 a
2895 1940 2978 1986 me
3005 1923 3234 1989 animum
3258 1941 3448 1978 meam.

1866 2007 2083 2066 Naason
2106 2012 2395 2080 augurians
2429 2012 2513 2065 vel
2548 2030 2718 2084 augur
2747 2013 2898 2083 [ortis
2940 2016 3352 2089 interpretatur,
3387 2031 3452 2072 eo

1866 2105 2008 2178 quod
2030 2104 2198 2174 ipsius
2219 2112 2461 2177 tempore
2486 2106 2653 2176 ccepit
2672 2101 2836 2176 lsrael
2857 2108 2912 2172 in
2941 2106 3175 2182 [Egypto
3199 2107 3453 2178 augurari

1866 2201 1921 2248 et
1947 2191 2087 2248 idola
2117 2192 2347 2256 adorare
2375 2213 2390 2248 ι
2430 2195 2700 2268 signiﬁcat
2726 2183 3026 2266 Christum,
3045 2198 3170 2274 quia
3201 2198 3454 2269 auguria-

1864 2285 2026 2341 batur
2058 2284 2124 2339 de
2155 2282 2456 2356 prmterito,
2489 2295 2550 2352 ut
2578 2301 2593 2341 :
2626 2287 2892 2352 Abraham
2905 2273 3066 2366 pater
3089 2298 3253 2350 vester
3280 2287 3459 2342 exsul-

1865 2377 1993 2434 tavit
2017 2385 2075 2430 ut
2102 2375 2296 2440 videret
2317 2376 2456 2432 diem
2479 2394 2652 2434 meum
2659 2395 2685 2448 ,ς
2723 2378 2790 2442 de
2813 2379 3070 2449 prementi
3097 2397 3110 2433 :
3155 2376 3348 2452 thuid
3371 2397 3459 2433 co-

1864 2467 2041 2540 gitatis
2067 2467 2213 2523 mala.
2235 2468 2294 2523 in
2318 2468 2562 2530 cordibus
2595 2469 2816 2524 vestrisi
2853 2471 2920 2538 de
2951 2469 3130 2537 futuro
3156 2488 3168 2524 :
3204 2469 3272 2524 Et
3304 2478 3458 2524 erunt

1865 2560 2110 2614 homines.
2125 2560 2282 2614 sicuti
2311 2559 2486 2631 angeli
2508 2560 2628 2618 Dei.
2661 2560 2916 2626 Salomon
2940 2563 3325 2633 interpretatur
3347 2579 3460 2615 sen-

1865 2644 2032 2705 sibilis
2057 2650 2171 2706 sive
2195 2667 2399 2717 sensus,
2416 2666 2482 2706 ac
2508 2651 2629 2707 ideo
2653 2650 2828 2718 factus
2849 2661 2932 2708 est
2953 2651 3062 2708 dux
3089 2652 3249 2707 tribui
3272 2651 3455 2707 ludas:

1865 2738 2138 2810 signiﬁcat
2168 2739 2475 2808 Christum,
2517 2751 2575 2795 ut
2603 2760 2616 2796 :
2653 2741 2783 2808 Quis
2811 2760 2890 2796 me
2917 2743 3123 2816 tetigit?
3159 2744 3322 2796 sentio
3353 2744 3457 2796 vir-

1866 2842 2028 2888 tutem
2057 2833 2121 2888 de
2147 2851 2229 2889 me
2248 2835 2436 2907 exisse.
2464 2830 2617 2890 Raab
2641 2836 3031 2908 interpretatur
3061 2836 3306 2902 latitudo,
3329 2836 3453 2906 quia

1848 2913 2018 3008 prius
2057 2930 2303 2996 dilatavit
2321 2940 2606 3003 peccatum
2640 2933 2824 2994 carnis
2855 2948 2964 2996 suae
3003 2942 3062 2988 ut
3094 2932 3372 2998 meretrix,
3403 2939 3462 2986 et

1863 3029 2053 3092 postea
2089 3021 2374 3090 dilatatum
2415 3031 2496 3078 est
2529 3038 2698 3094 genus
2736 3021 2851 3094 ejus
2888 3025 3031 3090 inter
3071 3023 3210 3079 ﬁlios
3245 3023 3410 3078 Israel
3440 3040 3454 3077 :

1866 3110 2136 3183 signiﬁcat
2179 3109 2480 3170 Ecclesiam
2525 3129 2624 3184 per
2652 3123 2821 3168 totum
2863 3115 3124 3174 mtuidum
3155 3114 3452 3171 dilatatam.

1867 3199 2010 3268 Boqz
2032 3205 2428 3276 interpretatur
2448 3207 2502 3261 in
2529 3224 2632 3279 quo
2666 3207 2908 3272 robustus
2933 3208 3046 3268 sive
3069 3209 3123 3262 in
3161 3209 3271 3278 ipso
3299 3209 3454 3277 {orti-

1866 3295 2014 3362 tudo,
2043 3296 2134 3366 qui
2168 3295 2542 3366 fortitudinem
2570 3298 2719 3362 visus
2743 3307 2827 3359 est
2851 3299 3034 3364 tacens
3054 3303 3270 3370 quando
3305 3317 3458 3357 acce-

1863 3388 1944 3460 pit
1969 3383 2115 3452 Ruth
2151 3399 2211 3445 ut
2264 3391 2556 3450 suscitaret
2602 3407 2786 3454 semen
2831 3393 3123 3465 propinqui
3167 3395 3270 3462 sui,
3313 3396 3457 3465 quod

1865 3477 2002 3535 alius
2031 3480 2114 3534 vir
2147 3479 2330 3546 facere
2371 3481 2546 3537 noluit
2573 3500 2584 3534 :
2617 3481 2888 3554 signiﬁcat
2919 3482 3216 3551 Christum,
3247 3494 3306 3540 ut
3340 3503 3352 3539 :
3395 3484 3456 3540 Si

1863 3567 2124 3628 exaltatus
2154 3571 2304 3641 fuero
2339 3590 2372 3626 a
2416 3582 2578 3640 terra,
2609 3575 2748 3630 viam
2794 3575 3003 3638 traham
3052 3592 3271 3636 mecum.
3305 3576 3456 3632 Obed

1863 3659 2257 3732 interpretatur
2293 3664 2550 3732 serviens,
2586 3680 2651 3724 eo
2677 3667 2828 3735 qugd
2868 3666 3006 3717 bene
3037 3665 3264 3722 servivit
3303 3666 3453 3721 Deo:

1862 3754 2133 3819 signiﬁcat
2157 3754 2458 3817 Christum,
2491 3759 2548 3806 ut
2573 3770 2584 3805 :
2613 3751 2788 3808 Filius
2818 3754 3048 3816 hominis
3069 3773 3173 3811 non
3194 3760 3328 3818 venit
3358 3760 3456 3813 mi-

1862 3840 2098 3908 nistrari,
2123 3844 2214 3897 sed
2240 3844 2560 3899 ministrare.
2587 3843 2734 3902 Ruth
2759 3846 3150 3916 interpretatur
3171 3848 3450 3918 festinans,

1859 3947 1927 3990 eo
1967 3935 2112 4006 quod
2137 3936 2203 3992 de
2233 3944 2382 3992 terra
2413 3937 2586 3994 aliena
2617 3937 2894 4002 festinath
2921 3941 2988 4003 ad
3015 3943 3274 4013 populum
3305 3944 3400 4002 Dei
3434 3963 3447 3998 :

1859 4025 2129 4096 signiﬁcat
2180 4025 2503 4094 Ecclesiam,
2549 4044 2668 4098 (tua:
2714 4028 2992 4086 festinavit
3037 4033 3102 4093 ad
3151 4033 3448 4095 Christum.

1859 4115 2012 4178 Jesse
2056 4118 2445 4187 interpretatur
2466 4120 2524 4178 in
2553 4118 2660 4178 sole
2697 4121 3016 4189 sacriﬁcium
3038 4123 3124 4178 vel
3155 4125 3447 4192 incensum,

1859 4209 1927 4266 de
1948 4224 2059 4282 quo
2080 4211 2269 4280 genuit
2303 4210 2492 4277 ﬁlium,
2520 4211 2612 4282 qui
2655 4210 2859 4282 plum'es
2889 4211 3220 4276 sacriﬁcium
3255 4216 3341 4270 vel
3367 4217 3451 4272 in-

1859 4317 2084 4372 censum
2111 4303 2222 4358 Deo
2251 4301 2447 4364 oﬁ‘erre
2470 4304 2753 4366 constituit
2798 4322 2820 4359 :.
2855 4306 3126 4381 signiﬁcat
3148 4307 3448 4378 Christum,

1857 4403 1918 4450 ut
1961 4413 1975 4449 ε
2007 4394 2081 4456 In
2120 4394 2229 4450 sole
2263 4395 2436 4465 posuit
2479 4395 2873 4456 tabernaculum
2899 4413 3088 4464 suum;
3127 4408 3222 4455 et:
3263 4400 3447 4472 Ignem

1856 4487 1971 4541 veni
2018 4488 2220 4544 mittere
2259 4488 2318 4540 in
2364 4496 2578 4555 terram,
2620 4495 2670 4542 et
2715 4487 2840 4560 quid
2879 4487 2992 4544 volo
3027 4490 3132 4545 nisi
3158 4501 3217 4546 ut
3241 4493 3445 4550 ardeat.

1857 4577 2030 4639 David
2043 4577 2436 4652 interpnetatm:
2447 4579 2600 4650 fortis
2613 4580 2911 4645 manusive.
2920 4581 3307 4658 desiderabilis,
3319 4587 3448 4655 quia

1859 4670 1995 4734 vicit
2014 4668 2247 4736 Goliam,
2263 4679 2318 4724 et
2337 4670 2738 4742 diligebateum
2755 4674 2932 4738 annis
2951 4673 3148 4737 lsrael:
3177 4677 3450 4749 signiﬁcat

1861 4760 2158 4827 Christum,
2176 4769 2234 4824 ut
2251 4779 2264 4814 :
2283 4761 2538 4816 Dominus
2553 4762 2708 4831 fortis
2717 4772 2989 4834 adpetens,
3000 4764 3448 4839 Domstspotens

1860 4855 1918 4908 in
1937 4852 2122 4923 prtelio
2143 4871 2162 4919 ;
2192 4860 2248 4908 et
2273 4871 2286 4908 :
2321 4852 2456 4907 Ecce
2483 4854 2646 4908 veniet
2669 4854 3028 4916 desiderabilis
3056 4859 3258 4919 eunetis
3279 4861 3460 4930 genti-'

1861 4944 1980 5000 bus.
1995 4943 2704 5014 Bethsabeeinterpretatur
2716 4947 2831 5017 [ilia
2842 4947 3138 5018 iuramenti
3156 4949 3239 5010 vel
3257 4960 3446 5022 puteus

1859 5034 2118 5092 satietatis
2131 5047 2150 5085 :
2166 5033 2436 5106 signiﬁcat
2455 5034 2676 5110 Legem,
2693 5053 2820 5108 qua:
2821 5038 3012 5108 juncta
3026 5047 3112 5104 est
3125 5041 3213 5102 alii
3235 5043 3374 5112 viro,
3389 5045 3446 5104 id

1861 5134 1948 5186 est
1968 5125 2207 5193 Christo,
2241 5137 2366 5200 post
2387 5139 2624 5197 mortem
2643 5132 2744 5188 viri
2760 5131 2869 5201 sui,
2888 5132 2948 5189 id.
2966 5143 3192 5204 estpost
3211 5145 3444 5196 mortem

1859 5218 2056 5292 Moysi.
2092 5220 2369 5278 Uriaslua:
2391 5239 2509 5280 mea
2530 5224 2680 5290 Deus
2703 5226 3090 5296 interpreth
3118 5243 3146 5284 :-
3170 5219 3458 5303 signiﬁcat!

1855 5310 2108 5383 Moysen,
2128 5313 2269 5378 sicut
2295 5330 2460 5386 supra
2483 5317 2738 5382 diximus.
2764 5319 3456 5394 Satorum-interpretatur,

1856 5405 2216 5474 paciﬁeus,.eo
2238 5409 2556 5478 quod-dedit
2577 5411 2658 5470 ξω·
2675 5388 3291 5491 υιιιιεμωωάιιμιηέω
3313 5436 3331 5476 ε
3363 5388 3457 5491 .ίᾷ

3447 5485 3454 5503 Ι

2102 5498 2390 5562 Christum.
2410 5520 2424 5556 :
2453 5503 2578 5573 Ipsa
2595 5514 2680 5562 θαι
2693 5506 2838 5564 «tum
2856 5515 3296 5587 numqui
3319 5515 3446 5591 facit

1860 5605 2086 5668 utraque
2123 5614 2304 5658 unum
2350 5598 2592 5660 Habeam
2650 5600 3038 5670 intentantur
3075 5605 3308 5670 latinus
3355 5613 3447 5672 vel

1861 5688 2082 5760 impetus
2117 5692 2296 5761 populi
2338 5707 2438 5762 per
2470 5693 2826 5764 antiphrasin)
2845 5738 2860 5762 ,
2889 5715 2956 5753 eo
2985 5702 3129 5769 quod
3154 5717 3444 5776 augustum

1865 5793 2109 5849 regnum,
2139 5782 2190 5837 id
2217 5791 2300 5836 est
2332 5799 2559 5852 parvum
2588 5785 2792 5852 habuit,
2830 5789 2914 5845 vel
2938 5804 3012 5845 eo
3025 5793 3170 5860 quod
3193 5797 3445 5856 undecim

1867 5870 2037 5926 tribus
2064 5888 2118 5928 se
2155 5875 2453 5931 diviserunt
2491 5893 2520 5932 a
2564 5894 2728 5952 regno
2757 5881 2874 5952 ejus
2909 5898 2925 5938 :
2969 5883 3242 5956 signiﬁcat
3282 5887 3445 5950 Chri-
