3960 6360
562 316 667 384 475

1200 316 1262 371 B.
1300 315 1555 373 MBAN]
1592 317 1809 373 MAURI
1848 281 2164 371 ineatur.
2207 314 2517 372 uocum.
2560 314 2845 370 OPERUM
2882 312 3060 368 rans
3100 312 3163 367 ιι.
3657 322 3721 376 ne

559 440 791 495 stentes,
844 444 1033 486 eorum
1087 430 1273 502 pravis
1326 432 1589 503 exemplis
1642 432 1881 501 quotidie
1934 433 2144 502 pejores
2173 436 2220 494 Α
2247 430 2357 485 sive
2385 431 2598 499 pagani,
2628 430 2745 485 sive
2769 428 2957 484 Judmi.
2992 429 3097 484 Sed
3127 437 3298 484 tamen
3323 432 3562 500 omnibus,
3590 438 3722 505 quibus

558 522 710 576 ﬁunt.
763 520 865 587 Qui
909 528 1090 577 autem
1125 522 1191 578 de
1227 523 1501 593 praedictis
1548 523 1695 579 vitiis
1740 541 1837 594 per
1879 525 2141 579 occultam

555 612 968 680 confessionem,
987 613 1130 670 mala
1158 616 1257 670 abs
1282 630 1342 671 se
1363 615 1623 671 absconse
1648 618 1939 672 commissa
1959 632 2142 671 coram

553 705 723 760 oculis
753 692 869 771 Doi,
900 713 1172 776 praesente
1211 708 1375 762 etiam
1419 708 1722 775 sacerdote,
1752 709 1842 777 qui
1874 709 1951 764 eis
1991 709 2145 762 indu.

554 804 741 853 cturus
782 807 867 855 est
909 801 1304 871 ptenitentiam,
1350 800 1699 865 conﬁtentur,
1738 811 1793 856 et
1824 803 2145 869 semetipsos

553 893 791 959 graviter
832 893 1125 965 deliquisse
1168 904 1455 962 accusant,
1483 896 1528 951 si
1571 897 1841 951 veraciter
1877 897 2143 966 paenitue-

554 984 681 1049 rint,
708 992 766 1039 et
793 999 1009 1055 semper
1028 984 1265 1055 jejunia,
1295 995 1350 1041 et
1381 988 1768 1059 cleemosynas,
1798 987 2139 1058 vigiliasque,

554 1082 716 1144 atque
750 1091 936 1132 sacras
960 1077 1236 1134 orationes
1264 1094 1388 1133 cum
1418 1079 1673 1149 lacrymis
1696 1094 1931 1149 purgare
1959 1086 2141 1134 certa-

551 1166 747 1219 verint.
772 1163 868 1224 His
903 1167 1071 1225 etiam
1105 1168 1277 1240 gradu
1315 1176 1553 1234 servato,
1583 1183 1707 1237 spes
1735 1169 1911 1223 venia:
1936 1169 2003 1224 de
2038 1169 2143 1222 mi-

552 1255 849 1312 sericordia
875 1242 973 1312 Dei
996 1258 1362 1327 promittenda
1399 1267 1514 1322 est;
1553 1252 1644 1327 qui
1682 1273 1871 1314 omnes
1897 1260 2145 1315 homines

552 1346 668 1401 vult
712 1347 888 1404 salvos
924 1349 1047 1407 ﬁeri
1100 1351 1263 1420 et,ad
1305 1351 1633 1422 agnitionem
1670 1351 1916 1407 veritatis
1954 1365 2145 1421 perve-

552 1438 691 1506 nire,
737 1454 916 1511 neque
940 1450 1175 1498 mortem
1202 1442 1522 1513 peccatoris,
1556 1442 1657 1501 sed
1687 1451 1745 1497 ut
1798 1451 2145 1498 convertatur

552 1541 607 1587 et
638 1535 804 1589 vivat.

625 1644 759 1702 Nam
807 1649 876 1704 de
919 1648 1055 1716 illis,
1094 1649 1194 1720 qui
1238 1649 1308 1705 ad
1350 1650 1613 1705 honorem
1657 1648 1980 1719 presbyterii
2028 1649 2145 1704 sine

548 1738 800 1793 examine
827 1741 1076 1809 provecti
1113 1749 1260 1807 sunt,
1292 1741 1347 1794 in
1391 1740 1623 1795 concilio
1661 1739 1905 1805 Nicaeae,
1932 1755 2050 1810 cap.
2086 1742 2139 1807 9,

550 1830 819 1899 scriptum
841 1849 861 1885 ε
903 1850 925 1884 σ
967 1831 1029 1887 Si
1079 1834 1174 1904 qui
1224 1834 1531 1903 presbyteri
1579 1833 1695 1888 sine
1740 1834 2140 1889 examinatione

547 1923 794 1991 provecti
841 1931 1010 1979 sunt:
1043 1924 1127 1980 vel
1173 1939 1296 1979 cum
1330 1925 1747 1988 discuterentur,
1778 1932 1997 1993 peccata
2041 1940 2141 1979 sua

551 2015 789 2070 confessi
828 2025 973 2084 sunt,
1013 2024 1069 2072 et
1092 2017 1339 2073 homines
1377 2026 1569 2073 contra
1595 2032 1832 2072 canones
1858 2018 2138 2083 commoti,

557 2121 757 2161 manus
791 2108 1067 2165 confessis
1106 2109 1385 2179 imponere
1440 2117 1802 2165 tentavernnt.
1854 2108 2010 2164 Tales
2058 2116 2141 2163 re.»

554 2199 678 2270 gula
732 2215 843 2255 non
887 2202 1145 2266 admittit,
1194 2202 1321 2272 quia
1360 2203 1505 2273 quod
1539 2201 2016 2272 irreprebensibiie
2058 2209 2145 2257 eet

548 2289 829 2348 Catholica
862 2291 1107 2348 defendit
1128 2293 1393 2349 Ecclesia.
1423 2314 1442 2346 ι
1476 2294 1609 2348 item
1638 2294 1692 2347 in
1720 2292 2143 2347 Neocesareensi

549 2383 803 2450 concilio,
832 2398 958 2455 cap.
980 2386 1039 2450 9,
1067 2386 1137 2441 de
1169 2386 1256 2440 iris
1303 2386 1381 2440 ita
1406 2387 1671 2455 scriptum
1701 2393 1786 2439 est
1812 2401 1825 2436 :
1862 2402 1880 2435 ι
1910 2384 2142 2454 Presby-

550 2480 638 2527 ter
670 2474 731 2528 si.
762 2483 1177 2546 pmeccnpatus
1211 2476 1480 2545 corporali
1540 2484 1770 2546 peccato
1812 2476 2143 2546 provehatur

548 2570 610 2617 et
634 2563 918 2621 confessus
964 2565 1130 2621 fuerit
1171 2566 1241 2621 de
1281 2582 1359 2633 se,
1388 2567 1537 2636 quod
1576 2577 1701 2621 ante
1746 2568 2143 2623 ordinationem

548 2668 711 2710 suam
750 2656 1061 2727 deliquerit,
1105 2658 1287 2713 oblata
1334 2664 1443 2713 non
1493 2667 1800 2723 consecret,
1828 2670 2056 2713 manens
2086 2659 2143 2713 in

546 2745 773 2815 reliquis
797 2747 990 2804 Oﬁciis
1011 2758 1233 2819 propter
1257 2751 1458 2806 bonum
1481 2751 1742 2821 studium.
1773 2751 1908 2806 Nam
1936 2751 2143 2821 reliqua

547 2846 776 2908 peccata
815 2838 1059 2909 βιῶ-ἧψε
1096 2839 1354 2896 dixerunt
1380 2857 1479 2912 per
1508 2856 1702 2897 maius
1744 2842 2143 2912 impositionem

545 2944 711 3002 posse
729 2931 954 2988 dimitti.
976 2931 1131 3000 Quod
1152 2934 1199 2989 si
1218 2934 1285 2989 de
1307 2948 1373 2989 se
1388 2934 1507 3003 ipso
1529 2946 1636 2988 non
1661 2932 1825 2988 merit
1840 2934 2147 2998 confessus,

547 3025 782 3095 coargui
810 3024 1096 3081 manifeste
1120 3040 1232 3081 non
1247 3031 1460 3096 potest,
1486 3026 1770 3095 potestatis
1806 3036 1921 3080 suae
1938 3023 2145 3093 judicio

548 3115 905 3221 rminqunt‘nr.
942 3138 962 3171 ι
993 3118 1128 3173 item
1174 3119 1233 3172 in
1254 3119 1445 3174 eodem
1472 3117 1738 3184 Concilio,
1774 3133 1895 3188 cap.
1932 3118 2024 3188 10,
2062 3118 2140 3173 si-
2167 3144 2213 3221 ρ

546 3204 662 3260 miti
708 3207 872 3262 modo
917 3209 1083 3263 etiam
1126 3209 1386 3265 diaconus
1422 3224 1435 3263 :
1490 3227 1509 3260 ι
1568 3208 1627 3264 Si
1676 3210 1869 3264 eodem
1912 3215 2141 3279 peccato

548 3298 921 3366 succubuerit,
948 3300 1020 3355 ab
1051 3301 1242 3357 ordine
1272 3301 1565 3356 ministerii
1587 3301 1921 3357 detrahatur.
1972 3319 1996 3353 ι

621 3411 697 3466 De
726 3411 853 3477 illis,
883 3413 976 3483 qui
1018 3421 1143 3482 post
1182 3420 1465 3483 acceptum
1508 3414 1735 3487 gradum
1778 3414 2138 3484 peccaverint,

550 3503 713 3557 tertio
725 3502 1123 3580 {Apostolorum
1147 3503 1373 3559 Ganene
1400 3506 1475 3560 ita
1505 3504 1736 3575 legitur:
1766 3520 1789 3555 ε
1818 3504 2141 3574 Episcopus,

549 3593 863 3665 presbyter,
898 3603 991 3649 aut
1016 3594 1326 3661 diaconus,
1370 3596 1466 3665 qui
1512 3595 1568 3649 in
1608 3594 2004 3661 fornicatione,
2050 3604 2145 3649 aut

549 3685 809 3757 periurio,
832 3694 928 3741 ant
948 3686 1098 3742 furto
1120 3694 1313 3757 captus
1342 3696 1448 3751 est,
1472 3689 1795 3757 deponatur,
1824 3704 1937 3744 non
1962 3697 2155 3745 tamen.

552 3780 931 3835 commoniom
957 3780 1221 3849 privetur.
1277 3779 1419 3834 Dicit
1464 3780 1611 3833 enim
1643 3778 1927 3849 Scriptura
1966 3797 1981 3833 :
2024 3778 2144 3835 Non

544 3868 810 3939 iudicabit
830 3872 1091 3928 Dominus
1114 3873 1199 3928 bis
1228 3874 1287 3927 in
1316 3873 1370 3927 id
1395 3873 1595 3943 ipsum.
1624 3893 1641 3924 ι
1678 3871 1839 3937 item,
1858 3872 1915 3927 in
1939 3878 2159 3930 canone-

553 3963 944 4034 apostoiorum’,
973 3976 1095 4036 cap.
1127 3964 1199 4020 29
1223 3983 1237 4018 ι
1261 3985 1285 4016 ‹
1331 3963 1543 4035 Siquis
1578 3964 1887 4035 episcopus,
1921 3966 2151 4038 presbyt-

550 4064 658 4123 ter,
682 4065 775 4112 aut
800 4055 1060 4114 diaconus
1089 4057 1364 4128 depositus
1400 4055 1551 4125 justo
1576 4057 1930 4127 uipereor-tis

551 4149 733 4215 nibus,
771 4164 943 4205 ausu
982 4148 1151 4205 fuerit
1198 4155 1502 4204 attrectare
1541 4148 1902 4203 ministerium
1940 4150 2152 4205 dudqu

552 4242 657 4297 sibi
702 4242 1083 4309 commissum;
1122 4242 1217 4297 hic
1249 4241 1325 4295 ab
1355 4240 1598 4297 Ecclesia
1629 4241 1847 4312 penitus
1892 4241 2145 4312 Μαίη-ι

553 4343 664 4388 tur.
698 4352 716 4384 ι

628 4442 1044 4500 Accusatienem
1080 4452 1260 4499 autem
1290 4445 1555 4500 adversus
1578 4445 1722 4500 sacri
1751 4444 1967 4499 ordinis
1998 4445 2145 4499 viros

2249 523 2521 575 accusatio
2549 523 2866 588 denegatur,
2901 522 2957 575 in
2985 522 3165 576 causis
3186 522 3407 592 prepriis
3432 532 3663 584 accusandi
3683 533 3720 587 li-

2247 612 2422 665 centia
2450 611 2764 681 deneganda
2792 626 2898 664 non
2920 618 3019 664 est.
3056 630 3073 662 ι
3108 610 3236 664 item
3266 610 3317 664 in
3344 611 3533 680 eodem,
3556 623 3721 688 cupiit);

2252 722 2271 754 ί
2314 702 2503 757 Testes
2553 711 2733 756 autem
2788 717 2891 755 non
2934 690 3293 756 admittendos
3337 702 3400 755 ad
3433 706 3722 775 testimonium,

2249 790 2337 863 qui
2371 800 2469 849 nec
2500 794 2567 849 ad
2597 793 2997 848 accusationem
3027 790 3236 848 admitti
3266 788 3503 865 pracepti
3526 802 3624 853 sum
3645 814 3656 856 ε
3675 805 3724 858 trl

2246 887 2411 941 etiam
2434 902 2571 957 quos
2596 887 2708 956 ipse
2734 893 3018 940 accusator
3044 883 3112 939 de
3139 884 3295 940 domo
3322 900 3411 940 sua
3435 889 3721 956 produxerit.»

2244 979 2326 1035 Ad
2373 981 2740 1035 testimonium
2782 990 2960 1033 autem
3010 978 3154 1032 intra
3185 994 3355 1034 annos
3392 996 3474 1034 MV
3504 984 3725 1039 aetatissua:

2246 1086 2353 1124 non
2371 1071 2706 1124 admittatur.
2735 1069 2887 1135 item,
2917 1084 3036 1139 cap.
3062 1068 3161 1123 97:
3192 1088 3210 1119 (
3237 1067 3725 1139 Placuit,quoticscun-

2247 1178 2350 1231 quc
2393 1162 2605 1217 clericis
2647 1163 2714 1217 ab
2750 1162 3160 1218 accusatoribus
3207 1161 3371 1216 multa
3409 1163 3601 1218 crimina
3639 1166 3723 1234 υὶιξὶ-

2248 1254 2488 1321 ciuntur,
2527 1262 2582 1309 et
2625 1270 2791 1309 unum
2831 1268 2898 1308 ex
2926 1253 3032 1319 his,
3083 1253 3147 1308 de
3176 1269 3281 1323 quo
3314 1254 3455 1324 prius
3484 1256 3632 1325 egerit,
3650 1272 3725 1327 pro

2246 1346 2374 1401 bare
2400 1363 2506 1402 non
2535 1345 2787 1413 valuerit,
2816 1344 2882 1400 ad
2915 1352 3110 1400 cetera
3138 1362 3246 1401 non
3275 1345 3577 1400 admittatur.
3607 1367 3618 1398 ι

2319 1439 2395 1492 De
2425 1437 2510 1492 his
2551 1446 2751 1501 autem,
2795 1453 3025 1507 quorum
3070 1436 3280 1493 occulta
3321 1446 3437 1492 sunt
3458 1447 3649 1508 peccata,
3668 1453 3725 1492 nec

2245 1525 2530 1583 manifeste
2590 1529 2658 1583 ab
2698 1527 2879 1598 aliquo
2928 1529 3079 1601 argui
3125 1537 3347 1597 possunt
3376 1570 3389 1594 ,
3442 1527 3483 1583 si
3528 1522 3727 1583 salubriter

2246 1612 2556 1686 compuncti
2606 1633 2705 1687 pro
2753 1619 2993 1687 peccatis
3042 1615 3431 1673 confessionem
3475 1632 3624 1673 coram
3660 1619 3727 1688 epi-

2249 1727 2446 1782 scopo,
2492 1712 2604 1766 sive
2647 1711 2963 1782 presbytero
2990 1711 3367 1780 ptenitentiam
3412 1720 3567 1782 agant,
3594 1710 3727 1766 occulte

2171 1787 2219 1855 Β
2247 1800 2473 1867 faciunt,
2501 1800 2701 1857 bonum
2746 1803 2877 1858 mihi
2905 1802 3134 1867 videtur,
3168 1812 3228 1857 ut
3256 1803 3531 1857 secundum
3563 1801 3618 1865 id,
3640 1802 3726 1871 quod

2245 1894 2349 1949 sibi
2398 1894 2673 1949 decretum
2732 1892 2893 1949 fuerit
2937 1894 3006 1949 ab
3048 1895 3305 1965 episcopo
3350 1894 3457 1948 sive
3480 1894 3723 1963 presbytero,

2242 1986 2619 2057 paenitentiam
2658 1995 2821 2056 agant
2857 2001 2965 2040 non
3000 1978 3210 2055 tepide,
3248 2000 3354 2038 non
3390 1983 3545 2048 tarde,
3570 1981 3640 2036 sed
3660 1980 3726 2034 iter-

2243 2084 2452 2139 venter,
2483 2085 2539 2129 et
2570 2074 2796 2130 sollicite
2816 2115 2830 2141 ,
2862 2090 2925 2128 ac
2969 2075 3014 2129 si
3063 2090 3121 2128 se
3147 2074 3361 2128 veniam
3398 2088 3426 2126 a
3456 2070 3637 2127 Domino
3656 2084 3728 2139 per-

2244 2178 2518 2243 cepturos,
2551 2175 2608 2221 et
2636 2165 2862 2238 gradum
2905 2174 3323 2237 recuperaturos
3352 2164 3607 2220 confidunt.
3631 2156 3725 2227 Quoi

2246 2260 2408 2314 etiam
2442 2260 2502 2313 Β.
2527 2258 2819 2329 Gregorius
2846 2274 2985 2329 papa
3020 2259 3073 2311 in
3099 2254 3327 2326 epistola
3356 2270 3504 2325 quam
3525 2252 3580 2307 ad
3600 2250 3729 2305 Secun-

2247 2353 2434 2416 dinum
2470 2366 2686 2406 servum
2717 2344 2814 2406 Dei
2849 2350 3117 2404 inclusum
3171 2348 3408 2419 scripsit,
3436 2348 3499 2400 ita
3521 2340 3727 2416 probati:-

2246 2458 2414 2499 ceus:
2449 2462 2467 2493 ι
2504 2441 2641 2497 Nam
2679 2450 2767 2496 tua
2807 2442 3065 2497 sanctitas
3094 2438 3221 2495 inde
3270 2456 3299 2493 a
3331 2438 3475 2493 nobis
3518 2433 3725 2506 requisivit,

2244 2542 2306 2591 ut
2328 2535 2431 2590 sibi
2458 2524 2810 2590 rescriberem
2837 2534 2903 2588 de
2933 2530 3258 2587 sacerdotali
3286 2524 3453 2584 cilicio
3477 2534 3577 2598 post
3596 2522 3726 2595 lapsum

2245 2618 2561 2698 resurgendi
2610 2616 2981 2689 auctoritates,
3027 2617 3151 2679 dum
3200 2620 3338 2677 dicis
3372 2621 3433 2675 de
3461 2620 3545 2675 hoc
3566 2618 3727 2673 Canoues

2246 2718 2491 2774 diversos
2519 2726 2569 2773 te
2596 2716 2811 2788 legisse,
2843 2717 3192 2785 diversasque
3224 2714 3507 2769 sententias
3530 2708 3726 2765 invenisse.

2248 2809 2383 2867 alias
2422 2809 2759 2881 resurgendi,
2795 2802 2930 2862 alias
2973 2821 3321 2877 nequaquam
3349 2818 3510 2875 posse.
3546 2794 3646 2853 Nam
3671 2810 3728 2850 nos

2247 2900 2576 2973 generaliter
2614 2915 2646 2954 a
2676 2897 2888 2954 Nicaina
2921 2894 3268 2967 incipientes,
3302 2888 3435 2951 hanc
3460 2908 3564 2949 cum
3587 2884 3729 2955 reliquis

2247 3002 2482 3063 quatuor
2523 3006 2867 3058 veneramur,
2898 2989 3027 3061 quia
3062 2989 3236 3059 ipsam
3286 2986 3565 3056 sequentes,
3596 2986 3729 3035 cetera:

2247 3085 2304 3140 in
2331 3084 2543 3140 cunctis
2572 3083 2857 3139 sententiis
2886 3082 3168 3136 unanimes
3193 3077 3531 3134 concordant.
3553 3070 3633 3126 Nos
3651 3082 3729 3136 ergo

2242 3176 2610 3246 praecedentes
2667 3190 2766 3230 nos
2819 3172 3008 3229 Patres
3070 3168 3382 3241 sequimur;
3440 3165 3549 3236 quia
3588 3168 3731 3215 auctore

2243 3268 2375 3333 Deo,
2405 3268 2473 3322 ab
2500 3264 2716 3321 illorum
2742 3260 2990 3320 doetrina
3028 3278 3137 3317 non
3166 3260 3536 3317 discordamus.
3568 3250 3603 3307 Α
3623 3246 3731 3317 capilli

2243 3358 2430 3429 itaque
2468 3358 2791 3429 incipientes
2833 3371 3003 3426 usque
3045 3354 3100 3408 in
3142 3362 3394 3424 quartum
3445 3345 3599 3403 altaris
3633 3339 3730 3429 nllﬂl‘

2244 3426 2414 3505 stram
2446 3426 2598 3502 hach
2626 3446 2859 3500 formam
2888 3443 3213 3501 servandam
3245 3439 3602 3514 cognoscimus,
3629 3437 3669 3484 ut
3685 3426 3731 3479 si-

2244 3549 2338 3597 cut
2384 3540 2652 3595 min‘orcm
2700 3536 2876 3607 major
2927 3536 3186 3608 praecedit
3239 3535 3295 3589 in
3331 3518 3730 3617 honore,it'aclilt

2246 3632 2510 3689 crimine:
2558 3639 2613 3686 et
2642 3646 2803 3701 quem
2853 3627 3027 3698 major
3062 3622 3311 3695 sequi‘tUr
3346 3620 3535 3692 culpa,"
3553 3613 3730 3701 majora

2245 3724 2550 3791 implicetur
2576 3700 2807 3775 vindicta
2836 3735 2849 3771 :
2875 3727 2931 3774 et
2968 3718 3049 3773 Sic
3072 3722 3265 3788 postea
3294 3708 3586 3789 poenitentia
3612 3700 3729 3758 creda-

2247 3823 2337 3870 tur
2366 3812 2811 3889 fructuosa‘esse.
2853 3800 2994 3880 Quid
3032 3810 3182 3865 enim
3233 3804 3451 3880 prodest
3478 3800 3731 3889 triticumst-

2245 3904 2479 3973 minare,
2509 3914 2564 3961 et
2589 3886 2826 3960 fructum
2875 3904 3019 3959 illius
3045 3919 3153 3957 non
3180 3892 3465 3976 colligere?
3490 3901 3570 3952 aut
3589 3884 3729 3976 domum

2246 4000 2545 4065 instruere,
2575 4006 2630 4053 et
2670 3996 2779 4051 illic
2809 4006 2917 4050 nun
2953 3991 3242 4049 habitare?
3273 3975 3414 4047 Post
3435 3982 3617 4060 dignam
3640 3975 3728 4033 enim

2245 4087 2675 4147 satisfactionem
2714 4074 2987 4141 credimus
3034 4097 3194 4154 posse
3235 4078 3412 4137 redire
3437 4078 3498 4133 ad
3535 4068 3729 4130 honorem,

2244 4180 2514 4253 propheta
2543 4178 2759 4234 dicente
2786 4196 2798 4231 :
2832 4196 2857 4228 ι
2887 4160 3139 4245 Nunquid
3172 4172 3267 4243 qui
3292 4164 3431 4228 cadit
3454 4164 3548 4223 non
3573 4156 3729 4231 adjicielv

2246 4282 2307 4329 ut
2350 4273 2629 4343 resurgat?
2671 4291 2688 4322 ι
2746 4266 2920 4342 (Psal.
2956 4256 3071 4338 xu.)
3132 4262 3198 4320 Et
3229 4282 3241 4318 :
3281 4286 3303 4317 ι
3335 4262 3433 4331 Qui
3466 4269 3644 4315 aversus
3668 4254 3735 4347 est:

2252 4384 2272 4419 ‹
2319 4382 2428 4421 non
2473 4361 2824 4420 revertatur?
2874 4347 3009 4432 (jar.
3050 4358 3194 4431 vm.)
3231 4378 3251 4411 ι
3302 4357 3444 4413 Idem
3482 4352 3733 4423 etpeww“

2255 4478 2273 4511 ι
2319 4458 2447 4512 ait:
2492 4476 2510 4507 ι
2557 4445 2613 4510 in
2656 4469 2978 4526 quacunque
3024 4444 3111 4508 die
3157 4458 3448 4529 {cnversus
3483 4432 3730 4529 ingemuerit».

556 4535 715 4591 taeile
751 4540 859 4592 non
894 4530 1278 4607 recipiendam,
1310 4526 1404 4591 sed
1428 4536 1581 4607 prius
1608 4542 1831 4592 caUSam
1861 4534 2144 4608 diligenter
2169 4520 2229 4582 Ι)
2254 4564 2274 4602 ι
2319 4548 2500 4603 salvus
2531 4520 2689 4601 eris:
2711 4564 2730 4598 ,
2774 4520 2913 4616 (ιεαξ
2947 4540 3099 4615 χχχ.)
3122 4520 3278 4597 Uade
3320 4540 3375 4595 ει
3401 4531 3641 4605 psalmo
3665 4522 3730 4577 ait:

556 4628 1071 4696 examinandam,et
1097 4635 1288 4699 postea
1313 4627 1578 4698 judicium
1627 4628 1972 4684 inferendum
1999 4620 2141 4700 Apo-

556 4719 728 4777 stolus
757 4716 933 4787 docet,
968 4714 1214 4776 scribens
1245 4706 1314 4775 ad
1343 4709 1686 4775 Timotheum
1718 4740 1729 4775 :
1781 4740 1799 4770 ι
1830 4720 2141 4779 Accusatio-

559 4831 579 4866 ε
627 4827 774 4877 nem,
803 4804 999 4881 inquit,
1029 4804 1286 4866 adversus
1318 4800 1695 4882 presbylerum
1740 4826 1845 4865 non
1892 4806 2141 4881 recipias,

562 4922 582 4957 ι
629 4902 736 4959 nisi
782 4898 883 4959 sub
918 4890 1126 4958 duobus
1166 4906 1259 4956 aut
1312 4894 1485 4957 tribus
1544 4892 1790 4959 testibus.
1850 4890 2144 4958 Peccantes

564 5014 584 5048 ‹
628 5010 809 5052 coram
870 4990 1125 5051 omnlide
1181 4990 1381 5063 argue,
1445 5001 1504 5048 ut
1555 4994 1737 5050 cmteri
1792 4994 1993 5050 metum
2048 4992 2144 5050 lia—

564 5106 582 5141 (
628 5087 807 5142 beant.
844 5106 864 5140 ι

610 5199 826 5266 ⁸(ζιιιειιθε
854 5207 1035 5256 autem
1056 5184 1162 5272 ipsi
1184 5205 1353 5256 testes
1381 5212 1501 5256 esse
1529 5198 1790 5265 debeant,
1810 5198 1865 5253 in
1889 5186 2146 5252 Africano

562 5292 1219 5360 concilioqnaniiestatur,
1235 5294 1345 5362 ubi,
1371 5310 1491 5364 cap.
1517 5292 1551 5348 6
1580 5304 1635 5349 et
1661 5292 1726 5347 15
1756 5294 1827 5347 ita
1851 5292 2143 5362 scriptum:

571 5406 589 5439 σ
624 5384 833 5441 Placuit
860 5393 920 5439 ut
945 5382 1134 5442 omnes
1178 5386 1324 5443 servi
1359 5386 1444 5441 vel
1479 5386 1685 5457 proprii
1713 5384 1890 5439 liberti
1938 5386 2003 5439 ad
2053 5402 2146 5441 ac-

566 5475 901 5531 cusationem
942 5489 1052 5529 non
1093 5474 1448 5557 admittantur
1489 5498 1502 5529 ;
1548 5476 1632 5529 vel
1660 5490 1865 5540 omnes,
1914 5474 2049 5546 quos
2079 5477 2148 5533 ad

566 5566 869 5622 accusanda
892 5567 1108 5651 publica
1134 5571 1363 5625 crimina
1404 5570 1551 5641 leges
1580 5569 1793 5639 publice
1820 5567 1927 5625 non
1954 5568 2149 5627 admit-

567 5664 711 5727 tunt,
736 5673 923 5716 omnes
947 5659 1184 5718 infamiae
1228 5661 1450 5718 maculis
1474 5662 1702 5733 aspersi,
1744 5671 1800 5717 et
1830 5663 2147 5732 histriones,

569 5766 647 5831 ac;
659 5753 1081 5832 turpitudinibus
1101 5756 1359 5833 subjectae
1381 5770 1647 5843 personae.
1679 5754 1933 5816 Haeretici
1958 5759 2144 5832 etiam,

2257 4660 2277 4694 ι
2323 4641 2429 4696 Cor
2471 4626 2732 4695 mundum
2778 4651 2905 4693 crea
2954 4637 3008 4691 in
3058 4650 3145 4691 me
3169 4633 3331 4700 Deus,
3365 4641 3417 4689 et
3448 4618 3732 4719 spiritantia?

2258 4754 2277 4787 ε
2322 4743 2468 4790 etum
2514 4735 2710 4789 innova
2781 4732 2838 4786 in
2899 4730 3200 4786 visceribus
3250 4728 3405 4783 meis.
3462 4724 3531 4779 Ne
3564 4712 3733 4790 proiici”

2259 4846 2279 4880 t
2322 4842 2432 4892 me,
2470 4847 2489 4879 ι
2521 4835 2627 4883 etc.
2660 4825 2834 4899 (Psal.
2866 4826 2945 4899 ε..)

2316 4941 2335 4974 ι
2381 4921 2520 4976 Dum
2549 4898 2693 4975 enim
2721 4920 2860 4989 petit
2894 4898 2963 4973 ne
2989 4916 3307 4989 projiciatur
3335 4912 3587 4986 prolapsus
3608 4898 3728 4999 culi”?

2250 5014 2486 5070 alienam
2535 5012 2732 5082 quippe
2793 5026 2910 5076 rex,
2971 5009 3131 5065 simul
3182 5016 3239 5065 et
3281 5006 3531 5079 prepbeta

2249 5122 2474 5162 uxorem
2520 5118 2600 5171 se,
2649 5103 2899 5174 expavit;
2947 5104 3212 5175 propheta
3254 5100 3513 5156 indicante
3553 5085 3731 5175 ﬂagitii}!!!

2251 5214 2429 5265 suum,
2460 5170 2835 5268 paenitentiam
2878 5170 3067 5267 agens
3081 5192 3321 5251 addidit:
3356 5188 3525 5246 Redde
3553 5174 3656 5268 mihi
3676 5170 3731 5223 κε’

2253 5292 2428 5347 titiam
2460 5264 2733 5346 salutaris
2778 5289 2878 5357 tui,
2908 5264 2966 5343 et
2999 5286 3195 5357 spiritu
3244 5277 3517 5355 Ρτίηθίνίλιί
3554 5264 3733 5370 Quen?

2256 5401 2362 5440 me.
2397 5385 2453 5440 Si
2483 5386 2630 5439 enim
2655 5383 2767 5439 Deo
2797 5380 3017 5459 dignam
3045 5377 3417 5450 paenitentiam
3454 5359 3731 5459 non

2256 5494 2599 5551 nequaquam
2652 5477 2772 5533 aliis
2814 5458 3135 5549 praedicaret
3161 5493 3175 5530 :
3200 5464 3411 5529 Docebo
3456 5466 3640 5551 iniquos
3663 5456 3733 5501 Vi”

2258 5549 2398 5631 tuas.
2430 5574 2569 5629 Dum
2611 5574 2755 5629 enim
2804 5578 3029 5642 peccata
3062 5585 3161 5625 sua
3219 5563 3485 5639 prospexit
3521 5549 3730 5642 prophth

2256 5630 2513 5723 mundata
2575 5680 2673 5735 per
2720 5630 3098 5734 ptebitentiam
3123 5700 3137 5726 ,
3174 5630 3282 5714 non
3330 5630 3572 5715 ἀυδὶιανίι
3605 5630 3731 5735 Prw

2256 5762 2430 5819 cando
2475 5733 2746 5829 castigare
2791 5753 2968 5809 aliena
3003 5771 3016 5806 :
3050 5761 3107 5809 et
3132 5752 3231 5820 sic,
3264 5744 3565 5806 sacriﬁcium
3600 5733 3651 5790 de
3680 5734 3734 5780 ⁸ο·
