3960 6360
515 347 626 404 sor
1154 343 1213 398 ιι.
1256 343 1508 399 uanam
1538 343 1764 415 MUBI
1802 339 2088 417 Amulius,

2190 341 2479 414 ωΕυΝΤ.
2518 341 2806 404 OPERUM
2844 343 3025 400 PARS
3060 343 3124 399 ll.
3699 342 3813 402 ευε

517 462 1001 524 ειιιιιιετιιιιειιιιίιι
1023 461 1763 533 ιειοιπὶειηιιιὶιιιιειιιωσςιο.
1785 458 2088 531 pinsitum

2195 455 2392 514 deatur
2421 457 2625 523 dicere,
2656 473 2781 512 eum
2823 458 3106 527 opiniones
3153 455 3502 527 singulorum
3553 457 3809 514 breviter

517 553 660 608 enini
689 552 754 608 in
773 553 964 623 capite.
979 552 1494 614 ioculosliobemus,
1529 567 1655 612 eum
1683 549 2096 614 vimngredem-s
2195 548 2595 613 strinxerimus.
2646 547 2879 615 Quidam
2920 557 3154 619 quatuor
3179 547 3495 620 Evangelia,
3531 563 3686 618 quos
3714 566 3805 606 nos

515 642 692 711 ptori‘s
730 641 928 698 ιιοειιτί.
959 641 1123 704 tacita
1157 640 2096 718 mimtiom,,conspicimus.,.,cum
2195 655 2411 710 quoque
2460 641 2515 695 in
2562 641 2828 710 proremio
2854 640 3375 698 commentariorum
3419 639 3688 696 Matthxi
3730 657 3806 696 se-

517 731 696 788 omnis
717 739 903 790 nostra
930 731 1163 789 intentio
1181 729 2007 806 ineiusiuiitationeseierigit,
2025 745 2102 786 ne
2194 733 2304 787 cuti
2331 747 2541 798 sumus,
2565 733 2759 788 horum
2788 733 3108 788 animalium
3135 740 3327 804 putant
3351 733 3694 789 nominibus
3720 733 3802 786 de-

516 821 566 878 si
593 821 884 878 uiaslucis
902 822 1374 892 aspicere-oculus:
1391 822 1946 893 mentismegleueritt.
1979 831 2092 888 sta-
2194 823 2419 896 signari.
2453 823 2711 890 Matthaci,
2738 823 2882 894 quod
2909 825 3066 894 quasi
3089 824 3364 880 hominem
3392 823 3798 894 descripserit:

520 908 1801 986 tim-clausus.intenebrisormismadath
1829 913 1988 984 huius
2015 913 2097 970 εἰ-
2201 935 2220 970 ι
2256 916 2420 973 Liber
2452 917 2815 988 generationis
2856 915 2986 972 Jesu
3032 914 3234 972 Christi
3280 914 3375 971 lilii
3423 915 3617 971 David
3642 956 3660 982 ,
3715 916 3808 971 filii

518 1003 896 1074 militudiuetn,
920 1002 1758 1075 lmminianmgereihotinabat
1785 1005 2090 1077 Propheta,
2191 1007 2488 1064 Abraham.
2522 1027 2543 1060 ι
2582 1007 2802 1074 Leonis,
2832 1008 2901 1062 ad
2929 1007 3174 1063 Marcum
3203 1007 3455 1064 referunt
3480 1026 3495 1062 :
3529 1027 3554 1059 ι
3581 1006 3798 1062 Initium

517 1111 644 1152 eum
673 1097 917 1166 diceret:
951 1096 1361 1160 elnnaudatis
1387 1097 1931 1164 tuis.ewl‘t‘¢b0t‘i.¢t
1955 1114 2090 1166 con-
2194 1099 2469 1171 Evangelii
2502 1099 2633 1155 Jesu
2659 1099 2861 1156 Christi
2899 1099 3023 1155 Filii
3063 1099 3194 1168 Dei,
3229 1100 3384 1155 sicut.
3405 1100 3806 1171 set-Spumat

515 1187 910 1248 siuei-abeam
927 1184 1262 1255 ..tuas.6liul.
1291 1186 1500 1256 attritu).
1522 1186 1948 1257 .»,.:Qui.,etenim
1976 1189 2088 1254 Nias

2194 1190 2254 1245 in
2278 1191 2418 1247 Isaia
2449 1192 2710 1262 propheta
2736 1209 2749 1246 :
2776 1192 2895 1248 Vox
2926 1191 3216 1247 clamantis
3238 1191 3293 1246 in
3319 1193 3579 1258 deserto,
3610 1190 3798 1246 Parata

514 1277 1034 1336 Dominitaeitusin
1060 1284 1241 1340 urente
1259 1276 1816 1354 consideraretscse
1835 1292 2095 1332 exercere
2141 1297 2143 1299 ί
2193 1283 2310 1338 vias
2341 1281 2587 1346 Domini,
2626 1289 2804 1338 rectas
2829 1280 2988 1338 facite
3015 1282 3240 1338 semitas
3266 1280 3404 1350 ejus.
3444 1301 3464 1335 ι
3501 1282 3712 1348 Vituli,
3739 1285 3796 1337 ad

511 1367 1322 1432 .in-mandatisillittsdestilat.
1353 1367 1688 1437 ﬂuuialiud.
1710 1369 1764 1424 in
1803 1369 2093 1438 semetipso
2195 1374 2354 1429 Lucae
2394 1373 2772 1444 Evangelium,
2820 1375 2965 1444 quod
3004 1391 3035 1429 a
3073 1375 3337 1431 Zacharia
3378 1375 3596 1444 incipit
3628 1390 3796 1430 sacer-

515 1459 619 1515 nisi
647 1459 1098 1530 itnaginemuovi.
1114 1457 2013 1534 inopinis.refocmt?.0qod.quia
2039 1459 2092 1513 in
2193 1464 2420 1528 dolium.
2451 1463 2677 1534 Aquilae,
2707 1463 2776 1518 ad
2799 1461 3025 1519 Joannis
3049 1464 3354 1535 exordium,
3377 1464 3478 1534 qui
3507 1464 3590 1518 ad
3627 1465 3796 1519 excel-

501 1550 1113 1616 sancuommcordibus
1139 1549 1914 1618 ἱιιεεεεωιενειβεὶωτιηειεὴ
1949 1563 2094 1612 nunc
2193 1569 2312 1609 sum
2341 1553 2562 1608 evolans
2588 1553 2790 1622 erepit;
2824 1571 2842 1604 ι
2879 1553 2936 1607 In
2967 1552 3234 1621 principio
3275 1562 3400 1608 erat
3432 1551 3716 1616 Verbum,
3747 1565 3794 1606 et

511 1639 1186 1700 de-animalibttsidieimr»:
1222 1659 1248 1696 ι
1271 1641 1842 1702 εἱωίιίιιιάοςιιοιιιίιιίε
1867 1642 1919 1696 in
1945 1642 2045 1696 eis.
2067 1661 2087 1695 ι

2194 1643 2431 1698 Verbum
2463 1650 2580 1698 erat
2608 1645 2749 1712 apud
2791 1643 2990 1709 Deum,
3029 1651 3095 1697 eti
3124 1641 3268 1696 Deus
3308 1651 3434 1696 erat
3464 1641 3739 1696 Verba.
3772 1662 3788 1692 ι

505 1731 642 1788 Post
669 1733 1436 1806 banevenasimiliudiaema
1452 1749 1742 1803 quaenam
1767 1735 1828 1790 in
1852 1735 2088 1800 litoribus

2195 1735 2370 1803 Super
2394 1749 2501 1804 quo
2531 1733 2661 1804 quid
2701 1734 2857 1789 nobis
2885 1735 3160 1789 videretur
3189 1734 3245 1789 in
3269 1733 3604 1804 supradicto
3639 1750 3796 1805 opere

509 1831 756 1888 tenetur,
770 1824 1534 1893 quadaradisimilitudineut
1552 1824 1733 1895 gloria:
1756 1825 2091 1894 pervenitur.
2121 1824 2159 1880 ἶ
2192 1825 2426 1880 diximus
2446 1867 2463 1891 ,
2514 1825 2832 1896 pleniusque
2871 1825 2935 1879 in.
2959 1824 3289 1896 Apocalypsi
3320 1825 3560 1880 Joannis
3601 1826 3790 1880 horum

499 1913 1344 1978 .ﬂine‘etenimloannesdicit;
1375 1935 1394 1974 ι
1429 1914 1581 1972 Nunc
1615 1914 1714 1974 ﬁlii
1756 1915 1852 1972 Dei
1882 1930 2094 1985 sumus,
2191 1916 2506 1971 animalium
2535 1916 2744 1986 species
2769 1931 2833 1970 ac
2864 1914 3083 1971 nomina
3115 1914 3794 1986 aleatorium

497 2013 581 2060 έεικ
609 2005 1608 2076 nondum~apparuit...quid.erimus;
1661 2005 1865 2064 scimus
1908 2015 2091 2068 autem
2191 2005 2572 2078 evangelistas,
2598 2006 2796 2076 quibus
2815 2005 3092 2076 quomodo
3113 2006 3564 2082 possitomninm
3590 2008 3792 2060 auina-

501 2095 920 2164 quoeiammum
941 2097 1282 2165 apparuerit,
1311 2096 1515 2154 similes
1545 2097 1596 2163 ei
1617 2096 1825 2162 erimus
1851 2095 1900 2167 (I
1919 2081 2088 2166 loco.
2191 2096 2324 2160 lium
2347 2097 2640 2168 descriptio
2669 2097 2912 2166 cooptari
2937 2096 3270 2153 tentabimus
3288 2113 3398 2152 suo
3428 2096 3560 2153 loco
3595 2099 3789 2154 dicere

494 2182 660 2255 an)”
693 2182 950 2256 animo:
973 2185 1246 2250 undehoe
1269 2175 1384 2253 ﬁeri
1401 2185 1581 2248 valeat
1601 2186 1848 2258 adjungit
1867 2185 2087 2260 dicens;
2189 2186 2296 2245 Alii
2340 2201 2511 2264 vero
2537 2187 2633 2258 qui
2697 2185 3158 2258 philosophorum.
3191 2187 3414 2262 stultam
3483 2173 3793 2258 sequuntur

505 2273 832 2342 cautium
861 2275 1160 2343 uidebimus
1190 2276 1510 2342 emunieuti
1532 2284 1652 2343 est,
1681 2296 1702 2330 ι
1741 2291 1861 2336 esse
1887 2277 2091 2344 etenim
2191 2276 2510 2346 sapientiam
2545 2277 2651 2332 duo
2686 2275 3064 2346 hemisphaeria
3091 2273 3146 2332 in
3179 2274 3390 2331 duobus
3423 2277 3628 2347 templi
3655 2275 3790 2332 Che-

492 2364 756 2422 -Bei..est«
779 2374 1046 2427 uernum.
1071 2366 1410 2436 buncatque
1436 2367 1932 2424 incommutabilem
1962 2382 2089 2436 pcr-
2193 2365 2368 2436 rubim
2391 2405 2406 2426 .
2458 2383 2568 2440 nos,
2597 2375 2653 2422 et
2672 2366 2972 2438 Antipodas
2997 2367 3154 2437 quasi
3185 2367 3411 2438 supinos
3445 2375 3506 2422 et
3534 2355 3791 2422 callentes

511 2470 751 2514 manere.
784 2456 919 2512 Nam
940 2472 1101 2526 omne
1113 2457 1262 2526 quod
1289 2465 1550 2524 mutatur,
1577 2457 1782 2514 desinit
1804 2471 1924 2514 esse
1945 2459 2090 2528 quod
2191 2445 2438 2518 homines
2468 2459 2848 2528 suspicantur,
2872 2457 3119 2528 plerique
3139 2457 3298 2527 juxta
3327 2457 3628 2514 Platonem
3647 2499 3666 2522 ,
3707 2475 3790 2512 ra-

488 2547 633 2613 ,a‘uit.
661 2555 719 2602 et
746 2548 937 2618 incipit
963 2564 1087 2608 esse
1114 2550 1258 2619 quod
1281 2565 1388 2604 non
1417 2549 1550 2605 fuit.
1583 2550 1688 2606 Dei
1708 2565 1836 2607 vero
1863 2567 1983 2608 esse
2009 2561 2094 2612 est
2191 2547 2392 2603 tionale
2427 2549 2621 2603 animae
2673 2557 2730 2604 et
2775 2547 3136 2603 irascitivum.
3161 2557 3219 2603 et
3260 2549 3790 2621 concupiscilivnm.

511 2640 846 2700 diSsimiliter
869 2657 1146 2710 nunquam
1163 2657 1314 2712 esse.
1341 2641 1496 2698 Unde
1518 2644 1590 2700 ad
1614 2643 1840 2716 Moysen
1855 2643 2087 2702 dicitur:
2191 2640 2261 2700 ad
2287 2640 2558 2698 hominem
2579 2648 2634 2695 et
2657 2639 2865 2696 leonem
2887 2655 2953 2695 ac
2971 2639 3199 2694 vitulum
3222 2639 3496 2705 referunt,
3521 2642 3789 2695 rationem

497 2749 538 2782 πε
573 2731 686 2802 Ego
710 2747 834 2791 sum
862 2734 956 2802 qui
985 2748 1128 2788 sum.
1182 2735 1249 2788 Et
1276 2735 1433 2796 dices,
1465 2735 1590 2792 ﬁliis
1627 2736 1828 2792 Israel:
1862 2736 1964 2804 Qui
1988 2745 2094 2798 est
2192 2740 2248 2786 et
2273 2731 2635 2800 cognitionem
2663 2737 2719 2786 et
2746 2738 2980 2786 mentem
3002 2740 3075 2800 et
3108 2731 3395 2786 consilium
3427 2734 3790 2801 eamdemque

495 2819 664 2874 :misit
691 2835 778 2876 me
806 2822 874 2876 ad
901 2837 1002 2878 vos
1025 2821 1225 2892 (Ea-od.
1254 2824 1359 2895 ιιι).
1393 2843 1413 2876 ι
1461 2823 1698 2880 Jacobus
1726 2825 2047 2896 quoqueait
2073 2844 2086 2880 :
2191 2819 2553 2888 virtutemque
2579 2829 2742 2891 atque
2769 2820 3090 2890 sapientiam
3117 2820 3172 2875 in
3197 2822 3406 2876 cerebri
3433 2837 3568 2875 arce
3591 2837 3789 2891 ponan-

501 2930 546 2964 .‹.
568 2911 721 2981 Apud
749 2928 912 2982 quem
939 2929 1050 2970 non
1076 2923 1161 2971 est
1195 2917 1598 2983 transmutatio,
1641 2930 1742 2973 nec
1767 2917 2093 2974 vicissitudi-
2195 2920 2307 2976 tes,
2351 2911 2621 2968 feritatem
2653 2929 2782 2969 vero
2819 2921 2875 2968 et
2914 2913 3249 2968 iracundiam
3278 2922 3443 2983 atque
3471 2913 3788 2968 violentiam

498 3002 598 3057 vnis
622 3002 962 3060 obumbratio
987 3005 1128 3076 (Jac.
1157 3007 1219 3078 t).
1251 3026 1278 3064 ι
1328 3007 1514 3076 Itaque
1539 3021 1637 3078 per
1662 3007 1923 3064 Joannem
1951 3007 2089 3064 dici-
2193 3003 2250 3059 in
2281 3003 2457 3070 leone,
2500 3019 2621 3074 qua:
2658 3005 2923 3060 consistat
2969 3004 3023 3058 in
3071 3003 3220 3058 felle.
3274 3003 3452 3059 Porro
3482 3003 3784 3068 libidinem,

495 3104 636 3195 .tnr:
671 3115 688 3147 ι
725 3095 928 3153 Similis
967 3099 1018 3155 ei
1061 3101 1300 3168 erimus,
1339 3102 1596 3172 quoniam
1634 3103 1940 3161 videbimus
1965 3120 2090 3161 eum
2118 3129 2163 3196 ρ
2190 3096 2465 3156 luxuriam
2496 3105 2552 3152 et
2581 3096 2822 3152 omnium
2867 3095 3202 3166 voluptatum
3236 3095 3560 3165 cupidinem
3611 3097 3672 3150 in
3707 3095 3784 3164 je-

509 3185 666 3240 sicuti
687 3196 788 3243 est.
811 3209 833 3241 ι
867 3188 1001 3256 Quia
1030 3205 1126 3261 per
1151 3192 1254 3249 hoc
1279 3194 1422 3264 quod
1447 3194 1740 3264 aspicimus
1764 3196 2088 3267 ejus-essen-

2193 3203 2342 3253 core,
2384 3188 2437 3244 id
2471 3195 2578 3252 est,
2619 3187 2672 3242 in
2706 3187 2896 3252 vitulo,
2933 3188 3026 3257 qui
3064 3195 3225 3242 teme
3259 3188 3536 3256 operibus,
3560 3189 3784 3243 hatreat.

510 3275 643 3331 tiam
681 3287 920 3344 naturae,
963 3295 995 3335 a
1035 3283 1395 3339 mutabilitate
1421 3293 1610 3342 nostra
1637 3285 1852 3342 liberati
1879 3287 2092 3358 ﬁgimur

491 3364 568 3418 .in
595 3367 978 3424 :eternitatem.
1030 3370 1442 3430 hnmutabimur
1469 3377 1666 3448 quippe
1699 3378 1755 3434 in
1787 3378 1905 3449 ipso
1928 3394 2090 3449 quem

495 3455 832 3524 videbimus,
857 3461 984 3529 quia
1010 3472 1184 3519 morte
1196 3466 1500 3522 carebimus
1512 3469 1742 3526 videndo
1767 3471 1956 3536 vitam,
1973 3488 2092 3527 mu-

513 3546 833 3604 tabilitatem
862 3559 1100 3606 nostram
1133 3557 1598 3626 transcendemus,
1629 3559 1862 3617 videndo
1889 3561 2089 3618 immu-

511 3636 750 3692 tabilem.
801 3638 1160 3712 Corruptione
1195 3644 1343 3701 nulla
1378 3648 1702 3714 tenebimur,
1733 3649 1964 3706 videndo
2003 3653 2090 3707 in-

511 3741 846 3802 corruptum.
900 3737 1019 3791 Erit
1072 3747 1255 3794 autem
1321 3749 1450 3796 tunc
1504 3743 1800 3798 similitudo
1853 3745 2089 3801 hominis

486 3867 488 3870 .
513 3821 567 3876 in
597 3825 917 3893 corporibus
946 3830 1165 3884 nostris.
1218 3830 1357 3886 llinc
1391 3833 1535 3888 enim
1575 3849 1676 3904 per
1699 3834 1924 3890 Paulum
1954 3838 2090 3893 dici-

513 3922 602 3968 tur
643 3911 862 3985 (Philip.
892 3916 978 3987 ιιι)
1020 3934 1034 3970 :
1082 3938 1100 3970 ι
1131 3918 1326 3974 Nostra
1352 3923 1691 3978 conversatio
1721 3925 1776 3979 in
1805 3925 1958 3981 caelis
1984 3937 2086 3984 est.

483 4044 488 4051 .
517 4003 669 4060 Unde
696 4005 860 4060 etiam
910 4006 1243 4065 Salvatorem
1272 4014 1648 4081 exspectamus
1678 4014 1965 4070 Dominum
1994 4034 2092 4074 no-

512 4103 685 4149 strum
711 4095 895 4152 Jesum
925 4098 1200 4155 Christum
1223 4138 1242 4168 ,
1292 4101 1384 4170 qui
1420 4101 1736 4159 reformabit
1765 4119 1963 4176 corpus
1991 4107 2091 4162 hu-

513 4185 758 4243 militatis
772 4196 973 4244 nostra:
991 4191 1264 4262 conﬁgura
1273 4201 1383 4248 tum
1407 4195 1619 4264 corpori
1637 4195 1900 4251 claritatis
1912 4213 2042 4253 suae.
2066 4218 2083 4250 ι

515 4277 691 4332 Erunt
721 4293 851 4349 ergo
879 4289 1006 4336 tunc
1035 4282 1327 4338 electorum
1364 4299 1614 4355 corpora,
1643 4286 1879 4344 claritati
1909 4290 2090 4344 Domi-

512 4368 620 4421 nici
646 4370 890 4437 corporis
915 4370 1268 4440 conﬁgurata.
1300 4373 1430 4440 Quae
1457 4376 1560 4430 etsi
1587 4377 1952 4446 aequalitatem
1977 4378 2090 4448 glo-

2190 3278 2563 3348 Quartamque
2609 3285 2818 3349 ponunt
2861 3293 2983 3347 qua:
3029 3293 3192 3346 super
3221 3278 3333 3333 haec
3377 3289 3434 3332 et
3476 3288 3646 3335 extra
3679 3279 3785 3333 hec

2190 3371 2296 3426 tria
2323 3379 2406 3427 est
2429 3385 2592 3440 quam
2618 3369 2794 3426 ϐινρεί
2823 3377 3017 3424 vocant
3035 3375 3360 3442 συντήρησιν,
3393 3384 3522 3438 qua:
3551 3369 3783 3424 scintilla

2187 3461 2565 3526 conscientiae.
2618 3461 2674 3515 in
2721 3459 2854 3516 Cain
2899 3475 3114 3529 quoque
3153 3468 3440 3530 peccatore
3493 3469 3781 3531 postquam

2187 3553 2396 3622 ejectus
2416 3561 2500 3608 est
2528 3553 2593 3607 de
2614 3553 2890 3622 paradiso,
2912 3567 3022 3607 non
3047 3552 3403 3622 extinguitur,
3430 3560 3492 3606 et
3522 3569 3636 3620 qua
3661 3555 3780 3606 victi

2187 3646 2552 3715 voluptatibus
2590 3645 2677 3701 vel
2722 3645 2907 3700 furore
2957 3645 3179 3713 ipsaque
3228 3643 3515 3698 interdum
3557 3645 3780 3699 rationis

2187 3735 2399 3806 decepti
2448 3735 2802 3791 similitudine
2853 3749 2954 3788 nos
3001 3747 3229 3802 peccare
3272 3733 3572 3796 sentimus,
3620 3750 3777 3804 quam

2186 3829 2405 3900 proprie
2438 3827 2632 3898 aquila:
2661 3828 2923 3896 deputant
2970 3840 3077 3880 non
3123 3838 3184 3879 se
3227 3823 3560 3883 miscentem
3587 3825 3776 3887 tribus,

2189 3921 2283 3976 sed
2314 3920 2418 3974 tria
2445 3919 2685 3974 errantia
2723 3917 3084 3987 corrigentem
3111 3953 3126 3978 ,
3175 3927 3337 3984 quem
3383 3913 3439 3967 in
3481 3913 3778 3982 Scripturis

2187 4009 2458 4066 interdum
2489 4008 2668 4063 vocari
2706 4007 2936 4077 legimus
2967 4005 3217 4075 spiritum
3238 4043 3254 4068 ,
3288 4022 3306 4054 ι
3339 4003 3435 4072 qui
3467 4003 3777 4073 interpellat

2187 4116 2287 4172 pro
2331 4099 2487 4155 nobis
2533 4097 2823 4166 gemitibus
2869 4093 3318 4150 inenarrabilibus
3353 4091 3537 4164 (Rom.
3581 4095 3768 4169 νιιιζι..

2193 4210 2213 4243 ι
2243 4190 2414 4245 Nemo
2442 4189 2586 4245 enim
2617 4188 2721 4243 scit
2740 4202 2803 4240 ea
2826 4202 2948 4256 qua:
2977 4183 3213 4240 hominis
3233 4190 3380 4248 sunt,
3414 4183 3526 4236 nisi
3557 4184 3771 4252 spiritus

2189 4286 2283 4356 qui
2311 4286 2366 4339 in
2394 4299 2461 4340 eo
2486 4292 2589 4350 est,
2620 4302 2639 4335 ι
2665 4297 2826 4352 quem
2849 4291 2903 4336 et
2939 4279 3137 4334 Paulus
3160 4280 3227 4334 ad
3257 4279 3771 4336 Thessalonicenses

2189 4377 2452 4441 scribens,
2502 4386 2626 4430 eum
2677 4375 2854 4428 anima
2887 4379 2943 4426 et
2969 4386 3196 4441 corpore
3238 4373 3450 4426 servari
3505 4374 3770 4443 integrum

515 4453 610 4506 riae
653 4454 771 4523 ejus
816 4470 922 4509 non
972 4458 1170 4513 habent
1219 4475 1317 4529 per
1363 4471 1640 4530 naturam,
1683 4466 2089 4522 similitudinem
2115 4487 2167 4546 ι)
2192 4468 2534 4537 deprecatur.
2570 4466 2638 4519 Et
2662 4475 2842 4521 tamen
2872 4464 3013 4519 hanc
3039 4479 3255 4534 quoque
3288 4463 3464 4534 ipsam
3494 4467 3771 4520 conscien-

514 4547 959 4618 conligurationis
1007 4549 1124 4619 ejus
1175 4553 1452 4609 habebunt
1501 4570 1599 4626 per
1641 4558 1893 4628 gratiam.
1951 4559 2088 4628 Quia

515 4640 698 4708 itaque
748 4640 1042 4698 similitudo
1091 4644 1212 4715 ejus
1259 4661 1405 4702 nunc
1454 4647 1511 4702 in
1561 4650 1801 4707 moribus
1856 4654 2089 4710 trahitur

510 4729 839 4796 electorum;
875 4740 934 4788 et
973 4733 1030 4788 in
1073 4736 1490 4804 resurrectione,
1522 4740 1767 4810 sequitur
1794 4742 2088 4801 similitudo

511 4819 835 4876 reternitatis
865 4821 924 4876 in
969 4833 1170 4888 mente,
1221 4826 1476 4894 quoniam
1506 4828 1808 4886 videbimus
1835 4847 1958 4887 eum
1985 4834 2089 4889 sic-

513 4911 594 4968 uti
639 4921 744 4968 est.
794 4911 862 4976 Et
901 4914 1028 4984 quia
1057 4915 1466 4983 similitudinem
1504 4934 1719 4993 quoque
1748 4921 1892 4977 illius
1921 4924 2086 4978 etiam

482 5022 742 5077 ,οοῳοηι
780 5016 968 5066 nostra
1004 5009 1310 5080 percipient
1340 5011 1394 5066 in
1425 5013 1890 5084 contignrationc,
1940 5026 2088 5073 recte

513 5098 583 5152 de
618 5098 1188 5168 sanctis‘auimalibus
1220 5099 1451 5166 dicatur,
1486 5119 1505 5152 ‹
1537 5101 1832 5166 similitudo
1857 5104 2089 5162 hominis

516 5201 820 5242 ιιιειε.›-,
953 5221 994 5232 -.
1199 5237 1204 5250 _,

485 5299 492 5326 .~
565 5276 1238 5346 .chtuorfacies-uni.
1283 5289 1343 5336 et
1383 5289 1616 5353 quatuor
1638 5297 1829 5354 pennae
1857 5283 1984 5351 uni,
2035 5293 2090 5341 et

485 5365 739 5434 pedes
765 5371 1190 5441 omnim-pedes
1211 5372 1373 5438 recti.
1420 5372 1490 5428 Et
1513 5372 1698 5444 planta
1723 5373 1877 5443 pedis
1901 5387 2088 5432 eorum

505 5455 729 5524 .ruquasi
757 5456 950 5526 planta
969 5461 1126 5529 pedis
1151 5461 1328 5531 viuili.
1371 5462 1448 5517 .Et
1472 5455 1720 5534 scintinae
1739 5463 1900 5540 quasi
1928 5479 2086 5536 aspe-

519 5548 846 5608 aictussteris
873 5550 1174 5616 candentis,
1195 5553 1273 5618 ,Et
1293 5568 1484 5628 manus
1510 5553 1743 5628 hpminis
1769 5553 1868 5610 sub
1896 5555 2088 5623 pennis

509 5651 551 5688 .c
577 5651 774 5698 eorum
794 5638 1106 5708 imqhatupr
1133 5633 1442 5716 partibus,»
1467 5641 1732 5716 (ilignum)
1755 5641 1833 5710 De
1859 5642 1945 5698 bis
1969 5658 2087 5712 qua:

515 5729 1064 5799 ιιι-ονιιαᾱωι-ιαιεηο
1081 5735 1340 5798 describit
1355 5736 1670 5812 conabimur.
1690 5735 1816 5814 quid
1836 5735 1991 5791 nobis
2009 5735 2087 5790 vi-

2195 4558 2326 4613 tiam
2366 4558 2520 4628 juxta
2557 4556 2690 4611 illud
2718 4555 2860 4625 quod
2910 4555 2964 4609 in
3011 4554 3318 4610 Proverbiis
3351 4557 3624 4626 scripturn
3653 4567 3764 4611 est:

2200 4668 2218 4701 ι
2250 4649 2451 4718 lmpins
2502 4663 2626 4703 cum
2674 4646 2884 4701 venerit
2934 4646 2987 4700 in
3036 4644 3365 4716 profundum
3425 4657 3764 4717 peccatorum

2192 4737 2490 4796 contemnit
2511 4737 2693 4808 (Prov.
2719 4734 2897 4807 xvm),
2929 4754 2948 4787 ι
2973 4736 3249 4791 cernimus
3273 4737 3610 4806 prmeipitari
3637 4740 3766 4809 apud

2191 4829 2454 4899 quosdam
2490 4835 2546 4882 et
2571 4842 2727 4883 suum
2755 4825 2931 4880 locum
2958 4824 3244 4892 omittere,
3287 4826 3379 4894 qui
3411 4842 3482 4881 ne
3510 4829 3761 4898 pudorem

2187 4920 2407 4991 quidem
2446 4928 2498 4974 et
2526 4917 2904 4972 verecundiam
2934 4916 3133 4970 habent
3180 4916 3235 4970 in
3265 4915 3500 4982 delictis,
3554 4928 3615 4973 et
3657 4932 3759 4974 tue-

2192 5016 2383 5061 rentur
2410 5006 2634 5061 audire:
2670 5024 2689 5058 ι
2723 5004 2911 5060 Facies
2951 5002 3260 5058 meretricis
3305 5003 3452 5059 facta
3499 5015 3595 5062 est
3640 5007 3757 5072 tibi,

2191 5099 2369 5155 nescis
2397 5098 2716 5153 erubescere
2739 5094 2874 5168 (Jcr.
2900 5095 3004 5167 ιιι).
3027 5114 3047 5148 ι
3082 5093 3233 5150 Hanc
3261 5095 3428 5168 igitur
3446 5100 3756 5169 quadrigam

2191 5190 2246 5246 in
2283 5189 2484 5259 auriga:
2513 5188 2754 5253 modum,
2790 5188 2929 5242 Deus
2961 5187 3130 5259 regit,
3158 5195 3212 5242 et
3238 5187 3621 5258 incompositis
3647 5206 3756 5246 cur-

2191 5287 2402 5335 rentem
2430 5278 2684 5349 gradibus
2714 5277 2972 5344 refrenat,
3005 5275 3339 5346 docilemque
3371 5277 3540 5345 facit,
3581 5289 3636 5335 et
3673 5293 3755 5334 suo

2191 5381 2384 5440 parere
2411 5368 2555 5438 cogit
2588 5365 2844 5437 imperio.
2883 5366 3054 5433 Quam
3081 5367 3503 5436 disputationem
3533 5370 3752 5438 partium

2191 5459 2413 5524 animae,
2447 5457 2499 5513 id
2527 5464 2644 5524 est,
2682 5455 2918 5512 hominis
2945 5457 3037 5526 qui
3072 5457 3249 5512 minor
3295 5458 3531 5514 mundus
3568 5460 3639 5513 ab
3669 5458 3752 5512 iis-

2190 5535 2317 5604 dem
2343 5533 2694 5618 philosophis
2726 5545 3042 5618 appellatur,
3081 5544 3246 5600 etiam
3283 5561 3382 5601 nos
3411 5548 3751 5617 attingemus.

2191 5641 2458 5712 Suntqqui
2502 5629 2817 5711 simpliciter
2866 5639 2918 5692 in
2965 5646 3197 5708 quatuor
3241 5638 3569 5694 animalibus
3611 5641 3750 5709 juxta

2192 5731 2528 5804 Hippocratis
2541 5731 2864 5788 sententiam
2875 5770 2888 5795 ,
2906 5740 3135 5799 quatuor
3147 5729 3480 5786 arbitrantur
3495 5729 3751 5786 elementa
