3960 6360
197 349 319 424 50's

1091 343 1094 348 ’
1143 345 1148 362 ⁵
1193 340 2678 428 εοιιΜεΝτῧιΝ·Ε2ιξί;ιηέῑιζυι.¹ί-λίω.¹¹ι.νίηί
2707 369 2739 408 ιε
2812 375 2840 404 ιε

3365 376 3477 434 510

199 483 511 535 monstrari
539 474 605 530 de
632 473 826 545 quibus
847 481 1096 530 constant
1116 487 1318 541 omnia,
1340 484 1565 548 terram,
1589 477 1788 548 ignem,
1816 479 1870 544 Α
1894 477 2216 546 oves’meas,
2239 485 2298 536 et
2318 447 2979 553 copiaesunt'mememi
3011 485 3115 554 Qui
3137 503 3328 545 rursus
3351 490 3426 546 ait
3450 507 3466 545 ;

197 565 433 633 aerem,
476 582 670 638 aquam
692 606 708 631 ,
754 581 873 635 qua:
901 566 1170 636 quomodo
1197 567 1300 622 sibi
1334 567 1685 634 misceantur,
1735 578 1790 624 et

196 676 343 732 cum
370 659 577 732 singula
605 657 743 724 sint,
775 657 878 712 sibi
902 655 1091 726 juncta
1117 656 1426 722 videantur,
1450 657 1789 728 invicemque

196 765 276 810 se
305 757 555 822 tangant,
593 757 650 803 et
684 742 740 802 in
775 761 883 801 una
911 748 1146 817 persona
1175 745 1530 800 animantium
1556 756 1794 816 quatuor

195 844 424 918 upecies
448 835 680 898 habeant
708 853 773 894 ac
799 838 1024 908 ﬁguras,‘
1041 839 1154 893 non
1184 846 1268 894 est
1290 827 1555 910 prepositi
1584 839 1783 910 operis.

195 923 454 1006 'Quatuor
479 947 694 1005 quoque
721 939 871 988 rotas
903 932 970 987 de
1009 931 1242 1010 terrenis
1272 929 1341 985 ad
1371 930 1621 986 sublimia
1657 929 1788 986 "cond

199 1030 497 1101 surgentes
526 1012 754 1095 singulis
778 1031 835 1080 et
860 1006 1318 1094 quadriformibus
1337 1019 1555 1091 juncus
1578 1021 1788 1075 anima-'-

197 1120 382 1185 libus,
420 1117 508 1172 vel
532 1115 866 1173 ‘eorumdem
913 1113 1301 1168 elementorum
1355 1111 1788 1170 eommistionem

195 1209 508 1271 aestimant,
538 1205 623 1261 vel
653 1213 890 1276 quatuor
919 1212 1227 1274 temporum
1255 1201 1520 1257 circulum
1548 1203 1640 1272 qui
1676 1209 1789 1257 ter-

195 1299 294 1355 nis
339 1298 623 1356 conﬁcitur
648 1296 926 1352 mensibus
947 1335 962 1360 ,
1014 1309 1324 1364 annumque
1353 1301 1654 1350 vertentem
1691 1295 1785 1364 qui

197 1387 277 1443 ab
307 1403 372 1443 eo
396 1374 538 1458 quod
568 1399 783 1456 semper
812 1385 1075 1452 vertatur,
1106 1393 1162 1440 et
1190 1386 1245 1440 in
1283 1399 1342 1441 se
1369 1385 1556 1442 redeat
1585 1393 1785 1442 nornen’

195 1480 496 1552 acceperit.
537 1479 613 1534 De
642 1477 839 1549 quibus
871 1477 1098 1553 pulchre
1134 1462 1540 1535 uno‘versiculo
1579 1476 1836 1568 dictum

195 1577 336 1629 est:

301 1665 424 1750 Ver,
437 1651 602 1746 astas,
621 1695 899 1746 autumnus,
912 1661 1096 1746 hiems,
1114 1663 1167 1735 et
1180 1647 1390 1744 mensis,
1412 1687 1465 1734 et
1485 1667 1669 1734 annus.
1691 1663 1708 1680 ’
1729 1681 1731 1684 ⁴
1758 1647 1776 1680 ’⁸

192 1791 469 1864 Quodque
497 1793 689 1850 dieitur
720 1794 889 1848 :Erat
912 1803 1030 1850 rota
1061 1795 1115 1849 in
1144 1805 1292 1860 rota,
1321 1811 1528 1872 annum
1555 1787 1611 1850 in
1640 1793 1782 1862 anno

189 1884 498 1962 significari
525 1891 736 1951 putant.
777 1886 856 1940 De
884 1899 991 1942 ouo
1018 1885 1159 1942 alius
1180 1894 1340 1958 poeta
1368 1885 1609 1960 (Virgil.)
1636 1905 1650 1941 :

433 2014 549 2068 ibus
570 2026 662 2080 per
681 2012 889 2078 vestigia
910 2015 1114 2068 volvitur
1133 2028 1307 2068 annus.

193 2115 557 2172 Firmamenti
583 2117 746 2172 etiam
769 2116 1202 2184 similitudinem,
1224 2134 1345 2190 qua:
1365 2120 1620 2192 crystallo
1642 2135 1786 2176 com-

191 2199 442 2282 paratur,
466 2212 664 2268 coelum
687 2213 790 2268 hoc
809 2212 952 2282 quod
975 2213 1303 2284 Suspicimus
1324 2214 1550 2286 intelligi
1569 2215 1781 2282 volunt,

196 2306 305 2361 sub
332 2319 438 2375 quo
464 2303 759 2360 volvuntur
789 2311 846 2360 et
885 2313 1167 2362 transeunt
1193 2315 1426 2376 quatuor
1453 2295 1748 2363 animantia
1765 2349 1780 2373 ,

195 2397 564 2465 thronumque
591 2395 788 2451 coloris
825 2396 1065 2466 sapphiri
1091 2436 1107 2462 ,
1143 2405 1199 2452 et
1226 2397 1503 2453 sedentem
1550 2387 1784 2468 desuper

194 2485 476 2542 hominem
506 2487 606 2542 sub
638 2487 877 2541 humana
909 2486 1289 2552 similitudine,
1333 2488 1616 2558 imperium
1645 2504 1779 2544 eun-

193 2585 288 2630 eta
332 2576 566 2644 regentis
607 2577 894 2648 omniaque
941 2577 1193 2634 habentis
1226 2579 1328 2634 sub
1359 2579 1586 2649 pedibus
1631 2579 1780 2646 suis,

192 2669 605 2738 omnipotentize
653 2669 749 2725 Dei
799 2670 1032 2725 describi
1077 2679 1399 2737 autumant,
1454 2671 1666 2740 dicique
1713 2672 1782 2728 ad

192 2768 524 2814 extremum.
576 2759 704 2816 limo
730 2760 867 2815 visio
902 2759 1275 2816 similitudinis
1316 2760 1501 2832 gloriae
1544 2761 1776 2816 Domini.

191 2849 305 2904 Per
329 2864 448 2918 quae
473 2849 627 2919 quasi
652 2864 754 2920 per
776 2849 1046 2920 picturam
1074 2851 1361 2920 quamdam
1387 2859 1442 2906 et
1467 2851 1778 2922 imaginem,

189 2940 591 3010 providentiam
621 2940 1016 3007 demonstrari,
1055 2941 1307 3010 quodque
1336 2941 1503 3011 pedes
1529 2941 1780 2995 animan-

193 3031 335 3086 tium
373 3032 507 3087 recti
545 3047 666 3088 esse
696 3032 966 3098 dicantur,
1010 3040 1068 3088 et
1099 3031 1282 3101 planta
1319 3031 1470 3101 pedis
1503 3030 1656 3086 vituli
1685 3046 1780 3089 seu

194 3123 428 3179 rotunda
448 3164 464 3190 ,
501 3130 715 3178 terrena
741 3138 968 3193 quaeque
997 3123 1066 3178 ad
1097 3122 1338 3178 coelestia
1368 3121 1686 3188 subvolare,
1724 3130 1780 3178 et

192 3216 448 3271 omnibus
475 3214 685 3287 angulis
711 3215 1001 3285 amputatis
1027 3213 1412 3270 rotunditatem
1443 3214 1626 3283 sequi,
1656 3229 1777 3283 quae

191 3305 437 3361 omnium
470 3306 761 3377 ﬁgurarum
797 3305 1158 3377 pulcherrima
1190 3312 1300 3369 est,
1339 3303 1607 3360 scintillas
1635 3303 1774 3359 ruti-

192 3395 373 3452 lantes
415 3405 607 3452 cuncta
653 3396 812 3466 plena
853 3396 1073 3452 luminis
1114 3395 1374 3452 indicare.
1420 3413 1439 3448 ι
1473 3395 1542 3450 Et
1582 3410 1776 3451 manus
1811 3448 1813 3450 .

193 3489 434 3544 hominis
471 3489 572 3544 sub
606 3489 820 3559 pennis.
855 3508 874 3542 ι
931 3487 1065 3543 Tam
1115 3489 1284 3558 ipsius
1329 3487 1566 3544 hominis
1610 3503 1772 3558 quam

192 3580 372 3636 leonis
400 3589 457 3635 et
485 3579 637 3634 vituli
667 3589 723 3635 et
751 3580 967 3651 aquilze,
997 3587 1055 3634 ut
1089 3580 1230 3636 ratio
1257 3587 1452 3635 cuncta
1482 3588 1772 3646 sustentet,

193 3685 260 3725 ac
291 3669 358 3724 de
383 3670 686 3724 humilitate
715 3677 950 3736 terrena,
979 3670 1046 3725 ad
1074 3669 1314 3725 cmlestia
1342 3669 1604 3730 sublevet.
1648 3669 1773 3731 Haec

190 3769 248 3815 et
278 3759 346 3815 ad
374 3761 684 3830 Evangelia,
723 3769 778 3816 et
801 3761 868 3815 ad
897 3768 1092 3816 cuneta
1126 3775 1247 3829 quae
1276 3775 1438 3830 supra
1467 3760 1770 3830 posuimus,

190 3850 402 3906 referre
434 3865 739 3921 possumus.
771 3850 1002 3906 Audisse
1027 3865 1114 3905 me
1139 3851 1359 3907 memini
1389 3859 1622 3920 quatuor
1649 3865 1772 3920 per-

192 3944 551 4008 turbationes,
585 3944 650 4000 de
678 3944 876 4014 quibus
919 3942 1232 4013 plenissime
1262 3942 1452 3998 Cicero
1477 3942 1531 3996 in
1563 3941 1770 3998 Tuscu-

187 4035 334 4089 lanis
378 4035 644 4104 disputat,
695 4034 908 4104 gaudii,
961 4033 1329 4104 aagritudinis,
1381 4033 1668 4103 cupidinis,
1716 4041 1771 4088 et

189 4125 444 4189 timoris,
479 4139 707 4193 quorum
749 4124 854 4178 duo
892 4124 1215 4194 praesentia,
1261 4125 1367 4180 duo
1397 4123 1576 4178 futura
1607 4131 1763 4189 sunt,

189 4231 297 4288 per
315 4223 548 4284 quatuor
575 4215 860 4286 significari
886 4217 1164 4281 animalia,
1190 4218 1255 4272 de
1295 4218 1492 4287 quibus
1520 4225 1573 4272 et
1597 4215 1760 4288 Virgi-

190 4307 301 4362 lius
330 4306 594 4362 breviter;
617 4329 635 4358 ι
659 4305 796 4362 llinc
813 4308 1422 4378 metuuntcupiuntque,
1453 4308 1764 4378 dolentque,

183 4399 565 4470 gaudentque,
594 4418 613 4451 ι
645 4415 763 4469 qua:
790 4400 902 4470 regi
932 4401 1164 4455 debeant
1193 4400 1405 4454 ratione
1431 4408 1487 4455 et
1524 4399 1765 4470 potentia

185 4490 304 4553 Dei,
330 4490 632 4560 quibusque
655 4491 912 4560 oppositae
955 4491 1065 4546 sint
1107 4490 1216 4545 imo
1259 4490 1521 4561 impositae
1539 4490 1765 4545 virtutes

183 4590 442 4651 quatuor,
471 4581 780 4650 prudentia,
813 4579 1040 4649 iustitia,
1071 4579 1355 4646 fortitudo,
1385 4581 1763 4652 temperantia,

183 4679 248 4726 ut
295 4687 480 4727 earum
510 4673 882 4744 gubernentur
909 4673 1155 4728 arbitrio.
1186 4673 1316 4740 Qua:
1357 4675 1628 4744 quomodo
1655 4673 1769 4728 vul-

183 4763 333 4820 tibus
363 4765 626 4831 hominis,
664 4761 872 4831 leohis,
907 4764 1173 4835 vitulique
1207 4773 1260 4820 et
1292 4763 1487 4834 aquila:
1509 4773 1766 4834 coapten-

182 4864 301 4922 tur,
326 4857 547 4912 omnino
577 4855 1118 4929 tacuerunt‘(Greg.).
1166 4855 1365 4911 Sancta
1391 4864 1626 4926 quatuor
1651 4857 1766 4910 ani-

163 4943 386 5030 .malia,
431 4960 552 5014 qua:
593 4947 891 5016 prophetia:
933 4947 1126 5016 spiritu
1175 4947 1352 5000 futura
1400 4945 1766 5014 praevidentur

164 5033 371 5112 subtili
391 5039 701 5094 narratione
725 5039 1127 5104 describuntur,
1150 5054 1275 5095 cum
1299 5039 1496 5094 dicitur
1524 5056 1536 5092 :
1569 5055 1588 5088 ι
1622 5038 1764 5105 Qua-

162 5121 313 5198 ftuor
349 5129 516 5187 facies
554 5131 668 5195 uni,
705 5140 758 5187 et
795 5141 1030 5202 quatuor
1063 5148 1251 5202 penna:
1292 5132 1403 5186 uni.
1436 5150 1454 5182 ι
1504 5130 1642 5196 Quid
1666 5145 1763 5199 per

161 5205 400 5320 ifaciem,
438 5223 546 5278 nisi
588 5223 802 5289 notitia,
846 5232 902 5278 et
941 5224 1070 5308 quid
1115 5240 1212 5294 per
1246 5238 1477 5295 pennam
1521 5221 1624 5276 nisi
1670 5237 1762 5276 vo-

173 5314 327 5386 latus
371 5314 732 5386 exprimitur?
773 5317 878 5371 Per
918 5315 1111 5372 facient
1152 5318 1350 5388 quippe
1394 5316 1761 5386 unusquisque

169 5405 548 5475 cognoscitur,
574 5421 672 5476 per
705 5418 936 5476 pennam
970 5420 1100 5460 vero
1141 5406 1194 5460 in
1223 5406 1390 5462 altum
1427 5406 1607 5460 avium
1634 5415 1757 5461 cor-

172 5510 317 5567 pora
355 5495 724 5552 sublevantur.
767 5495 960 5552 Facies
1004 5496 1188 5566 itaque
1221 5495 1290 5550 ad
1316 5495 1476 5550 fidem
1503 5497 1754 5567 pertinet.

172 5585 368 5644 Penua
409 5586 476 5642 ad
507 5587 1036 5658 contemplationem.
1082 5585 1186 5641 Per
1209 5585 1370 5641 ﬁdem
1414 5601 1648 5656 namque
1690 5586 1758 5642 ab

171 5677 552 5748 omnipotente
599 5680 709 5734 Deo
753 5680 1150 5750 cognoscimur.
1205 5677 1356 5733 Sicut
1393 5677 1506 5749 ipse
1541 5679 1607 5734 de
1643 5670 1758 5734 suis

167 5773 374 5830 ovibus
409 5754 579 5829 dicit:
615 5791 634 5827 ι
669 5765 781 5846 Ego
817 5756 954 5831 sum
977 5781 1163 5845 pastor
1185 5761 1382 5840 bonus,
1409 5781 1464 5828 et
1489 5785 1756 5844 cognosco

1789 4538 1842 4601 D

1893 585 1916 622 ι
1932 569 2048 640 Ego
2060 571 2175 625 scio
2189 579 2325 640 Quos
2344 573 2617 644 elegerim.
2640 592 2659 626 ι
2683 574 2788 630 Per
2807 577 3317 646 contemplationem
3337 594 3476 635 vero

1887 661 2013 732 quia
2040 675 2204 731 super
2228 664 2853 734 nosmetipsos-tollimur
2876 667 3036 737 quasi
3058 668 3114 722 in
3142 683 3268 724 aere
3293 669 3472 726 elevam-

1886 751 2031 809 mur.E
2063 753 2304 820 Quatuor
2328 757 2460 827 ergo
2483 755 2652 812 facies
2675 758 2768 812 uni
2798 769 2942 812 sunt.
2983 759 3119 826 Quia
3144 759 3193 814 si
3222 761 3470 831 requiras

1887 844 2016 914 quid
2047 843 2336 901 Mattheus
2357 846 2424 901 de
2460 847 2836 904 incarnatione
2861 848 3075 906 Domini
3101 850 3333 917 sentiat,
3365 851 3475 909 hoc

1885 935 2142 991 nimirum
2194 934 2360 993 se'ntit
2403 938 2558 1008 Quod
2593 938 2838 1005 Marcus,
2886 940 3065 996 Lucas
3108 949 3165 998 et
3208 940 3471 999 Joannes.

1884 1022 1949 1080 Si
1982 1033 2198 1096 quacras
2231 1022 2361 1098 quid
2396 1027 2632 1086 Joannes
2671 1032 2870 1088 sentiat
2891 1071 2908 1098 ,
2957 1033 3062 1088 hoc
3089 1032 3277 1104 procul
3307 1033 3472 1091 dubio

1883 1121 2030 1190 quod
2084 1119 2322 1188 Lucas,
2351 1121 2594 1178 Marcus
2626 1132 2682 1178 et
2739 1123 3044 1181 Mattheus.
3112 1125 3172 1182 Si
3223 1125 3482 1196 requiras.

1885 1211 2016 1280 quid
2067 1211 2340 1278 Marcus,
2383 1214 2486 1268 hoc
2538 1214 2683 1283 quod
2740 1213 3062 1283 Mattheus,
3122 1213 3357 1272 Joannes
3415 1223 3474 1270 et

1883 1301 2079 1360 Lucas.
2140 1304 2216 1360 Si
2241 1305 2490 1373 requiras
2531 1303 2660 1375 quid
2704 1305 2916 1373 Lucas,
2964 1307 3068 1362 hoc
3112 1305 3259 1377 quod
3301 1302 3473 1362 Joan-

1846 1447 1850 1451 _
1884 1406 2000 1461 nes,
2015 1393 2306 1450 Μειιῑιεειιε
2331 1403 2386 1450 et
2419 1395 2636 1454 Marcus
2659 1396 2842 1452 sentit.
2883 1396 3128 1465 Quatuor
3152 1411 3283 1469 ergo
3305 1397 3482 1454 facies

1885 1485 2148 1552 uni’suht',
2178 1486 2304 1555 quia
2323 1515 2326 1520 -
2344 1485 2534 1542 notitia
2581 1485 2707 1542 fidei
2731 1503 2839 1557 qua
2883 1496 3282 1558 cognoscuntur
3305 1503 3339 1542 a
3367 1487 3475 1543 Do-

1884 1574 2031 1654 mino
2063 1575 2172 1630 Deo
2196 1575 2312 1646 ipsa
2343 1585 2430 1632 est
2453 1576 2658 1641 inuno,
2686 1592 2808 1647 quae
2831 1585 2916 1632 est
2942 1577 3104 1634 simul
3134 1577 3188 1632 in
3218 1587 3469 1648 quatuor.

1883 1664 2039 1732 Quod
2067 1664 2752 1733 enimidem-inveneris,
2794 1667 2900 1723 hoc
2927 1667 2984 1723 in
3003 1667 3263 1724 omnibus
3310 1667 3477 1723 simul

1885 1749 2120 1826 quatuor
2144 1757 2507 1828 recognoscis.
2538 1775 2558 1808 ι
2591 1757 2660 1812 Et
2677 1766 2915 1827 quatuor
2933 1774 3127 1830 pennas
3139 1759 3252 1815 uni.
3287 1777 3307 1812 ι
3334 1758 3477 1826 Quia

1886 1847 1989 1919 Dei
2005 1847 2420 1919 omnipetentis
2441 1848 2608 1904 ﬁlium
2636 1850 2925 1906 Dominum
2973 1849 3156 1907 Jesum
3191 1849 3475 1906 Christum

1883 1941 2045 1996 simul
2057 1951 2254 1998 omnes
2267 1937 2613 2002 concorditer
2631 1941 3029 2013 praedicabat
3047 1942 3116 1998 ad
3134 1943 3476 1999 divinitatem

1689 2047 1693 2054 λ
1780 2049 1782 2052 ν
1880 2028 2010 2098 ejus
2038 2031 2464 2088 mentis-oeulos
2492 2031 2751 2100 levantes,
2780 2045 2957 2103 penna
3003 2031 3480 2103 contemplationis

1882 2123 2084 2179 volant.
2127 2123 2752 2196 Evangelistarum'ergo
2779 2124 2949 2180 facies
2973 2124 3042 2180 ad
3083 2124 3478 2182 humanitatem

1883 2213 2096 2271 Domini
2143 2215 2397 2284 pertinet,
2434 2230 2610 2286 penna
2655 2215 2722 2270 ad
2747 2216 3126 2273 divinitatem:
3158 2217 3284 2288 quia
3319 2216 3480 2280 ineo

1883 2323 2043 2378 quem
2072 2319 2390 2379 corp0reum
2413 2336 2416 2338 τ
2438 2309 2710 2378 aspiciunt
2729 2309 2886 2378 quasi
2916 2307 3110 2364 faciem
3162 2307 3471 2364 intendunt.

1883 2395 1991 2451 Sed
2035 2395 2162 2451 dum
2197 2395 2344 2450 hunc
2377 2409 2510 2451 esse
2539 2395 3062 2466 incircumscrime
3093 2404 3260 2466 atque
3291 2395 3474 2450 incor-

1880 2504 2106 2560 poreum
2143 2503 2210 2546 ex
2234 2489 2519 2546 divinitate
2539 2489 2909 2556 iannuntiant,
2929 2504 3036 2560 per
3057 2487 3472 2559 contemplatio-

1880 2580 1966 2634 nis
1991 2593 2247 2650 pennam,
2277 2580 2430 2650 quasi
2477 2579 2531 2634 in
2565 2594 2692 2635 aera
2717 2578 2981 2634 levantur.
3027 2577 3167 2646 Quia
3204 2578 3394 2648 itaque
3412 2585 3472 2633 et

1880 2681 1988 2722 una
2034 2675 2120 2723 est
2169 2667 2305 2724 ﬁdes
2350 2667 2740 2723 incarnationis
2767 2665 2891 2737 ejus
2927 2667 2982 2722 in
3010 2666 3262 2722 omnibus
3289 2674 3345 2721 et
3371 2679 3473 2735 par

1875 2762 2264 2833 contemplatio
2296 2762 2597 2818 divinitatis
2623 2761 2740 2833 ejus
2769 2763 2848 2818 'in
2885 2762 3132 2835 singulis,
3154 2770 3304 2818 recte
3325 2776 3472 2817 nunc

1880 2853 2344 2923 dicitur,quatuor
2371 2853 2536 2910 facies
2550 2854 2660 2917 uni,
2677 2862 2733 2910 et
2749 2862 2982 2924 quatuor
3007 2868 3199 2924 pennte
3226 2853 3341 2908 uni.
3363 2851 3472 2908 Sed

1880 2959 2000 3014 quae
2022 2945 2197 3000 virtus
2230 2957 2396 3010 esset,
2448 2946 2493 3002 si
2533 2946 2693 3000 fidem
2731 2955 2898 3016 atque
2953 2945 3464 3016 contemplationem

1880 3035 2092 3090 Domini
2138 3034 2402 3090 habentes
2441 3035 2825 3105 prmdicatores
2871 3034 3016 3090 illius
3066 3043 3254 3091 sancta
3301 3049 3470 3102 opera

1880 3138 1989 3180 non
2034 3124 2330 3180 haberent?
2379 3123 2677 3194 Sequitur:
2724 3143 2742 3177 ι
2792 3125 2860 3179 Ει
2887 3125 3052 3196 pedes
3085 3139 3273 3180 eorum
3301 3123 3492 3193 pedes.

1881 3215 2036 3271 recti.
2060 3235 2079 3268 ι
2099 3214 2237 3282 Quid
2250 3231 2349 3286 per
2370 3217 2553 3287 pedes,
2571 3216 2674 3271 nisi
2699 3230 2918 3286 gressus
2937 3222 3155 3270 actuum
3178 3214 3470 3284 designan-

1879 3306 2000 3360 tur?
2025 3305 2266 3373 Quatuor
2304 3321 2434 3376 ergo
2478 3304 2792 3360 animalium
2847 3304 3012 3374 pedes
3056 3304 3192 3360 recti
3219 3318 3340 3359 esse
3367 3303 3464 3357 de-

1877 3397 2206 3453 scribuntur.
2267 3395 2405 3465 Quia
2457 3403 2767 3451 sanctorum
2800 3393 3269 3474 Evangelistarum
3301 3399 3466 3461 atque

1877 3487 2117 3543 omnium
2154 3485 2520 3557 perfecturum
2546 3501 2713 3555 opera
2735 3486 2802 3540 ad
2837 3483 3166 3556 sequendam
3208 3482 3467 3552 iniquita-

1877 3587 1985 3634 tem
2023 3595 2130 3634 non
2165 3587 2290 3635 sunt
2335 3587 2559 3636 retorta.
2607 3577 2673 3633 Hi
2721 3585 2903 3633 autem
2937 3576 3102 3648 pedes
3128 3583 3305 3630 rectos
3354 3587 3464 3629 non

1876 3669 2100 3734 habent,
2126 3669 2217 3740 qui
2269 3671 2338 3724 ad
2373 3668 2518 3723 mala
2568 3668 2756 3724 mundi
2800 3683 2921 3739 qua:
2964 3665 3286 3737 reliquerint
3313 3664 3467 3721 refle-

1874 3766 2114 3814 ctuntur.
2141 3760 2217 3814 De
2239 3757 2435 3829 quibus
2457 3759 2718 3830 scriptum
2745 3766 2830 3814 est
2855 3775 2871 3812 :
2906 3776 2924 3810 ι
2948 3756 3111 3812 Canis
3125 3770 3374 3811 reversus
3398 3753 3465 3807 ad

1875 3851 2133 3907 vomitum
2160 3867 2338 3917 suum,
2369 3859 2425 3906 et
2450 3866 2544 3907 sus
2572 3851 2682 3906 lota
2709 3850 2764 3906 in
2805 3849 3091 3906 volutabro
3131 3847 3228 3902 luti
3279 3845 3461 3918 (Prov.

1873 3941 2045 4014 xxvi).
2069 3959 2088 3994 ι
2115 3941 2324 3997 Utvero
2349 3942 2402 3996 in
2417 3943 2619 3998 eisdem
2636 3940 3080 4012 praedicatoribus
3093 3938 3316 4002 sanctis,
3339 3936 3462 3991 vitae

1872 4033 2128 4104 gravitas,
2145 4033 2402 4090 fortitudo
2417 4044 2580 4104 atque
2595 4035 2852 4090 discretio
2877 4039 3290 4096 monstraretur,
3317 4037 3463 4084 recte

1870 4125 2236 4196 subjungitur:
2259 4144 2277 4177 «ι
2297 4127 2361 4180 Ει
2374 4127 2555 4195 planta
2574 4125 2726 4195 pedis
2739 4139 2925 4180 eorum
2941 4124 3094 4193 quasi
3110 4123 3295 4193 planta
3311 4121 3462 4190 pedis

1871 4216 2043 4270 vituli.
2067 4234 2085 4266 ι
2120 4215 2255 4282 Quia
2278 4216 2420 4294 enim
2442 4215 2826 4285 praedicatores
2853 4213 3029 4268 sancti
3055 4211 3219 4266 boum
3245 4210 3462 4266 nomine

1871 4307 2240 4377 designantur,
2263 4307 2419 4362 docet
2463 4305 2662 4360 Paulus
2690 4302 2961 4374 apostolus
2985 4343 3000 4369 ,
3047 4302 3182 4372 legis
3223 4301 3462 4356 testimo-

1869 4406 2018 4461 nium
2043 4420 2318 4475 exponens
2346 4423 2359 4458 :
2397 4423 2417 4456 ι
2452 4403 2569 4459 Non
2600 4403 2882 4460 obturabis
2909 4417 2972 4459 os
3020 4401 3143 4458 bovi
3181 4399 3458 4456 trituranti

1871 4497 1922 4569 (1
1945 4497 2069 4553 Cor.
2088 4497 2186 4566 ix).
2211 4497 2268 4552 In
2293 4498 2499 4553 sanctis
2519 4513 2646 4568 ergo
2673 4495 3122 4566 praedicatoribus
3151 4493 3333 4566 planta
3365 4506 3459 4563 pe-

1868 4589 1952 4645 dis
2003 4598 2088 4645 est
2115 4589 2290 4655 vituli,
2315 4589 2520 4646 scilicet
2559 4597 2614 4644 et
2661 4598 2872 4644 mature
2923 4587 3181 4642 incedens
3215 4594 3270 4641 et
3300 4585 3459 4639 fortis

1869 4693 1924 4742 et
1958 4687 2147 4741 divisa.
2197 4686 2334 4753 Quia
2367 4685 2740 4755 unusquisque
2782 4683 3106 4753 przedieator
3149 4688 3203 4735 et
3231 4693 3456 4733 venera-

1867 4777 2068 4832 tionem
2088 4777 2252 4831 habet
2275 4775 2330 4829 in
2356 4775 2688 4837 maturitate,
2706 4779 2762 4827 et
2789 4769 3162 4826 fortitudinem
3187 4767 3242 4820 in
3265 4779 3452 4835 opere,

1866 4875 1922 4922 et
1946 4866 2264 4921 divisionem
2285 4863 2496 4933 ungula:
2522 4863 2576 4917 in
2601 4861 2946 4918 discretione.
2978 4858 3094 4914 Non
3123 4855 3269 4911 enim
3295 4854 3456 4910 facile

1866 4955 2180 5025 praedicatio
2222 4956 2339 5025 ejus
2365 4953 2648 5023 accipitur,
2699 4952 2744 5008 si
2781 4951 2915 5007 levis
2967 4951 3022 5006 in
3067 4947 3309 5003 moribus
3333 4960 3453 5001 esse

1867 5047 2134 5101 videatur.
2177 5045 2244 5099 Et
2283 5044 2426 5099 nulla
2461 5045 2567 5100 erit
2610 5042 2940 5099 maturitatis
2965 5039 3220 5101 ostensio,
3249 5037 3296 5092 si
3313 5052 3451 5092 con-

1870 5142 1950 5189 tra
1999 5135 2223 5190 adversa
2275 5134 2458 5190 omnia
2515 5149 2624 5190 non
2665 5129 2910 5188 adfuerit
2942 5129 3126 5200 operis
3167 5126 3448 5183 fortitudo.

1868 5224 2096 5281 Virtutis
2129 5234 2309 5280 autem
2341 5226 2589 5280 meritum
2623 5225 2737 5295 ipsa
2759 5222 3016 5279 fortitudo
3044 5218 3224 5290 operis
3245 5217 3445 5273 admit-

1867 5316 1954 5382 tit,
1989 5315 2034 5370 si
2065 5314 2294 5371 discreta
2321 5313 2388 5369 in
2446 5313 2717 5370 intellectu
2749 5317 2868 5367 tien'
2884 5308 3080 5365 fueﬁt.-
3115 5309 3256 5363 Ecce
3303 5307 3446 5361 enim

1866 5420 2074 5461 sacram
2107 5405 2454 5476 Scripturam
2494 5403 2746 5475 legimus,
2789 5401 3062 5458 'si"0mnia
3099 5400 3168 5456 ad
3199 5399 3446 5456 litteram

1867 5498 2190 5562 sentiamus,
2224 5498 2486 5553 virtutem
2507 5487 3176 5551 discretionisiamittimus
3201 5533 3216 5560 ,
3253 5493 3449 5549 isiiom-

1866 5588 1956 5642 nia
1987 5588 2053 5643 ad
2099 5581 2733 5668 spit°italcmallegOriam
2759 5585 3047 5654 ducimus,
3079 5585 3327 5642 similiter
3355 5584 3442 5638 in-

1863 5665 2206 5734 discretibiiis
2228 5665 2453 5734 Stultitia
2483 5677 3122 5748 ligaintn‘,‘-legtmt'eﬁim'
3145 5684 3308 5736 SGM'
3332 5671 3438 5728 cio-

1863 5768 1986 5840 quia
2010 5769 2393 5840 praedicatores
2419 5766 2592 5825 sancti
2619 5775 2674 5824 et
2707 5765 3079 5840 ai'iquandoin
3351 5761 3436 5817 lit-
