3938 6360
157 347 288 410 sn
654 391 675 401 -
1165 307 1526 442 utentem:
1563 327 1630 408 m‘
1670 327 2122 411 sacculum.
2162 378 2227 387 —
2270 341 2392 400 [ης.
2431 346 2451 399 l
2595 343 2600 354 ·
2693 341 2696 346 ·
2973 431 2978 435 1
3344 350 3451 409 διε

159 466 438 521 vidisset.
473 463 574 530 Qui
635 477 762 534 ergo
811 470 864 518 et
902 461 1136 532 seipsum
1164 469 1503 533 trangressus
1529 457 1628 528 est,
1664 460 1770 518 non
1877 459 2028 515 dunt.
2082 457 2209 511 Diue
2243 444 2444 526 itaque,
2494 465 2551 510 ut
2577 455 2777 512 dictum
2819 466 2920 520 est,
2943 471 3134 526 pennae
3149 457 3450 530 junguntur

153 553 301 624 jam
333 553 857 623 solummodo.super
882 553 1004 617 tria,
1057 553 1151 608 scd
1178 551 1431 622 adiuncto
1452 561 1506 608 et
1534 569 1592 608 se
1615 569 1777 623 super
1880 563 2119 609 sursum,
2160 547 2375 614 quando
2403 560 2557 600 amor
2586 554 2636 599 et
2670 560 2794 613 spes
2829 545 3123 602 electorum
3171 551 3337 606 corda
3379 551 3449 606 ad

155 656 434 715 ηυηιιιοτ
464 644 584 697 fuit,
1877 639 2154 709 superiora
2180 638 2410 702 elevant,
2437 637 2504 690 ad
2530 635 2770 692 coelestia
2798 638 3148 708 suspendunt.
3191 639 3321 697 Duae
3349 657 3453 698 au-

259 753 291 786 ι
334 736 400 790 Et
429 735 597 789 facies
634 749 820 788 eorum
851 741 904 786 et
925 749 1110 802 penum
1139 746 1322 787 eorum
1351 742 1583 788 extentae
1613 734 1773 789 desu-
1879 740 1986 787 tem
2017 746 2204 802 pennae
2227 738 2413 802 tegunt
2433 746 2680 800 corpora,
2707 733 2921 800 quando
2949 748 3134 788 eorum
3160 735 3454 806 mala'prae-
3486 711 3495 735 μ’

165 847 208 879 -σ
246 843 370 898 per.
393 827 520 880 Duze
542 841 728 896 pennze
754 825 1084 896 singulorum
1105 823 1780 894 jungebantur,etdu:ete—
1881 824 2040 879 terita
2067 837 2097 876 a
2127 830 2414 892 conspectu
2443 822 2629 877 aeterni
2661 821 2866 878 Judicis
2917 823 3078 877 timor
3101 831 3157 876 et
3184 824 3452 892 pceniten-

173 938 210 969 ί
254 919 716 988 gebant-eorpora
747 930 955 969 eorum.
991 935 1010 965 ›
1049 913 1342 986 (Hier-on.)
1367 916 1428 969 Et
1454 932 1614 986 supra
1643 917 1781 971 dixi—
1879 919 1954 972 tia
1981 917 2336 973 abscondunt.
2366 916 2424 970 ln
2450 932 2514 971 eo
2544 917 2687 971 enim
2714 917 2856 986 quod
2886 931 2944 971 se
2976 910 3237 986 peccasse
3263 918 3454 991 memi-
3488 901 3495 922 ⁵

161 1005 527 1074 'm‘usiuncta
553 1005 653 1059 sibi
677 1020 794 1058 esse
822 1005 1209 1072 Evangelia,et
1235 1014 1573 1075 tempora,ct
1593 1022 1782 1062 omnes
1881 1014 2098 1070 nerunt,
2130 1008 2255 1076 quia
2314 1006 2706 1076 pertimescunt
2751 1014 2807 1061 et
2853 1005 3084 1072 dellent,
3125 1007 3259 1076 quid
3306 1007 3453 1061 aliud

183 1095 496 1149 rationales
524 1103 805 1148 creaturas
834 1103 1172 1164 quatuorque
1205 1096 1463 1161 virtutes;
1491 1097 1565 1150 ita
1597 1105 1656 1150 ut
1689 1097 1780 1166 qui

181 1200 308 1238 una
338 1184 593 1247 caruerit,
621 1183 871 1238 omnibus
895 1193 1094 1238 careat.
1126 1185 1386 1254 Quodque
1411 1187 1528 1240 dum
1550 1193 1783 1239 extenta:

165 1281 408 1328 ~suntet
457 1273 526 1326 in
562 1272 727 1326 altum
757 1287 818 1326 se
869 1273 1101 1337 elevant,
1134 1274 1572 1342 praedicationem
1616 1274 1781 1329 coale-

188 1377 346 1420 stem
377 1365 701 1435 signiﬁcant,
728 1373 782 1418 et
806 1365 988 1418 omnia
1034 1366 1105 1419 ad
1151 1366 1248 1420 Dei
1280 1368 1501 1423 tendere
1527 1367 1780 1436 maiesta-

181 1466 335 1510 eam.
365 1456 491 1509 Duae
522 1468 700 1510 autem
737 1456 934 1525 quibus
967 1464 1221 1526 teguntur
1267 1474 1516 1528 corpora,
1551 1460 1782 1514 humana

183 1547 508 1600 excluditur
535 1546 784 1611 scientia,
815 1561 913 1600 nec
943 1547 1214 1615 perfectus
1237 1550 1508 1617 prtebetur
1536 1549 1782 1616 intuitus,

193 1637 424 1690 (licente
482 1635 778 1704 Apostolo:
817 1653 838 1685 ί
878 1636 957 1689 Ex
1013 1646 1167 1706 parte
1209 1639 1605 1708 cognoscimus,
1636 1648 1690 1693 et
1717 1654 1785 1693 ex

193 1737 368 1798 parte
412 1729 817 1797 prophetamus.
867 1726 1000 1782 Cum
1033 1738 1212 1784 autem
1241 1731 1453 1784 venerit
1481 1731 1624 1800 quod
1657 1747 1785 1800 per-

1880 1111 2040 1164 quam
2079 1110 2273 1164 corpus
2301 1095 2636 1165 coopcriunt,
2663 1096 2753 1164 qui
2784 1095 2922 1150 facta
2965 1096 3203 1150 carnalia
3245 1110 3341 1164 per
3365 1111 3455 1150 su-

1883 1187 2141 1255 perducta
2198 1187 2338 1240 bona
2375 1201 2538 1257 opera
2579 1203 2607 1240 a
2639 1188 2885 1242 districto
2939 1189 3189 1243 examine
3217 1189 3450 1243 abscon-

1884 1276 2055 1330 dunt?
2077 1275 2353 1345 Scriptum
2387 1277 2584 1346 quippe
2610 1285 2693 1331 est
2720 1294 2732 1330 :
2766 1295 2783 1328 ι
2817 1276 2966 1331 Beati
3005 1293 3236 1347 quorum
3265 1278 3455 1332 remis-

1883 1382 1956 1421 sze
1983 1375 2110 1421 sunt
2143 1367 2478 1435 iniquitates,
2527 1376 2583 1422 ct
2610 1384 2840 1438 quorum
2888 1377 3030 1424 tecta
3077 1378 3205 1424 sunt
3233 1379 3454 1439 peccata

1885 1455 2060 1527 (Psal.
2098 1457 2275 1528 uxr).
2311 1475 2330 1508 ι
2386 1458 2614 1512 Peccata
2670 1459 2812 1513 enim
2846 1459 3098 1530 tegimus,
3141 1476 3262 1515 cum
3317 1462 3456 1514 bona

1885 1547 2026 1602 facta
2058 1547 2214 1601 malis
2241 1548 2450 1602 actibus
2480 1550 2909 1618 superponimus.
2953 1549 3122 1604 Omne
3149 1551 3292 1604 enim
3316 1552 3457 1618 quod

1883 1638 2212 1706 cooperitur,
2270 1637 2497 1692 inferius
2552 1639 2787 1707 ponitur,
2818 1640 2997 1694 ethoc
3033 1640 3174 1694 unde
3217 1641 3459 1709 operitur

1887 1729 2116 1799 desuper
2172 1728 2408 1783 ducitur.
2481 1727 2707 1795 Quando
2757 1745 2887 1799 ergo
2953 1730 3265 1784 abdicamus
3317 1730 3457 1784 mala

193 1819 415 1873 fectum
442 1828 544 1882 est,
571 1819 914 1873 destruentur
928 1834 989 1873 ea
1023 1834 1141 1888 qum
1164 1835 1230 1874 ex
1256 1829 1410 1890 parte
1430 1820 1621 1892 suut(l
1655 1819 1778 1876 Cor.
1811 1806 1857 1864 Β
1886 1832 2004 1887 qua:
2031 1816 2284 1882 fecimus,
2313 1826 2369 1871 et
2402 1817 2649 1888 eligimus
2684 1820 2820 1873 bona
2849 1810 2969 1888 qua
2995 1819 3273 1884 faciamus,
3302 1823 3459 1890 quasi

191 1917 357 1984 xui).
397 1931 416 1964 ι
447 1911 648 1983 (Greg.)
693 1911 882 1966 Facies
933 1919 989 1964 et
1037 1927 1231 1981 penna:
1280 1914 1513 1981 desuper
1549 1920 1784 1968 extenta:

185 2002 609 2068 describuntur,
670 2003 795 2072 quia
844 2002 1020 2056 omnis
1068 2003 1292 2057 intentio
1325 2003 1607 2072 omnisque
1651 2018 1782 2058 eon-

201 2091 485 2162 templatio
513 2101 821 2148 sanctorum
853 2106 1015 2162 super
1042 2107 1099 2146 se
1147 2094 1337 2157 tendit,
1370 2102 1430 2147 ut
1457 2092 1586 2148 illud
1615 2094 1786 2162 possit

185 2183 462 2252 adipisci,
487 2184 632 2252 quod
657 2184 710 2237 in
743 2183 1054 2238 coelestibus
1084 2183 1307 2252 appetit,
1341 2183 1455 2237 sive
1475 2183 1622 2237 enim
1642 2185 1784 2238 bono

191 2273 388 2342 operi,
419 2288 511 2326 seu
541 2287 672 2328 vero
702 2271 941 2341 invigilet
964 2271 1425 2341 contemplationi,
1456 2281 1586 2327 tunc
1627 2287 1787 2328 vera-

205 2366 355 2420 citer
380 2367 480 2419 hoc
506 2366 614 2436 agit
639 2364 780 2434 quod
811 2365 1008 2418 bonum
1038 2373 1140 2428 est,
1191 2364 1442 2433 quoniam
1474 2364 1522 2418 ei
1547 2364 1788 2434 compla—

192 2469 343 2508 -cere
369 2455 702 2523 concupiscit
724 2467 754 2506 a
783 2468 890 2522 quo
917 2462 1018 2507 est.
1075 2452 1208 2508 Nam
1242 2453 1335 2522 qui
1356 2454 1496 2508 bona
1521 2468 1681 2523 agere
1705 2453 1788 2509 vi-

205 2543 391 2607 detur,
417 2552 469 2597 et
499 2559 597 2613 per
621 2543 735 2597 inec
784 2557 889 2596 non
921 2542 1050 2606 Deo,
1077 2542 1170 2596 sed
1225 2542 1531 2597 hominibus
1573 2542 1789 2611 placere

205 2632 508 2698 desiderat,
563 2631 874 2687 intentionis
903 2647 1014 2685 sua:
1062 2628 1256 2684 faciem
1286 2630 1537 2684 deorsum
1567 2630 1784 2699 premit.

199 2725 298 2779 Et.
314 2724 405 2794 qui
457 2724 660 2779 idcirco
712 2724 766 2778 in
817 2739 974 2778 sacro
1001 2721 1218 2792 eloquio
1251 2736 1316 2776 ea
1347 2736 1466 2791 qua:
1493 2721 1791 2777 divinitatis

207 2827 346 2874 sunt
367 2818 776 2888 contemplatur,
808 2826 869 2871 ut
892 2831 991 2885 per
1018 2816 1121 2871 hoc
1148 2816 1289 2885 quod
1331 2813 1603 2885 intelligit,
1630 2828 1792 2890 occu-

199 2909 338 2979 pari
364 2907 431 2962 ad
457 2908 780 2978 quaestiones
804 2906 996 2976 possit,
1045 2905 1138 2974 qui
1183 2920 1291 2960 non
1333 2904 1619 2960 dulcedine
1644 2895 1791 2975 quai-

199 2997 339 3052 εἰη
358 2997 703 3053 beatitudinis
734 2997 922 3052 satiari
965 2996 1189 3066 appetit,
1215 2996 1310 3051 sed
1359 2995 1740 3051 doctusvideri
1773 3012 1788 3051 :

1887 1915 2098 1978 tegmen
2155 1907 2204 1961 ei
2266 1907 2343 1960 rei
2398 1907 2828 1976 superducimus,
2881 1924 3044 1979 quam
3090 1912 3460 1967 erubescimus

1884 1996 2080 2051 videri.
2137 1995 2443 2062 Quamlibet
2490 1997 2634 2050 enim
2691 1999 2864 2052 sancti
2914 1998 3014 2052 viri
3044 1998 3098 2052 in
3151 2001 3254 2054 hac
3283 2001 3461 2055 adhuc

1885 2086 1993 2139 vita
2020 2086 2150 2151 sint,
2181 2085 2386 2140 habent
2438 2094 2617 2140 tamen
2657 2086 2801 2155 quod
2826 2095 2952 2142 ante
2981 2087 3078 2142 Dei
3107 2088 3292 2144 oculos
3334 2104 3461 2160 ope-

1887 2175 1996 2229 rire
2049 2175 2299 2230 debeant.
2330 2174 2466 2242 Quia
2514 2177 2733 2230 omnino
2761 2183 2844 2232 est
2888 2177 3238 2247 impossibile,
3279 2187 3339 2233 ut
3370 2190 3464 2234 aut

1863 2267 1951 2321 in”
1985 2281 2167 2336 opere,
2217 2275 2311 2320 aut
2347 2267 2400 2320 in
2427 2267 2718 2334 locutione,
2749 2276 2841 2322 aut
2867 2268 2919 2322 in
2949 2267 3274 2338 cogitatione
3321 2285 3460 2324 nun-

1888 2371 2047 2426 quam
2079 2356 2407 2426 delinquaut.
2455 2353 2606 2413 Unde
2639 2365 2695 2412 et
2722 2359 2913 2415 beatus
2949 2358 3070 2425 Job,
3107 2359 3198 2430 qui
3221 2359 3462 2431 perfecta

1888 2448 2104 2517 quidem
2142 2446 2452 2503 hominibus
2491 2449 2724 2514 dixerat,
2769 2448 2868 2516 Dei
2915 2459 3096 2506 tamen
3154 2465 3343 2507 vocem
3371 2466 3465 2504 au-

1858 2541 1860 2544 ’
1890 2540 2066 2605 diens,
2094 2553 2260 2609 seque
2300 2539 2473 2616 ipsum
2499 2541 2566 2620 de
2596 2540 2712 2610 ipsa
2755 2556 2852 2596 sua
2902 2541 3143 2612 perfecta
3193 2541 3466 2599 locutione

1890 2629 2296 2699 reprehendens
2346 2629 2568 2684 dicebat
2598 2648 2611 2683 :
2643 2647 2665 2680 ‹
2703 2628 2919 2684 Manum
2947 2641 3124 2691 meam
3150 2645 3343 2702 ponam
3371 2648 3466 2688 su-

1888 2732 1988 2789 per
2007 2719 2068 2773 es
2087 2734 2266 2774 meum
2288 2718 2344 2790 (1
2350 2719 2438 2774 οὑξ
2452 2715 2661 2792 xx’xli).
2687 2740 2706 2773 ι
2728 2719 2968 2775 lnmanu
2991 2721 3187 2792 quippe
3203 2723 3465 2793 Operatio,

1859 2803 1947 2863 in
1979 2823 2075 2864 ore
2103 2807 2303 2864 locutio
2331 2816 2434 2864 est.
2491 2806 2708 2864 Manum
2760 2824 2890 2880 ergo
2943 2825 3106 2881 super
3147 2825 3210 2867 os
3239 2825 3465 2881 ponere,

1890 2908 1977 2956 est
1997 2909 2220 2970 peccata
2250 2895 2663 2971 locutionis‘p'er
2696 2897 2952 2956 Virtutem
3009 2899 3136 2957 boni
3173 2901 3353 2973 operis
3383 2911 3467 2959 te-

1891 3007 2038 3063 gere.
2067 2990 2243 3058 Libet,
2281 2990 2499 3058 fratres,
2527 2991 2704 3046 adhuc
2726 2991 2782 3044 in
2801 2992 2961 3062 hujus
2985 2992 3063 3047 rei
3092 2991 3463 3049 testimonium

199 3093 325 3147 iste
351 3091 606 3145 nimirum
630 3085 929 3146 intellectus
949 3089 1031 3144 sui
1064 3103 1270 3159 pennas
1304 3087 1670 3156 desuper-non
1698 3081 1868 3159 ex..-»
1895 3077 2215 3153 magistrum
2257 3081 2506 3150 gentium
2527 3094 2749 3159 vocare,
2799 3079 3030 3159 qualiter
3060 3089 3307 3159 sanctum
3328 3079 3466 3137 illud

206 3182 410 3238 tendit.
443 3179 548 3236 Sed
589 3181 806 3252 quando
844 3194 1034 3237 sensus
1064 3147 1163 3235 .sui
1202 3147 1534 3250 vigilanti-am
1570 3176 1627 3234 in
1675 3147 1864 3233 ter-‘C
1889 3147 2094 3226 animal
2121 3147 2499 3246 allsiquatuor'
2531 3147 3100 3238 innitatur-'VaSpicere‘.
3145 3169 3226 3224 Ex
3243 3157 3472 3252 “quibus

153 3279 166 3281 "
202 3288 351 3328 "rene
375 3272 610 3343 appetitu
635 3261 886 3344 occupat;
913 3265 1120 3342 pennas
1152 3285 1289 3340 quas
1327 3269 1611 3326 sublevare
1631 3267 1686 3325 in
1715 3268 1796 3324 al-

211 3365 358 3430 tum,
388 3373 443 3420 et
467 3364 664 3434 quibus
685 3362 963 3420 sublevari
1013 3361 1145 3432 ipse
1169 3355 1369 3433 potuit,
1398 3361 1452 3415 in
1482 3360 1608 3416 imis
1630 3358 1795 3430 depo-

207 3456 320 3510 nit.
347 3453 461 3522 Qua
490 3453 545 3510 in
568 3469 627 3510 re
659 3453 998 3525 pensandum
1022 3460 1126 3528 est,
1153 3459 1212 3506 ut
1244 3465 1406 3506 omne
1425 3449 1625 3506 bunum
1651 3449 1792 3519 quod

163 3556 166 3557 '
207 3547 399 3617 agitur
431 3561 532 3618 per
568 3546 919 3624 intentionem
945 3557 1158 3614 semper
1184 3543 1251 3599 ad
1283 3543 1522 3624 coelestia
1553 3537 1792 3598 «levetur.

209 3637 326 3705 Qui
375 3632 516 3693 enim
548 3652 645 3707 per
696 3623 836 3692 bena
889 3650 1009 3706 qua:
1067 3635 1198 3691 fecit
1233 3623 1515 3690 terrenam
1568 3633 1794 3705 gloriam

209 3730 574 3801 concupiscit,
611 3743 818 3800 pennas
845 3742 973 3784 suas
1001 3736 1056 3784 et
1087 3719 1298 3783 faciem
1331 3725 1586 3782 deorsum
1618 3725 1797 3796 depri-

212 3823 342 3879 mit.
366 3843 384 3876 ι
417 3823 562 3888 Duae,
593 3821 788 3892 inquit,
827 3834 1020 3890 penna:
1049 3817 1382 3890 singulorum
1406 3817 1795 3890 iungebantur,

143 3904 162 3994 ζ
211 3921 283 3970 et
309 3913 427 3968 duae
447 3913 697 3984 tegebant
719 3927 947 3984 corpora
983 3926 1190 3966 eorum.
1231 3929 1250 3962 ›
1277 3910 1491 3965 Dictum
1515 3909 1692 3964 fuerat
1716 3904 1797 3963 fa-

1881 3253 2116 3320 ‘duabus
2164 3262 2244 3318 ad‘
2283 3259 2562 3334 superiora
2601 3251 3070 3327 1e'v‘olat,”duabus
3112 3267 3244 3318 vero
3278 3248 3471 3332 pennis

1860 3339 2544 3426 corpuS'contégithuia
2573 3339 2848 3422 prieterita
2889 3343 3011 3422 quae
3036 3348 3243 3422 eget-at,
3270 3367 3300 3406 a
3317 3350 3466 3420 iudi-

1866 3441 1867 3444 “
1893 3431 2359 3502 οἰοτὰῢεςοηιίἰιζι
2389 3439 2681 3517 Videamus
2702 3434 2866 3512 igitur
2892 3451 3127 3515 quantus
3149 3431 3294 3499 hunc
3316 3427 3470 3499 amor

1894 3542 1961 3597 ad
1987 3531 2232 3622 coelestia
2246 3530 2432 3622 elevet
2454 3539 2484 3592 ι’
2502 3553 2524 3590 ‹
2544 3615 2550 3622 1
2569 3535 2698 3622 Mihi
2737 3527 2922 3591 vivere
2954 3527 3305 3615 Christus","et
3332 3522 3472 3590 mutii

1863 3626 2103 3687 ‘lucrum
2162 3613 2500 3704 (Pliilfp'."i)."
2531 3613 3234 3698 i'"(it>gn05camn5'quanta'
3263 3617 3368 3697 'Spe
3404 3619 3474 3680 ad

1867 3723 1870 3725 λ
1891 3723 2186 3794 Superiora
2201 3708 2433 3800 tollitur:
2461 3717 2489 3772 ‹“
2517 3705 3084 3775 Νόὲὶὺειόοηγθνεεηίὸ
3110 3716 3164 3772 in
3189 3716 3338 3773 caelis
3357 3711 3471 3772 est.

1896 3805 2052 3887 Uiide
2077 3807 2255 3878 etiam
2285 3803 2621 3867 salvatorem
2649 3819 3029 3880 exspectamus
3061 3805 3471 3862 Dominum'le-

1863 3889 2016 3981 :sum
2045 3899 2330 3960 Christum
2361 3893 2592 3973 (Ρήἱιίρζ
2615 3888 2740 3971 .m’)’;
2792 3899 3084 3955 Videamus
3115 3897 3161 3954 si
3190 3887 3245 3954 et
3271 3899 3326 3952 in
3359 3888 3476 3952 tan--

1857 4003 1870 4011 “
1899 3995 1970 4050 tis
2025 3984 2358 4056 virtutibus.”
2388 3981 2598 4062 positus
2657 3989 2834 4044 adhuc
2894 3989 3049 4043 timet
3098 4005 3114 4042 :
3175 4006 3194 4038 ‹
3255 3981 3472 4058 (Ζεεῑὶςο

1861 4068 1864 4069 ν
1897 4073 2096 4155 corpus
2129 4069 2420 4178 meum"'et'
2458 4078 2705 4136 servituti
2741 4075 3092 4166 subiici'o,’_ne
3127 4077 3285 4143 forte,
3343 4075 3467 4132 cum

1858 4189 1862 4194 '
1899 4173 2018 4228 aliis
2064 4158 2646 4248 pridicav'erinrﬂps'e
2694 4158 3206 4239 repro'bus'élliciar
3253 4168 3304 4239 (I
3345 4165 3468 4222 Cor.

1897 4263 1998 4344 ix).
2034 4259 2076 4316 ιλ
2101 4247 2504 4342 (Σθετὶοδοάῖῆᾐς
2537 4259 2583 4315 si
2627 4261 2770 4315 hunc
2799 4259 2939 4314 mala
2994 4258 3189 4314 fecisse
3223 4254 3471 4332 pmnitel.

217 4345 356 4422 vero
405 4366 654 4436 tegebant
705 4380 933 4436 corpora
973 4345 1180 4419 eorum.
1215 4363 1352 4430 Quid
1390 4372 1580 4432 autem
1604 4377 1796 4434 pennte
1905 4371 1924 4404 ί
1958 4352 2072 4423 E80
2099 4345 2218 4406 sum
2247 4347 2503 4404 minimus
2543 4349 2931 4436 θροειοιοιῗυωτ
2959 4348 3052 4418 qui
3095 4363 3200 4402 "0n
3233 4350 3365 4436 ‘S‘lm
3395 4346 3476 4436 if“-

220 4455 539 4513 animalium
591 4456 697 4512 nisi
733 4435 832 4512 alae
881 4455 1278 4511 nominantur?
1304 4451 1421 4521 Qua
1467 4452 1609 4508 inre
1636 4452 1792 4507 nobis

1902 4456 2039 4513 gnus
2067 4441 2248 4496 vocari
2297 4435 2757 4508 apostolus‘,~qui'a
2785 4446 3100 4508 persecutus
3141 4435 3479 4492 sumEccle-

221 4549 466 4621 diligenti
521 4547 954 4618 perscrutatione
1004 4515 1353 4616 quaerendum
1396 4553 1478 4600 est
1520 4557 1641 4614 quae
1690 4515 1876 4618 sint
1903 4533 2036 4588 siam
2070 4531 2166 4612 Dei
2191 4527 2392 4621 (1700f.
2425 4528 2688 4601 Ind-"tiu
2719 4527 2873 4621 cuius
2921 4527 3108 4621 verbis,
3147 4526 3297 4621 quid
3327 4523 3476 4621 aliud

1885 4621 2082 4691 quam"
2101 4617 2299 4676 duritia
2351 4623 2552 4674 nosme
2581 4618 2794 4672 mentis
2849 4620 3138 4671 accusatur
3158 4613 3332 4684 ?'1q'uia
3363 4615 3480 4683 ipse

1902 4708 2122 4781 plangit
2142 4710 2285 4778 quod
2319 4701 2448 4762 aute‘
2472 4709 2738 4777 baptisma
2787 4704 3172 4768 commiserat;
3220 4713 3324 4761 uos
3345 4713 3480 4757 vero

1863 4797 1865 4799 ’
1899 4810 2106 4871 etpost
2130 4801 2392 4869 baptisma
2441 4799 2608 4854 multa
2651 4787 3481 4862 commisimus,et1ta‘men'lleie

212 4009 339 4064 cies
368 4015 424 4061 et
446 4020 649 4078 pennas
689 4019 876 4060 eorum
906 4010 1156 4059 extentas
1190 4002 1422 4071 desuper
1465 4010 1628 4070 atque
1671 4013 1797 4056 mox

210 4095 571 4164 subiunctum
614 4103 696 4150 est
745 4095 867 4160 hoc,
923 4091 1066 4163 quod
1121 4092 1469 4162 protulimus,
1513 4085 1650 4159 quia
1679 4089 1796 4145 dum

217 4201 420 4258 penna:
447 4185 767 4256 singulorum
789 4185 1172 4257 iungebantur,
1198 4182 1291 4237 ubi
1319 4190 1443 4252 apte
1485 4181 1799 4252 intelligitur

218 4277 355 4350 quia
383 4285 438 4331 et
464 4276 886 4332 extendebantur
922 4277 1155 4346 desuper
1178 4285 1232 4329 et
1249 4271 1636 4346 iungebantur,
1679 4263 1798 4336 dua:

187 4695 192 4698 .
221 4645 460 4709 quatuor
485 4651 676 4708 pennae
701 4647 1038 4700 sanctorum,
1081 4649 1150 4690 ex
1178 4634 1374 4705 quibus
1405 4633 1522 4688 duae
1549 4631 1798 4701 superius

219 4736 456 4786 extenta:
479 4729 795 4800 iunguntur,
845 4728 965 4784 duae
1005 4741 1135 4808 vero
1163 4741 1350 4781 eorum
1400 4739 1627 4794 corpora
1669 4739 1799 4779 con-

221 4827 436 4892 tegunt.
485 4820 544 4875 Si
570 4819 714 4875 enim
764 4819 1050 4889 vigilanter
1079 4816 1386 4888 aspicimus,
1419 4823 1652 4883 quatuor
1679 4826 1800 4868 esse

220 4913 454 4969 virtutes
472 4911 799 4976 invenimus,
823 4924 943 4980 qua:
959 4925 990 4963 a
1009 4907 1238 4964 terrenis
1265 4905 1474 4961 actibus
1494 4917 1656 4958 omne
1669 4918 1800 4973 pen-

224 5012 418 5062 natum
461 5003 663 5058 animal
712 5003 914 5068 levant,
949 5002 1002 5057 in
1035 4999 1233 5055 futuris
1281 4996 1533 5053 videlicet
1565 5009 1724 5050 amor
1745 4989 1800 5049 et

221 5109 352 5166 spes
366 5109 381 5159 ;
396 5093 463 5150 de
473 5092 772 5164 pmteritis.
785 5100 964 5147 autem
987 5091 1147 5145 timor
1167 5096 1223 5143 et
1242 5085 1580 5157 poenitentia.
1604 5083 1802 5138 Pennte

221 5195 410 5242 autem
457 5185 675 5242 sibimet
717 5185 921 5254 iunctae
959 5183 1209 5254 superius
1245 5180 1629 5242 extenduntur,
1671 5171 1799 5246 quia

222 5287 543 5338 sanctorum
569 5288 803 5334 mentem
830 5293 983 5333 amor
1030 5285 1086 5332 et
1112 5290 1235 5346 spes
1263 5275 1330 5329 ad
1360 5270 1636 5342 superiora
1666 5265 1801 5348 [4l.,

223 5366 455 5440 aeterna]
482 5368 712 5424 elevant.
741 5369 871 5436 Quae
898 5375 1023 5439 apte
1045 5379 1260 5437 quoque
1292 5363 1598 5432 conjuncta:
1626 5358 1802 5415 nomi-

225 5467 451 5526 nantur,
475 5460 602 5530 quia
625 5461 784 5516 electi
831 5460 1017 5532 procul
1059 5459 1221 5515 dubio
1248 5466 1304 5513 et
1353 5463 1538 5511 amant
1561 5452 1802 5511 coelestia

225 5566 351 5623 qua:
373 5560 613 5622 sperant,
643 5559 699 5606 et
732 5562 951 5622 sperant
977 5567 1096 5622 qua:
1142 5559 1344 5604 amant.
1372 5547 1501 5601 Duze
1526 5562 1654 5601 vero
1681 5535 1804 5600 coir-

225 5653 364 5713 pora
412 5649 723 5712 contegunt,
770 5641 895 5710 quia
926 5641 1086 5697 timor
1109 5647 1163 5696 et
1188 5638 1506 5710 poenitentia
1534 5637 1601 5690 ab
1635 5633 1809 5689 omni—

227 5731 472 5804 potentis
500 5732 597 5789 Dei
648 5732 820 5790 oculis
849 5746 1036 5790 eorum
1084 5731 1224 5787 mala
1269 5727 1540 5800 prtem-ila
1573 5729 1814 5784 abscon-

1869 4889 1873 4900 “
1903 4887 2248 4949 recusamus.
2270 4887 2512 4956 Quatuor
2538 4889 2718 4958 itaque
2734 4917 2737 4924 -
2766 4888 3172 4959 pennissancta
3225 4884 3480 4940 animalia

1880 4991 2158 5061 utuntur,
2179 4979 2302 5055 quia
2331 4979 2717 5054 peramorem"
2739 4989 2794 5040 et
2816 4985 2966 5053 spem
2992 4969 3062 5036 ad
3088 4965 3486 5035 calesﬁa'evo-

1905 5075 2037 5141 lant,
2070 5075 2124 5134 ct'
2153 5070 2520 5148 peri'ti‘morem
2547 5070 3013 5147 et'pmnitentian’i
3039 5073 3179 5128 laeta
3205 5069 3476 5126 in'seii‘lii-

1907 5172 2015 5228 ci'ta
2057 5163 2368 5240 deplorant?
2583 5168 2646 5223 ln-
2683 5149 3402 5238 renisam-arumnam
3427 5163 3478 5217 Si

1909 5257 2028 5318 duze
2054 5252 2260 5346 pennas,
2271 5267 2276 5338 ἦ
2289 5257 2426 5330 (ιυὶῐξί
2452 5243 2753 5340 elevantur,
2779 5245 3017 5336 amorem
3033 5261 3095 5337 'et
3119 5241 3280 5346 ’ἔρεξῒῆ
3292 5261 3312 5322 ,’
3333 5252 3478 5346 “dum

1867 5349 2039 5408 “vero
2055 5327 2184 5434 Tque
2229 5327 2464 5434 corpora
2484 5330 2802 5417 conlegi'rnt',
2830 5331 3091 5400 timorem
3109 5327 3197 5400 eti?
3209 5335 3482 5416 paeanes.

1867 5459 1870 5462 ’
1901 5441 2040 5500 nam
2070 5429 2370 5512 designant,
2400 5429 2512 5494 “cur
2539 5438 2661 5493 dum
2689 5457 2692 5462 ’
2716 5449 2836 5506 qua:
2864 5431 3484 5512 extentm"sunt,2dit'uti-

1871 5537 2006 5593 ‘tur'
2029 5523 2146 5590 esse
2180 5510 2516 5600 'coiiiunctae',
2563 5541 2616 5586 et
2639 5529 2768 5584 dute'
2805 5510 3486 5599 qute"eorpus"bdlltegtlht

1913 5641 2041 5706 non
2065 5627 2324 5682 dicuntur
2339 5627 2372 5680 ἲ·
2393 5625 2501 5681 Sed
2532 5626 2635 5679 hae
2659 5624 2727 5678 in'
2746 5619 2805 5678 re
2819 5629 2821 5632 ’
2837 5620 3322 5692 facilis,'largien't'e
3335 5619 3482 5681 ‘D’eb,

1914 5715 2053 5779 ratio
2099 5719 2367 5787 occurrit,
2411 5717 2553 5788 quod
2602 5717 2911 5775 sanctorum
2947 5721 3135 5787 penna:
3165 5707 3486 5785 λωιῇηὴυιω
