3938 6360
2035 215 2112 225 η...
2137 213 2206 223 ...ς

456 311 563 369 519

461 434 608 490 sunt,
635 434 790 477 amor
812 429 868 474 et
895 429 1038 488 spes.
1076 415 1211 469 Dum
1256 428 1385 469 vero
1421 425 1632 482 pennae,
1662 424 1782 480 qua:
1813 420 2042 477 corpora
2069 410 2124 470 Α

460 500 774 583 contegunt,
839 504 1192 573 sibimetipsis
1246 502 1315 556 ad
1376 501 1696 554 alterutrum
1745 497 2056 568 conjunthu‘

462 608 569 659 non
598 608 742 664 sunt,
770 599 932 653 timor
954 592 1377 665 etpmnitentia.
1409 590 1575 645 David
1601 589 1742 643 enim
1774 602 1872 658 pro
1894 586 2048 655 lapsu

463 682 922 748 carnis’timendo
970 694 1026 739 et
1071 683 1383 754 pernitendo
1426 679 1701 750 affligitur.
1730 677 1924 732 Petrus
1952 691 2047 730 ca-

466 796 587 837 sum
617 777 857 850 perfidia:
877 775 1024 830 ﬂevit
1053 788 1256 827 amare.
1282 770 1482 825 Paulus
1505 769 1562 822 in
1588 783 1646 822 se
1675 766 2049 822 crudelitatem

467 871 756 941 praeteritae
784 865 1177 937 persecutionis
1197 862 1418 933 plangit.
1445 860 1647 916 Omnes
1683 868 1867 914 tamen
1886 870 2051 911 unam

468 963 700 1032 patriam
728 967 1025 1030 appetunt;
1059 956 1127 1010 ad
1157 969 1322 1009 unum
1351 961 1626 1008 auctorem
1667 949 1906 1005 omnium
1932 961 2054 1017 per-

470 1052 659 1106 venire
685 1050 960 1105 festinant.
1002 1048 1131 1102 Dua:
1158 1060 1288 1117 ergo
1315 1040 1686 1115 'sin'gulorum.
1708 1054 1898 1110 penna:
1919 1054 2053 1093 con-

465 1141 668 1211 iuncta:
693 1148 834 1204 sunt,
867 1147 922 1193 et
945 1137 1064 1192 dum
1110 1152 1217 1192 non
1257 1143 1382 1190 sunt
1406 1151 1419 1187 :
1449 1133 1576 1202 quia
1599 1146 1703 1202 per
1728 1143 1970 1184 amorem
1999 1135 2056 1184 et

472 1248 624 1302 spem
653 1244 818 1284 unum
849 1237 934 1284 est
979 1227 1124 1297 quod
1171 1225 1500 1288 desiderant,
1546 1223 1640 1277 sed
1677 1235 1776 1290 per
1805 1221 2056 1274 timorem

472 1330 527 1376 et
555 1319 924 1390 pmnitentiam
946 1318 1219 1372 diversum
1245 1325 1331 1370 est
1361 1313 1505 1382 quod
1530 1311 1830 1382 deplorant.

472 1449 474 1452 μ
551 1430 568 1460 ι
606 1409 673 1463 Et
703 1407 1120 1476 unumquodque
1157 1419 1340 1457 coram
1377 1402 1532 1457 facie.
1569 1416 1666 1455 sua
1720 1397 2054 1460 ambulabat,

481 1517 499 1550 ι
539 1499 628 1552 ubi
661 1505 780 1551 erat
805 1496 1038 1566 impetus
1062 1493 1306 1563 spiritus,
1340 1492 1466 1546 illuc
1511 1490 1920 1563 gradiebantur,
1955 1501 2058 1540 nec

483 1610 500 1642 ι
539 1589 949 1645 revertebantur
999 1601 1121 1641 cum
1156 1584 1518 1649 ambularent,
1575 1590 1683 1637 etc.
1721 1601 1743 1632 ι
1789 1576 2056 1651 (Hieron)

475 1678 579 1745 Qui
617 1677 784 1731 aratri
814 1675 1009 1730 stivam
1039 1680 1204 1736 tenet,
1261 1675 1369 1725 non
1422 1670 1582 1725 debet
1639 1669 1909 1738 respicere
1935 1675 2058 1736 post

1127 300 1188 355 Β.
1231 293 1485 354 RABANI
1523 294 1742 352 MAURI
1782 288 2101 349 ARCillE’P.
2144 285 2454 345 MOGUNT.
2496 278 2782 374 OPERUM
2819 277 3000 335 PARS
3038 277 3102 332 ll.

3639 272 3758 328 5‘20

2148 400 2515 470 conspicimus
2536 397 2679 452 sicut
2723 411 2842 450 nos.
2871 393 2930 448 Si
2958 393 3102 448 enim
3130 403 3229 446 nos
3256 389 3400 445 sicut
3427 389 3755 459 proximum

2148 492 2533 561 aspiceremus,
2580 492 2766 540 nostra
2809 479 3254 552 reprehensibilia
3312 477 3577 533 diStricte
3607 478 3756 532 vide-

2148 595 2351 636 remus.
2413 578 2480 632 Et
2515 590 2748 639 rursum,
2781 573 2828 628 si
2881 571 3188 642 proximum
3245 569 3639 639 aspiceremus
3697 581 3758 623 ut

2149 688 2266 736 nos,
2301 684 2576 741 nunquam
2612 667 2769 722 nobis
2816 664 2932 734 ejus
2961 663 3100 718 actio
3150 673 3444 734 appareret
3488 662 3757 716 intolera-

2150 766 2294 830 bilis,
2326 762 2420 832 qui
2474 775 2616 830 saepe
2668 758 2900 812 fortasse
2950 755 3083 810 talia
3115 754 3350 826 egimus,
3383 761 3444 808 et
3481 753 3632 808 nihil
3662 771 3757 809 nos

2145 853 2402 924 proximo
2472 845 2810 904 intolerabile
2873 843 3070 900 fecisse
3129 851 3413 913 putamus.
3471 840 3754 913 (Ηξετοιι.)

2151 948 2306 1016 Quod
2345 955 2524 1002 autem
2577 944 2818 1001 secundo
2855 942 3072 1007 dicitur,
3112 959 3131 992 ι
3162 957 3269 996 non
3325 941 3757 994 revertebantur

2151 1047 2283 1094 cum
2302 1037 2636 1102 incederent,
2673 1057 2692 1088 ι
2728 1034 3014 1104 utriusque
3045 1031 3400 1088 instrumenti
3433 1030 3654 1085 indicat
3678 1045 3757 1082 si-

2156 1136 2512 1191 cramentum,
2543 1127 2688 1196 quod
2721 1125 2796 1179 in
2852 1131 3089 1194 quatuor
3144 1121 3263 1175 istis
3292 1118 3681 1174 animantibus
3707 1129 3758 1170 et

2135 1223 2266 1278 'Lex
2297 1230 2353 1276 et
2377 1218 2727 1290 Evangelium
2778 1216 2846 1270 ad
2870 1213 3054 1269 futura
3083 1211 3320 1276 festinet,
3373 1217 3436 1264 et
3468 1223 3753 1276 nunquam

2159 1321 2305 1369 retro
2334 1322 2538 1366 motum
2591 1307 2844 1378 accipiat.
2883 1302 3087 1377 (Greg.)
3144 1303 3282 1358 Ecce
3326 1302 3481 1356 enim
3511 1299 3751 1354 dicitur:

2167 1421 2185 1454 ι
2223 1402 2326 1457 Ubi
2373 1408 2494 1455 erat
2543 1400 2775 1469 impetus
2823 1396 3068 1466 spiritus,
3117 1392 3243 1448 illuc
3270 1390 3702 1462 gradiebantur.
3733 1406 3751 1437 ι

2159 1493 2216 1547 In
2247 1490 2435 1547 electis
2461 1497 2515 1543 et
2536 1486 2782 1557 reprobis
2832 1485 3036 1538 diversi
3084 1489 3211 1538 sunt
3245 1482 3514 1550 impetus.
3571 1477 3635 1532 ιιι
3662 1477 3758 1532 ele-

2161 1583 2264 1638 ctis
2285 1580 2538 1635 videlicet
2583 1579 2817 1648 impetus
2843 1573 3090 1645 spiritus,
3130 1573 3183 1627 in
3235 1571 3494 1641 reprobis
3531 1570 3758 1639 impetus

2159 1669 2364 1727 carnis.
2392 1667 2630 1736 impetus
2655 1665 2853 1735 quippe
2905 1663 3086 1718 carnis
3115 1661 3182 1715 ad
3219 1661 3431 1726 odium,
3466 1659 3539 1725 ad
3583 1658 3760 1713 elatio-

479 1761 1046 1838 tergum‘nec'imitari
1073 1750 1306 1815 'uxorcm
1338 1759 1494 1821 Loth,
1527 1772 1594 1812 ne
1619 1757 1822 1812 incidat
1866 1757 1917 1810 in
1948 1755 2061 1825 pla—
2091 1757 2135 1816 B
2164 1776 2308 1824 nam,
2347 1758 2414 1814 ad
2461 1756 2882 1823 immunditiam,
2913 1754 2982 1808 ad
3027 1753 3294 1822 rapinam,
3330 1750 3399 1805 ad
3430 1749 3756 1804 exteriorem

478 1873 602 1930 gam
627 1852 1056 1920 Deuteronomii,
1101 1859 1156 1905 et
1183 1854 1370 1920 pereat
1401 1850 1714 1919 ὁπιστοτόνῳ
1750 1846 2059 1912 insanabili,
2105 1889 2110 1894 .

480 1963 587 2018 quo
618 1946 813 2002 cecidit
837 1953 890 2000 et
921 1943 1038 1998 Heli
1068 1941 1174 2012 (IV
1210 1940 1335 2012 Reg.
1370 1955 1448 2004 ιιι,
1483 1940 1580 2010 tv),
1620 1939 1748 2009 quia
1774 1937 1903 1992 vitio
1925 1937 2062 1991 ﬁlio-

481 2057 604 2097 rum
643 2039 946 2096 olTenderat
975 2039 1142 2092 Deum
1172 2051 1187 2090 :
1225 2044 1429 2106 quanto
1469 2032 1641 2104 magis
1665 2029 1921 2100 quatuor
1949 2027 2065 2081 ani-

482 2134 666 2199 malia,
697 2148 816 2204 qua:
847 2132 1003 2202 plena
1033 2137 1188 2185 erant
1229 2127 1434 2183 lumine
1469 2134 1630 2194 atque
1661 2129 1913 2192 pennata,
1945 2134 2066 2190 qum

479 2228 793 2296 sequuntur
823 2214 1068 2278 sanctum
1097 2219 1359 2291 Spiritum
1396 2215 1812 2287 pratcedentcm,
1840 2226 1960 2281 quae
1990 2210 2066 2264 ita

482 2301 788 2387 perorbem
817 2313 1064 2378 volitant,
1095 2320 1150 2365 et
1191 2325 1249 2364 se
1275 2309 1344 2365 ad
1393 2305 1608 2362 excelsa
1662 2301 1969 2365 sustollant,
2007 2306 2067 2353 ut

482 2423 710 2478 corpora
752 2422 849 2462 sua
881 2410 1167 2476 protegant
1208 2401 1437 2472 .pennis-
1466 2391 1726 2459 historia,
1778 2391 1877 2448 nec
1911 2391 2068 2447 nobis

484 2490 761 2568 aspectum
789 2496 1024 2550 tribuant
1047 2491 1388 2562 pleniorem?
1416 2487 1622 2561 (Greg.)
1655 2487 1872 2541 Dictum
1901 2499 2066 2554 supeo

486 2590 601 2643 rius
652 2587 832 2642 fuerat
879 2604 891 2639 :
959 2582 1385 2652 Unumquodque
1435 2594 1625 2635 eorum
1687 2586 1814 2632 ante
1878 2573 2070 2629 faciem

485 2693 638 2732 suam
668 2669 1030 2747 gradiebatur.
1049 2672 1202 2728 Nunc
1229 2680 1408 2726 autem
1428 2663 1632 2726 dicitur
1669 2688 1688 2720 ι
1709 2679 1906 2722 coram
1934 2663 2072 2720 facie

486 2784 585 2824 sua
607 2766 937 2822 ambulabat.
976 2785 993 2817 ι
1046 2765 1165 2834 Ipsa
1190 2764 1372 2832 itaque
1402 2761 1632 2832 repetita
1686 2773 1808 2814 esse
1860 2756 2073 2811 videtur

467 2859 781 2915 sententia.
803 2857 918 2911 Sed
940 2857 1064 2926 quia
1089 2870 1272 2909 coram
1297 2855 1348 2908 in
1380 2852 1634 2923 praesenti
1658 2845 1908 2914 dicimus,
1949 2862 2074 2917 pos-

490 2941 678 3003 sumus
703 2939 956 3001 subtilius
986 2939 1306 3014 inquirendo
1340 2942 1672 3005 discernere,
1730 2939 1874 3008 quod
1927 2935 2074 2990 aliud

487 3039 558 3094 sit
587 3046 712 3092 ante
745 3037 940 3093 faciem
990 3033 1270 3102 ambulare
1322 3040 1486 3101 atque
1513 3030 1662 3085 aliud
1689 3030 1743 3083 in
1774 3027 2028 3099 prmsenti
2055 3041 2070 3092 ;

2163 1851 2416 1924 gloriam,
2444 1850 2513 1905 ad
2545 1847 2948 1910 crudelitatem,
2980 1845 3048 1899 ad
3075 1843 3380 1914 perfidiam,
3405 1841 3484 1896 ad
3516 1840 3761 1909 despera-

2166 1948 2392 2008 tionem,
2422 1943 2490 1996 ad
2531 1942 2689 2006 iram,
2725 1940 2792 1994 ad
2828 1935 3030 2008 iurgia,
3064 1937 3132 1992 ad
3179 1935 3501 2005 voluptates
3529 1932 3759 1986 animum

2166 2033 2410 2104 impellit.
2462 2032 2699 2100 Impetus
2753 2043 2895 2083 vero
2932 2027 3157 2098 spiritus
3190 2026 3259 2080 ad
3311 2025 3678 2087 cbaritatcm,
3707 2021 3761 2074 ad

2167 2123 2553 2186 humilitatem,
2583 2121 2651 2176 ad
2681 2119 3095 2179 continentiam,
3137 2116 3202 2170 ad
3233 2115 3564 2185 largitatem
3621 2114 3763 2166 mise-

2146 2214 2440 2279 ricordiae,
2461 2211 2529 2267 ad
2556 2211 2867 2266 interiorem
2889 2207 3217 2279 profectum,
3244 2205 3312 2260 ad
3331 2204 3572 2274 pietatis
3591 2217 3762 2272 Opera,

2167 2304 2588 2368 adatteruorum
2618 2299 2900 2366 fidem,‘ad
2926 2313 3075 2369 spem
3132 2296 3416 2365 sequentis
3470 2294 3684 2365 gaudii,
3709 2294 3765 2345 ad

2169 2395 2508 2468 patientiam,
2565 2394 2632 2448 ad
2691 2381 2936 2463 pacem,
2973 2390 3040 2444 ad
3088 2387 3605 2444 considerationem
3656 2385 3766 2438 vita

2170 2488 2440 2553 mortalis,
2470 2496 2525 2542 et
2549 2485 2818 2556 lacrymas
2865 2490 3101 2539 mentem
3131 2481 3428 2552 pertrahit.
3495 2479 3658 2535 Unde
3680 2491 3767 2532 nc-

2171 2596 2327 2638 cesse
2355 2589 2440 2636 est
2486 2588 2546 2634 ut
2574 2593 2766 2649 magna
2793 2591 3006 2648 semper
3032 2590 3163 2630 cura
3199 2574 3452 2646 cogitare
3482 2573 3770 2628 debeamus

2148 2677 2231 2730 'in
2285 2689 2447 2729 omne
2502 2673 2646 2742 quod
2698 2673 2928 2742 agimus,
2987 2669 3079 2738 qui
3140 2662 3240 2722 nos
3286 2667 3542 2736 impetus
3580 2666 3769 2725 ducat;

2149 2767 2566 2819 ~utru‘m'nostra
2596 2761 2854 2832 cogitatio
2883 2776 2980 2830 per
3029 2760 3293 2828 impetum
3321 2757 3546 2818 carnis,
3599 2771 3667 2808 an
3693 2769 3773 2824 per

2147 2875 2154 2878 ·
2175 2855 2436 2924 impetum
2463 2853 2687 2924 spiritus
2713 2851 3038 2922 impellatur.
3069 2849 3268 2903 Amare
3292 2848 3511 2902 etenim
3534 2853 3763 2907 terrena,

2150 2943 2497 3014 Itcmpor‘alia
2530 2941 2751 2996 aeternis
2796 2953 3133 3010 praeponere,
3187 2937 3471 2993 exteriora
3501 2937 3655 2992 bona
3681 2951 3772 2988 non

2144 3034 2251 3089 ad
2281 3049 2438 3090 usum
2496 3027 2867 3088 necessarium
2897 3031 3115 3096 habere,
3170 3030 3264 3084 sed
3319 3029 3394 3085 ad
3441 3027 3776 3099 voluptatem

463 3120 616 3183 ante
643 3126 836 3182 faciem
863 3125 1061 3195 quippe
1085 3122 1363 3179 ambulare
1397 3130 1484 3176 est
1512 3115 1786 3175 anteriora
1814 3113 2076 3186 a'spicien-
2103 3123 2148 3185 ο
2180 3119 2582 3195 concupiscere,
2609 3122 2872 3177 unionem
2888 3121 2954 3176 de
2977 3121 3196 3176 inimico
3213 3134 3491 3190 quatere,
3516 3119 3593 3175 de
3613 3117 3778 3174 mnu

489 3221 559 3274 do
584 3228 810 3288 petere;
840 3217 892 3271 in
921 3211 1174 3287 praesenti
1197 3209 1343 3269 ‘vero
1393 3210 1688 3274 ambulare,
1709 3208 1804 3264 est
1828 3207 2076 3263 sibimet-

492 3301 602 3381 ipsi'
644 3310 921 3364 absentem
950 3323 1057 3360 non
1101 3299 1241 3361 esse.
1295 3305 1483 3361 Omnis
1521 3304 1728 3359 etenim
1776 3302 1955 3372 justus
1985 3300 2080 3371 qui

495 3403 661 3456 vitam
691 3415 842 3455 suam
878 3399 1141 3453 sollicitus
1191 3397 1404 3465 aspicit,
1445 3404 1501 3449 et
1522 3395 1806 3466 diligenter
1834 3392 2081 3448 conside-

498 3497 586 3545 rat
627 3484 888 3560 quantum
918 3482 1160 3557 quotidie
1192 3487 1247 3540 in
1272 3486 1430 3541 bonis
1454 3492 1698 3545 crescat,
1727 3493 1823 3538 aut
1853 3483 2082 3537 fortasse

465 3588 753 3648 quantum
780 3594 810 3632 a
839 3577 994 3636 bonis
1025 3577 1334 3642 decrescat,
1367 3576 1490 3640 istc,
1514 3576 1636 3644 quia
1665 3588 1723 3629 se
1753 3583 1878 3629 ante
1900 3590 1957 3629 se
1980 3588 2080 3643 po-

495 3670 609 3734 nit,
633 3664 830 3722 'coram
878 3683 938 3722 se
977 3667 1216 3721 ambulat
1251 3685 1262 3720 :
1297 3665 1492 3736 quippe
1518 3667 1624 3736 .qui
1670 3665 1972 3736 vigilanter.
1996 3663 2082 3717 vi-

494 3759 586 3812 det
633 3767 812 3811 utrum
861 3766 1046 3828 surgat
1089 3773 1156 3811 an
1210 3756 1430 3811 defluat.
1481 3756 1737 3825 Quisquis
1781 3769 1911 3809 vero
1959 3754 2086 3808 vita:

495 3856 607 3901 sum
652 3847 949 3902 custodiam
998 3846 1257 3916 negligit,
1289 3847 1569 3902 discutere
1614 3861 1736 3915 qua:
1777 3845 1920 3916 agit,
1963 3860 2084 3916 quae

498 3940 764 4010 loquitur,
797 3944 915 4008 quze
942 3940 1171 4010 cogitat,
1218 3948 1311 3992 aut
1343 3931 1590 4007 despicit,
1626 3947 1718 3992 aut
1748 3939 1953 4002 nescit,
1994 3937 2087 3991 eo-

497 4048 613 4086 ram
663 4047 721 4086 se
770 4031 872 4086 iste
914 4047 1019 4086 non
1062 4031 1321 4086 ambulat.
1369 4031 1505 4098 Quia
1533 4029 1724 4100 qualis
1771 4029 1842 4086 sit
1880 4029 1933 4083 in
1971 4028 2084 4084 suis

497 4123 738 4179 moribus
784 4124 867 4178 vel
917 4125 1129 4180 actibus
1173 4125 1403 4194 ignorat,
1446 4139 1545 4179 nec
1578 4122 1900 4192 sibimetipsi
1941 4135 2082 4190 pra:-

496 4230 622 4269 scus
642 4224 749 4280 est,
779 4215 872 4283 qui
925 4208 1278 4283 semetipsum
1298 4209 1305 4216 ’
1326 4214 1566 4284 quotidie
1596 4214 1890 4283 exquirere
1919 4221 2083 4282 atque

497 4303 1114 4374 cognoscere-sollicitus
1163 4320 1269 4358 non
1321 4313 1422 4358 est.
1463 4303 1556 4358 llle
1608 4313 1788 4359 autem
1821 4303 2086 4359 veraciter

500 4410 557 4448 se
587 4402 709 4447 ante
737 4407 794 4447 se
819 4394 991 4463 ponit,
1022 4395 1234 4462 sibique
1280 4395 1334 4448 in
1365 4395 1619 4464 praesenti
1665 4403 1765 4461 est,
1817 4394 1911 4464 qui
1938 4409 1996 4449 se
2024 4394 2080 4448 in

2143 3212 2312 3272 Vcasu
2339 3215 2601 3287 gaudere,
2628 3215 2861 3284 impetus
2887 3213 3070 3268 carnis
3099 3220 3204 3268 est.
3258 3212 3330 3266 At
3374 3219 3588 3267 contra
3613 3225 3780 3265 amare

2145 3333 2148 3335 λ
2181 3302 2447 3372 cmlestia,
2479 3315 2826 3361 contemnere
2863 3299 3200 3370 transitoria,
3253 3301 3394 3358 non
3420 3303 3496 3356 ad
3555 3301 3778 3356 fructum

2146 3432 2150 3437 -
2181 3400 2473 3470 voluptatis
2500 3398 2814 3462 transitura,
2840 3397 2934 3452 sed
2957 3397 3024 3451 ad
3051 3410 3206 3451 usum
3255 3393 3628 3450 necessitatis
3655 3407 3782 3463 qum-

2184 3506 2327 3556 rcrc,
2354 3485 2422 3545 de
2453 3483 2658 3545 inimici
2705 3497 2882 3544 morte
2934 3486 3204 3550 tribulari,
3261 3485 3511 3555 impetus
3573 3484 3785 3554 spiritus

2183 3593 2287 3641 est.
2317 3585 2385 3638 Et
2409 3584 2537 3654 quia
2563 3583 2789 3653 ρει-ι’εοιὶ
2817 3582 3020 3652 quique
3047 3581 3114 3635 in‘
3131 3579 3250 3634 istis
3277 3589 3336 3634 se
3360 3593 3604 3647 semper
3630 3576 3782 3632 virtu

2145 3676 2328 3729 'tibus
2377 3681 2666 3738 exercent,=
2705 3680 2851 3728 recte
2882 3686 3027 3726 nunc
3083 3671 3150 3724 de
3195 3669 3402 3724 sanctis
3449 3669 3784 3722 animalibus

2183 3764 2383 3819 dicitur
2411 3780 2424 3816 :
2450 3782 2468 3814 ‹
2503 3762 2601 3818 Ubi
2629 3769 2748 3817 erat
2779 3761 3009 3830 impetus
3030 3759 3273 3829 spiritus,
3299 3759 3430 3814 illuc
3452 3758 3786 3829 gradieban-

2146 3881 2148 3883 ν
2185 3863 2324 3910 tur.»
2347 3855 2454 3910 Sed
2475 3853 2757 3910 sciendum
2783 3853 2938 3909 nobis
2963 3861 3066 3919 est,
3091 3852 3235 3924 quod
3260 3852 3601 3923 plerumque
3629 3853 3786 3920 impe-

2151 3956 2155 3959 ·
2185 3955 2273 4002 tus
2299 3946 2482 4001 carnis
2503 3961 2561 4000 se
2597 3946 2696 4000 sub
2719 3945 2988 3999 velamine
3031 3943 3566 4015 spiritalisimpetus
3587 3942 3784 4013 pallia,

2186 4043 2242 4089 et
2273 4034 2417 4104 quod
2448 4033 2742 4089 carnaliter
2764 4033 2892 4088 facit
2914 4034 3179 4088 mentitur
3213 4033 3316 4088 sibi
3344 4032 3464 4102 ipsa
3495 4033 3781 4104 cogitatio,

2144 4140 2148 4144 '
2185 4126 2310 4196 quia
2333 4126 2436 4180 hoc
2457 4123 2774 4196 spiritaliter
2794 4123 2978 4179 faciat.
3002 4123 3138 4178 Nam
3169 4137 3310 4194 sazpe
3334 4121 3463 4193 quis
3484 4123 3786 4179 iracundi:

2187 4216 2423 4275 stimulis
2447 4217 2642 4280 vietus,
2673 4212 2863 4270 contra
2892 4213 3264 4283 delinquentes
3295 4213 3421 4268 'zelo
3455 4213 3787 4270 ulciscendae

2177 4305 2433 4375 iustitiae,
2465 4305 2749 4374 plusquam
2776 4317 2996 4358 necesse
3021 4311 3108 4358 est
3139 4301 3530 4369 inflammatur,
3561 4313 3626 4358 et
3640 4303 3789 4371 iusti-

2187 4396 2277 4451 tiae
2322 4395 2549 4450 limitem
2597 4395 2651 4449 in
2694 4393 2952 4448 ultionem
2993 4394 3264 4448 transiens
3299 4394 3414 4464 agit
3455 4394 3787 4458 crudeliter,

501 4483 614 4537 suis
671 4483 880 4538 actibus
945 4492 1201 4554 tanquam
1258 4484 1422 4538 alium
1475 4485 1726 4540 attendit.
1779 4484 1916 4540 Nam
1957 4482 2330 4558 sunthuod
2360 4503 2418 4543 se
2445 4503 2607 4558 agere
2631 4485 2779 4556 iuste
2801 4487 3127 4556 suspicatur.
3155 4485 3591 4556 lmpetusigitnr
3610 4487 3790 4542 carnis

502 4560 672 4628 multa
698 4570 920 4643 peccata
958 4581 1085 4644 qua:
1117 4576 1522 4642 committimus,
1573 4575 1668 4632 sed
1696 4577 1901 4632 idcirco
1928 4578 2085 4634 nobis

504 4664 688 4736 gravia
714 4658 819 4719 non
848 4653 1123 4727 videntur.
1172 4666 1297 4735 quia
1337 4667 1550 4736 privato
1603 4682 1702 4722 nos
1751 4683 1936 4723 amore
1963 4669 2086 4724 dili—

502 4765 712 4840 gentes,
767 4756 963 4810 clausis
1007 4758 1160 4811 nobis
1212 4756 1383 4812 oculis
1435 4757 1489 4812 in
1542 4766 1728 4814 nostra
1766 4759 2084 4831 deceptione

501 4847 829 4902 blandimur.
863 4846 1019 4901 Unde
1053 4847 1110 4899 fit
1136 4847 1452 4917 plerumque
1489 4857 1631 4904 utet
1680 4862 1863 4906 nostra
1899 4849 2084 4921 gravia

501 4937 711 5002 leviter,
739 4945 795 4991 et
819 4937 1189 5007 proximorum
1228 4939 1369 4992 mala
1420 4939 1560 4994 levia
1592 4941 1832 5012 graviter
1875 4938 2087 5008 judice-

470 5045 646 5084 mus.
701 5028 974 5099 Scriptum
1025 5031 1222 5100 quippe
1259 5039 1381 5084 est:
1429 5048 1447 5081 ι
1483 5031 1656 5086 Erunt
1703 5032 1950 5087 homines
1995 5047 2085 5087 se-

505 5123 652 5190 ipsos
683 5131 925 5179 amantes
955 5122 1041 5195 (II
1076 5123 1208 5176 Tim.
1253 5117 1358 5191 ut).
1399 5143 1416 5175 ι
1451 5123 1517 5178 Et
1546 5124 1747 5179 scimus
1768 5124 1894 5193 quia
1924 5123 2088 5178 vebc-

507 5220 720 5266 menter
743 5213 942 5267 claudit
960 5213 1175 5268 oculum
1203 5215 1383 5269 cordis
1409 5229 1566 5268 amor
1590 5213 1853 5284 privatus,
1881 5229 1945 5268 ex
1979 5229 2086 5283 quo

508 5300 588 5363 fit,
618 5309 678 5354 ut
701 5301 801 5355 hoc
823 5302 965 5370 quod
990 5319 1089 5358 nos
1129 5303 1356 5374 agimus,
1386 5312 1441 5358 et
1467 5319 1630 5373 grave
1658 5318 1777 5359 csse
1807 5319 1914 5358 non
1942 5303 2087 5358 msti-

509 5391 742 5456 tnemus,
773 5392 1084 5463 plerumque
1111 5405 1304 5466 agatur
1329 5411 1360 5449 a
1387 5396 1635 5466 proximo
1663 5403 1717 5452 et
1749 5396 1910 5452 nimis
1931 5396 2088 5451 nobis

470 5484 472 5486 ’
508 5482 830 5537 detestabile
863 5492 980 5538 csse
1017 5485 1213 5540 videat.
1245 5487 1352 5541 Sed
1397 5501 1568 5556 quare
1604 5486 1725 5552 hoc,
1760 5487 1903 5556 quod
1932 5486 2087 5542 nobis

509 5575 929 5630 vilc’vidcbatur
983 5577 1033 5630 in
1074 5580 1250 5641 nobis,
1274 5593 1436 5650 grave
1484 5578 1696 5634 videtur
1730 5581 1782 5635 in
1818 5581 2086 5651 proximo,

511 5667 616 5725 nisi
655 5667 779 5737 quia
830 5682 928 5722 nec
976 5684 1072 5723 nos
1103 5667 1240 5725 sicut
1277 5671 1609 5742 proximum,
1657 5687 1754 5728 nec
1784 5673 2086 5744 proximum

1907 5785 1912 5792 ι
1921 5805 1972 5828 νυ

2145 4605 2151 4615 ·
2193 4581 2354 4650 huius
2378 4580 2478 4634 sub
2504 4575 2683 4648 specie
2716 4578 2940 4647 spiritus
2967 4577 3175 4632 velatus
3206 4585 3309 4642 est,
3341 4576 3569 4647 quando
3597 4588 3658 4634 et
3689 4577 3787 4631 hoc

2190 4671 2336 4740 quod
2359 4669 2598 4724 creditur
2616 4668 2702 4739 agi
2719 4667 2884 4736 juste,
2910 4669 3011 4723 sub
3033 4668 3378 4724 discretionis
3402 4668 3785 4725 moderamine

2191 4777 2298 4816 non
2323 4769 2554 4816 tenetur.
2574 4761 2638 4814 Et
2650 4774 2792 4830 saepe
2804 4760 2942 4816 alius
2955 4761 3133 4816 nimiae
3145 4758 3546 4816 manSuetudini
3561 4764 3784 4819 studui:

2147 4876 2150 4879 ·
2191 4851 2559 4920 subiectorum
2575 4851 2705 4905 vitia
2728 4848 2940 4921 aSpicit,
2957 4859 3120 4921 atque
3141 4852 3258 4906 inec
3275 4851 3670 4922 perfcrvorem
3692 4853 3784 4910 zeli

2189 4943 2465 5014 corrigere
2501 4950 2750 5006 recusat,
2775 4943 2922 5011 quod
2959 4942 3012 4996 iu
3039 4942 3120 4998 eis
3153 4943 3448 4999 crudeliter
3463 4957 3592 5000 'non
3626 4945 3787 5001 corri-

2189 5033 2366 5104 gendo
2389 5032 2745 5101 multiplicat,
2775 5031 2941 5102 ﬁtque
2969 5042 3030 5088 ut
3054 5034 3174 5104 ejus
3195 5033 3384 5090 levitas
3404 5044 3463 5089 et
3497 5035 3612 5091 sibi
3644 5038 3717 5091 sit
3735 5046 3785 5090 et

2151 5159 2153 5162 ‹
2189 5122 2448 5192 subjectis
2486 5123 2739 5188 inimica,
2784 5123 2927 5193 quod
2965 5131 3237 5194 torporem
3277 5127 3477 5180 mentis
3505 5141 3626 5180 sua:
3658 5127 3782 5196 quia

2189 5214 2504 5283 patientiam
2540 5213 2794 5284 deputat,
2830 5227 2928 5282 per
2962 5215 3142 5270 carnis
3180 5215 3438 5283 impetum
3470 5215 3543 5269 ab
3574 5217 3782 5286 impetu

2190 5303 2413 5373 spiritus
2441 5302 2678 5374 elongat.
2717 5303 2898 5358 Prima
2929 5319 3060 5374 ergo
3099 5321 3199 5360 nos
3225 5305 3484 5376 cogitatio
3503 5304 3574 5360 in
3602 5305 3760 5377 τεηπί

2190 5393 2386 5450 sitione
2433 5395 2606 5450 nostri
2648 5395 2830 5450 cordis
2869 5395 3031 5451 debet
3075 5399 3478 5462 excutere,'ne
3525 5398 3598 5453 ad
3647 5412 3786 5469 qua-

2189 5485 2316 5541 dam
2361 5501 2481 5556 qum
2507 5486 2718 5556 agimus
2746 5501 2846 5555 per
2886 5495 3137 5556 apertum
3166 5489 3347 5544 carnis
3395 5488 3670 5558 impetum
3697 5490 3781 5545 du-

2192 5594 2407 5645 camur,
2440 5595 2508 5634 ne
2537 5580 2719 5649 pravis
2766 5581 3216 5637 delectationibus
3267 5582 3482 5636 animus
3520 5581 3781 5637 seducta

2197 5671 2335 5730 mala
2365 5688 2486 5730 esse
2511 5679 2819 5745 cognoscat,
2853 5681 2908 5729 et
2937 5681 3114 5731 tamen
3146 5673 3330 5732 faciat.
3366 5673 3624 5733 Secunda
3656 5692 3781 5735 vero
