3938 6360
478 430 583 487 523

475 545 743 606 teﬂectus,
779 542 1021 599 sanctus,
1060 530 1274 593 unicus,
1321 520 1630 592 multiplex,
1682 512 1917 577 subtilis,
1947 524 2066 564 mo—

475 556 743 606 tenectus,
779 556 1021 599 auctus,
1060 556 1274 593 mrtuus,
1322 556 1630 592 ωυιιιγιυι,
1684 556 1917 577 sum..."
1948 556 2030 564 ...ν
2093 556 2148 572 ,-
2186 556 2191 558 .
2654 556 2657 559 ν

638 650 662 686 ι
690 625 940 700 Etpaulo
958 632 1103 697 pOSt,
1134 640 1154 673 ι
1171 620 1466 682 humanus,
1487 610 1715 669 stabilis.
1738 628 1757 660 ι
1785 606 1843 660 In
1858 602 2061 674 quibus
2165 590 2469 700 tius‘red‘it.

476 726 693 785 rursum
944 722 1142 789 magna
1180 707 1599 779 .nobis‘qutestio
1619 704 1813 767 oritur,
1834 714 1937 756 cur
1961 697 2066 751 iste

477 818 722 892 spiritus;
751 813 845 885 qui
869 786 1063 881 implet
1082 806 1288 870 oumia,
1312 799 1482 859 simul
1522 794 1739 853 mobilis
1772 799 1831 845 et
1856 786 2068 845 stabilis

481 886 732 974 dicatur;
760 904 863 961 sed
901 902 947 958 si
975 900 1043 956 ad
1066 912 1229 959 usum
1257 888 1664 951 consuetudinis
1706 886 1958 941 humana:
1982 894 2070 934 re-

482 1002 772 1066 currimus,
804 1009 1025 1053 sensum
1048 991 1210 1048 citius
1236 985 1509 1058 loquentis
1536 980 1861 1037 invenimus.
1896 973 2073 1029 Homo

484 1093 704 1163 quippe,
736 1087 830 1159 qui
856 1087 912 1141 in
938 1100 1005 1140 ea
1045 1081 1264 1153 regione
1314 1078 1369 1133 in
1396 1090 1503 1146 qua
1524 1082 1610 1129 est
1630 1071 1833 1140 ubique
1875 1067 2077 1123 discur-

487 1156 798 1255 rit,-
819 1179 981 1235 dubio
1005 1176 1206 1245 ubique
1223 1173 1441 1229 obviam
1461 1169 1610 1224 venit
1628 1174 1685 1223 et
1712 1170 1957 1233 repente,
1983 1156 2078 1213 ubi

490 1251 628 1333 non-
653 1273 912 1337 creditur,
942 1268 1235 1324 invenitur.
1284 1262 1639 1331 Omnipotens
1665 1271 1794 1328 ergo
1810 1251 2077 1322 Spiritus,

488 1378 548 1425 ut
589 1368 787 1437 ubique
829 1360 1119 1434 praesentia
1144 1358 1473 1428 signaretur,
1504 1348 1664 1407 simul
1686 1355 1749 1403 et
1768 1342 1989 1400 mobilis
2027 1345 2083 1395 et

489 1430 719 1515 stabilis
750 1430 969 1511 dicitur.
1008 1448 1253 1514 Stabilis,
1302 1445 1429 1515 quia
1457 1456 1556 1514 per
1606 1447 1861 1494 naturam
1899 1430 2085 1487 omnia

488 1552 750 1607 continet.
798 1545 1010 1602 Mobiiis
1041 1552 1224 1598 autem
1256 1539 1477 1602 dicitur,
1516 1534 1642 1604 quia
1662 1531 1869 1600 ubique
1920 1526 2086 1581 etiam

491 1641 854 1697 nescientibus
905 1634 1166 1692 occurrit.
1217 1631 1432 1687 Tenetis
1476 1640 1605 1698 ergo
1641 1623 1823 1679 omnia
1853 1615 2084 1681 stabilis,

491 1742 811 1806 pricsentem
838 1747 899 1787 se
921 1728 1173 1785 omnibus
1218 1723 1483 1779 exhibens
1518 1716 1732 1773 mobilis
1761 1711 2084 1784 appellatur.

495 1802 759 1897 Splendor
786 1837 917 1893 ergo
937 1820 1101 1891 ignis,
1129 1815 1405 1883 etdeignc
1428 1811 1608 1881 fulgur
1635 1806 1921 1878 egrediens
1945 1802 2088 1856 inter

492 1891 728 1987 pennata
756 1891 1014 1967 animalia
1045 1907 1320 1971 discurrit,
1346 1903 1472 1975 quia
1512 1900 1749 1972 Spiritus
1771 1902 1991 1952 sanctus
2020 1891 2093 1947 si-

497 1982 607 2061 inul
654 2002 886 2075 singulis
912 2008 1075 2070 atque
1120 1996 1379 2057 omnibus
1404 1999 1606 2065 prmsto
1642 1988 1726 2055 fit,
1771 1993 1827 2042 et
1850 1982 2095 2040 incendit

498 2112 635 2169 quos
666 2094 924 2165 tetigerit.
973 2090 1249 2147 llluminat
1273 2101 1408 2158 quos
1447 2083 1710 2147 incendit,
1754 2087 1814 2134 ut
1847 2085 1974 2148 post
1998 2075 2094 2129 fri-

499 2204 598 2261 gus
624 2184 913 2258 pristinum
955 2182 1168 2238 accensi
1193 2180 1442 2243 ardeant,
1472 2184 1526 2231 et
1547 2190 1646 2245 per
1670 2174 1853 2243 ignem
1895 2166 2096 2223 amoris

498 2258 657 2350 quem
689 2276 993 2348 acceperint
1012 2275 1258 2329 ﬂammas
1284 2269 1657 2340 exemplorum
1685 2264 1934 2320 reddant.
1966 2258 2095 2314 Ful-

500 2385 600 2441 gur
621 2368 820 2439 quippe
841 2367 908 2421 de
936 2366 1040 2421 hoc
1070 2365 1194 2434 igne
1220 2361 1506 2432 egrediens
1534 2364 1811 2427 torpentes
1837 2350 2097 2424 percutit,

502 2474 705 2529 eosque
750 2456 1103 2528 percutiendo
1149 2455 1349 2510 excitat
1396 2460 1454 2507 et
1487 2449 1818 2512 inﬂammat,
1871 2453 1932 2499 ut
1977 2450 2101 2513 post

502 2567 749 2609 amorem
789 2551 935 2605 illius
978 2549 1229 2604 ardentes
1252 2546 1459 2618 pariter
1486 2551 1542 2598 et
1568 2542 1811 2596 lucentes
1856 2542 2097 2592 currant;

512 2645 662 2701 unde
711 2643 846 2697 alias
899 2641 1162 2711 scriptum
1201 2646 1320 2695 est:
1379 2656 1399 2690 ι
1437 2636 1688 2692 Thronus
1727 2633 1844 2703 ejus
1884 2629 2103 2684 ﬂamma

510 2735 669 2806 ignis,
699 2740 831 2788 rotae
856 2731 975 2801 ejus
994 2731 1135 2803 ignis
1157 2744 1417 2785 accensus
1444 2727 1607 2801 (Dan.
1633 2727 1759 2793 vn).
1797 2741 1815 2774 ι
1855 2719 1920 2774 ili
1956 2719 2104 2772 enim

508 2826 601 2899 qui
657 2825 961 2881 animarum
1017 2823 1269 2878 custodes
1322 2828 1477 2884 sunt,
1529 2826 1584 2873 et
1618 2813 1877 2888 pascendi
1928 2810 2106 2883 gregis

509 2934 679 2975 onera
704 2924 1084 2988 susceperunt,
1122 2923 1333 2969 mutare
1374 2914 1492 2968 loca
1523 2911 1744 2966 minime
1780 2906 2107 2979 permittun-

510 3018 618 3066 tur.
648 3008 757 3065 Sed
781 3009 909 3080 quia
932 3023 1040 3063 uno
1068 3008 1122 3061 in
1145 3006 1262 3060 loco
1290 3005 1451 3075 positi
1479 3000 1787 3057 divinitatis
1814 2999 1869 3052 in
1891 3011 1949 3051 se
1968 3008 2107 3065 prae-

510 3099 739 3156 sentiam
754 3105 985 3169 ,portant
1010 3105 1065 3157 et
1089 3097 1303 3162 ardent,
1337 3095 1565 3150 thronus
1593 3091 1690 3147 Dei
1719 3088 1936 3144 ﬂamma
1965 3086 2110 3155 ignis

512 3194 729 3248 dicitur.
751 3191 822 3246 lli
842 3200 1048 3256 autem,
1079 3190 1171 3259 qui
1197 3196 1382 3244 amore
1404 3186 1618 3242 Domini
1648 3185 1704 3239 in
1724 3179 2111 3252 prmdicatione

514 3283 868 3347 discurrunt,
916 3289 1052 3337 rotae
1096 3279 1217 3348 ejus
1262 3280 1404 3351 ignis
1453 3277 1706 3333 ardentes
1747 3281 1873 3330 sunt
1910 3290 1923 3327 :
1981 3269 2111 3342 quia

516 3388 639 3439 cum
686 3387 755 3429 ex
794 3370 912 3440 ejus
948 3372 1219 3427 desiderio
1269 3386 1368 3441 per
1405 3370 1556 3424 varia
1605 3368 1724 3422 loca
1773 3366 2110 3429 discurrunt,

519 3464 661 3519 unde
699 3463 802 3532 ipsi
829 3463 1022 3518 ardent
1070 3471 1127 3517 et
1171 3462 1306 3517 alios
1340 3461 1666 3517 accendunt.
1714 3458 1899 3513 Potest
1926 3464 2111 3510 tamen

520 3557 795 3613 discursus
822 3565 982 3625 atque
1026 3554 1297 3610 mobilitas
1336 3554 1559 3625 spiritus
1585 3549 1933 3621 requisitions
1971 3548 2111 3602 alte-

522 3650 635 3704 rius
662 3649 1117 3705 eonsiderationis
1143 3647 1404 3719 intelligi,
1446 3646 1500 3701 in
1549 3650 1859 3701 sanctorum
1910 3642 2113 3712 quippe

522 3741 776 3796 cordibus
826 3738 981 3809 juxta
1034 3740 1295 3809 quasdam
1350 3738 1580 3793 virtutes
1633 3750 1846 3805 semper
1893 3741 2107 3787 manet:

522 3832 684 3888 Juxta
707 3833 968 3904 quasdam
987 3847 1117 3888 vero
1137 3845 1451 3887 recessurus
1470 3828 1637 3894 venit,
1670 3836 1726 3883 et
1744 3834 2004 3883 venturus
2029 3838 2115 3878 re-

523 3926 686 3981 cedit.
738 3924 797 3980 In
843 3924 951 3981 ﬁde
977 3924 1177 3980 etenim
1207 3938 1302 3994 spe
1328 3930 1384 3977 et
1431 3922 1717 3985 charitate,
1759 3929 1813 3974 et
1856 3919 1908 3972 in
1955 3916 2115 3972 bonis

522 4018 666 4085 aliis,
698 4018 815 4075 sine
862 4018 1057 4089 quibus
1095 4018 1163 4072 ad
1197 4016 1472 4072 caelestem
1514 4014 1748 4084 patriam
1784 4027 1891 4066 non
1935 4012 2118 4080 potest

522 4111 816 4181 perveniri,
870 4110 1011 4166 sicut
1048 4109 1343 4175 humilitas,
1398 4107 1651 4171 castitas,
1689 4104 1902 4174 iustitia
1950 4111 2113 4171 atque

522 4202 929 4267 misericordia,
980 4201 1345 4271 perfectorum
1407 4199 1572 4254 corda
1622 4211 1728 4251 non
1779 4193 1999 4249 deserit.
2053 4190 2114 4244 In

522 4293 820 4363 prophetia:
845 4306 975 4346 vero
998 4292 1217 4355 virtute,
1266 4290 1528 4344 doctrinae
1576 4287 1851 4350 facundia,
1880 4285 2118 4338 miracu-

526 4383 703 4438 lorum
726 4382 1058 4438 exhibitione
1082 4382 1269 4436 electis
1309 4381 1420 4435 suis
1461 4378 1749 4449 aliquando
1777 4377 1931 4431 adest
1955 4417 1969 4443 ,
2020 4375 2120 4429 ali-

529 4471 745 4540 quando
773 4486 833 4527 se
852 4471 1122 4526 subtrahit
1145 4489 1157 4524 :
1176 4472 1328 4525 adest
1348 4479 1409 4523 ut
1427 4470 1723 4534 eleventur,
1740 4477 1795 4523 et
1822 4469 1888 4523 ad
1916 4474 2115 4521 semct-

530 4566 709 4637 ipsum
776 4564 1080 4629 subtrahit,
1140 4571 1199 4616 ut
1254 4561 1649 4616 humilientur:
1711 4562 1863 4615 adeSt
1915 4569 1976 4612 ut
2025 4574 2119 4614 eos

530 4649 748 4716 ostensa
794 4658 995 4714 virtute
1060 4655 1358 4727 gloriﬁcet;
1413 4655 1616 4711 recedit
1683 4661 1743 4709 ut
1797 4654 2118 4723 semctipsos

531 4750 809 4809 subtracta
840 4748 961 4819 ejus
995 4750 1200 4805 virtute
1249 4755 1602 4820 cognoscant,
1650 4748 1801 4803 adest
1844 4754 1901 4801 ut
1936 4755 2121 4801 osten-

530 4842 624 4901 dat
649 4842 779 4914 quid
817 4855 915 4912 per
940 4841 1115 4912 ipsum
1144 4841 1277 4908 sint,
1324 4842 1529 4898 recedit
1571 4850 1631 4896 ut
1656 4839 1949 4911 patefaciat
1972 4880 1987 4904 ,
2027 4836 2122 4908 qui

531 4933 615 4988 vel
645 4932 834 5005 quales
872 4938 1187 4989 remaneant
1209 4933 1326 4989 sine
1353 4935 1492 5003 ipso.
1544 4933 1605 4987 In
1653 4934 1737 4988 his
1784 4933 1966 5002 itaque
2013 4930 2124 4985 vir-

534 5024 737 5099 tutibus
780 5023 900 5081 sine
930 5024 1131 5098 quibus
1175 5024 1244 5080 ad
1284 5025 1452 5080 vitam
1501 5023 1725 5081 minime
1782 5023 2122 5094 pervenitur,

535 5113 1019 5186 sanctusSpiritus
1047 5115 1103 5170 in
1143 5114 1441 5170 electorum
1476 5129 1699 5170 suorum
1720 5114 1972 5169 cordibus
1997 5129 2124 5185 per-

537 5214 740 5263 manet.
768 5208 829 5264 in
855 5209 940 5265 bis
968 5223 1102 5264 vero
1128 5221 1229 5279 per
1256 5223 1393 5278 quas
1420 5206 1724 5264 sanctitatis
1746 5206 1917 5262 virtus
1942 5216 2123 5261 osten-

536 5298 705 5362 ditur,
748 5296 1035 5368 aliquando
1067 5298 1495 5353 misericorditer
1538 5304 1736 5368 praesto
1763 5298 1885 5361 est,
1932 5304 1986 5350 et
2025 5295 2124 5349 ali-

538 5389 756 5460 quando
803 5391 1230 5458 misericorditer
1269 5389 1493 5448 recedit.
1545 5390 1866 5444 Discurrens
1895 5402 2025 5456 ergo
2069 5392 2127 5443 et

539 5479 758 5541 mobilis
789 5482 1011 5549 spiritus
1040 5481 1257 5549 dicitur,
1300 5482 1429 5551 quia
1457 5482 1514 5535 in
1538 5481 1707 5553 signis
1751 5489 1913 5550 atque
1949 5479 2121 5534 virtu-

539 5568 686 5625 tibus
715 5568 873 5638 juxta
903 5571 1323 5643 uniuscujusque
1368 5579 1550 5627 votum
1597 5572 1850 5627 continue
1895 5586 1998 5626 non
2026 5573 2122 5626 ha-

538 5661 719 5720 betur.
764 5659 908 5716 Bene
923 5663 1298 5727 sauteminter
1323 5669 1511 5718 sancta
1539 5661 1797 5717 animalia
1819 5661 2125 5717 discurrere

539 5752 875 5823 perhibemr.
924 5751 1209 5821 Discursus
1242 5754 1441 5824 quippe
1483 5754 1553 5811 ad
1594 5752 1926 5809 celeritatem
1954 5750 2126 5824 perti-

544 5854 657 5906 net.
701 5847 848 5904 lnter
888 5844 1158 5918 perfectos
1214 5854 1391 5901 autem
1431 5847 1688 5905 discurrit
1726 5846 1969 5919 spiritqu
2000 5847 2124 5918 quia

1147 412 1209 470 Β.
1248 405 1499 469 RABANI
1536 400 1759 459 MAURI
1795 388 2112 451 ARCHlEP.
2152 379 2461 442 MOGUNT.
2494 370 2784 434 OPERUM
2812 364 2995 425 PARS
3029 360 3093 420 ιι.

2172 706 2189 738 ι
2227 685 2480 740 tebantur
2508 676 2567 733 in
2587 638 3016 730 similitudinem
3064 638 3309 729 fulguris
3341 648 3726 740 coruscantis.
3760 665 3778 697 ι

2170 772 2440 850 (Ηὶετοη.)
2490 767 2893 838 Quidamvero
2919 773 2989 815 ne
3014 760 3206 812 contra
3236 737 3458 821 priores
3484 741 3637 797 duas
3672 753 3784 793 sen-

2172 833 2371 926 tentias
2400 833 2665 936 propheta
2708 833 2890 912 dicere
2921 849 3217 925 videretur,
3256 842 3361 895 hoc
3386 833 3549 906 quod
3596 838 3784 901 putant

2173 978 2290 1019 esse
2315 932 2744 1019 contrarium,id
2763 954 2848 1005 est
2870 964 2889 998 ι
2915 951 2972 1001 et
3004 937 3258 997 animalia
3273 932 3613 993 currebant,
3626 935 3684 980 et
3704 940 3782 980 re-

2174 1038 2545 1119 vertebantur,
2556 1067 2576 1100 ι
2597 1028 2864 1103 silendum
2880 1038 3232 1110 putaverunt.
3247 1044 3316 1084 ne
3330 1023 3547 1097 legenti
3565 1020 3786 1076 scanda-

2177 1148 2288 1204 lum
2308 1117 2532 1200 faceret.
2572 1138 2766 1195 uenus
2786 1142 2872 1191 est
2890 1139 3075 1187 autem
3103 1128 3160 1183 in
3184 1122 3385 1196 divinis
3408 1117 3587 1173 ιίιη-ιε
3624 1126 3785 1168 trans-

2179 1242 2342 1305 ferre,
2366 1236 2513 1307 quod
2539 1234 2745 1288 dictum
2767 1236 2876 1294 est,
2911 1225 3040 1280 licet
3061 1236 3170 1277 non
3203 1215 3491 1307 intelligas
3718 1207 3787 1260 di-

2181 1299 2339 1386 ctum.
2362 1299 2457 1392 sit,
2508 1336 2673 1394 quam
2716 1316 2935 1374 auferre
2962 1310 3108 1384 quod
3162 1307 3393 1364 nescias.
3448 1299 3717 1370 Alioquin
3741 1305 3786 1351 et

2184 1418 2353 1475 multa
2376 1416 2509 1481 alia,
2526 1392 2658 1485 quae
2686 1407 2979 1466 ineﬂ‘abilia
3007 1409 3156 1469 sunt,
3192 1407 3248 1455 et
3272 1400 3567 1453 humanus
3590 1392 3786 1446 animm

2184 1530 2294 1571 non
2332 1517 2531 1582 potest,
2554 1509 2663 1563 hac
2690 1503 2915 1561 licentia
2954 1498 3294 1575 deiebuntur.
3342 1489 3464 1546 Nos
3490 1494 3682 1542 autem
3706 1485 3787 1538 hoc

2189 1576 2438 1671 dicimus,
2474 1602 2619 1673 quod
2642 1594 2915 1669 quomodo
2942 1593 3002 1647 in
3029 1584 3342 1646 Proverbiis
3369 1583 3429 1637 iu
3459 1579 3671 1635 eodem
3694 1576 3788 1673 loco

2189 1665 2450 1769 scriptum
2476 1665 2600 1749 est:
2634 1665 2759 1745 t-Ne
2778 1683 3110 1757 respondeas
3132 1677 3299 1736 stulto
3320 1670 3649 1730 secundum
3677 1665 3789 1722 stal-

2193 1762 2368 1846 titiam
2396 1803 2569 1853 suam,
2625 1780 2912 1839 nesimilis
2954 1777 3005 1832 ci
3050 1771 3380 1847 ﬂas_(Prou.
3440 1762 3637 1833 xxvi),
3684 1781 3700 1811 ι
3744 1766 3789 1809 (ι

2120 1883 2170 1945 Β
2196 1895 2412 1937 rursum
2448 1876 2689 1949 ponitur,
2740 1871 2883 1947 quod
2920 1866 3081 1923 nobis
3131 1862 3347 1918 videtur
3400 1869 3541 1911 esse
3592 1860 3789 1907 contra-

2194 1974 2373 2029 rium:
2398 1988 2417 2020 ι
2444 1944 2735 2036 itesponde
2766 1944 2928 2017 stulto
2962 1953 3258 2023 secundum
3295 1944 3609 2005 stultitiam
3640 1955 3787 2000 suam,

2198 2079 2269 2121 ne
2319 2063 2422 2119 sibi
2451 2060 2670 2129 sapiens
2702 2069 2825 2110 esse
2862 2051 3114 2106 videatur
3135 2066 3155 2098 ι
3182 2039 3410 2115 (Ibid.);
3433 2046 3503 2092 et
3525 2044 3792 2100 utrunque

2196 2173 2296 2229 pro
2341 2126 2643 2223 teniporum
2674 2157 2731 2202 et
2751 2154 3108 2221 personarum
3140 2133 3465 2192 diversitate
3489 2126 3789 2185 emnconbt,

2199 2217 2327 2304 dum
2350 2254 2409 2302 et
2430 2217 2627 2300 stultus
2658 2217 3049 2299 contemnitur,
3074 2228 3200 2299 quia
3229 2241 3337 2280 non
3362 2220 3579 2291 recipit
3608 2217 3789 2285 sapien-

2203 2341 2357 2404 tiam,
2393 2343 2448 2390 et
2478 2333 2645 2389 stulta
2665 2310 2920 2398 superbia
2961 2322 3066 2377 alia
3090 2317 3369 2383 decutitur
3393 2311 3670 2373 stultitia,
3688 2306 3790 2375 jux-

2203 2441 2259 2487 ta
2308 2429 2452 2501 quod
2474 2437 2531 2483 et
2566 2420 2855 2494 Apostolus
2884 2415 3053 2483 dicit;
3087 2432 3107 2465 ι
3135 2411 3338 2468 Factus
3369 2422 3501 2471 sum
3532 2404 3792 2474 insipiens

2201 2542 2299 2582 vos
2322 2494 2411 2579 me
2434 2514 2787 2590 coegistis(II
2817 2511 2943 2568 Cor.
2971 2508 3105 2580 xu);
3129 2527 3148 2559 ι
3168 2506 3243 2560 ita
3264 2514 3324 2559 et
3348 2502 3405 2557 in
3438 2502 3558 2556 hoc
3591 2498 3704 2552 loco
3722 2494 3796 2549 de-

2204 2619 2333 2673 bere
2366 2628 2468 2669 nos
2495 2586 2762 2682 quaerere,
2791 2618 2961 2676 quare
2988 2613 3153 2669 supra
3201 2593 3448 2655 secundo
3479 2591 3694 2647 dictum
3724 2586 3793 2648 sit,

2211 2727 2230 2760 ι
2255 2722 2361 2761 ιιοιι
2375 2703 2789 2760 revertebantur
2801 2692 3056 2751 animalia
3069 2703 3191 2746 cum
3206 2685 3565 2745 incederent,
3578 2702 3597 2733 ι
3616 2690 3670 2735 et
3680 2692 3797 2732 nunc

2207 2797 2397 2863 semel,
2426 2816 2444 2847 ‹
2462 2792 2712 2850 animalia
2730 2786 3094 2845 currebantet
3119 2778 3575 2839 revertebantur,
3600 2793 3618 2824 ι
3650 2778 3794 2826 esset-

2209 2910 2314 2967 que
2338 2890 2587 2963 qutestio,
2619 2886 2721 2942 nisi
2753 2886 3093 2952 sequeretur,
3130 2894 3148 2927 ι
3178 2874 3236 2927 in
3256 2867 3695 2927 similitudinem
3720 2860 3797 2916 tul-

2211 2956 2738 3059 goris-coruscantis,
2763 2996 2780 3026 ι
2802 2971 2946 3043 quod
2967 2956 3798 3027 bebraicosermonediciturhe-

2214 3044 2327 3141 ἔθα,
2363 3079 2419 3129 et
2442 3073 2833 3141 interpretatus
2872 3069 2960 3117 est
2989 3055 3373 3130 Symmachus,
3402 3049 3575 3120 quasi
3618 3044 3797 3114 species

2214 3167 2351 3223 radii
2380 3162 2624 3235 fulgoris.
2656 3156 2935 3226 Quomodo
2962 3152 3126 3223 igitur
3148 3146 3363 3205 crebris
3406 3144 3590 3198 micat
3614 3140 3800 3211 ignium

2137 3249 2183 3313 C
2213 3260 2402 3323 aether,
2439 3234 2496 3311 et
2522 3255 2576 3309 in
2622 3252 2735 3306 ictu
2775 3245 2918 3304 oculi
2961 3253 3123 3313 atque
3167 3243 3449 3295 montento
3505 3234 3801 3288 discum

2212 3351 2423 3423 fulgora
2447 3356 2502 3403 et
2530 3349 2898 3404 revertuntur,
2930 3350 3040 3391 non
3084 3329 3391 3388 amittentia
3420 3326 3737 3387 matricem,
3760 3327 3801 3374 et

2213 3452 2271 3502 ut
2296 3418 2372 3497 ita
2410 3441 2611 3503 dicam,
2654 3435 2856 3491 fontem
2885 3429 3026 3501 ignis
3053 3436 3215 3496 atque
3254 3421 3559 3476 materiam
3602 3437 3618 3472 :
3666 3418 3733 3471 ita
3762 3426 3805 3468 et

2212 3539 2329 3593 haec
2354 3531 2604 3588 animalia
2651 3542 2776 3584 cum
2802 3521 3064 3579 inoﬂ'enso
3086 3522 3314 3589 pergant
3338 3513 3510 3583 pede,
3546 3512 3623 3565 ad
3648 3509 3799 3580 priora

2212 3627 2495 3684 festinant.
2554 3621 2612 3677 Si
2640 3628 2822 3676 autem
2848 3614 3067 3671 conatui
3096 3624 3193 3666 suo
3224 3604 3430 3677 aliquid
3465 3604 3715 3658 obsitum
3737 3599 3801 3650 rio

2215 3721 2415 3782 derint,
2444 3731 2552 3771 non
2580 3724 2688 3769 tam
2714 3716 3078 3773 revertuntur,
3134 3717 3298 3774 quam
3320 3708 3529 3755 contra
3580 3699 3724 3752 hunc
3756 3706 3804 3745 se

2216 3808 2556 3867 extendenda
2587 3817 2804 3860 rursum
2846 3809 2903 3856 et
2937 3798 3233 3870 pmbitura
3269 3794 3484 3854 lumen,
3538 3789 3691 3859 quod
3732 3800 3805 3855 pa-

2218 3917 2438 3973 rumper
2489 3898 2908 3959 absconderant,
2956 3902 3019 3948 ut
3060 3891 3189 3945 dent
3244 3886 3422 3941 servis
3476 3882 3718 3942 cibaria,
3763 3880 3801 3929 is

2219 4005 2458 4063 tempore
2504 4004 2624 4054 suo,
2673 4001 2775 4041 nec
2820 3985 3062 4040 tribuant
3107 3985 3356 4035 sanctum
3393 3974 3683 4035 canibus,
3724 3983 3805 4022 nec

2218 4061 2438 4141 mittant
2490 4080 2815 4152 margaritas
2863 4084 2988 4131 ante
3032 4086 3230 4143 porcos
3259 4067 3415 4140 (Luc.
3477 4080 3604 4129 xu;
3639 4061 3802 4117 llth

2219 4178 2340 4248 vn).
2373 4175 2524 4231 Unde
2546 4180 2602 4227 et
2622 4150 2825 4226 Paulus
2853 4166 3023 4221 dicit:
3062 4182 3079 4214 ι
3112 4162 3224 4216 Lac
3254 4157 3409 4215 vobis
3454 4164 3665 4225 potum
3688 4150 3804 4211 dedi,

2220 4284 2331 4326 non
2373 4280 2585 4329 escam,
2636 4261 2867 4317 necdum
2920 4257 3067 4311 cnim
3094 4265 3287 4323 capere
3314 4248 3601 4320 poteratis
3628 4244 3679 4315 υ
3704 4241 3805 4296 Cor.

2222 4360 2326 4433 ιιι).
2362 4379 2379 4411 ι
2408 4356 2721 4423 Electioque
2761 4350 2913 4406 Judze
2934 4355 2990 4404 et
3015 4345 3193 4402 Saulis
3220 4343 3405 4399 unctio
3448 4354 3570 4393 non
3603 4340 3808 4407 arguunt

2222 4431 2392 4505 Deum
2424 4445 2746 4518 ignorantiae
2783 4442 3110 4502 futurorum,
3150 4436 3248 4492 sed
3272 4431 3647 4504 prmsentium
3684 4441 3807 4482 mar

2223 4549 2399 4598 strant
2441 4517 2563 4595 esse
2584 4536 2847 4604 judicent,
2888 4530 3043 4588 Unde
3091 4536 3147 4583 et
3199 4523 3461 4595 apostolis
3508 4517 3810 4589 pmipitur

2226 4632 2440 4705 (Matth.
2469 4630 2549 4702 χ),
2589 4636 2649 4683 ut
2672 4628 2721 4683 si
2764 4624 3041 4692 indignam
3084 4619 3303 4675 domum
3344 4613 3811 4678 salutatioueper-

2226 4696 2531 4794 spexerint,
2561 4718 2841 4775 excutiant
2865 4715 3019 4785 prius
3045 4710 3212 4783 pedes
3235 4748 3251 4774 ,
3295 4712 3353 4761 et
3374 4719 3483 4774 pax
3511 4716 3695 4772 quam
3732 4696 3812 4751 do.

2227 4793 2342 4870 niui
2366 4812 2628 4869 dederant
2655 4814 2959 4864 revertetur
3002 4804 3070 4859 ad
3108 4817 3222 4861 eos.
3252 4795 3459 4873 (Greg.)
3488 4793 3645 4850 Cum
3676 4804 3809 4858 sup:-

2229 4908 2346 4962 rius
2394 4906 2597 4961 dictum
2625 4912 2729 4968 est,
2766 4920 2786 4954 ι
2832 4915 2938 4955 non
2976 4896 3386 4953 revertebantur
3409 4904 3543 4945 cum
3591 4882 3810 4941 ambul:-

2235 5006 2377 5064 rent,
2410 5016 2428 5048 ι
2468 5011 2573 5067 qua
2600 4995 2814 5051 ratione
2834 5007 2981 5051 nunc
3000 4990 3238 5045 dicitur:
3268 4981 3578 5042 tAnimalia
3604 4980 3752 5036 ibant
3770 4984 3813 5027 rt

2228 5087 2661 5151 revertebantur,
2692 5105 2712 5138 ι
2736 5082 2893 5139 valde
2912 5081 3016 5141 sibi
3037 5081 3156 5135 haec
3175 5076 3430 5140 videntur
3450 5084 3581 5137 esse
3614 5080 3813 5129 cunm-

2228 5179 2333 5233 ria.
2354 5177 2490 5245 Quia
2521 5195 2540 5228 ι
2562 5176 2734 5241 ibant,
2759 5182 2815 5228 et
2831 5186 2942 5228 non
2963 5168 3396 5229 revertebantur,
3418 5182 3441 5216 ι
3465 5170 3523 5218 et
3555 5181 3580 5215 ς
3610 5163 3813 5217 ibantet

2231 5269 2660 5325 revertebantur.
2694 5285 2714 5319 ι
2739 5264 2847 5322 Sed
2874 5262 3107 5334 qualiter
3126 5256 3533 5329 intelligendum
3548 5255 3656 5319 sit,
3676 5251 3813 5307 citius

2232 5362 2597 5436 agnoscimus,
2644 5362 2693 5417 si
2719 5360 2856 5415 duas
2883 5357 3043 5422 vitas;
3090 5348 3323 5410 activam
3361 5348 3575 5403 scilicet
3614 5355 3676 5407 et
3698 5354 3812 5397 cult-

2231 5430 2602 5526 templativam
2633 5452 2865 5510 sollicite
2907 5444 3299 5509 ducet-namus.
3344 5440 3405 5498 In
3422 5452 3535 5496 una
3554 5441 3715 5495 unm
3736 5430 3813 5488 ιιι

2229 5560 2553 5617 permanere
2603 5552 2910 5617 possumus.
2976 5540 3038 5596 In
3093 5539 3264 5594 altera
3330 5538 3510 5590 autem
3556 5532 3813 5586 tum

2235 5612 2470 5694 mentem
2502 5612 2689 5694 tenere
2710 5636 2861 5692 nullo
2886 5630 3049 5691 modo
3070 5618 3330 5687 valemus.
3380 5626 3517 5682 Cum
3536 5625 3701 5679 enim
3720 5612 3819 5674 tu-

2236 5744 2424 5801 porem
2448 5739 2692 5786 nostrum
2719 5728 3098 5798 relinquimus,
3127 5726 3334 5793 nosque
3366 5721 3515 5790 ipsos
3556 5716 3636 5772 ad
3678 5717 3821 5770 bon

2238 5800 2568 5893 operationis
2620 5821 2859 5878 studium
2887 5819 3232 5884 suScitamus',
3286 5824 3394 5885 quo
3440 5809 3574 5867 alibi
3613 5808 3723 5867 ιω
3757 5800 3820 5859 Ι
