3938 6360
132 378 227 438 5ὲ5⁹

1099 375 1450 432 COMMENT.
1491 375 1556 430 IN
1589 373 2045 430 EZECHIELEM.
2084 405 2152 414 --
2190 374 2316 428 LlB.
2357 369 2420 429 Il.

3276 373 3380 433 526

127 490 344 548 activam
378 488 541 551 imus,
589 503 619 541 a
645 501 751 556 qua
779 489 975 542 reverti
1005 497 1126 556 post
1149 489 1297 544 nullo
1341 490 1500 544 modo
1532 489 1692 544 debe—
1719 491 1772 551 Α
1793 488 1986 558 fulgori
2009 497 2425 558 comparantur:
2453 486 2578 558 quia
2601 487 2771 542 sancti
2795 485 2896 542 viri
2917 499 3039 543 cum
3062 489 3128 543 ad
3151 502 3385 560 superna

125 599 267 648 mus,
303 581 427 651 quia
470 581 560 648 qui
589 588 711 648 post
747 579 892 634 illam
919 580 986 635 ad
1014 591 1284 652 torporem
1331 583 1690 652 negligentiae,

127 677 188 731 ad
215 671 494 744 pravitatis
521 673 810 741 nequitias,
857 689 993 742 quas
1035 674 1329 744 reliquerat
1374 673 1534 738 redit,
1574 689 1694 730 esse

123 767 231 824 sine
286 764 449 819 dubio
502 763 721 818 cmleste
773 764 972 818 animal
1027 765 1220 820 nescit.
1271 765 1404 820 Cum
1449 780 1577 820 vero
1626 767 1693 821 ab

121 857 287 915 activa
316 855 426 910 vita
467 856 538 910 ad
581 856 1055 927 contemplativam
1084 858 1354 928 surgimus
1378 899 1393 924 ,
1441 859 1567 928 quia
1603 858 1694 913 diu

123 964 265 1006 mens
291 957 436 1003 stare
465 948 519 1002 in
566 949 1024 1017 contemplatione
1054 964 1160 1004 non
1199 950 1366 1016 valet,
1413 951 1509 1006 sed
1534 965 1695 1006 omne

123 1041 254 1114 quod
277 1041 343 1096 de
361 1040 663 1095 aeternitate
683 1054 780 1109 per
808 1040 1086 1110 speculum
1113 1049 1168 1096 et
1186 1040 1240 1095 in
1251 1041 1542 1112 aenigmate
1568 1055 1696 1096 con-

123 1136 270 1206 spicit
293 1133 343 1206 (I
375 1133 496 1189 Cor.
525 1131 670 1205 xm),
715 1134 872 1203 quasi
901 1132 1088 1188 furtim
1125 1133 1230 1188 hoc
1274 1141 1328 1188 et
1359 1147 1459 1203 per
1492 1132 1693 1186 transi-

121 1239 226 1282 tum
275 1225 459 1290 videt;
519 1225 634 1295 ipsa
685 1241 782 1280 sua
831 1224 1172 1290 inﬁrmitate,
1216 1225 1285 1279 ab
1332 1225 1698 1280 immensitate

121 1329 275 1374 tanta:
309 1317 646 1373 celsitudinis
671 1318 886 1372 animus
917 1317 1164 1387 repulsus
1201 1318 1254 1372 in
1283 1318 1574 1387 semetipso
1609 1333 1697 1372 re-

119 1410 308 1464 labitur
333 1424 346 1462 :
383 1417 436 1464 et
460 1423 682 1464 necesse
703 1419 802 1475 est,
829 1419 896 1463 ut
923 1411 990 1464 ad
1012 1411 1242 1465 activam
1270 1411 1478 1475 redeat,
1533 1425 1699 1479 seque

118 1503 280 1572 ipsum
305 1503 558 1557 continue
587 1503 643 1557 in
673 1505 813 1558 bona
835 1505 1149 1573 operatione
1187 1511 1455 1570 exerceat,
1488 1513 1546 1558 ut
1576 1519 1697 1559 cum

117 1609 261 1648 inens
288 1607 510 1662 surgere
540 1595 608 1649 ad
651 1594 1061 1663 contemplanda
1111 1595 1351 1648 ccclestia
1394 1607 1498 1648 non
1537 1595 1694 1662 valet,

115 1699 336 1754 quaeque
361 1694 547 1755 potest
586 1686 727 1740 bona
770 1699 930 1755 agere
965 1701 1072 1739 non
1106 1695 1338 1740 recuset.
1389 1684 1586 1755 Sicque
1641 1687 1702 1740 ﬁt

115 1784 165 1829 ut
197 1777 328 1845 ipsis
347 1777 462 1832 suis
486 1778 640 1832 bonis
665 1778 880 1832 actibus
906 1777 1112 1847 adjnta,
1145 1791 1335 1832 rursus
1363 1778 1417 1831 in
1454 1786 1697 1832 contem-

1798 580 2204 650 contemplanda
2235 579 2468 645 evolant,
2500 595 2620 633 eum
2657 578 2924 649 primitias
2954 578 3038 633 sui
3081 580 3302 648 spiritus
3329 583 3385 636 in

1794 673 2032 727 'cmlesris
2065 674 2254 742 patria:
2284 685 2468 727 amore
2510 671 2710 742 ligant,
2751 673 2844 726 sed
2882 671 3088 743 gravati
3143 673 3391 728 humana:

1797 765 2224 820 conversationis
2249 765 2485 834 pendere
2507 764 2572 816 ad
2603 763 2920 833 semetipsos
2949 763 3194 829 redeunt,
3248 765 3388 818 bona

1798 857 2054 920 caelestia,
2111 871 2230 926 qua:
2255 854 2445 910 saltem
2477 871 2572 924 per
2598 853 2871 926 speculum
2916 854 3268 924 contemplari
3295 870 3391 925 po-

1795 954 2039 1012 tuerunt,
2070 945 2329 1001 fratribus
2359 945 2696 1010 denuntiant,
2747 960 3042 1015 eorumque
3083 946 3292 1000 animos
3332 947 3387 1001 in

1799 1050 2039 1090 amorem
2056 1036 2258 1090 intimae
2283 1034 2542 1089 claritatis
2559 1036 2878 1101 accendunt,
2905 1051 3067 1105 quam
3083 1050 3180 1089 nec
3203 1035 3386 1090 videre

1799 1129 1939 1184 sicut
1966 1137 2070 1196 est,
2115 1143 2218 1184 nec
2261 1129 2407 1198 loqui
2437 1121 2731 1199 pranalent
2778 1130 2919 1185 sicut
2971 1129 3240 1184 viderunt.
3289 1129 3390 1184 Lo-

1800 1233 2027 1290 quentes
2052 1229 2230 1276 autem
2264 1221 2446 1276 verbis
2478 1221 2589 1276 suis
2625 1222 2788 1275 corda
2815 1219 3145 1276 audientium
3192 1219 3394 1275 feriunt

1797 1323 1856 1368 ‘et
1881 1314 2192 1368 incendunt.
2246 1314 2412 1381 Quasi
2456 1331 2583 1385 ergo
2624 1313 2803 1387 fulgur
2825 1331 3118 1371 coruscans
3147 1307 3391 1382 redeunt,

1802 1408 1894 1478 qui
1939 1423 2057 1461 cum
2084 1407 2324 1462 coelestia
2355 1407 2674 1478 loquuntur,
2699 1409 2824 1478 quia
2851 1424 2947 1478 per
2984 1425 3079 1464 eos
3100 1423 3395 1478 supernum

1797 1504 1983 1556 lumen
2009 1503 2332 1565 intermicat,
2363 1505 2428 1558 ad
2471 1520 2712 1558 amorem
2750 1497 2990 1559 caelestis
3021 1495 3208 1574 patria:
3243 1517 3395 1558 men-

1797 1602 1888 1648 tes
1936 1593 2270 1648 audientium
2299 1593 2654 1650 inﬂammant.
2700 1595 2847 1650 More
2893 1593 3075 1666 itaque
3103 1610 3395 1650 coruscan-

1801 1686 1874 1740 tis
1895 1683 2119 1756 fulguris
2141 1702 2262 1742 cum
2286 1686 2557 1758 loquendo
2583 1689 2910 1758 percutiunt,
2938 1689 3110 1758 ignem
3137 1680 3395 1757 Spiritalis

1808 1779 2058 1834 desiderii
2086 1767 2366 1849 spargunt.
2421 1778 2540 1834 Alio
2568 1795 2782 1850 quoque
2832 1780 2991 1834 modo
3043 1785 3230 1833 sancta
3279 1776 3396 1830 arri-

114 1869 398 1939 plationem
447 1881 648 1942 surgat,
675 1880 734 1925 ct
775 1871 974 1925 amoris
1011 1879 1224 1940 pastum
1255 1871 1320 1925 de
1342 1871 1538 1942 pabulo
1567 1886 1696 1926 con-
1724 1865 1773 1941 Β
1802 1871 1964 1927 malia
2004 1871 2205 1925 vadunt
2233 1880 2286 1925 et
2336 1863 2564 1926 redeunt
2605 1890 2619 1926 :
2655 1872 2856 1926 vadunt
2901 1869 3044 1924 enim
3074 1885 3197 1923 cum
3230 1868 3295 1923 ad
3321 1868 3396 1922 in-

114 1962 375 2031 templatae
402 1964 650 2018 veritatis
676 1964 929 2034 accipiat,
959 1964 1013 2018 in
1037 1979 1142 2033 qua
1164 1963 1291 2032 quia
1319 1963 1408 2017 diu
1433 1978 1488 2017 se
1513 1971 1700 2018 tenere

115 2052 220 2122 ipsa
235 2055 604 2124 corruptionis
643 2055 930 2111 infirmitas
953 2073 1063 2110 non
1090 2063 1287 2125 potest,
1321 2056 1388 2110 ad
1414 2057 1553 2111 bona
1579 2071 1700 2110 rur—

113 2161 224 2201 sum
256 2161 420 2216 opera
453 2148 689 2213 rediens,
720 2149 1002 2204 suavitatis
1021 2149 1114 2203 Dei
1146 2148 1406 2203 memoria
1436 2149 1698 2218 pascitur,

113 2248 165 2294 et
197 2239 326 2295 foris
349 2240 453 2309 piis
475 2241 705 2307 actibus,
736 2241 882 2296 intus
905 2256 1034 2297 vero
1059 2241 1262 2296 sanctis
1291 2239 1576 2295 desideriis
1603 2255 1702 2294 nu-

117 2331 288 2385 tritur.
338 2331 482 2388 Bene
506 2342 688 2388 autem
735 2335 1067 2404 revertentia
1112 2331 1366 2388 animalia
1397 2330 1706 2388 coruscanti

1802 1963 2118 2021 sinuandam
2162 1963 2399 2020 caelestis
2451 1967 2577 2021 doni
2630 1966 2863 2038 gratiam
2910 1964 2964 2018 in
3015 1962 3397 2034 praedicatione

1800 2057 2111 2123 mittuntur,
2157 2051 2319 2127 atque
2356 2067 2417 2110 ut
2464 2059 2531 2112 ad
2563 2057 2723 2112 ﬁdem
2761 2057 2977 2111 trahant
3024 2055 3163 2108 mira
3212 2067 3396 2107 coram

1797 2141 2107 2204 inﬁdelibus
2153 2139 2395 2215 faciunt;
2442 2151 2536 2206 sed
2576 2152 2802 2205 redeunt
2830 2150 2957 2219 quia
3007 2141 3124 2202 haec
3155 2146 3399 2216 omnipo-

1801 2225 1969 2296 tentis
2014 2239 2228 2295 Domini
2259 2235 2447 2295 virtuti
2495 2241 2833 2307 tribuentes,
2879 2239 3231 2310 sibimetipsis
3276 2233 3400 2308 quae

1809 2325 2039 2387 fecerint
2069 2348 2177 2388 non
2198 2331 2532 2389 adscribunt.

1272 2623 1574 2718 LIBER
1646 2611 2214 2720 SECUNDUS.

437 2884 788 2954 SEQUITUR
813 2882 1041 2940 CAPUT
1075 2882 1367 2939 PRIMUM;

183 2997 201 3027 ε
242 2975 491 3045 Cumque
515 2977 814 3046 aspicerem
849 2975 1123 3040 animalia,
1152 2973 1402 3044 apparuit
1417 2982 1539 3028 rota
1589 2989 1695 3026 una

117 3086 135 3120 ι
176 3083 342 3138 super
387 3075 590 3122 terram
648 3067 800 3136 juxta
851 3068 1144 3133 animalia,
1199 3068 1402 3123 habens
1466 3065 1698 3136 quatuor

114 3180 130 3210 ι
176 3160 364 3227 facies,
393 3168 448 3214 et
478 3171 726 3230 aspectus
750 3169 989 3215 rotarum
1021 3169 1075 3216 et
1102 3177 1237 3230 opus
1281 3159 1488 3226 earu‘m,
1541 3161 1696 3229 quasi
1727 3189 1771 3252 α

115 3273 132 3301 ι
174 3252 312 3307 visio
345 3252 546 3317 maris,
591 3261 646 3306 et
687 3267 789 3306 una
837 3250 1132 3306 similitudo
1177 3251 1414 3321 ipsarum
1445 3254 1696 3319 quatuor,

114 3363 133 3396 ι
175 3357 229 3401 et
276 3354 533 3417 aspectus
572 3345 759 3403 earum
784 3357 842 3404 et
869 3363 1034 3419 opera
1056 3389 1070 3414 ,
1101 3349 1254 3416 quasi
1295 3347 1416 3402 rota
1441 3348 1492 3402 in
1523 3347 1701 3402 medio

113 3455 134 3491 ε
176 3450 342 3504 rotae,
371 3455 469 3510 per
499 3448 731 3509 quatuor
757 3449 939 3508 partes
984 3451 1169 3494 earum
1206 3434 1416 3502 euntes,
1469 3439 1620 3493 ibant
1647 3445 1702 3495 et

112 3547 131 3580 ι
174 3546 282 3585 non
306 3531 722 3586 revertebantur
765 3544 890 3585 cum
921 3531 1258 3584 ambularent
1285 3548 1295 3582 :
1329 3537 1534 3584 statura
1557 3539 1696 3600 'quo-

113 3642 131 3674 σ
181 3641 288 3693 que
323 3633 442 3679 erat
469 3627 603 3680 rotis
623 3625 680 3680 'et
706 3625 931 3680 altitudo
957 3634 1011 3680 et
1046 3624 1326 3680 horribilis
1353 3631 1622 3694 aspectus,
1647 3633 1703 3680 et

113 3733 129 3765 ι
175 3724 352 3770 totum
392 3730 587 3785 corpus
611 3712 834 3786 plenum
872 3717 1042 3772 oculis
1085 3717 1139 3771 in
1181 3717 1410 3772 circuitu
1460 3717 1701 3787 ipsorum

113 3826 129 3856 ‹
170 3818 428 3876 quatuor.
458 3829 476 3862 ι
539 3808 808 3881 (Ηὶενοη.)
838 3811 954 3864 lluc
981 3826 1153 3880 usque
1199 3816 1433 3879 quatuor
1459 3809 1701 3862 animan-

108 3897 263 3962 tium,
297 3913 418 3968 qute
461 3907 752 3967 quaternas
796 3899 1067 3954 habebant
1109 3899 1310 3966 facies,
1355 3903 1566 3968 pictura
1611 3901 1702 3954 de-

106 3990 373 4044 scribitur
410 3993 752 4059 sequentium
806 3992 1054 4061 spiritum
1104 4002 1158 4046 et
1189 3994 1385 4048 nubem
1435 4005 1553 4064 qua:
1583 4000 1702 4048 erat

102 4079 155 4134 in
196 4081 383 4135 medio
437 4082 684 4150 spiritus.
731 4080 885 4135 Nune
908 4097 1007 4151 per
1049 4083 1254 4154 singula
1297 4085 1546 4139 animalia
1593 4085 1702 4140 sin-

101 4173 249 4241 gulae
275 4179 552 4240 ponuntur
578 4180 730 4236 rotae,
758 4186 878 4240 quae
908 4187 1012 4226 non
1038 4183 1196 4227 erant
1233 4173 1432 4242 juncta:
1454 4175 1698 4228 animan-

102 4263 284 4327 libus,
324 4262 418 4317 sed
466 4264 830 4333 sequebantur
854 4280 959 4320 ea:
1005 4266 1114 4320 sive
1146 4281 1248 4319 una
1296 4275 1413 4320 rota
1459 4267 1703 4337 apparuit

101 4372 272 4427 super
314 4363 537 4424 terrain,
581 4372 700 4426 qua:
750 4358 920 4412 divisa
949 4375 1050 4429 per
1079 4368 1310 4430 quatuor
1343 4370 1421 4414 tot
1467 4357 1702 4416 habebat

103 4448 281 4503 facies
324 4457 455 4519 quot
491 4449 743 4503 animalia
795 4452 1180 4520 sequebantur,
1237 4459 1494 4522 tantaque
1553 4452 1706 4507 simi--

1805 2879 2009 2952 Argum
2061 2870 2231 2937 fuisse
2255 2871 2599 2938 centoculum
2634 2877 2749 2940 sive
2778 2885 3071 2943 multorum
3097 2867 3401 2961 oculorum,

1805 2988 1962 3042 quem
1987 2971 2127 3027 Juno
2148 2973 2202 3024 in
2226 2967 2419 3042 pavum
2437 2961 2597 3028 vertit
2609 2973 2676 3028 ob
2691 2963 3051 3048 negligentem
3075 2981 3401 3048 custodiam,

1803 3080 1864 3124 ut
1895 3069 2037 3140 quod
2063 3063 2385 3146 miraculum
2411 3081 2494 3124 est
2523 3059 2819 3126 conditoris
2849 3059 2978 3138 Dei,
3013 3077 3115 3129 hoc
3143 3077 3400 3131 condem-

1803 3161 1951 3216 natio
1995 3169 2139 3216 esset
2169 3159 2324 3215 inulti
2357 3153 2625 3228 adulterii.
2657 3161 2849 3216 Omnia
2884 3165 3125 3223 caelestia
3149 3175 3204 3219 et
3235 3156 3402 3222 térre—

1808 3255 1957 3317 stria,
1994 3264 2048 3308 et
2076 3247 2337 3324 quidqdid
2367 3255 2466 3308 sub
2496 3255 2789 3309 humanam
2817 3255 2964 3310 cadit
2991 3257 3401 3328 intelligentiam

1806 3348 1934 3403 solis
1978 3343 2113 3403 rotis
2138 3345 2389 3415 velvitur,
2440 3347 2569 3404 solis
2597 3366 2840 3426 annumn
2866 3351 3133 3408 circulum
3161 3369 3252 3424 per
3284 3356 3400 3410 sin-

1805 3441 1956 3513 gulos
1981 3456 2197 3496 menses
2220 3430 2346 3494 luna
2383 3441 2643 3520 decurrit.
2688 3441 2906 3498 Lucifer
2930 3446 3021 3514 qui
3067 3447 3180 3516 ipse
3208 3464 3404 3519 vesper

1804 3540 1905 3598 est,
1960 3534 2087 3586 dum
2125 3523 2192 3586 ad
2228 3527 2493 3586 orientem
2522 3540 2576 3588 et
2605 3531 2672 3586 ad
2704 3534 3041 3590 occidentem
3076 3538 3268 3593 rutilus
3299 3540 3402 3593 rni-

1805 3632 1930 3690 cat,
1985 3631 2040 3678 et
2087 3625 2263 3679 noctis
2323 3616 2576 3680 tenebras
2622 3642 2791 3696 parvo
2843 3637 3106 3698 temperat
3157 3630 3400 3697 lumine,

1805 3715 2010 3768 duobus
2031 3715 2187 3770 annis
2214 3707 2462 3770 eumdem
2491 3716 2708 3773 conﬁcit
2737 3734 2975 3775 cursum.
3003 3721 3230 3792 Aliaque
3250 3732 3400 3778 astra

1807 3793 2040 3874 quatuor
2067 3821 2187 3875 qua:
2233 3813 2496 3861 Vocantur
2523 3810 2759 3862 errantia
2786 3851 2799 3874 ,
2846 3819 2900 3864 et
2925 3812 3186 3883 quidquid
3225 3813 3396 3884 fulget

1805 3891 1859 3948 in
1896 3896 2053 3951 cmlo.
2109 3896 2363 3969 Segetum
2417 3915 2631 3968 quoque
2695 3910 2750 3954 et
2776 3903 3030 3957 arborum
3071 3904 3394 3959 herbarum-

1805 3988 1910 4058 que
1955 3989 2276 4056 varietates,
2331 4005 2428 4059 per
2455 4001 2687 4060 quatuor
2718 4000 2961 4063 tempora
3005 3996 3119 4050 suis
3168 4005 3396 4051 currunt

1803 4079 1961 4144 rotis,
1992 4079 2230 4149 nihilque
2257 4081 2570 4150 aspicimus,
2590 4069 2733 4150 quod
2761 4091 2885 4136 ante
2911 4100 3018 4136 non
3035 4082 3218 4138 fuerit.
3243 4104 3258 4137 ι
3283 4085 3396 4156 Gy-

1805 4187 1931 4225 rans
1955 4163 2201 4242 'gyrando
2237 4161 2384 4248 vadit
2411 4173 2652 4241 spiritus,
2703 4183 2756 4227 ct
2802 4173 2855 4228 in
2903 4175 3136 4230 circulos
3157 4192 3286 4232 suos
3315 4192 3401 4232 re-

1804 4262 2052 4317 vertitur.
2092 4260 2292 4317 Omnes
2324 4272 2592 4318 torrentes
2623 4265 2826 4318 vadunt
2861 4266 2915 4318 in
2944 4281 3110 4332 mare,
3155 4276 3218 4323 .et
3244 4283 3396 4325 mare

1803 4369 1908 4409 non
1951 4343 2274 4424 adimpletur
2303 4354 2505 4427 (Eccle.
2546 4356 2608 4428 1).
2646 4377 2664 4408 ›
2700 4357 2923 4424 Quare?
2961 4359 3097 4427 Quia
3126 4362 3194 4416 ad
3221 4360 3400 4418 fontes

1805 4464 1931 4501 suos
1965 4447 2028 4501 de
2074 4437 2300 4526 matria
2353 4450 2546 4518 abysso
2579 4460 2944 4505 revertuntur.
2979 4451 3394 4524 Evangeliorum

103 4540 283 4595 litudo
340 4550 459 4595 erat
498 4554 738 4596 retarum
788 4554 1021 4613 quatuor
1059 4549 1403 4615 sequentium
1444 4541 1698 4599 animalia
1727 4556 1779 4615 D
1807 4535 2004 4608 autem,
2028 4531 2201 4618 idest
2245 4531 2475 4611 quatuor
2527 4544 2859 4612 animalium,
2898 4562 3016 4615 qua:
3044 4548 3281 4615 spirant,
3315 4547 3397 4600 vi—

105 4641 366 4701 quatuor,
399 4642 456 4686 ut
480 4649 586 4687 una
613 4644 730 4690 rota
760 4636 1042 4689 verissime
1070 4639 1416 4690 crederetur:
1457 4643 1700 4706 opdsque

103 4741 300 4780 earum
321 4735 440 4781 erat
466 4736 626 4797 atque
671 4731 878 4781 factura
909 4729 1062 4797 quasi
1095 4729 1231 4782 visio
1272 4730 1492 4794 t’harsis,
1539 4729 1701 4798 quam

105 4836 205 4873 nos
232 4821 290 4873 in
319 4836 470 4875 mare
492 4823 771 4885 vertimus,
805 4819 995 4890 Aquila
1025 4823 1357 4876 hiacinthum
1380 4821 1584 4890 ‘posdit,
1610 4823 1701 4890 qui

105 4913 247 4983 lapis
271 4915 395 4969 θεειί
427 4915 595 4970 habet
622 4907 1048 4970 simil‘itudiuetn'.
1104 4914 1476 4983 Aspec‘tusque
1515 4911 1703 4968 earum

106 5017 226 5063 erat
253 5011 420 5079 quasi
444 5021 560 5065 rota
601 5009 656 5064 in
688 5017 823 5073 rota,
876 5017 935 5062 ut
975 5015 1082 5062 non
1120 5025 1282 5063 unam
1315 5018 1487 5061 rotam
1521 5009 1704 5062 crede—

107 5113 218 5165 res,
247 5100 349 5154 sed
388 5099 608 5155 alteram
641 5098 791 5153 alteri
834 5095 1157 5168 copulatam.
1197 5097 1301 5152 Per
1325 5107 1557 5168 quatuor
1577 5114 1704 5168 par-

108 5200 193 5248 tes
237 5193 417 5260 ibant,
470 5203 526 5248 et
566 5209 670 5247 non
723 5195 1079 5248 trahebantur
1141 5208 1242 5248 nec
1295 5189 1708 5248 revertebantur

112 5293 442 5339 retrorsum.
486 5284 585 5351 Qui
609 5286 751 5339 enim
791 5285 913 5338 ‘fier‘i
938 5293 1148 5353 poterat
1177 5292 1234 5337 ut
1282 5291 1705 5348 reverterentur,

111 5390 238 5429 cum
263 5385 623 5445 sequerentur
646 5375 922 5438 animalia,
952 5361 1070 5444 quae
1097 5377 1308 5445 Semper
1339 5377 1402 5431 ad
1439 5377 1618 5446 priora
1651 5371 1708 5431 se

113 5470 453 5524 tenderent?
502 5469 717 5525 Statura
788 5483 1002 5538 quoque
1069 5467 1309 5524 rotarum
1366 5479 1420 5523 et
1485 5467 1711 5524 altitudo

113 5569 276 5615 tanta
325 5569 444 5616 erat
475 5571 537 5616 ut
564 5561 882 5616 miraculum
909 5561 1218 5616 videntibus
1240 5559 1440 5614 faceret
1467 5579 1478 5613 :
1515 5569 1712 5616 totum-

115 5670 227 5723 que
253 5669 455 5725 corpus
481 5663 538 5709 et
568 5654 729 5709 dorsa
755 5663 910 5709 erant
935 5653 1097 5723 plena
1128 5653 1261 5708 lucis
1299 5654 1349 5707 in
1375 5645 1621 5719 circuitu,
1655 5663 1715 5708 ut

117 5747 337 5802 nullum
380 5749 740 5802 membrorum
773 5749 1044 5817 aspiceres
1086 5748 1224 5815 quod
1265 5745 1448 5799 (multis
1497 5745 1713 5801 luminis

100 5851 242 5928 _Ilon
265 5838 491 5902 haberet
508 5839 863 5912 :_qualemque
886 5839 1195 5896 describunt
1214 5837 1407 5895 fabulae
1431 5835 1712 5909 poctardm

1805 4623 1956 4696 vunt,
1989 4619 2326 4703 intelligunt,
2385 4635 2429 4687 si
2459 4634 2580 4703 quis
2623 4644 2794 4688 rotam
2845 4651 3171 4705 cursumque
3213 4638 3395 4692 consi-

1805 4707 1975 4788 deret,
2008 4724 2060 4776 in
2109 4709 2255 4776 brevi
2294 4733 2534 4792 tempore
2569 4725 2770 4778 videbit
2807 4727 3066 4779 mundum
3097 4742 3218 4782 esse
3248 4743 3396 4782 com—

1803 4806 2006 4886 pletum
2035 4803 2282 4870 sermone
2313 4816 2627 4886 apostolico.
2672 4817 2808 4872 Rota
2849 4835 3066 4890 quoque
3092 4821 3146 4875 in
3168 4829 3285 4875 rota
3314 4821 3400 4875 vel

1806 4908 2031 4960 duorum
2065 4903 2319 4982 junctura
2363 4897 2814 4964 testamentorum
2863 4923 2945 4967 est
3001 4913 3142 4982 quod
3169 4913 3402 4968 .indicat

1807 4989 1947 5052 scala
1978 4987 2167 5060 Iacob,
2198 4981 2250 5051 et
2280 4997 2492 5067 forceps
2519 4981 2691 5067 Ilsaizc,
2736 5012 2789 5056 et
2815 4981 3034 5070 gladius
3049 5005 3130 5058 bis
3151 5014 3348 5060 acutus
3378 5024 3392 5060 :

1806 5087 1890 5141 vel
1918 5085 2198 5166 evangelia
2217 5089 2316 5142 sibi
2339 5079 2693 5157 'eolnercntia,
2729 5079 2958 5162 quorum
2990 5110 3175 5160 rursus
3212 5104 3267 5150 et
3289 5105 3399 5151 sta-

1811 5189 1928 5232 tura
1959 5177 2126 5233 tendit
2151 5180 2217 5232 ad
2247 5177 2464 5261 uelum,
2509 5169 2904 5261 paululumque
2925 5186 3055 5254 quid
3089 5188 3305 5258 attingit
3343 5191 3398 5244 in

1813 5269 1971 5334 terra,
2005 5263 2059 5326 et
2088 5263 2303 5342 semper
2324 5259 2638 5354 properans.
2667 5259 2733 5330 ad
2768 5278 2984 5351 excelsa
3034 5279 3272 5336 festinat.
3322 5284 3397 5337 De

1810 5361 2005 5437 quibus
2025 5365 2087 5423 'ct
2134 5368 2257 5424 alibi
2305 5355 2503 5450 dicitur
2541 5391 2553 5425 ε
2589 5392 2608 5424 ι
2638 5371 2868 5442 Lapides
2895 5377 3072 5430 sancti
3107 5378 3399 5433 volvuntur

1811 5478 1972 5532 super
2001 5471 2206 5546 terram
2221 5461 2413 5546 '(chh.
2445 5465 2542 5529 ix),
2567 5484 2583 5514 ›
2606 5480 2669 5519 ex
2697 5465 2893 5533 quibus
2926 5466 3222 5524 aadilicatur
3244 5468 3399 5522 Jeru-

1813 5553 1977 5606 salem
2019 5537 2273 5607 cceles'tis.
2315 5537 2436 5607 'l'loc
2467 5554 2640 5622 ipsum
2672 5563 2800 5623 puto
2839 5556 3148 5628 significare
3175 5568 3231 5613 et
3265 5558 3399 5615 illud

1813 5647 1954 5718 quod
1994 5649 2045 5700 in
2079 5648 2288 5717 psalmo
2334 5647 2579 5701 canitur:
2645 5668 2662 5699 ι
2697 5648 2808 5704 Vox
2831 5653 3063 5710 .tonitrui
3087 5655 3161 5708 tui
3202 5655 3254 5709 in
3270 5662 3398 5710 rota

1816 5739 1985 5811 (ΡδαΙ.
2011 5743 2243 5809 ιιΧΧνι).δ
2273 5739 2334 5794 Et
2367 5740 2502 5818 alibi
2527 5760 2537 5792 :
2571 5759 2587 5790 ι
2773 5743 3072 5801 inﬂammat
3102 5756 3275 5803 rotam
3299 5763 3396 5802 na-

1819 5823 2442 5906 tivitatisilucob.111).»
2476 5834 2606 5903 Quae
2632 5839 2938 5896 testimonia
2970 5855 3133 5911 quem
3174 5854 3394 5898 sensum
