3938 6360
467 373 572 432 5'27
1112 364 1175 418 Β.
1216 359 1469 418 RABANI
1509 355 1726 414 MAUR]
1764 350 2085 432 ARCHIEP.
2128 347 2438 407 MOGUNT.
2478 343 2764 403 OPERUM
2800 342 2983 399 PARS
3016 341 3080 398 Il.
3676 334 3785 389 528

466 430 700 537 habeant
722 476 777 531 in
800 473 913 531 suis
933 472 1088 537 locis,
1120 486 1225 525 non
1247 469 1407 540 hujus
1426 475 1511 523 est
1531 464 1810 536 temporis.
1846 430 2051 518 Totum
2069 462 2123 524 Α
2146 459 2308 530 paulo
2329 465 2450 529 post
2478 455 2809 526 adiungitur,
2831 454 3016 525 «quasi
3041 451 3115 509 sit
3133 461 3254 508 rota
3273 450 3330 506 in
3351 448 3563 540 medio
3584 454 3782 509 rota,»

466 576 648 626 autem
679 580 875 636 corpus
903 573 956 618 et
1005 563 1165 617 dorsa
1199 560 1356 631 plena
1386 557 1558 614 oculis
1585 552 1925 627 approbabit,
1956 549 2049 621 qui
2152 551 2259 608 nisi
2287 551 2433 622 quod
2460 549 2516 605 in
2539 547 2874 604 Testamenti
2898 547 3100 603 veteris
3128 545 3309 601 littera
3330 541 3785 599 Testamentm

464 657 664 714 viderit
689 630 824 711 nihil
870 668 991 709 esse
1028 652 1082 706 in
1115 630 1408 719 evangeliis
1437 645 1579 717 quod
1612 659 1721 701 non
1749 643 1946 708 luceat,
1998 647 2053 695 et
2153 658 2352 700 novum
2382 642 2538 697 latuit
2586 655 2684 712 per
2710 638 3070 712 allegoriam?
3090 631 3345 695 ‘Unde'et
3384 642 3524 691 rota
3559 630 3787 696 eadem,

467 748 863 819 splendoresuo
881 743 1143 799 mundum
1164 739 1456 805 illuminet;
1482 745 1541 792 ut
1558 736 1724 791 etiam
1747 749 1867 804 qua:
1885 746 2054 803 parva
2155 753 2274 810 quae
2296 737 2453 809 juxta
2483 734 2736 791 animalia
2768 734 3036 804 apparuit,
3088 740 3323 802 quatuor
3346 728 3539 785 racia
3574 727 3787 781 habere

468 845 734 904 putantur
757 845 812 891 et
839 835 987 898 vilia,
1011 831 1246 902 Spiritus
1267 829 1441 886 sancti
1484 827 1722 899 fulgeant
1750 823 2052 894 majestate.

469 926 676 1003 (Greg.)
705 927 974 996 Propheta
1001 923 1165 993 igitur
1190 921 1316 976 dum
1339 926 1524 975 sancta
1547 915 1798 972 animalia
1825 914 2054 977 videret,

468 1020 758 1092 adiunxit:
803 1015 1047 1085 Cumque
1105 1013 1403 1081 aspicerem
1454 1007 1709 1065 animalia
1738 1047 1754 1071 ,
1809 1003 2062 1074 apparuit

468 1121 588 1167 rota
612 1125 719 1164 una
763 1121 925 1179 super
965 1113 1189 1160 terram.
1248 1100 1451 1169 Quain
1482 1114 1543 1154 re
1573 1099 1918 1170 quaerendum
1950 1105 2057 1162 est,

468 1219 595 1261 cum
636 1200 865 1256 inferius
892 1205 1026 1253 rota:
1050 1194 1448 1258 describantur,
1479 1207 1576 1247 cur
1608 1207 1715 1246 una
1750 1196 1872 1245 rota
1908 1189 2062 1260 prius

470 1291 790 1364 apparuisse
826 1288 1042 1352 dicitur,
1091 1285 1196 1340 nisi
1248 1285 1375 1355 quia
1420 1283 1640 1353 antiquo
1681 1281 1879 1353 populo
1906 1289 2062 1335 vetus

469 1382 810 1440 solummodo
822 1381 1227 1435 Testamentum
1254 1377 1437 1432 datum
1452 1383 1556 1441 est,
1571 1375 1715 1445 quod
1736 1375 1803 1430 ad
1817 1374 2065 1429 erudien-

472 1478 598 1531 dam
625 1479 861 1529 mentem
900 1471 1045 1526 illius
1077 1469 1233 1539 quasi
1262 1474 1381 1524 rota
1411 1465 1752 1522 volveretur?
1780 1465 1924 1520 Bene
1971 1477 2066 1518 au-

474 1575 585 1622 tem
631 1571 753 1620 rota
799 1563 990 1619 eadem
1038 1577 1204 1631 super
1253 1568 1454 1615 terram
1486 1557 1801 1630 apparuisse
1845 1556 2063 1620 dicitur,

2156 827 2497 893 describitur,
2531 826 2657 896 quia
2690 824 2975 895 Scriptura
3012 839 3168 881 sacra
3196 838 3295 895 per
3322 829 3588 890 utraque
3620 825 3789 871 εοεα-

2158 928 2339 976 menta
2387 919 2443 974 in
2480 926 2713 988 quatuor
2744 917 2990 988 partibus
3021 924 3109 973 est
3157 915 3445 971 distincta.
3489 910 3686 965 Vetus
3713 919 3787 965 et.

2159 1012 2305 1068 enim
2330 1010 2739 1067 Testamentum
2757 1008 2813 1063 in
2837 1007 2955 1080 lege
2979 1015 3037 1063 et
3060 1005 3373 1078 prophetia,
3406 1018 3640 1059 novum
3665 1016 3787 1055 vero

2161 1106 2219 1161 in
2243 1102 2548 1175 Evangeliis
2592 1109 2755 1173 atque
2806 1099 3174 1170 apostolorum
3206 1097 3443 1154 Actibus
3478 1103 3546 1150 et

2166 1196 2349 1254 Scitur
2374 1203 2580 1261 autem,
2630 1193 2754 1264 quia
2785 1192 2857 1247 ibi
2887 1190 3078 1246 faciem
3107 1188 3468 1252 intendimus,
3506 1184 3618 1241 ubi
3649 1185 3784 1254 quod

2165 1302 2390 1345 necesse
2423 1294 2509 1342 est
2551 1285 2816 1340 videmus.
2871 1281 3013 1337 Rota
3062 1295 3192 1352 ergo
3224 1287 3476 1350 quatuor
3502 1275 3689 1332 habet
3710 1274 3784 1328 fa-

2167 1380 2302 1446 cies,
2333 1377 2461 1449 quia
2487 1376 2638 1447 prius
2669 1373 2967 1431 resecanda
2995 1372 3137 1429 mala
3161 1372 3218 1427 in
3246 1370 3476 1443 populis
3504 1368 3657 1424 vidit
3696 1382 3784 1438 per

2167 1471 2364 1542 legem,
2411 1468 2756 1540 postmodum
2798 1467 2933 1523 vidit
2988 1480 3087 1538 per
3131 1464 3438 1535 prophetas
3455 1504 3476 1529 ,
3536 1459 3783 1516 sumain:

2168 1573 2298 1614 vero
2346 1573 2444 1629 per
2489 1554 2883 1628 Evangelium;
2950 1554 3020 1610 ad
3072 1561 3383 1609 extremum
3439 1559 3648 1607 autem
3699 1565 3786 1621 per

471 1656 721 1729 peccanti
762 1661 943 1709 autem
964 1650 1157 1724 [enim]
1202 1650 1408 1706 homini
1435 1648 1638 1704 dictum
1682 1656 1802 1702 est:
1842 1664 1862 1697 ί
1897 1645 2067 1700 Terra
2171 1649 2442 1721 apostolos
2485 1664 2548 1703 ea
2606 1664 2726 1719 quae
2769 1648 2825 1702 in
2867 1645 3041 1716 culpis
3080 1645 3364 1701 hominum
3392 1650 3785 1699 reseca-antur

474 1763 553 1813 es,
594 1755 649 1803 et
678 1747 733 1801 in
757 1754 956 1800 terram
983 1744 1085 1798 ibis
1110 1741 1264 1814 (Gen.
1322 1740 1427 1811 ιιι).
1452 1761 1471 1792 ι
1504 1740 1642 1795 Rota
1691 1744 1873 1793 autem
1907 1749 2069 1806 super

2189 1743 2402 1813 nspexit.
2431 1740 2621 1797 Potest
2639 1752 2855 1810 quoque
2896 1736 3143 1806 intelligi,
3171 1734 3319 1807 quod
3345 1743 3608 1805 quatuor
3633 1732 3783 1787 facies

474 1846 679 1893 terram
704 1834 974 1906 apparuit,
1011 1834 1139 1903 quia
1167 1831 1313 1885 Deus
1344 1831 1690 1901 omnipotens
1714 1828 1889 1900 legem
1918 1839 2082 1897 super
2108 1822 2157 1883 B
2186 1844 2305 1890 rota
2340 1834 2600 1900 habebat,
2628 1839 2851 1903 propter
2874 1831 2977 1885 hoc
3000 1828 3142 1899 quod
3175 1825 3471 1896 Scriptura
3506 1840 3675 1882 sacra
3702 1840 3785 1894 per

475 1926 639 1982 corda
661 1924 1003 1995 peccantium
1031 1922 1194 1976 dedit.
1241 1918 1349 1976 Sed
1390 1919 1514 1990 quia
1544 1918 1661 1973 haec
1688 1924 1925 1987 pennata
1968 1914 2080 1969 ani-

475 2019 641 2073 malia
669 2023 908 2080 sanctos,
955 2021 1017 2068 ut
1050 2012 1314 2078 diximus,
1364 2011 1726 2083 evangelistas
1770 2010 2075 2080 designant,

478 2107 750 2177 quomodo
794 2106 948 2177 prius
985 2104 1262 2169 animalia,
1317 2111 1372 2158 et
1419 2102 1761 2173 postmodum
1820 2110 1939 2155 rota
1969 2112 2080 2153 una

478 2200 761 2272 aspicitur,
808 2198 936 2253 dum
976 2205 1102 2252 ante
1147 2204 1531 2251 testamentum
1583 2202 1741 2250 vetus
1790 2193 1987 2258 fuerit,
2026 2197 2081 2246 et

476 2293 827 2367 postmodum
860 2291 1032 2346 sancti
1079 2288 1424 2360 evangelista:
1447 2287 1621 2343 secuti
1659 2285 1829 2341 sunt?
1860 2283 1968 2339 Sed
1999 2283 2081 2337 in-

478 2387 724 2458 telligere
770 2385 826 2440 in
872 2384 959 2439 his
998 2398 1321 2454 possumus,
1368 2381 1513 2450 quod
1561 2380 1640 2434 illi
1690 2379 1842 2449 prius
1886 2393 1917 2431 a
1955 2391 2081 2446 pro-

483 2480 650 2550 pheta
668 2476 775 2532 visi
796 2484 943 2541 sunt,
966 2474 1059 2544 qui
1073 2474 1268 2528 merito
1292 2470 1701 2526 transcendunt.
1722 2467 1858 2522 Nam
1879 2473 2081 2538 quanto

484 2570 545 2626 S.
577 2567 930 2639 Evangelium
974 2564 1383 2620 Testamentum
1410 2571 1570 2618 vetus
1602 2559 1881 2632 pmcellit,
1931 2565 2082 2613 tanto

482 2666 542 2715 et
569 2658 955 2730 praedicatores
978 2654 1094 2724 ejus
1123 2656 1179 2710 in
1214 2654 1579 2724 descriptione
1601 2651 1916 2724 prophetica
1944 2664 2083 2721 prm-

484 2750 621 2807 ferri
656 2749 993 2805 debuerunt:
1029 2748 1279 2818 quamvis
1311 2747 1384 2802 sit
1413 2746 1592 2801 adhuc
1639 2745 1806 2809 aliud,
1851 2744 1995 2813 quod
2026 2744 2081 2798 in

484 2844 592 2900 hac
616 2841 978 2911 descriptione
1006 2839 1340 2897 considerari
1359 2838 1574 2894 debeat.
1628 2835 1764 2904 Quia
1787 2835 2083 2906 prophetiae

487 2934 714 3006 spiritus
741 2931 822 2987 sic
852 2930 997 2987 intra
1029 2932 1379 3001 semetipsum
1407 2929 1680 2984 anteriora
1706 2936 1763 2981 et
1783 2927 2081 2997 posteriora

489 3026 651 3083 simul
671 3025 893 3097 colligit,
919 3035 980 3081 ut
1006 3024 1165 3080 simul
1190 3026 1308 3080 haec
1325 3023 1604 3094 prophetae
1628 3022 1809 3091 lingua
1837 3019 2083 3090 proferre

484 3132 596 3175 non
617 3118 810 3190 possit,
838 3119 933 3172 sed
948 3115 1127 3185 ampla
1146 3130 1268 3185 qua:
1288 3115 1435 3170 videt
1458 3115 1526 3170 de
1549 3111 1851 3183 dispertitis
1876 3124 2081 3166 sermo-

2179 1925 2406 1997 gratiam
2460 1920 2859 1995 praedicationis
2916 1928 3134 1974 extensa
3183 1917 3239 1972 in
3287 1926 3547 1987 quatuor
3608 1912 3781 1969 muni

2176 2029 2361 2094 partes
2393 2020 2650 2076 innotuit.
2682 2018 2837 2076 Unde
2874 2026 2929 2073 et
2958 2017 3097 2074 bene
3123 2018 3314 2072 eadem
3342 2021 3478 2070 rota
3504 2026 3628 2067 una
3652 2010 3786 2081 prius

2173 2110 2332 2183 juxta
2379 2111 2635 2167 animalia
2681 2109 3034 2181 apparuisse,
3060 2115 3116 2163 et
3154 2094 3519 2179 postmodum
3563 2110 3785 2173 quam

2178 2202 2348 2259 facies
2381 2203 2639 2260 habuisse
2666 2202 2992 2259 describitur
3010 2241 3026 2267 ,
3050 2201 3177 2271 quia
3200 2199 3309 2255 nisi
3358 2198 3458 2254 lex
3494 2194 3786 2266 Evangelia

2181 2294 2537 2350 concordaret
2565 2293 2620 2349 in
2650 2299 2883 2365 quatuor
2921 2291 3109 2347 mundi
3138 2289 3412 2362 partibus,
3437 2303 3561 2343 non
3586 2287 3785 2341 innote-

2183 2395 2377 2443 sceret.
2413 2405 2433 2438 ‹
2467 2385 2538 2441 Et
2561 2393 2815 2457 aspectus
2841 2391 3083 2440 rotarum
3113 2390 3168 2438 et
3202 2397 3338 2452 opus
3380 2394 3595 2436 earum
3650 2375 3787 2447 quas

2180 2478 2321 2534 visio
2347 2479 2536 2534 maris.
2571 2498 2591 2532 ι
2629 2478 2795 2533 Recte
2820 2491 2975 2533 sacra
3002 2476 3221 2546 eloquia
3245 2474 3454 2529 visioni
3498 2471 3687 2527 maris
3724 2469 3786 2523 si-

2181 2569 2330 2625 milia
2380 2577 2677 2625 narrantur
2732 2568 2858 2639 quia
2905 2567 2959 2622 in
3010 2567 3090 2621 eis
3136 2580 3336 2637 magna
3387 2571 3527 2619 sunt
3580 2561 3789 2615 ﬂumina

2184 2659 2596 2727 sententiarum,
2612 2659 2813 2715 cumuli
2829 2673 3105 2714 sensuum.
3120 2656 3234 2712 Nec
3259 2656 3547 2710 immerito
3574 2653 3718 2707 mari
3731 2653 3791 2707 si-

2184 2754 2327 2809 milis
2350 2752 2632 2823 Scriptura
2648 2766 2802 2808 sacra
2824 2751 3043 2818 dicitur,
3058 2749 3184 2819 quia
3207 2746 3577 2803 ﬁrmanturin
3602 2760 3671 2801 ea
3686 2744 3799 2800 sea-'

2183 2845 2366 2902 tentias
2401 2844 2687 2900 locutionis
2731 2850 3071 2900 sacramento
3097 2840 3463 2911 baptismatis.
3500 2836 3611 2892 Vel
3665 2844 3789 2891 certe

2183 2934 2630 2991 considerandum
2654 2941 2759 3000 est,
2783 2934 2909 3004 quia
2937 2933 3167 2989 navibus
3195 2931 3250 2985 in
3269 2944 3424 2985 mare
3449 2928 3788 2998 navigam

2184 3044 2306 3083 cum
2329 3028 2397 3084 ad
2416 3028 2752 3085 desideratas
2775 3034 2953 3082 terras
2966 3024 3254 3081 tendimus.
3276 3021 3450 3077 Nobis
3463 3030 3660 3076 autem
3680 3018 3791 3088 quid

2189 3128 2271 3179 est
2296 3122 2351 3178 in
2381 3120 2647 3179 desiderio
2678 3120 2783 3177 nisi
2814 3120 2904 3176 illa
2934 3128 3083 3176 terra
3101 3161 3116 3187 ,
3149 3120 3213 3175 de
3238 3132 3345 3189 qua
3363 3116 3651 3188 scriptum
3685 3123 3790 3170 est:

478 3209 649 3265 uibus
672 3216 908 3276 emanat,
935 3216 991 3263 et
1022 3222 1166 3263 nunc
1192 3205 1383 3261 ultima
1412 3212 1536 3276 post
1554 3204 1732 3274 pn’ma
1752 3242 1767 3269 ,
1791 3216 1935 3257 nunc
1956 3215 2086 3256 vero

2204 3235 2222 3267 ι
2257 3213 2445 3271 Portio
2468 3229 2591 3270 mea
2620 3214 2675 3269 in
2698 3221 2844 3269 terra
2884 3183 3184 3269 viventium
3228 3183 3402 3283 (Paul.
3435 3183 3621 3279 cru).
3670 3226 3689 3260 ι
3721 3205 3795 3260 Li-

484 3304 664 3373 prima
683 3312 810 3373 post
848 3302 1038 3356 ultima
1076 3301 1337 3369 loquitur.
1374 3300 1525 3356 Unde
1550 3297 1803 3353 Ezechiel
1826 3297 2089 3366 propheta

488 3394 595 3449 sub
630 3392 802 3461 ﬁgura
841 3399 1048 3445 sanctae
1069 3390 1396 3445 universalis
1442 3388 1701 3444 Ecclesiae
1739 3397 1795 3443 et
1821 3385 2091 3456 evangeli-

488 3490 704 3538 starum
741 3480 971 3551 gloriam
1016 3493 1117 3549 per
1154 3487 1388 3550 quatuor
1425 3478 1739 3534 animalium
1782 3476 2093 3532 similitudi—

495 3587 624 3630 nem
654 3572 821 3639 videt,
844 3578 900 3626 et
925 3579 1107 3626 tamen
1149 3579 1374 3640 repente
1397 3569 1489 3625 illa
1528 3569 1822 3641 subiungit,
1851 3583 1970 3638 qua:
1998 3584 2093 3623 an-

492 3664 786 3721 terioribus
818 3662 1154 3733 temporibus
1191 3669 1343 3733 gesta
1372 3670 1520 3728 sunt,
1573 3670 1633 3715 ut
1665 3664 1915 3730 patenter
1954 3660 2094 3713 indi-

490 3763 585 3809 cet
633 3752 796 3808 simul
840 3767 901 3808 se
925 3752 1155 3818 vidisse,
1201 3752 1348 3821 quod
1372 3750 1556 3806 carnis
1585 3750 1767 3821 lingua
1798 3763 1907 3803 non
1942 3745 2091 3803 sufﬁ-

486 3852 646 3902 ceret
667 3845 829 3901 simul
859 3845 1060 3901 dicere.
1099 3844 1239 3912 Quia
1280 3859 1411 3899 vero
1441 3858 1540 3913 per
1564 3850 1800 3913 quatuor
1838 3840 2096 3895 animalia

494 3936 666 3992 etiam
694 3935 967 4006 perlectos
991 3949 1180 3991 omnes
1210 3934 1508 4003 signiﬁcari
1552 3934 1818 3999 diximus,
1847 3932 2097 3988 conside-

494 4026 728 4082 randum
766 4040 986 4097 quoque
1040 4033 1124 4081 est
1174 4026 1438 4095 quosdam
1488 4031 1831 4089 sanctorum,
1875 4031 1931 4078 et
1970 4030 2098 4079 ante

496 4118 670 4189 legem
712 4115 913 4184 fuisse,
970 4117 1064 4188 qui
1115 4116 1348 4172 naturali
1397 4115 1515 4187 lege
1547 4115 1796 4172 districte
1828 4116 2095 4181 viverent,

494 4218 554 4265 et
576 4209 929 4280 omnipotenti
958 4208 1187 4265 Domino
1220 4208 1518 4277 placerent.
1550 4207 1678 4263 Post
1689 4207 1945 4262 animalia
1968 4198 2099 4277 ergo

501 4307 626 4355 rota
660 4299 1019 4364 describitur,
1062 4301 1192 4368 quia
1240 4300 1540 4354 electorum
1570 4299 1726 4353 multi
1759 4299 1903 4369 apud
1924 4298 2100 4353 omni-

499 4396 782 4461 potentem
836 4388 1006 4443 Deum
1052 4389 1281 4458 perfecti
1326 4397 1382 4445 et
1449 4397 1576 4444 ante
1614 4389 1790 4461 legem
1854 4388 2096 4445 fuerunt.

2193 3318 2299 3375 gno
2341 3310 2524 3359 autem
2543 3344 2559 3371 ,
2587 3311 2650 3358 ut
2676 3302 2812 3370 dixi,
2868 3302 3137 3368 evehitur,
3168 3301 3262 3371 qui
3291 3314 3445 3355 mare
3498 3297 3725 3361 transit,
3750 3306 3793 3349 et

2194 3395 2396 3450 scimus
2418 3393 2548 3465 quia
2571 3392 2853 3466 Scriptura
2873 3409 3029 3450 sacra
3048 3393 3254 3465 lignum
3280 3390 3463 3446 crucis
3488 3403 3599 3459 per
3642 3387 3792 3457 legem

2194 3485 2349 3540 nobis
2401 3486 2730 3556 praenuntiat
2752 3527 2768 3553 ,
2805 3502 2928 3542 cum
2977 3485 3147 3542 dicit:
3186 3503 3206 3536 ι
3240 3482 3575 3539 Maledictus
3636 3478 3791 3537 omnis

2195 3577 2286 3648 qui
2311 3576 2511 3647 pendet
2557 3577 2614 3632 in
2644 3577 2788 3650 ligno
2812 3578 2993 3650 (Deut.
3020 3578 3159 3651 XXI).
3197 3598 3215 3631 ι
3248 3576 3401 3647 Quod
3436 3575 3792 3647 Βαιθωρὼτὶ

2195 3676 2386 3725 nostro
2420 3668 2620 3725 Paulus
2644 3678 2932 3727 attestatur
2958 3671 3145 3727 dicens
3170 3689 3183 3724 :
3226 3688 3246 3721 ί
3275 3668 3484 3724 Factus
3511 3683 3622 3739 pro
3652 3666 3790 3722 nolis

2196 3760 2543 3816 maledictum
2583 3758 2729 3833 (Gal.
2772 3762 2893 3832 ιιι),
2933 3783 2952 3816 ι
2986 3778 3095 3834 ‘per
3129 3762 3425 3834 prophetas
3456 3775 3693 3831 quoque
3728 3757 3783 3811 li-

2198 3866 2363 3921 gnum
2397 3852 2714 3918 annuntiat,
2737 3867 2861 3907 cum
2894 3851 3068 3907 dicit:
3103 3871 3121 3904 σ
3160 3852 3425 3906 Dominus
3473 3850 3733 3922 regnavit
3762 3866 3787 3901 a

2197 3944 2345 4015 ligno
2369 3944 2543 4019 (Psal.
2562 3947 2706 4020 xcv).
2740 3968 2760 4001 ι
2794 3949 2863 4003 Et
2887 3963 3102 4005 rursum
3129 3967 3143 4003 :
3168 3970 3185 4002 ι
3205 3948 3487 4004 Mittamus
3510 3949 3724 4020 lignum
3742 3949 3787 4001 in

2198 4047 2340 4103 pane
2391 4033 2530 4104 ejus.
2575 4056 2595 4088 ι
2628 4036 2736 4092 Per
2779 4037 3131 4110 Evangelium
3183 4054 3314 4095 vero
3363 4039 3582 4110 lignum
3627 4040 3792 4095 crucis

2200 4130 2388 4194 aperte
2423 4125 2751 4192 ostenditur,
2778 4127 2869 4182 ubi
2900 4128 3018 4199 ipsa
3048 4129 3261 4184 Domini
3286 4129 3496 4198 passio,
3524 4145 3660 4199 qua
3685 4143 3793 4200 pro-

2199 4214 2365 4283 pheta
2396 4223 2500 4282 est,
2536 4216 2863 4272 declaratur.
2895 4217 3037 4274 Rota
3071 4235 3205 4291 ergo
3232 4221 3289 4275 in
3317 4219 3502 4276 medio
3533 4230 3679 4277 rota:
3707 4228 3789 4283 est.

2201 4305 2330 4376 quia
2355 4306 2498 4363 inest
2538 4306 2887 4366 Testamento
2921 4314 3092 4369 veteri
3126 4312 3542 4370 Testamentum
3580 4329 3790 4371 novum.

2203 4398 2292 4465 Et,
2317 4398 2460 4455 sicut
2493 4414 2636 4471 saepe
2666 4401 2781 4472 jam
2815 4404 3068 4471 diximus,
3099 4407 3243 4476 quod
3283 4415 3683 4463 testamentum
3721 4420 3795 4460 ve-

503 4480 604 4537 Sin
647 4493 782 4536 vero
832 4480 1091 4535 animalia
1136 4481 1279 4536 solos
1303 4522 1319 4548 ,
1368 4490 1431 4536 ut
1464 4481 1701 4536 diximus
1728 4480 2101 4553 Evangelistas
2127 4553 2177 4568 “
2205 4500 2293 4545 ιιιε
2337 4491 2608 4561 promisit,
2656 4492 2761 4548 hoc
2809 4510 3013 4550 novum
3052 4496 3316 4553 exhibuit
3363 4496 3432 4552 Et
3475 4498 3630 4568 quod
3678 4496 3793 4553 Μ

496 4570 765 4628 debemus
785 4571 1058 4642 accipere,
1084 4579 1171 4626 est
1197 4572 1374 4627 adhuc
1397 4571 1564 4637 aliud,
1586 4573 1730 4642 quod
1756 4553 2182 4645 consideraren
2206 4553 2415 4638 occulte
2455 4553 2774 4652 adnuntiat,
2819 4587 2923 4644 hoc
2962 4588 3107 4643 istud
3134 4586 3436 4645 exhibitum
3462 4553 3662 4659 aperte
3703 4586 3793 4644 cl:-

496 4661 783 4719 alebemus.
810 4661 1043 4718 Videbat
1075 4663 1220 4719 enim
1248 4671 1472 4719 sanctus
1506 4662 1786 4735 propheta,
1819 4663 1945 4733 quia
1987 4663 2103 4718 haec

494 4755 624 4826 ipsa
648 4754 812 4810 verba
830 4793 849 4822 ,
890 4769 1010 4824 qua:
1030 4755 1455 4811 obscuritatibus
1485 4755 1738 4812 obvoluta
1766 4756 2100 4826 proferebat,

498 4860 616 4909 non
647 4845 867 4915 judaico
892 4845 1091 4916 populo
1114 4885 1131 4913 ,
1161 4837 1531 4919 séd‘gentibus
1559 4850 1952 4919 panderentur.
1988 4847 2099 4903 No-

445 4958 451 4973 ι
504 4938 592 4995 his
614 4938 780 5008 igitur
824 4938 1074 5009 loquens,
1122 4940 1279 5009 prius
1323 4941 1601 5009 animalia,
1655 4952 1712 4998 et
1754 4951 1878 5013 post
1921 4951 2101 4998 rotam

506 5032 819 5089 describere
854 5033 1063 5101 debuit,
1106 5034 1235 5104 quia
1276 5048 1378 5090 nos
1424 5036 1491 5091 ad
1532 5035 1693 5091 ﬁdem
1728 5036 1961 5093 Domino
1990 5035 2102 5090 lar-

507 5124 692 5194 giente
735 5126 1047 5193 venientes,
1097 5142 1204 5183 non
1232 5143 1332 5199 per
1358 5126 1531 5200 legem
1568 5130 1919 5201 Evangelium
1945 5170 1961 5197 ,
2010 5131 2105 5185 sed

506 5227 611 5283 per
642 5224 887 5272 sanctum
915 5218 1269 5289 Evangelium
1298 5219 1469 5291 legem
1490 5220 1798 5278 didicimus.
1834 5222 1939 5278 Ubi
1977 5236 2108 5278 vero

511 5302 601 5359 vel
618 5305 794 5375 qualis
814 5315 933 5364 rota
958 5311 1269 5381 apparuerit
1288 5312 1550 5383 adjungit,
1572 5328 1697 5369 cum
1718 5314 1879 5370 dicit:
1906 5332 1925 5365 ι
1945 5312 2108 5369 Juxta

512 5393 773 5452 animalia
824 5399 1028 5456 habens
1054 5412 1289 5473 quatuor
1338 5403 1526 5461 facies.
1567 5423 1586 5457 ι
1648 5404 1752 5462 Ubi
1783 5406 1960 5461 adhuc
1982 5406 2111 5462 sub-

515 5484 642 5591 dite
709 5506 729 5539 ι
764 5489 834 5543 Et
859 5500 1109 5561 aspectus
1145 5501 1412 5562 rotarum,
1462 5504 1519 5552 et
1547 5510 1683 5567 opus
1712 5512 1899 5553 earum
1953 5498 2107 5568 quasi

515 5578 656 5635 visio
690 5583 895 5647 maris,
939 5592 996 5638 et
1020 5600 1127 5639 una
1171 5587 1469 5643 similitudo
1511 5589 1749 5659 ipsarum
1790 5599 2026 5660 quatuor
2053 5598 2110 5645 et

520 5679 770 5740 aspectus
814 5688 1006 5730 earum
1069 5684 1127 5731 et
1175 5691 1338 5747 opera
1390 5680 1546 5749 quasi
1577 5680 1648 5735 sit
1696 5690 1817 5735 rota
1846 5682 1898 5735 in
1930 5681 2107 5737 medio

521 5770 674 5820 lotae.
714 5784 733 5817 ι
788 5766 928 5834 Quid
953 5768 1164 5823 esthoc
1198 5770 1343 5838 quod
1373 5779 1499 5827 cum
1521 5786 1626 5827 una
1663 5779 1780 5828 rota
1813 5774 2083 5831 diceretur

2197 4682 2337 4727 'mat.
2389 4673 2680 4744 Prophetia
2739 4693 2867 4749 ergo
2913 4678 3244 4736 Testamenti
3302 4681 3429 4738 novi
3484 4682 3793 4739 Testamen-

2214 4770 2328 4817 tum
2353 4772 2509 4821 vetus
2539 4775 2641 4832 est,
2691 4778 2746 4823 et
2784 4771 3048 4841 erpositio
3082 4771 3415 4830 Testamenti
3444 4774 3680 4838 veteris,
3711 4774 3791 4827 Te-

2210 4863 2542 4910 stamentum
2590 4873 2810 4914 novum.
2848 4879 2869 4911 ι
2894 4860 3000 4917 Per
3049 4870 3315 4933 quatuor,
3363 4864 3577 4934 inquit,
3622 4872 3793 4935 partes

2204 4961 2394 5002 earum
2447 4949 2643 5016 ibant,
2689 4958 2743 5006 et
2790 4967 2899 5007 non
2950 4955 3383 5011 revertebantur.
3432 4975 3452 5008 ι
3504 4955 3630 5025 Quo
3682 4957 3792 5012 ὢ

2211 5039 2391 5094 divina
2450 5040 2692 5110 eloquia,
2746 5043 2852 5099 nisi
2903 5045 2971 5101 ad
3002 5046 3166 5103 corda
3220 5047 3503 5103 hominum
3563 5049 3791 5104 vadunt?

2198 5130 2321 5186 :Setl
2374 5147 2472 5201 per
2523 5142 2756 5202 quatuor
2799 5144 2985 5207 partes
3026 5148 3216 5196 euntes
3246 5141 3418 5207 ibant,
3478 5144 3613 5214 quia
3660 5142 3794 5198 Sorr

2212 5231 2369 5292 ptura
2422 5238 2577 5279 sacra
2642 5241 2742 5296 per
2787 5227 2961 5303 legem
3019 5232 3086 5286 ad
3140 5246 3235 5288 eor
3296 5234 3587 5289 hominum
3639 5235 3790 5295 vadit,

2213 5314 2477 5384 signando
2529 5317 2867 5388 mysterium.
2926 5317 3033 5377 Per
3064 5323 3359 5393 prophetas
3414 5326 3603 5393 vadit,
3646 5327 3792 5398 paulo

2217 5413 2458 5483 apertius
2505 5417 2877 5486 prophetando
2930 5420 3238 5479 Dominum.
3296 5426 3404 5481 Per
3451 5426 3793 5498 Evangelium

2212 5506 2381 5571 vadit,
2411 5507 2718 5564 exhibendo
2764 5526 2925 5582 quem
2970 5516 3349 5587 prephetavit.‘
3376 5517 3483 5573 Per
3532 5520 3793 5591 apostoias

2212 5595 2381 5663 vadit,
2403 5598 2748 5668 pra-dicando
2770 5616 2894 5658 eum
2923 5616 3085 5675 quem
3110 5605 3274 5663 Pater
3292 5608 3350 5664 in
3381 5618 3578 5666 nostra
3604 5613 3795 5667 redem-

2217 5688 2403 5760 ptione
2438 5691 2702 5749 exhibuit.
2748 5693 2960 5752 [labent
2988 5712 3117 5769 ergo
3153 5708 3287 5756 rota:
3309 5700 3482 5759 facies
3505 5711 3563 5760 et
3582 5718 3794 5776 pennas.

2215 5782 2342 5853 quia
2372 5785 2660 5840 ostendunt
2687 5802 2841 5843 sacra
2868 5789 3081 5861 eloquia
3121 5792 3368 5848 notitiam
3411 5802 3795 5867 praeceptum
