3938 6360
148 427 266 530 ὲερ

1119 462 1465 520 COMMENT.
1509 462 1573 516 IN
1614 460 2066 518 EZECIIIELEM.
2105 489 2176 499 —
2212 457 2341 513 LIB.
2384 459 2446 513 II.

3313 457 3416 512 550

144 606 286 644 cum
352 588 680 644 exhibitione
719 599 962 656 operum.
1021 581 1087 636 Et
1126 595 1223 650 per
1269 587 1500 648 quatuor
1547 584 1734 645 partes
1769 582 1817 642 Α
1842 572 2011 628 Recta
2036 579 2118 626 est
2142 570 2286 626 enim
2313 571 2365 624 in
2389 571 2696 641 praeceptis,
2722 569 2831 624 alta
2864 571 2917 623 in
2949 571 3414 640 promissionibus,

145 682 379 746 vadunt,
406 681 529 749 quia
577 676 867 741 distinctis,
907 683 968 729 ut
1011 671 1378 744 praediximus,
1409 669 1736 740 temporibus

145 774 476 844 loquuntur,
505 772 593 827 vel
625 781 775 827 certe
804 770 934 840 quia
953 769 1010 823 in
1045 767 1256 822 cunctis
1281 765 1467 821 mundi
1497 764 1733 834 regioni-

144 868 267 924 bus
301 868 640 922 incarnatum
684 861 975 919 Dominum
1005 859 1388 931 praedicabant.
1440 857 1516 912 De
1540 856 1737 926 quibus

1839 668 2115 724 horribilis
2157 667 2213 721 in
2251 666 2435 721 minis.
2485 666 2660 723 Habet
2688 677 2956 722 staturam
3001 683 3123 722 cum
3159 683 3256 736 per
3295 684 3420 738 pro-

1839 763 2058 831 phetam
2107 760 2280 815 dicit:
2311 779 2328 810 ι
2371 757 2644 825 Quiescite
2695 773 2855 831 agere
2904 774 3194 830 perverse,
3227 761 3421 818 discite

1841 850 2189 913 benefacere,
2227 851 2451 919 quaerite
2473 848 2769 917 judicium,
2799 850 3082 906 subvenite
3138 866 3417 922 oppresso,

147 966 349 1028 aperte
377 972 503 1014 mox
547 954 831 1011 subditur:
869 972 887 1003 ‹
917 951 988 1006 Et
1025 950 1437 1006 revertebantur
1462 963 1587 1004 cum
1618 962 1737 1002 am-
1832 939 2071 1009 judicate
2116 940 2352 1011 pupillo,
2403 939 2674 997 defendite
2727 941 2946 996 viduam
2994 940 3130 1014 (Isa.
3169 942 3230 1013 ι).
3275 963 3294 996 ι
3353 943 3424 998 Et

145 1051 430 1106 bularent.
468 1069 488 1103 ›
522 1047 650 1103 Haac
678 1044 928 1116 superius
957 1044 1022 1099 de
1063 1041 1384 1096 animalibus
1408 1039 1554 1094 dicta
1591 1047 1737 1104 sunt,

146 1141 260 1208 sed
284 1156 390 1196 non
421 1141 608 1218 eadem
636 1137 862 1208 intelligi
902 1137 968 1192 de
998 1135 1152 1198 rotis,
1181 1149 1300 1202 qua:
1326 1132 1393 1188 de
1415 1129 1741 1184 animalibus

145 1241 406 1304 possunt.
438 1233 606 1286 Rotas
632 1231 830 1300 quippe
861 1227 1169 1299 signiﬁcare
1197 1224 1546 1280 Testamenta
1595 1220 1739 1276 dixi»

148 1340 302 1380 mus.
373 1323 440 1378 Et
495 1322 902 1377 Testamentum
961 1316 1127 1372 Vetus
1169 1315 1460 1371 ambulavit
1501 1313 1738 1382 quidem,

154 1431 290 1470 cum
366 1430 465 1485 per
528 1412 969 1484 prmdicationem
1045 1409 1114 1463 ad
1179 1415 1386 1462 mentes
1461 1405 1742 1460 hominum

155 1508 341 1573 venit;
391 1506 485 1560 sed
537 1515 661 1575 post
713 1504 1064 1572 semetipsum
1114 1515 1392 1557 reversum
1439 1507 1522 1554 est
1548 1538 1563 1564 ,
1617 1497 1741 1566 quia

145 1596 306 1663 juxta
343 1597 588 1650 litteram
616 1594 674 1647 in
697 1592 982 1664 praeceptis
1009 1590 1123 1645 suis
1149 1605 1203 1644 et
1245 1585 1528 1643 sacriﬁciis
1569 1598 1744 1655 usque

156 1689 225 1742 ad
252 1689 416 1743 ﬁnem
445 1687 651 1743 servari
674 1701 781 1740 non
810 1683 1000 1754 potuit.
1031 1681 1148 1736 Non
1173 1680 1318 1736 enim
1349 1679 1465 1733 sine
1485 1677 1742 1731 immuta-

157 1780 308 1834 tione
360 1779 660 1849 permansit
703 1793 824 1832 cum
858 1777 912 1830 in
961 1789 1028 1828 eo
1075 1772 1335 1844 spiritalis
1388 1768 1743 1841 intelligentia

153 1872 349 1926 defuit.
386 1871 494 1927 Sed
526 1886 647 1926 cum
675 1870 1002 1938 Redemptor
1047 1878 1233 1922 noster
1262 1866 1314 1919 in
1344 1864 1606 1918 mundum
1655 1877 1748 1918 ve-

1840 1049 2054 1088 rursum
2083 1051 2095 1086 :
2134 1052 2152 1083 ‹
2187 1032 2398 1104 Frange
2432 1032 2690 1088 esurienti
2718 1047 2916 1102 panem
2947 1042 3120 1100 tuum,
3149 1041 3204 1090 et
3224 1049 3422 1105 egenos

1838 1143 2114 1200 vagosque
2147 1127 2307 1182 induc
2351 1127 2406 1182 in
2449 1127 2667 1183 domum
2689 1129 2882 1183 tuam.‘
2905 1126 3041 1183 Cum
3083 1127 3284 1184 videris
3325 1145 3424 1184 nu-

1841 1219 1988 1284 dum,
2021 1219 2170 1288 operi
2199 1233 2346 1283 eum,
2390 1225 2445 1272 et
2467 1218 2794 1274 domesticos
2819 1219 3042 1275 seminis
3077 1221 3153 1275 tui
3187 1223 3295 1275 n‘on
3335 1221 3424 1276 de-

1840 1310 2082 1380 spexeris
2111 1309 2246 1381 (Isa.
2284 1309 2459 1380 LVIII).
2503 1329 2522 1360 ›
2567 1308 2740 1366 Habet
2769 1309 3126 1375 altitudinem,
3162 1327 3288 1366 cum
3323 1327 3424 1382 per

1841 1403 2089 1458 eumdem
2106 1401 2424 1472 prophetam
2448 1400 2614 1456 dicit:
2647 1420 2667 1452 ι
2690 1400 2808 1457 Non
2828 1403 2932 1456 erit
2953 1403 3051 1458 tibi
3078 1403 3309 1473 amplius
3344 1404 3428 1460 sol

1843 1490 1909 1544 ad
1931 1489 2215 1544 lucendum
2237 1505 2334 1560 per
2355 1490 2518 1554 diem,
2545 1505 2646 1545 nec
2665 1491 2922 1561 splendor
2941 1491 3082 1547 luna:
3102 1491 3430 1549 illuminabit

1843 1589 1914 1635 te.
1947 1579 2052 1635 Sed
2095 1579 2200 1634 erit
2251 1581 2347 1636 tibi
2378 1581 2636 1636 Dominus
2674 1582 2728 1635 in
2777 1581 2954 1637 lucem
2997 1584 3383 1653 sempiternam
3408 1625 3426 1652 ,

1843 1681 1897 1726 et
1932 1672 2071 1726 Deus
2117 1680 2240 1727 tuus
2283 1671 2338 1726 in
2389 1671 2616 1740 gloriam
2665 1681 2813 1726 tuam
2871 1671 3005 1745 (Ira.
3057 1672 3168 1745 ιχ).
3201 1693 3220 1724 ‹
3255 1672 3430 1728 Habet

1845 1764 2164 1819 horribilem
2231 1773 2507 1833 aspectum
2560 1779 2681 1818 cum
2745 1762 3016 1818 infernum
3070 1765 3426 1830 describens,

1847 1857 2020 1932 dicit:
2057 1875 2076 1906 ‹
2117 1856 2243 1910 Dies
2290 1855 2556 1910 ultionum
2603 1855 2837 1921 Domini,
2886 1871 3056 1911 annus
3113 1856 3430 1911 retributio-

155 1965 257 2028 nit,
304 1965 407 2020 hoc
451 1962 770 2035 spiritaliter
798 1961 926 2016 fecit
960 1959 1220 2027 intelligi,
1268 1956 1411 2027 quod
1456 1954 1748 2011 carnaliter
1775 1941 1822 1999 Β
1850 1963 1981 2001 num
2024 1947 2213 2017 judiCii
2265 1945 2417 2000 δίου·
2451 1947 2518 2000 Ει
2567 1954 2954 2002 Converte!!!“
3003 1944 3272 2002 ιοιτθηῑθε
3313 1945 3431 2014 eius

155 2056 363 2111 invenit
413 2055 604 2110 teneri.
653 2054 841 2123 Itaque
886 2053 1012 2108 dum
1055 2050 1372 2122 spiritaliter
1417 2049 1597 2103 littera
1627 2046 1744 2115 ejus

155 2147 494 2218 intelligitur,
538 2146 716 2201 omnis
755 2146 809 2200 in
840 2159 905 2200 eo
944 2143 1032 2199 illa
1065 2142 1297 2198 carnalis
1325 2140 1588 2196 exhibitio
1607 2125 1745 2192 'vivi-

153 2242 307 2296 ﬁcat.
363 2239 773 2294 Testamentum
828 2251 959 2291 vero
985 2250 1208 2299 novum,
1236 2233 1404 2287 etiam
1432 2246 1530 2301 per
1577 2237 1746 2283 testa-

153 2332 329 2388 menti
357 2331 560 2387 veteris
582 2331 832 2400 paginas,
858 2335 1241 2384 testamentum
1271 2333 1532 2378 mternum
1569 2321 1748 2393 appel-

153 2425 326 2481 latum
346 2432 448 2489 est,
477 2423 602 2494 quia
649 2422 958 2478 intellectus
986 2420 1128 2474 illius
1167 2433 1444 2487 nunquam
1481 2426 1741 2473 mutatur.

153 2518 306 2573 Bene
341 2531 471 2588 ergo
501 2516 702 2571 dicitur
727 2513 870 2585 quod
911 2532 929 2564 ‹
968 2521 1103 2576 rotae
1126 2519 1318 2566 euntes
1345 2510 1517 2574 ibant,
1549 2516 1603 2563 et
1636 2523 1743 2563 non

152 2609 576 2665 revertebantur
603 2621 728 2661 cum
750 2603 1112 2659 ambularent.
1160 2622 1179 2655 ι
1223 2600 1363 2668 Quia
1389 2600 1517 2656 dum
1545 2613 1744 2654 novum

157 2701 567 2758 Testamentum
597 2715 704 2754 non
735 2698 1085 2764 rescinditur,
1111 2697 1238 2752 dum
1267 2704 1424 2750 vetus
1438 2694 1553 2765 jam
1582 2693 1744 2765 spiri-

158 2794 342 2849 taliter
390 2793 721 2850 intellectum
763 2800 1018 2846 tenetur:
1049 2798 1172 2860 post
1221 2804 1281 2844 se
1331 2803 1438 2843 non
1495 2784 1743 2848 redeunt,

153 2903 282 2958 qua:
315 2902 490 2957 usque
533 2887 602 2940 ad
627 2885 792 2940 ﬁnem
824 2883 1012 2938 mundi
1039 2880 1398 2936 immutabilia
1421 2877 1744 2948 persistunt.

151 2977 455 3034 Ambulant
481 2991 610 3047 ergo
629 3017 643 3039 ,
671 2976 768 3030 sed
793 2990 902 3030 non
927 2980 1273 3029 revertuntur
1303 2990 1315 3024 :
1359 2971 1487 3040 quia
1526 2969 1606 3024 sic
1641 2967 1749 3036 spi-

154 3071 394 3128 ritaliter
414 3071 483 3126 ad
516 3085 613 3126 eor
636 3077 881 3124 nostrum
906 3067 1151 3133 veniunt,
1181 3072 1242 3119 ut
1265 3079 1451 3119 eorum
1478 3069 1748 3132 praecepta

153 3164 245 3220 vel
274 3163 451 3218 studia
501 3161 727 3216 ulterius
757 3176 864 3214 non
909 3167 1206 3213 mutentur.
1236 3155 1530 3224 Sequitur:
1571 3171 1590 3204 ί
1628 3152 1750 3206 Sta-

159 3265 287 3308 tura
317 3267 531 3322 quoque
557 3258 675 3306 erat
701 3251 836 3305 rotis
860 3257 916 3304 et
941 3248 1168 3303 altitudo
1192 3256 1249 3302 et
1271 3243 1550 3301 horribilis
1591 3256 1746 3310 aspe-

156 3358 300 3404 ctus.
339 3369 358 3400 ›
389 3348 528 3414 Quid
558 3355 642 3402 est
663 3347 808 3416 quod
832 3344 1130 3415 Scripturae
1159 3357 1328 3400 sacrae
1373 3339 1602 3410 eloquiis
1640 3338 1748 3392 tria

159 3443 282 3512 haec
311 3440 491 3495 inesse
538 3444 854 3501 narrantur,
892 3444 954 3490 ut
981 3443 1272 3500 staturam,
1317 3429 1658 3486 altitudinem
1693 3435 1750 3483 et

159 3531 483 3588 horribilem
539 3538 815 3600 aspectum
844 3569 858 3594 ,
915 3527 971 3582 id
1025 3536 1142 3592 est,
1199 3524 1497 3582 terribilem
1549 3523 1751 3577 habere

156 3622 567 3678 memorentur?
619 3619 979 3688 Quaerendum
1034 3618 1195 3673 nobis
1249 3629 1577 3687 magnopere
1633 3621 1749 3679 est,

158 3732 286 3788 quae
339 3716 534 3770 divinae
573 3713 869 3785 Scriptura:
926 3719 1169 3777 statura,
1201 3725 1322 3780 qua:
1367 3709 1618 3773 altitudo,
1658 3706 1751 3777 qui

156 3806 441 3862 horribilis
469 3812 721 3876 aspectus
751 3805 968 3860 dicitur.
999 3801 1295 3858 Sciendum
1335 3809 1419 3854 est
1443 3813 1593 3867 ergo,
1623 3797 1752 3866 quia

157 3906 370 3953 statura
398 3898 466 3952 ad
494 3898 664 3952 vitam
699 3895 949 3967 congruit
976 3895 1114 3949 bene
1135 3891 1432 3964 operantis.
1459 3888 1614 3945 Unde
1656 3903 1754 3959 per

157 3991 393 4047 Paulum
451 3991 650 4046 dicitur
691 3989 742 4060 (Ι
775 3987 898 4042 Cor.
933 3985 990 4058 ι)
1023 4005 1036 4041 :
1076 4005 1095 4037 ‹
1142 3986 1244 4054 Qui
1290 3993 1420 4050 stat,
1453 3983 1636 4038 videat
1686 3996 1755 4036 ne

155 4084 344 4140 cadat.
378 4104 397 4136 ι
436 4081 539 4148 Qui
574 4081 740 4134 etiam
770 4076 1046 4145 discipulis
1093 4075 1222 4132 dicit
1257 4093 1271 4128 :
1311 4095 1328 4126 ‹
1367 4073 1458 4128 Sic
1510 4080 1650 4128 state
1697 4072 1754 4127 in

152 4176 423 4238 Domino,
453 4171 764 4225 charissimi
797 4167 1019 4242 (Philip.
1048 4167 1146 4239 1v).
1174 4186 1193 4218 ι
1232 4165 1302 4222 Ει
1346 4165 1630 4235 pr0pheta,
1660 4163 1754 4232 qui

149 4284 226 4326 se
276 4266 388 4320 vita
428 4279 493 4318 ac
537 4263 781 4318 moribus
824 4271 950 4317 ante
1004 4259 1292 4316 Dominum
1336 4256 1584 4320 videbat,
1617 4255 1694 4308 ait
1738 4273 1751 4308 :

163 4377 189 4410 ι
222 4356 373 4413 Vivit
415 4355 695 4420 Dominus,
725 4355 780 4409 in
807 4353 962 4424 cujus
1006 4358 1300 4420 conspectu
1337 4358 1422 4404 sto
1448 4346 1569 4420 (ΙΙΙ
1619 4345 1750 4418 Reg.

157 4449 324 4519 xvn).
348 4467 366 4501 ι
386 4447 629 4502 Altitudo
645 4453 730 4501 est
750 4444 988 4501 caelestis
1008 4443 1162 4514 regni
1177 4442 1485 4515 promissio,
1509 4441 1575 4494 ad
1592 4454 1753 4509 quam

163 4554 298 4598 tunc
326 4539 672 4611 pertingitur,
703 4538 918 4608 quando
959 4533 1208 4592 mortalis
1251 4535 1375 4589 vita
1425 4532 1603 4589 omnis
1631 4547 1754 4586 cor-

164 4635 349 4704 ruptio
375 4630 714 4701 subjugatur.
766 4628 1054 4683 llorribilis
1081 4641 1212 4682 vero
1257 4635 1508 4694 aspectus
1531 4632 1615 4678 est
1637 4632 1752 4679 ter--

161 4741 262 4782 ror
305 4725 597 4797 gehennae,
628 4735 748 4789 quae
794 4719 912 4775 sine
961 4718 1070 4773 ﬁne
1116 4717 1377 4787 reprobos
1425 4716 1670 4780 cruciat,
1698 4721 1755 4769 et

161 4831 385 4886 semper
409 4814 466 4870 in
495 4812 741 4868 cruciatu
765 4815 1068 4866 conservat.
1100 4805 1324 4862 Statura
1350 4819 1480 4875 ergo
1503 4805 1560 4859 in
1593 4805 1754 4860 recti-

165 4906 358 4964 tudine
404 4903 785 4977 praeceptionis
813 4911 915 4958 est.
944 4898 1189 4954 Altitudo
1213 4898 1270 4952 in
1295 4895 1615 4952 celsitudine
1665 4910 1755 4950 su-

159 5013 354 5072 pernae
407 4997 804 5073 promissionis.
864 4991 1152 5049 llorribilis
1203 5004 1333 5046 vero
1380 4997 1654 5058 aspectus,
1697 4988 1753 5042 in

162 5090 332 5146 minis
359 5095 520 5157 atque
547 5086 843 5142 terroribus
865 5082 1112 5154 supplicii
1141 5080 1440 5150 sequentis.
1470 5077 1751 5148 Scriptura

163 5184 336 5255 igitur
356 5197 510 5236 sacra
533 5188 794 5236 staturam
820 5177 1016 5244 habet;
1047 5176 1175 5246 quia
1199 5189 1380 5230 mores
1408 5173 1477 5228 ad
1500 5172 1755 5227 standum

163 5274 377 5344 dirigit,
404 5282 464 5329 ut
499 5272 808 5329 auditorum
838 5278 1047 5326 mentes
1069 5270 1140 5325 ad
1179 5278 1450 5324 terrenam
1501 5267 1756 5336 concupi-

162 5368 435 5424 scentiam
488 5381 599 5422 non
648 5372 962 5421 curventur.
992 5361 1347 5416 Altitudinem
1391 5359 1574 5423 habet,
1627 5359 1755 5428 quia

163 5464 223 5518 in
257 5458 462 5515 ccelesti
490 5457 669 5529 patria
697 5463 913 5512 aeternae
936 5454 1060 5508 vitae
1092 5453 1284 5523 gaudia
1306 5452 1594 5522 promittit.
1620 5451 1758 5506 Hor-

166 5553 388 5608 ribilem
408 5565 630 5620 quoque
660 5556 941 5620 aspectum
970 5545 1165 5608 habet,
1210 5544 1335 5613 quia
1366 5543 1615 5618 omnibus
1662 5557 1750 5596 re-

161 5643 356 5717 probis
384 5643 643 5714 gehennae
681 5639 944 5711 supplicia
988 5637 1250 5692 minatur.
1298 5634 1546 5691 Ostendit
1589 5634 1755 5704 igitur

163 5745 440 5792 staturam
491 5749 647 5790 suam
694 5734 751 5789 in
800 5731 1160 5787 aediﬁcatione
1214 5743 1471 5792 morum,
1519 5726 1758 5782 ostendit

164 5827 517 5884 altitudinem
567 5825 623 5879 in
669 5823 1025 5895 promissione
1080 5820 1428 5892 praemiorum
1451 5859 1465 5883 ,
1521 5817 1757 5873 ostendit

166 5921 492 5987 horribilem
538 5927 814 5990 aspectum
840 5959 854 5984 ,
895 5915 950 5971 in
1007 5914 1304 5972 terroribus
1346 5911 1752 5984 suppliciorum.

1848 2039 1902 2093 in
1931 2039 2129 2107 picem,
2159 2046 2214 2093 et
2247 2039 2442 2092 humus
2482 2037 2598 2106 ejus
2645 2038 2700 2091 in
2745 2037 3004 2108 sulphur,
3035 2047 3092 2092 et
3135 2038 3243 2107 erit
3283 2046 3432 2092 terra

1849 2129 1965 2198 ejus
1998 2129 2053 2182 in
2080 2129 2254 2199 picem
2292 2129 2592 2194 ardentem,
2617 2137 2774 2184 nocte
2799 2137 2854 2183 et
2883 2129 2969 2184 die
2991 2143 3100 2183 non
3123 2128 3436 2199 exstingue-

1849 2232 1937 2277 tur
1975 2224 2030 2277 in
2078 2223 2469 2292 sempiternum
2501 2220 2648 2292 (Isa.
2698 2221 2920 2292 xxxw).
2959 2221 3129 2290 Igitur
3179 2218 3434 2276 Ezechiel

1847 2316 2110 2385 propheta
2141 2331 2266 2369 cum
2312 2315 2378 2368 de
2421 2314 2553 2369 rotis
2595 2314 2928 2384 loqueretur,
2959 2312 3250 2382 adjunxit:
3297 2331 3316 2364 ‹
3363 2311 3434 2368 Et

1851 2413 2021 2460 totum
2057 2420 2256 2476 corpus
2307 2405 2527 2475 plenum
2583 2404 2756 2459 oculis
2800 2404 2857 2458 in
2905 2403 3138 2458 circuitu
3190 2403 3435 2473 ipsorum

1848 2507 2101 2570 quatuor.
2133 2519 2151 2549 ι
2179 2497 2281 2566 Qui
2308 2499 2453 2553 enim
2480 2513 2586 2552 non
2612 2497 2874 2567 ipsarum,
2897 2496 2990 2552 sed
3013 2497 3252 2565 ipsorum
3276 2494 3434 2560 dixit,

1848 2591 2092 2662 profecto
2117 2592 2342 2656 indicat,
2371 2591 2496 2661 quia
2532 2599 2754 2659 repente
2775 2603 2954 2644 sermo
2981 2587 3097 2656 ejus
3121 2603 3153 2641 a
3183 2588 3319 2642 rotis
3367 2585 3437 2640 ad

1849 2683 2103 2738 animalia
2133 2683 2330 2748 rediit;
2362 2698 2461 2753 per
2483 2695 2604 2750 qua:
2630 2680 2888 2735 nimirum
2936 2677 3165 2748 perfecti
3213 2678 3437 2747 quique,

1849 2784 1908 2830 ut
1937 2776 2258 2846 praedictum
2291 2786 2394 2840 est,
2427 2773 2800 2844 designantur.
2849 2769 3092 2840 Corpora
3120 2770 3285 2841 igitur
3319 2768 3436 2823 ani-

1849 2865 2075 2920 malium
2113 2873 2427 2920 sanctorum
2474 2863 2680 2919 idcirco
2709 2863 2867 2932 plena
2903 2861 3075 2917 oculis
3120 2860 3440 2916 describun-

1854 2967 1968 3023 tur;
2007 2957 2134 3026 quia
2173 2965 2485 3012 sanctorum
2539 2956 2681 3010 actio
2725 2955 2794 3009 ab
2822 2955 2969 3010 omni
3020 2961 3174 3025 parte
3203 2954 3438 3010 circum-

1851 3059 2036 3120 specta
2061 3058 2164 3115 est,
2190 3051 2330 3104 bona
2372 3047 2805 3104 desiderabiliter
2829 3048 3137 3116 providens,
3171 3046 3315 3101 mala
3353 3060 3441 3102 so-

1851 3139 2016 3195 lerter
2051 3155 2270 3195 cavens.
2300 3139 2368 3193 Et
2391 3139 2495 3194 hoc
2522 3147 2607 3193 est
2637 3137 2981 3202 laboriosius,
3007 3137 3096 3191 ubi
3127 3144 3439 3194 sanctorum

1853 3246 2006 3286 mens
2042 3231 2392 3285 vehementer
2419 3227 2681 3300 invigilat,
2712 3243 2781 3283 ne
2807 3243 2867 3284 se
2885 3235 3011 3282 ante
3043 3242 3232 3282 eorum
3255 3225 3443 3282 oculos

1854 3321 1994 3376 mala
2025 3323 2124 3376 sub
2148 3320 2412 3375 bonorum
2436 3319 2617 3390 specie
2650 3318 3003 3374 abscondant.
3034 3317 3441 3385 Circumspecta

1854 3430 1982 3486 ergo
2005 3424 2088 3470 est
2112 3416 2223 3468 vita
2255 3423 2586 3478 sanctorum,
2615 3427 2682 3466 ne
2711 3412 2791 3466 sic
2814 3411 2885 3466 sit
2909 3410 3102 3475 libera,
3124 3417 3186 3463 ut
3209 3408 3445 3478 superba

1855 3509 1927 3563 sit
1953 3526 1965 3561 :
2000 3506 2128 3577 quia
2155 3522 2297 3576 saepe
2325 3506 2582 3575 superbia
2606 3503 2822 3560 excedit
2860 3503 2914 3556 in
2942 3502 3156 3567 verbis;
3187 3509 3243 3557 et
3266 3498 3444 3555 videri

1855 3599 2058 3670 appetit
2085 3598 2310 3653 libertas
2334 3597 2589 3666 puritatis
2616 3612 2686 3651 ne
2706 3595 2785 3650 sic
2809 3595 2882 3650 sit
2901 3593 3121 3648 humilis
3150 3599 3208 3646 ut
3247 3591 3442 3646 formi-

1855 3691 2042 3746 dolosa
2074 3708 2087 3743 :
2116 3690 2243 3759 quia
2271 3689 2560 3759 aliquando
2583 3688 2778 3742 timore
2815 3685 3035 3756 stringit
3079 3686 3345 3749 animum,
3383 3691 3445 3738 ut

1856 3782 2002 3854 loqui
2041 3797 2161 3852 quae
2203 3788 2354 3836 recta
2393 3787 2520 3835 sunt
2560 3794 2668 3834 non
2695 3783 3010 3847 praesumat,
3045 3777 3140 3831 sed
3169 3784 3352 3830 tamen
3383 3773 3442 3826 in

1858 3875 1975 3944 ipsa
2003 3871 2192 3928 timida
2225 3871 2556 3941 cogitatione
2591 3869 2852 3924 humilem
2874 3882 2994 3923 esse
3017 3882 3075 3922 se
3099 3865 3337 3922 simulat.
3363 3862 3444 3919 Ne

1857 3967 1937 4022 sic
1968 3965 2040 4020 sit
2077 3979 2242 4034 parca
2269 3972 2330 4017 ut
2376 3972 2536 4016 tenax
2567 3961 2673 4016 sit:
2715 3960 2840 4029 quia
2881 3959 3201 4029 plerumque
3229 3955 3446 4011 tenacia

1856 4056 2189 4129 parcimonia
2217 4055 2420 4126 appetit
2461 4053 2719 4109 aestimari
2761 4060 2820 4106 ut
2841 4051 2992 4120 juste
3036 4066 3102 4104 ac
3130 4047 3445 4104 necessarie

1859 4149 2104 4204 videatur
2135 4155 2339 4209 tenere,
2370 4143 2630 4212 quidquid
2661 4141 2838 4211 egenti
2859 4141 3108 4211 proximo
3137 4137 3447 4192 misericor-

1858 4237 1999 4292 diter
2027 4251 2132 4291 non
2169 4235 2285 4290 vult
2311 4234 2642 4304 impendere,
2685 4246 2756 4286 ne
2784 4231 2862 4286 sic
2900 4230 2972 4284 sit
3007 4229 3342 4293 misericors,
3384 4235 3448 4281 ut

1858 4329 2026 4390 eﬁ‘usa
2061 4331 2166 4396 sit;
2195 4329 2322 4400 quia
2345 4339 2734 4396 nonnunquam
2771 4321 2964 4379 effusio
2987 4336 3108 4377 esse
3133 4320 3447 4377 misericor-

1859 4427 1948 4482 dia
1988 4431 2230 4495 putatur.
2258 4422 2419 4477 Aliud
2448 4427 2531 4476 est
2554 4419 2701 4475 enim
2737 4416 2956 4488 pietatis
2989 4416 3168 4472 studio
3196 4429 3447 4470 necessa-

1858 4519 1940 4575 ria
1961 4503 2224 4591 proximis
2262 4517 2414 4581 dare,
2445 4522 2606 4583 atque
2647 4511 2793 4567 aliud
2833 4525 2896 4566 ea
2939 4525 3058 4579 quae
3097 4508 3444 4578 possidentur

1860 4612 1978 4668 sine
2013 4609 2279 4666 mercedis
2305 4607 2605 4663 intentione
2641 4605 2973 4673 dispergere.
3006 4600 3276 4670 Quidquid
3313 4614 3444 4669 ergo

1863 4705 2038 4776 agitur
2093 4702 2150 4756 in
2208 4701 2391 4755 radice
2443 4696 2790 4758 intentionis,
2817 4693 3155 4762 pensandum
3189 4699 3305 4756 est,
3340 4704 3447 4758 quo

1863 4797 2057 4852 merito
2096 4793 2235 4864 apud
2269 4791 2530 4864 judicium
2568 4784 2835 4842 creatoris
2875 4784 3162 4839 habeatur.
3203 4781 3356 4838 Unde
3394 4790 3450 4836 et

1864 4889 2007 4942 idem
2033 4892 2250 4940 creator
2277 4881 2412 4935 dixit
2445 4897 2457 4932 :
2499 4897 2518 4928 ι
2553 4876 2612 4932 Si
2638 4875 2826 4931 oculus
2857 4883 2983 4930 tuus
3009 4871 3237 4942 simplex
3262 4871 3445 4938 fuerit,

1865 4985 2036 5034 totum
2071 4989 2267 5044 corpus
2294 4980 2445 5026 tuum
2467 4969 2707 5024 lucidum
2737 4967 2844 5022 erit
2864 4965 3078 5039 (Matth.
3117 4962 3214 5034 vi).
3253 4982 3272 5014 ι
3299 4961 3445 5017 Ocu-

1863 5071 1975 5125 lum
2004 5067 2255 5124 videlicet
2277 5065 2648 5127 intentionem,
2679 5076 2876 5132 corpus
2896 5072 3024 5113 vero
3055 5057 3323 5112 actionem
3344 5070 3445 5111 no-

1865 5163 2098 5218 minans.
2130 5161 2263 5227 Quia
2288 5159 2330 5214 si
2363 5166 2551 5214 nostra
2572 5154 2802 5213 intentio
2847 5152 2988 5222 apud
3017 5151 3188 5204 Deum
3217 5148 3447 5220 simplex

1863 5254 2044 5319 fuerit,
2094 5253 2148 5307 in
2177 5251 2294 5320 ejus
2327 5249 2534 5318 judicio
2583 5256 2769 5302 nostra
2816 5243 2960 5298 actio
3002 5240 3288 5296 tenebrosa
3335 5253 3446 5294 non

1862 5347 1985 5401 erit.
2009 5344 2175 5416 Igitur
2201 5343 2328 5412 quia
2355 5341 2530 5398 sancti
2558 5339 2659 5394 viri
2711 5336 2941 5393 solerter
2966 5331 3268 5402 invigilant,
3299 5338 3362 5386 ut
3383 5344 3445 5386 se

1863 5439 2101 5508 undique
2126 5435 2414 5505 aspiciant,
2448 5433 2652 5502 ubique
2679 5426 3008 5490 custodiant,
3043 5438 3113 5478 ne
3159 5430 3252 5478 aut
3300 5421 3444 5476 mala

1861 5541 2082 5602 propter
2107 5545 2173 5585 ea
2202 5530 2317 5598 ipsa
2344 5533 2619 5597 appetant,
2650 5532 2742 5576 aut
2778 5521 2892 5575 haec
2922 5516 3024 5572 sub
3067 5515 3247 5587 specie
3271 5515 3445 5571 bono-

1860 5641 1978 5679 rum
2017 5631 2197 5695 agant,
2227 5620 2432 5676 seilicet
2455 5634 2522 5672 ne
2552 5631 2610 5670 se
2634 5616 2713 5670 eis
2741 5614 2872 5668 vitia
2895 5612 3125 5666 virtutes
3148 5625 3270 5665 esse
3293 5623 3447 5664 men-

1861 5717 2094 5779 tiantur;
2131 5722 2302 5768 totum
2331 5723 2526 5779 corpus
2557 5707 2773 5776 plenum
2800 5705 2856 5758 in
2883 5702 3116 5758 circuitu
3144 5698 3315 5754 oculis
3341 5697 3444 5752 ha-

1859 5812 1988 5866 bent
2019 5829 2030 5862 :
2068 5809 2195 5878 quia
2225 5805 2402 5862 omnis
2427 5818 2618 5859 eorum
2642 5802 2783 5856 actio
2812 5795 3154 5869 providentia
3180 5794 3444 5850 sollicitu-

1861 5903 2003 5959 dinis
2048 5909 2106 5955 et
2160 5899 2399 5969 repletur
2441 5905 2498 5952 et
2529 5892 2918 5951 circumdatur.
2987 5886 3127 5942 Hinc
3159 5893 3244 5946 est
3298 5883 3441 5954 quod
