3938 6360
518 447 617 501 531

1155 443 1216 497 Β.
1259 439 1513 497 RABANI
1550 438 1769 497 MAURI
1801 437 2117 495 ARCHIEP.
2163 435 2467 499 MOGUNT.
2509 432 2796 493 OPERUM
2832 431 3013 488 PARS
3049 430 3114 487 ll.

3704 426 3807 487 533

518 557 715 616 Paulus
737 555 1029 637 apostolus,
1058 556 1186 610 dum
1206 556 1419 615 crudam
1448 556 1735 627 pwiitenti
1754 556 1819 615 de
1849 554 2089 610 facinore
2115 555 2164 631 Α
2189 560 2432 624 peccant,
2475 560 2625 608 recte
2662 550 2861 609 dicitur
2904 558 3077 609 totum
3107 563 3305 621 corpus
3336 560 3547 613 eorum
3577 543 3803 617 plmm

518 657 827 724 perpetrato
851 645 1162 707 Corinthios
1188 647 1525 717 prospiceret
1558 647 1788 705 voluisse
1824 646 2089 710 misereri,

520 742 641 797 ait:
671 760 691 794 ι
727 739 785 796 Si
829 741 923 799 cui
968 739 1171 809 aliquid
1221 739 1464 795 donastis
1493 748 1548 793 et
1585 754 1703 808 ego.
1737 738 1873 793 Nam
1902 748 1958 793 et
1995 752 2094 808 ego

522 838 673 910 quod
695 837 910 899 donavi,
938 850 1037 906 per
1061 850 1156 892 vos
1187 834 1243 889 in
1264 849 1497 904 persona
1519 832 1737 896 Christi,
1772 841 1831 887 ut
1856 848 1961 887 non
1990 832 2095 886 cir-

523 931 930 990 cumveniamur
963 945 994 982 a
1026 927 1227 987 Satana
1260 946 1273 981 :
1305 943 1414 982 non
1454 927 1598 985 enim
1644 928 1955 995 ignoramus
2005 939 2097 979 co-

522 1027 811 1099 gitationes
862 1025 979 1095 ejus
1008 1023 1095 1096 (ll
1121 1019 1353 1093 Contr).
1391 1043 1408 1075 ι
1457 1020 1515 1076 Si
1570 1021 1713 1076 enim
1763 1020 2096 1090 parcendum

524 1133 633 1173 non
664 1125 802 1181 erat,
825 1132 922 1173 cur
942 1130 1000 1172 se
1028 1114 1331 1171 humilitate
1362 1120 1512 1169 tanta
1539 1112 1805 1168 voluntati
1852 1112 2094 1182 discipu-

522 1207 698 1263 lorum
724 1206 981 1277 magister
1007 1205 1257 1277 egregius
1291 1205 1488 1268 sociat,
1514 1212 1573 1261 ut
1604 1220 1779 1273 neque
1816 1204 1930 1273 ipse
1955 1218 1985 1257 a
2016 1203 2097 1256 di-

524 1299 764 1370 scipulis,
820 1314 994 1368 neque
1054 1300 1125 1354 ab
1181 1314 1253 1361 es
1302 1296 1546 1366 discipuli
1600 1298 1654 1352 in
1708 1296 2098 1366 eompassionis

521 1407 687 1449 causa
709 1392 865 1447 divisi
893 1393 1224 1457 viderentur,
1260 1392 1362 1449 nisi
1387 1393 1513 1463 quia
1545 1391 1780 1449 sollicito
1813 1391 2100 1463 providen-

524 1482 614 1538 tia:
640 1482 798 1539 oculo
831 1483 1097 1547 attendit,
1123 1482 1273 1551 quod
1311 1481 1628 1552 plerumque
1658 1482 1785 1537 dum
1817 1479 1952 1533 alter
1999 1479 2100 1534 do-

523 1580 643 1637 nat,
677 1570 814 1627 alter
838 1571 1092 1629 irascitur
1118 1570 1142 1625 ‘l
1189 1571 1254 1625 Et
1297 1571 1455 1640 quale
1477 1578 1559 1625 est
1583 1571 1693 1641 jam
1719 1568 2102 1625 misericordia

521 1664 869 1730 sacriﬁcium,
894 1662 1039 1733 quod
1063 1677 1189 1717 cum
1229 1661 1500 1717 discordia
1540 1661 1787 1730 proximo
1836 1657 2102 1715 ollcrtur?

522 1756 679 1812 Unde
699 1763 845 1811 certe
871 1754 988 1810 ait:
1025 1772 1045 1805 ι
1087 1753 1158 1809 Ut
1179 1768 1287 1808 non
1311 1751 1801 1808 circumveniamur
1822 1767 1852 1805 a
1875 1748 2100 1813 Satana,

520 1862 635 1903 non
659 1848 805 1903 enim
833 1847 1144 1916 ignoramus
1172 1844 1527 1915 cogitationes
1561 1841 1695 1910 ejus.
1737 1861 1755 1893 ι
1788 1841 1921 1908 Quia
1957 1840 2104 1895 vide-

520 1937 650 1994 licet
673 1938 797 1994 inde
824 1938 879 1992 in
909 1936 1133 1991 alterius
1158 1935 1322 1990 corde
1354 1934 1484 1988 rixa:
1510 1933 1711 1987 malum
1738 1932 1876 1987 solet
1903 1930 2103 1986 immit-

522 2041 664 2095 tere,
695 2030 838 2086 unde
886 2029 1115 2084 alterum
1142 2027 1407 2098 conspicit
1436 2026 1654 2095 pietatis
1700 2024 1977 2096 negotium
2020 2022 2101 2077 fe-

522 2123 695 2188 cisse;
720 2120 1103 2192 imperfectum
1139 2120 1287 2175 enim
1314 2120 1515 2175 bonum
1557 2126 1674 2184 est,
1699 2118 1845 2187 quod
1875 2117 1953 2172 sic
1986 2115 2102 2186 agi-

520 2221 640 2277 tur,
674 2222 735 2269 ut
756 2230 824 2269 ne
847 2214 977 2283 quid
1013 2213 1061 2268 ei
1090 2229 1156 2269 ex
1186 2212 1291 2266 alio
1318 2211 1488 2267 latere
1512 2210 1639 2265 mali
1686 2211 1964 2279 subrepat,
1998 2223 2103 2262 non

520 2306 851 2363 attendatur.
900 2304 1014 2360 Nisi
1068 2304 1209 2361 forte
1268 2303 1399 2367 hoc,
1454 2304 1599 2373 quod
1639 2302 1755 2357 sine
1802 2300 2103 2370 cuiuspiam

517 2398 777 2456 seandalo
828 2397 951 2453 ﬁeri
996 2414 1104 2453 non
1154 2404 1361 2467 potest,
1401 2395 1559 2465 culpa
1608 2395 1680 2455 sit
1726 2409 1836 2455 non
1886 2392 2100 2447 fecisse.

518 2488 637 2546 Hoc
679 2504 811 2545 vero
853 2489 974 2545 ideo
1000 2488 1251 2552 dicimus,
1277 2497 1336 2545 ut
1364 2494 1557 2543 notum
1602 2496 1801 2555 vestrae
1830 2483 2104 2543 dilectioni

520 2576 940 2646 faciamus~quia
969 2578 1023 2631 in
1071 2587 1262 2633 nostro
1310 2578 1452 2632 bono
1488 2590 1653 2645 opere
1702 2574 1991 2644 aliquando
2015 2589 2106 2635 ea-

519 2671 758 2728 vendum
799 2680 885 2728 est
910 2670 1220 2727 scandalum
1249 2671 1507 2742 proximi,
1527 2671 1813 2742 aliquando
1839 2685 1968 2726 vero
2009 2684 2106 2738 pro

520 2764 695 2819 nihilo
720 2765 1192 2820 contemnendum.
1223 2764 1381 2832 Quod
1407 2765 1465 2821 in
1513 2765 1633 2835 ipse
1658 2771 1843 2821 nostro
1888 2769 2105 2827 auctore

520 2855 843 2921 didicimus,
871 2855 984 2924 qui,
1018 2855 1147 2910 dum
1179 2857 1440 2912 tributum
1484 2855 1651 2911 Petro
1674 2855 1934 2926 inquisito
1959 2860 2105 2923 pete-

513 2954 693 3013 retur,
722 2947 876 3016 prius
916 2948 1233 3020 paradigma
1262 2949 1564 3018 proposuit,
1606 2963 1714 3018 quo
1751 2962 1809 3003 se
1852 2946 1991 3003 nihil
2016 2945 2107 3001 de—

517 3035 653 3095 bere
698 3037 978 3107 respondit
1005 3037 1247 3097 dicens:
1303 3056 1323 3091 ς
1380 3037 1555 3108 Reges
1611 3046 1790 3103 terra},
1836 3052 1866 3091 a
1912 3036 2107 3106 quibus

520 3126 799 3197 accipiunt
849 3128 1113 3184 tributum
1138 3128 1231 3185 vel
1253 3142 1511 3194 censum,
1537 3144 1565 3183 a
1597 3128 1723 3185 ﬁliis
1764 3127 1878 3182 suis
1931 3142 1998 3183 an
2039 3125 2107 3180 ab

520 3215 749 3273 alienis?
801 3217 1018 3291 (Matth.
1053 3218 1263 3291 sum):
1322 3218 1429 3281 Cui.
1448 3236 1577 3275 cum
1620 3220 1914 3285 diceretur,
1964 3236 1985 3270 ι
2038 3217 2106 3272 ab

2196 645 2388 703 oculis.

2272 757 2289 789 ‹
2328 736 2571 806 Cumque
2586 736 2925 797 ambularent
2948 732 3224 803 muralia,
3263 730 3805 803 ambulabamnari-

2202 850 2223 887 ς
2259 840 2339 889 ter
2380 838 2438 886 et
2471 841 2605 887 rotae
2628 828 2784 900 juxta
2814 843 2899 882 ea.
2932 827 3000 889 Et
3029 842 3155 889 cum
3198 824 3566 887 elevareutut‘
3596 824 3803 889 anima-

2202 940 2221 974 ‹
2260 922 2331 976 lia
2373 924 2441 981 de
2483 930 2652 983 terra.
2682 920 3034 976 elevabantur
3059 916 3215 974 simul
3244 924 3298 972 et
3328 924 3507 980 reue,
3547 930 3803 985 quocum-

2204 1028 2223 1063 ι
2259 1028 2363 1083 que
2386 1012 2499 1067 ibat
2546 1012 2789 1083 spiritus,
2819 1010 2947 1067 illuc
2972 1016 3132 1065 eunte
3162 1007 3358 1079 spiritu
3391 1014 3455 1073 et
3487 1014 3643 1063 rota:
3670 1008 3802 1078 pari-

2204 1122 2226 1159 t
2264 1112 2344 1160 ter
2370 1103 2691 1159 levabantur
2718 1111 3006 1174 sequentes
3038 1118 3182 1157 eum.
3226 1100 3471 1171 Spiritus
3497 1100 3662 1156 enim
3693 1102 3799 1155 vita

2205 1216 2227 1249 ι
2262 1205 2378 1253 erat
2402 1198 2454 1252 in
2482 1197 2634 1253 rotis.
2658 1195 2793 1252 Cum
2817 1196 3068 1251 euntibus
3097 1195 3268 1258 ibant,
3291 1202 3347 1248 et
3368 1208 3511 1257 cum
3536 1192 3799 1247 stantibus

2207 1309 2224 1342 ι
2264 1290 2520 1345 stabant:
2551 1298 2608 1346 et
2634 1305 2758 1347 cum
2783 1289 3006 1345 elevatis
3047 1303 3077 1342 a
3120 1295 3289 1350 terra,
3341 1285 3577 1356 pariter
3635 1283 3795 1338 elua-

2207 1402 2229 1434 ι
2262 1381 2459 1439 bantur
2480 1391 2535 1437 et
2567 1390 2697 1437 rota:
2721 1422 2737 1447 ,
2777 1388 3062 1451 sequentes
3092 1395 3155 1436 ea
3175 1420 3191 1443 ,
3236 1378 3362 1448 quia
3410 1378 3665 1448 spiritus
3694 1377 3795 1429 vita

2207 1491 2228 1527 ι
2264 1481 2382 1528 erat
2410 1474 2466 1531 in
2494 1474 2647 1530 rotis.
2687 1494 2706 1526 ι
2756 1472 3024 1546 (Hieron)
3050 1471 3295 1540 Quatuor
3320 1469 3605 1529 animalia
3655 1470 3792 1539 spiri-

2203 1572 2325 1629 tum
2382 1564 2750 1635 sequebantur
2786 1573 2843 1620 et
2895 1565 3099 1623 nubem
3148 1579 3268 1634 qua:
3311 1570 3435 1623 erat
3488 1562 3557 1615 in
3602 1564 3793 1629 spiritu,

2205 1671 2529 1727 rursumque
2554 1667 2687 1714 rota:
2710 1656 2841 1713 dum
2861 1656 3115 1715 animalia
3144 1665 3521 1726 sequerentur
3544 1653 3791 1709 elevantur

2204 1766 2265 1808 se
2289 1750 2357 1807 de
2381 1759 2551 1816 terra,
2593 1764 2934 1819 nequaquam
2977 1747 3256 1813 animalia,
3286 1746 3389 1807 sed
3422 1746 3701 1817 spiritum
3726 1762 3793 1801 se-

2208 1845 2549 1915 quebantur,
2578 1849 2638 1897 ut
2683 1842 3033 1899 ostenderent
3085 1839 3367 1911 propriam
3430 1838 3791 1897 voluntatem.

2207 1935 2337 2006 quia
2392 1934 2615 2003 spiritus
2667 1933 2790 1988 vita:
2827 1931 3023 1987 eratin
3066 1932 3220 1987 rotis.
3277 1930 3411 1985 Tria
3447 1938 3653 1986 autem
3679 1931 3792 1983 etin

2205 2026 2529 2091 animalibus
2582 2033 2635 2080 et
2684 2024 2738 2078 in
2793 2024 2962 2093 rotis,
3016 2023 3219 2094 pariter
3270 2023 3648 2087 indicantur,
3695 2038 3793 2077 cum

2207 2125 2445 2181 starent,
2476 2131 2604 2171 cum
2626 2114 2984 2177 ambularent,
3017 2130 3143 2169 cum
3170 2113 3573 2178 elevarentur;
3619 2128 3732 2185 qua
3754 2120 3794 2163 ei

2207 2210 2464 2267 animalia
2507 2219 2562 2264 et
2612 2216 2743 2264 rotae
2799 2208 2853 2262 in
2902 2222 3191 2263 conunune
3248 2206 3568 2266 faciebant.
3637 2205 3793 2276 Nque

2208 2304 2357 2367 enim
2390 2302 2659 2358 stantibus
2688 2301 3032 2366 animalibus,
3056 2308 3189 2356 rotae
3214 2308 3487 2370 poterant
3505 2300 3792 2361 ambul-tm

2208 2411 2309 2452 nec
2329 2393 2733 2451 ambulantibus
2768 2410 2930 2464 super
2969 2403 3172 2451 terram
3216 2391 3591 2463 animalibus,
3610 2391 3795 2455 elevare

2211 2503 2271 2544 se
2320 2496 2477 2552 rotae,
2516 2486 2610 2541 sed
2655 2500 2885 2556 quorum
2912 2500 3027 2540 una
3050 2492 3169 2540 erat
3212 2484 3389 2550 actio,
3436 2500 3561 2547 una
3606 2491 3794 2543 eratet

2208 2583 2425 2651 requies
2454 2589 2512 2636 et
2559 2594 2751 2639 cursus
2788 2587 2841 2632 et
2887 2577 3138 2635 elevatie.
3187 2574 3567 2646 Secundoque
3598 2577 3793 2632 dicitur.

2209 2672 2337 2742 quia
2362 2671 2584 2742 spiritus
2613 2670 2741 2727 vitat
2765 2677 2885 2727 erat
2908 2668 2967 2723 in
3002 2667 3177 2729 rotis:
3210 2676 3273 2726 ut
3316 2682 3684 2739 nequaquam
3719 2682 3795 2720 vas

2210 2764 2432 2833 aliquod
2467 2762 2794 2823 arbitremur
2821 2769 3083 2825 rotarum,
3114 2775 3251 2830 quas
3274 2760 3333 2815 in
3357 2761 3657 2833 carpentis
3673 2760 3797 2830 plan-

2208 2864 2449 2913 strorum
2474 2851 2875 2927 rbedarumque
2886 2859 2940 2907 et
2959 2850 3565 2923 curruumaspicimus,
3581 2851 3678 2913 sed
3704 2849 3796 2907 ani-

2208 2946 2439 3015 mantia,
2474 2945 2585 3003 imo
2640 2957 2805 3013 super
2856 2942 3153 3001 animantia
3202 2956 3217 2995 :
3274 2960 3293 2993 ι
3350 2942 3647 3007 Animalia
3673 2942 3795 2998 enin

2209 3038 2375 3103 homo
2403 3052 2513 3107 una
2536 3035 2767 3107 percipit
2791 3048 2855 3107 ea
2879 3050 3000 3105 quae
3026 3040 3152 3095 sunt
3171 3032 3407 3103 spiritus
3432 3032 3485 3103 (Ι
3510 3032 3644 3095 Cor.
3674 3034 3747 3099 υ).
3778 3052 3791 3082 l

2208 3128 2331 3187 istm
2365 3142 2499 3199 ergo
2526 3134 2659 3185 rota:
2677 3165 2693 3192 ,
2724 3122 3005 3196 in’quibus
3031 3132 3153 3179 erat
3177 3124 3413 3195 spiritus
3441 3125 3573 3189 vita;
3594 3165 3611 3190 ,
3636 3124 3795 3180 omnia

2211 3223 2411 3289 ordine
2447 3220 2654 3277 faciunt
2692 3225 2855 3289 atque
2882 3232 3155 3282 mensura,
3180 3217 3499 3286 habentque
3531 3232 3663 3272 cum
3697 3217 3795 3271 ani-

518 3308 735 3376 alicnis,
768 3329 789 3363 ι
833 3310 978 3366 illico
1003 3311 1329 3381 respondit:
1363 3328 1384 3363 ι
1427 3311 1570 3380 Ergo
1591 3310 1745 3367 liberi
1768 3316 1895 3364 sunt
1925 3307 2038 3363 lilii.
2083 3325 2101 3360 ι
2136 3305 2180 3368 C
2213 3314 2486 3375 mantibus
2502 3311 2871 3377 concordiam,
2897 3318 3187 3381 sequentes
3211 3323 3295 3375 ea,
3330 3317 3387 3375 et
3416 3324 3521 3380 per
3556 3324 3629 3373 ea
3651 3309 3799 3380 Spiri-

520 3398 635 3458 Sed
666 3411 954 3471 postquam
986 3417 1045 3457 se
1088 3402 1323 3458 liberum
1346 3418 1494 3459 esse-
1513 3402 1849 3465 monstravit,
1881 3415 1950 3457 ne
1990 3399 2103 3463 for-

520 3504 671 3552 tasse
714 3497 1029 3552 scandalum
1077 3498 1339 3566 cuiquam
1386 3496 1622 3567 faceret,
1658 3497 1995 3555 subdidit“
2037 3496 2106 3554 Ut

521 3594 702 3642 autem
744 3602 853 3644 non
897 3588 1329 3645 scandalizemus
1379 3590 1668 3658 eos,vade
1721 3589 1791 3645 ad
1838 3604 2022 3653 mare,
2052 3596 2106 3645 et

520 3678 678 3733 mitte
719 3679 969 3745 hamum,
996 3688 1053 3735 et
1086 3695 1210 3735 eum
1253 3681 1457 3751 piscem
1500 3682 1593 3751 qui
1621 3681 1774 3752 prius
1803 3679 2108 3737 ascenderit

527 3768 691 3835 tolle,
715 3777 775 3825 et
798 3780 997 3841 aperto
1035 3786 1130 3827 ore
1165 3769 1283 3841 ejus
1329 3772 1571 3829 invenies
1617 3780 1907 3835 staterem;
1957 3771 2105 3833 ﬂium

527 3876 748 3917 sumens
780 3862 849 3917 da
877 3863 959 3918 eis
1001 3878 1107 3933 pro
1135 3878 1224 3919 me
1269 3872 1329 3919 et
1380 3873 1453 3920 te.
1513 3883 1539 3916 ι
1592 3863 1695 3931 Qui
1724 3879 1943 3918 rursum
1983 3878 2106 3925 cum

522 3953 775 4008 diceret:
808 3972 829 4009 ι
869 3953 1011 4021 Quia
1037 3970 1199 4011 omne
1228 3956 1381 4025 quod
1416 3956 1479 4010 in
1510 3970 1572 4010 os
1597 3955 1785 4021 intrat,
1818 3971 1931 4011 non
1962 3955 2103 4011 eoin-

525 4046 719 4116 quinat
770 4046 1071 4114 hominem,
1116 4058 1246 4104 tunc
1294 4049 1614 4105 accedentes
1656 4048 1905 4118 discipuli
1952 4048 2105 4104 (lixa-

521 4146 653 4193 runt
676 4152 695 4191 :
731 4137 853 4194 Scis
876 4141 1005 4209 quia
1032 4139 1315 4206 Pharisaei,
1338 4140 1524 4203 audito
1546 4141 1649 4196 hoc
1670 4142 1854 4207 verbo,
1882 4142 2107 4196 acanth-

518 4227 669 4282 lizati
699 4237 845 4284 sunt.
875 4229 945 4284 At
970 4230 1057 4283 ille
1087 4232 1421 4301 respondens
1448 4232 1526 4286 ait
1564 4250 1578 4285 :
1626 4230 1815 4295 Omnis
1844 4231 2107 4301 plarutatio

522 4334 685 4387 quam
713 4334 819 4373 non
843 4320 1105 4389 plantavit
1129 4320 1290 4375 Pater
1327 4336 1485 4379 meus
1519 4322 1775 4385 calentis,
1804 4320 2105 4379 cradicabir

525 4415 656 4462 tur:
692 4409 853 4463 sinite
874 4409 1013 4475 illos,
1037 4410 1173 4466 caici
1197 4420 1322 4466 sunt
1342 4420 1399 4467 et
1416 4411 1582 4469 mices
1599 4426 1864 4469 essein-um
1890 4409 2103 4481 (Μαωι

523 4511 636 4564 xv;
686 4497 856 4554 Marc.
902 4499 1021 4573 vn).
1064 4521 1083 4552 ι
1129 4501 1268 4558 Ecce
1316 4504 1576 4575 magistra
1628 4503 1879 4569 Veritas,
1926 4517 1995 4563 ne
2053 4502 2121 4568 in,

526 4590 891 4661 quorumdam
918 4591 1175 4649 cordibus
1200 4593 1513 4649 scandalum
1536 4594 1863 4665 gigneretur,
1888 4601 1946 4648 et
1965 4595 2109 4664 quod

2212 3416 2327 3465 tum
2338 3413 2609 3472 sanctum,
2622 3404 2733 3461 imo
2751 3402 2944 3461 mediis
2963 3402 3342 3474 praetermissis
3362 3402 3547 3459 sancti
3580 3401 3797 3482 Spiritus

2209 3502 2472 3561 societate
2512 3500 2825 3570 gaudentes.
2869 3498 2999 3567 Quae
3034 3498 3217 3559 omnia
3238 3498 3399 3569 juxta
3447 3497 3703 3569 prium
3732 3499 3797 3555 in-

2213 3593 2597 3665 telligentiam,
2636 3589 2802 3647 varia:
2854 3588 3287 3660 interpretationi
3342 3589 3598 3659 prudens
3651 3588 3797 3645 lector

2207 3686 2407 3757 poterit
2438 3692 2711 3753 coaptare.
2746 3678 2953 3753 (Greg.)
2982 3700 3000 3733 ι
3036 3681 3299 3751 Cumque,
3330 3680 3543 3752 inquit,
3570 3679 3798 3737 ambula-

2208 3785 2333 3833 rent
2380 3775 2634 3831 animalia
2657 3815 2673 3840 ,
2710 3772 3059 3831 ambulabant
3099 3774 3305 3842 pariter
3363 3781 3421 3831 et
3451 3782 3633 3838 tot-.2,
3655 3773 3795 3842 juxta

2209 3883 2293 3927 ea.
2332 3867 2402 3922 Et
2430 3866 2561 3921 dum
2604 3865 2952 3923 clerarentur
2981 3862 3237 3923 animalia
3282 3862 3348 3921 de
3404 3872 3609 3927 terra.
3635 3863 3795 3921 eleva-

2208 3958 2407 4017 bantur
2437 3955 2599 4013 simul
2627 3964 2682 4017 et
2712 3963 2863 4011 rotae.
2896 3974 2923 4007 ι.
2951 3953 3317 4013 Ambulabant
3342 3955 3625 4013 animalia
3642 3997 3665 4023 ,
3687 3972 3796 4012 CIII

2210 4052 2386 4113 sath
2436 4051 2541 4106 viri
2578 4051 2639 4105 in
2663 4048 2949 4120 Scriptura
2984 4063 3144 4111 sacra
3191 4047 3503 4118 intelligunt
3545 4048 3797 4120 quemad-

2209 4142 2437 4203 modum
2486 4141 2764 4203 moraliter
2816 4141 3022 4207 vivant.
3068 4140 3364 4199 Elevantur
3407 4154 3551 4195 vero
3588 4156 3625 4197 a
3668 4150 3794 4197 terra

2211 4235 2490 4299 animalia,
2522 4250 2643 4290 cum
2673 4233 2851 4295 sancti
2885 4231 2984 4293 viri
3015 4246 3074 4289 se
3102 4231 3152 4293 in
3179 4230 3659 4301 contemplatione
3692 4245 3795 4291 sus-

2208 4330 2470 4405 pendunt.
2521 4328 2586 4382 Et
2632 4327 2765 4399 quia
2809 4325 3178 4397 unusquisque
3232 4332 3552 4383 sanctorum
3607 4333 3797 4396 qualn

2212 4422 2409 4491 ipsein
2427 4420 2718 4491 Scriptura
2740 4434 2901 4491 sacra
2935 4417 3243 4489 profecerit,
3279 4426 3432 4474 tanto
3464 4418 3593 4473 haec
3619 4418 3796 4473 eadem

2213 4508 2499 4581 Scriptura
2530 4526 2691 4566 sacra
2709 4509 2931 4579 prolicii
2955 4509 3099 4578 apud
3125 4508 3297 4579 ipsum
3325 4526 3339 4561 :
3371 4516 3523 4564 recte
3555 4509 3793 4565 dicitur:

2220 4621 2241 4652 ι
2266 4600 2403 4657 Cum
2427 4600 2771 4659 ambularent
2792 4598 3064 4662 animalia,
3096 4598 3445 4653 ambulabant
3493 4599 3717 4667 pariter
3752 4606 3795 4649 et

524 4698 635 4739 non
666 4678 854 4740 debuit
903 4684 1175 4747 tributum
1197 4685 1345 4743 dedit
1363 4702 1387 4751 °,
1412 4694 1469 4741 et
1500 4701 1736 4751 rursum,
1768 4684 1894 4755 quia
1946 4700 2106 4755 gone
2135 4675 2187 4735 D
2211 4702 2367 4760 ποιηθεὶ
2394 4702 2601 4751 etcum
2618 4693 2961 4753 elevareutur
2986 4692 3241 4749 animalia
3292 4692 3357 4747 de
3404 4701 3597 4759 terra.
3625 4693 3793 4751 eleu-

526 4773 637 4827 rari
664 4774 977 4831 scandalum
1002 4776 1059 4831 in
1086 4777 1449 4844 quorundam
1469 4776 1725 4835 cordibus
1750 4785 1943 4835 contra
1967 4777 2108 4835 veri-

525 4875 694 4921 tatem
720 4866 876 4933 vidit,
907 4867 961 4921 in
991 4882 1091 4923 suo
1119 4883 1213 4924 eos
1247 4868 1502 4925 seandalo
1530 4883 1813 4924 remanere
1838 4868 2103 4938 permisit.

524 4956 602 5011 Ex
630 4973 735 5027 qua
757 4973 817 5012 re
838 4959 995 5014 nobis
1015 4960 1475 5017 eomiderandum,
1491 4971 1595 5029 est,
1622 4962 1747 5031 quia
1770 4962 1824 5016 in
1844 4972 2104 5032 quantum

525 5048 647 5103 sine
676 5057 901 5117 peccato
956 5064 1269 5119 possumus,
1298 5050 1477 5107 vitare
1519 5053 1893 5120 proximorum
1942 5068 2102 5109 scan-

436 5140 439 5145 ’
525 5138 711 5193 dalum
757 5142 1035 5198 debemus.
1072 5140 1129 5199 Si
1178 5150 1360 5199 autem
1403 5143 1468 5198 de
1506 5144 1736 5200 veritate
1785 5144 2102 5199 scandalum

533 5234 786 5301 sumitur,
811 5238 997 5293 utilius
1036 5238 1368 5309 permittitur
1394 5240 1546 5295 nasci
1567 5241 1876 5295 scandalum
1898 5282 1911 5304 ,
1941 5256 2103 5309 quam

524 5326 726 5381 veritas
771 5329 1126 5400 relinquatur.
1170 5331 1308 5398 Quia
1346 5346 1480 5402 ergo
1508 5340 1819 5387 sanctorum
1871 5342 2101 5398 mentes,

523 5418 765 5487 undique
808 5436 868 5474 se
906 5422 1108 5476 circum
1140 5421 1493 5492 inspicientes
1516 5421 1817 5492 invigilant,
1848 5433 2010 5492 atque
2050 5424 2103 5477 in

524 5508 675 5562 omni
699 5523 801 5563 suo
833 5525 997 5579 opere
1020 5513 1235 5580 pavoris
1259 5520 1315 5567 et
1337 5511 1709 5568 sollicitudinis
1762 5513 1981 5569 oculum
2002 5514 2105 5569 cir—

526 5596 882 5662 cumducunt,
931 5614 999 5653 ne
1058 5610 1149 5656 aut
1198 5616 1367 5671 prava
1415 5610 1599 5673 agant,
1631 5615 1724 5658 aut
1768 5613 1937 5670 recta,
1983 5620 2101 5673 qua:

524 5697 803 5757 praecepta.
841 5698 968 5745 sunt
996 5706 1105 5745 non
1129 5703 1312 5764 agant,
1333 5704 1431 5751 aut
1455 5696 1612 5751 bonis
1639 5698 1847 5752 actibus
1875 5697 2102 5768 expletis

525 5777 583 5835 in
608 5779 720 5834 suis
752 5781 1175 5852 cogitationibus
1199 5785 1591 5854 intumescant,
1622 5795 1678 5845 et
1705 5797 1856 5847 tanto
1883 5792 2101 5861 gravius

524 5867 820 5938 oll'endant,
851 5880 1065 5943 quamn
1092 5874 1229 5946 justi
1269 5876 1520 5939 videntur
1566 5878 1709 5945 foris
1745 5890 1800 5939 et
1835 5882 2099 5941 occultius

2210 4785 2412 4841 bantur
2436 4783 2683 4841 similiter
2707 4792 2767 4841 et
2785 4792 2939 4842 reue.
2969 4802 2995 4837 ι
3021 4784 3165 4851 (yria
3180 4782 3363 4837 divina
3388 4782 3655 4857 eloan
3680 4785 3791 4837 dmu

2209 4874 2464 4947 leguntur
2490 4883 2777 4941 crescunt;
2812 4889 2941 4931 nam
2966 4882 3112 4931 tanto
3137 4874 3225 4929 illa
3271 4875 3509 4945 quisque
3535 4876 3793 4933 intenuit

2209 4964 2393 5031 altius,
2417 4973 2631 5037 quanto,
2668 4965 2729 5023 in.
2762 4964 2842 5019 eis
2870 4965 3031 5023 altius
3058 4964 3304 5025 intendit.
3357 4964 3517 5022 Unde
3564 4982 3670 5029 nec
3692 4968 3789 5021 ch:-

2208 5066 2407 5113 vantur
2433 5063 2566 5112 rota:
2586 5096 2600 5117 ,
2631 5057 2683 5111 si
2707 5070 2815 5113 non
2844 5055 3124 5113 elevantur
3172 5056 3445 5113 animalia.
3500 5057 3655 5126 Quia
3700 5056 3791 5113 nisi

2206 5146 2499 5218 legentium
2546 5156 2755 5205 mentes
2784 5150 2851 5204 ad
2878 5149 2986 5205 alta
3027 5148 3391 5221 profecerim,
3417 5151 3611 5211 divina
3658 5154 3790 5207 dicta

2206 5241 2353 5296 velut
2388 5242 2445 5295 in
2465 5241 2586 5296 imis
2607 5258 2725 5297 non,
2743 5242 3013 5299 intellecta
3026 5240 3235 5312 iacent.
3254 5243 3391 5301 Cum
3416 5246 3570 5301 enim

2206 5330 2431 5389 cuilibet
2454 5346 2637 5387 sermo
2659 5330 2952 5405 Scriptura:
2972 5334 3381 5404 sacraetepidus
3398 5334 3645 5397 videtur,
3680 5351 3791 5389 soc-

2206 5436 2298 5477 sus
2346 5421 2517 5475 divini
2564 5421 2763 5492 eloquii
2799 5422 2913 5491 ejus
2952 5432 3187 5481 mentem
3216 5440 3329 5483 non
3374 5426 3607 5490 excitat.
3642 5436 3701 5481 et
3744 5432 3791 5480 in

2205 5512 2531 5583 cogitatione
2559 5528 2659 5568 sua
2684 5514 2830 5573 nullo
2858 5513 3156 5571 intellectus
3183 5514 3385 5575 lumine
3408 5518 3659 5583 emicat;
3680 5529 3792 5570 nota

2206 5616 2261 5663 ct
2285 5606 2457 5661 otiosa
2479 5607 2616 5663 etin
2652 5615 2796 5683 terra
2824 5613 2924 5671 est,
2960 5608 3093 5677 quia
3112 5608 3321 5675 animal
3343 5625 3457 5667 non.
3483 5609 3741 5673 elevatur
3763 5624 3792 5663 ε.

2207 5709 2371 5757 terra.
2397 5700 2467 5755 At
2509 5716 2645 5756 vero
2668 5700 2719 5757 si
2741 5700 2939 5759 animal
2984 5700 3237 5765 ambulet,
3272 5701 3335 5757 id
3372 5711 3490 5768 est,
3517 5702 3668 5769 bene
3721 5703 3793 5755 rio

2205 5792 2365 5849 veudi
2394 5792 2643 5851 ordinem
2669 5800 2876 5863 quierat
2891 5834 2905 5859 ,
2930 5800 2989 5851 et
3010 5806 3105 5864 per
3125 5808 3373 5866 gressum
3413 5792 3597 5849 cordis
3644 5793 3794 5849 inse

2204 5885 2329 5951 uitat
2366 5884 2821 5961 quemadmodum
2875 5900 3116 5961 gressum
3176 5885 3305 5946 boni
3367 5886 3553 5963 tuteris
3588 5895 3795 5967 ponat.
