3938 6360
169 362 370 420 535‘

1129 365 1480 425 COMMENT.
1523 365 1588 420 IN
1629 363 2080 422 EZECHJELEM.
2121 394 2190 404 —
2226 363 2352 422 LIB.
2392 362 2457 422 Π.

3341 365 3446 424 8⁸54

177 474 464 558 ambulant
501 480 706 552 pariter
758 487 815 537 et
857 491 1018 539 rotae.
1063 481 1200 551 Quia
1245 492 1453 541 tantum
1503 486 1558 540 in
1607 501 1764 540 sacro
1792 488 1842 547 Α
1869 499 2032 539 nemo
2073 473 2387 540 sanctorum
2417 483 2490 538 ad
2515 483 2791 542 cmlestem
2845 483 3074 556 gloriam
3111 485 3214 542 nisi
3241 486 3446 558 patien-

176 573 394 643 eloquio
423 571 730 643 profectum
755 573 988 640 invenis,
1017 583 1278 644 quantum
1320 577 1462 647 apud
1490 576 1625 632 illud
1651 578 1766 647 ipse

177 663 496 735 profeceris.
526 663 584 718 Si
639 679 770 721 vero
811 676 1108 736 pennath
1153 667 1354 722 animal
1405 682 1524 724 sese
1559 668 1615 723 in
1645 684 1768 729 con_

180 756 590 828 temptationem
640 757 950 824 tetenderit,
981 765 1114 813 rotae
1151 760 1401 828 protinus
1426 774 1460 814 a
1485 767 1630 815 terra
1652 759 1764 816 ele-

177 860 398 906 vantur.
432 851 574 919 Quia
615 860 832 910 terrena
857 868 968 908 non
989 867 1111 909 esse
1163 853 1439 925 intellig-is,
1465 869 1585 923 qua
1616 855 1768 924 prius

178 941 242 998 in
285 957 442 998 sacro
482 942 695 1014 eloquio
713 942 872 1012 juxta
894 951 1168 1000 terrenum
1196 960 1404 1000 morem
1429 946 1568 1001 dicta
1598 946 1767 1002 credi-

179 1035 332 1100 disti,
363 1034 526 1104 ﬁtque
560 1042 619 1088 ut
653 1033 946 1105 Scriptum
974 1051 1143 1091 sacrae
1168 1038 1333 1090 verba
1361 1036 1606 1092 coelestia
1647 1051 1766 1091 esse

177 1127 386 1181 sentias
412 1166 426 1190 ,
464 1127 512 1182 si
555 1141 815 1184 accensus
861 1144 962 1198 per
1011 1129 1486 1199 contemplationis
1537 1132 1765 1200 gratiam

179 1216 523 1285 temetipsum
574 1217 650 1271 ad
678 1218 918 1273 caelestia
964 1219 1280 1288 suspendas.
1325 1220 1392 1272 Et
1440 1220 1575 1274 mira
1607 1229 1768 1290 atque

179 1304 470 1361 ineliirbilis
513 1307 654 1364 sacri
700 1308 894 1377 eloquii
943 1307 1117 1362 virtus
1147 1309 1482 1378 agnoscitur,
1515 1326 1636 1364 cum
1679 1327 1768 1365 su-

174 1409 352 1463 perno
380 1412 561 1452 amore
582 1397 807 1469 legentis
847 1399 1061 1453 animus
1082 1408 1416 1469 penetratur.
1455 1399 1592 1466 Quia
1637 1416 1766 1472 ergo

178 1489 386 1543 animal
439 1489 512 1545 ad-
548 1491 653 1544 alta
687 1508 745 1546 se
773 1492 1036 1556 sublevat,
1094 1500 1212 1548 rota
1256 1493 1438 1559 volat;
1473 1495 1716 1563 sequitur
1749 1511 1762 1546 :

180 1596 200 1626 ι
247 1577 575 1648 Quocunque
605 1581 720 1640 ibat
737 1582 979 1651 spiritus,
1011 1582 1137 1638 illuc
1165 1591 1326 1638 eunte
1346 1584 1540 1654 spiritu
1560 1592 1615 1639 et
1638 1591 1768 1638 rotae

171 1671 386 1739 pariter
431 1671 752 1734 levabantur
802 1684 1085 1744 sequentes
1143 1691 1287 1730 eum.
1350 1695 1369 1728 ι
1428 1677 1580 1731 Rotze
1623 1678 1765 1752 enim

172 1763 432 1832 Spiritum
481 1774 816 1834 sequuntur,
848 1767 972 1836 quia
1022 1768 1187 1822 verba
1245 1768 1389 1822 sacri
1444 1767 1767 1837 eloquii,ut

1871 578 2003 632 tiam
2029 577 2294 634 servando
2318 576 2582 648 pervenit.
2611 576 2766 644 Quod
2791 577 2906 646 ipse
2935 585 3123 633 auctor
3151 586 3207 634 et
3237 579 3447 635 redem-

1867 677 1993 738 ptor
2039 666 2258 737 generis
2305 666 2567 732 humani,
2621 675 2776 737 sputa
2795 707 2809 733 ,
2866 666 3152 737 colaphos,
3202 670 3446 740 spineam

1868 773 2146 825 coronam,
2168 774 2417 826 crucem,
2452 759 2697 815 lanceam
2743 758 3004 829 pertulit,
3034 767 3088 814 et
3119 767 3299 816 tamen
3345 777 3446 832 pro

1867 850 2304 920 persecutoribus
2341 850 2519 906 oravit
2542 848 2762 922 (Matth.
2795 865 2944 915 xxvi,
2972 848 3165 920 xxvn).
3215 849 3276 905 Si
3319 851 3447 906 vita:

1869 945 2091 1014 Spiritus
2124 944 2349 1016 legentis
2397 943 2635 998 animum
2663 943 2734 999 ad
2777 943 3017 998 studium
3044 941 3446 1012 prmdicationis

1868 1035 2105 1100 excitat;
2159 1035 2342 1089 statim
2396 1040 2694 1102 sequuntur.
2749 1041 2804 1090 et
2836 1041 2984 1088 rota:
3029 1047 3043 1086 :
3092 1033 3222 1104 quia
3268 1033 3324 1087 in
3361 1049 3446 1088 sa-

1869 1126 1979 1180 cris
2027 1126 2256 1196 eloquiis
2308 1125 2512 1182 invenit
2547 1124 2756 1197 (Exod.
2805 1124 2873 1197 v)
2922 1125 3065 1194 quod
3111 1124 3322 1196 Moyses
3359 1123 3446 1193 ju-

1869 1217 2031 1272 bente
2062 1217 2292 1274 Domino
2336 1228 2524 1275 contra
2570 1218 2791 1291 Egypti
2837 1233 3043 1288 regem,
3069 1218 3121 1271 in
3144 1217 3362 1287 quantis
3389 1233 3446 1272 se

1869 1310 2268 1378 praedicationis
2315 1311 2483 1365 libere
2510 1312 2690 1365 verbis
2717 1309 2920 1375 erexit,
2953 1310 3095 1378 quod
3144 1309 3446 1378 Stephanus

1869 1401 2068 1457 Judmis
2090 1405 2478 1474 perlidentilms
2499 1404 2702 1460 diceret
2731 1422 2743 1458 :
2782 1422 2802 1455 ι
2833 1404 2941 1459 Vos
2966 1419 3179 1473 semper
3220 1402 3443 1472 Spiritui

1871 1505 2060 1552 sancto
2105 1497 2382 1551 restitistis
2427 1495 2563 1568 (Act.
2594 1495 2715 1567 vn),
2755 1515 2776 1548 ι
2819 1510 2918 1549 nec
2966 1495 3105 1550 inter
3143 1493 3346 1565 lapides
3388 1494 3452 1547 ti-

1871 1589 2050 1642 muit“
2076 1587 2232 1654 Quod
2281 1587 2474 1641 Petrus
2492 1627 2506 1651 ,
2535 1585 2766 1642 fustibus
2807 1600 2978 1641 caesus
2998 1626 3012 1650 ,
3040 1599 3109 1640 ne
3137 1585 3190 1639 in
3231 1585 3449 1639 nomine

1870 1678 2000 1733 Jesu
2051 1679 2390 1748 loqueretur,
2417 1693 2538 1733 cum
2587 1693 2783 1748 magna
2825 1677 3075 1732 libertate
3123 1678 3444 1747 respondit:

1878 1788 1898 1821 ‹
1951 1769 2182 1826 Obedire
2237 1778 2451 1840 oportet
2513 1768 2625 1824 Deo
2690 1770 2861 1839 magis
2912 1784 3074 1839 quam
3136 1767 3446 1824 hominibus

170 1871 324 1924 saepe
373 1855 488 1924 jam
517 1857 720 1914 dictum
766 1867 847 1912 est
873 1900 886 1923 ,
910 1859 1064 1928 juxta
1100 1874 1318 1914 sensum
1347 1860 1638 1930 legentium
1668 1876 1766 1930 per
1793 1853 1842 1914 Β
1870 1859 2104 1932 (Act.v).
2129 1881 2146 1912 ι
2174 1861 2327 1927 Quod
2351 1860 2550 1916 Paulus
2575 1869 2891 1916 catenarum
2911 1859 3142 1914 vinculis
3169 1859 3452 1930 stringitur

173 1948 512 2004 intellectum
553 1960 821 2014 crescunt.
856 1954 911 2007 in
964 1969 1070 2006 una
1113 1955 1256 2008 enim
1308 1954 1608 2024 eademque
1658 1970 1772 2009 sen-

171 2043 350 2097 tentia
379 2043 692 2115 Scriptnrae,
729 2047 868 2101 alius
912 2048 1025 2102 sola
1078 2048 1300 2103 historia
1337 2049 1597 2118 pascitur,
1635 2051 1772 2105 alius

172 2135 451 2205 typicant,
509 2135 648 2191 alius
707 2153 842 2192 vero
903 2154 995 2209 per
1061 2148 1241 2211 typum
1301 2143 1772 2212 contemplativam

177 2228 592 2298 intelligentiam
641 2232 852 2300 quierit.
900 2233 965 2286 Et
995 2233 1054 2286 ﬁt
1108 2249 1516 2303 nonnunquam,
1546 2244 1606 2289 ut
1634 2236 1772 2290 dixi-

173 2343 336 2388 mus,
361 2336 416 2381 ut
479 2328 532 2381 in
586 2343 690 2382 una
721 2329 1019 2398 eademque
1058 2330 1327 2384 sententia
1379 2339 1572 2384 cuncta
1613 2331 1772 2386 simul

177 2420 284 2473 tria
332 2419 548 2473 valeant
586 2419 837 2474 inveniri.
896 2420 1032 2488 Quia
1064 2421 1229 2492 igitur
1269 2421 1412 2477 dicta
1463 2422 1603 2477 sacri
1661 2423 1770 2478 elo-

179 2512 300 2583 quii
365 2527 494 2568 cum
555 2512 843 2582 legentium
928 2515 1120 2586 spiritu
1179 2525 1553 2582 excrescunt;
1623 2526 1770 2572 recte

175 2619 328 2658 nunc
396 2603 633 2669 dicitur,
686 2625 704 2655 ι
757 2620 1096 2675 quocumque
1150 2606 1266 2660 ibat
1315 2605 1574 2676 spiritus,
1644 2606 1770 2663 illuc

177 2703 344 2749 eunte
384 2695 578 2764 spiritu
607 2704 666 2750 et
716 2705 854 2752 rotae
894 2698 1107 2766 pariter
1133 2698 1503 2764 elevabantur,
1539 2713 1772 2770 sequen-

176 2795 267 2840 tes
333 2802 477 2841 eum.
526 2807 546 2839 ι
595 2788 666 2842 Et
709 2789 956 2844 subditur
1006 2807 1019 2843 :
1078 2809 1098 2842 ι
1160 2788 1394 2859 Spiritus
1443 2792 1584 2846 enim
1646 2793 1772 2847 vitae

175 2887 303 2933 erat
345 2878 398 2932 in
428 2878 578 2933 rotis.
625 2899 646 2931 ι
685 2879 743 2934 In
771 2880 905 2934 rotis
940 2879 1084 2934 enim
1113 2881 1334 2949 spiritus
1361 2880 1484 2934 vitae
1510 2889 1611 2947 est,
1644 2882 1768 2950 quia

175 2985 282 3040 per
311 2985 464 3026 sacra
494 2971 706 3041 eloquia
732 2973 872 3027 dono
895 2973 1116 3043 spiritus
1144 2973 1508 3038 viviﬁcamur,
1539 2981 1600 3026 ut
1625 2987 1770 3027 mor-

177 3062 346 3116 tifera
379 3078 410 3116 a
441 3063 595 3118 nobis
625 3078 787 3132 opera
819 3065 1159 3134 repellamus.
1185 3065 1370 3120 Potest
1397 3073 1577 3120 autem
1605 3064 1766 3119 intel-

174 3153 298 3224 ligi,
329 3154 454 3224 quia
488 3154 707 3224 spiritus
753 3156 928 3220 vadit;
969 3171 1090 3209 cum
1118 3155 1345 3226 legentis
1393 3157 1633 3210 animum
1682 3156 1767 3210 di-

177 3247 358 3300 versis
412 3246 586 3301 modis
633 3254 690 3301 et
738 3247 1018 3302 ordinibus
1070 3248 1237 3317 tangit
1284 3249 1458 3314 Deus;
1509 3248 1764 3318 quoniam
1793 3222 1838 3287 εἶ

177 3339 334 3393 hunc
359 3353 456 3408 per
497 3339 659 3393 verba
690 3341 836 3394 sacri
857 3339 1056 3411 eloquii
1087 3341 1254 3395 modo
1275 3341 1327 3395 in
1360 3339 1476 3394 zelo
1499 3341 1762 3404 excitans,

176 3428 256 3484 ad
279 3429 535 3484 ultionem
556 3431 734 3501 erigit,
759 3432 1006 3487 mload'
1020 3433 1333 3501 patientiam
1351 3432 1578 3504 mitigat,
1608 3432 1766 3486 modo

177 3520 242 3574 in
291 3519 673 3590 praedicatione
719 3521 956 3587 instruit,
994 3521 1156 3576 modo
1201 3522 1277 3582 ad
1317 3522 1650 3591 poenitentiae
1692 3523 1766 3578 la-

175 3620 368 3666 menta
393 3613 723 3684 compungit.
762 3611 868 3668 Sed
897 3627 1252 3668 recurramus-
1271 3613 1508 3667 breviter
1535 3627 1633 3682 per
1655 3615 1767 3668 hac

174 3702 376 3757 eadem
407 3703 572 3758 verba
609 3718 728 3772 qua:
775 3703 1030 3768 diximus,
1087 3712 1145 3759 et
1188 3702 1476 3757 videamus
1499 3703 1766 3772 quomodo

173 3802 488 3863 sequuntur
518 3803 649 3849 rotas
677 3795 950 3865 spiritum,
982 3795 1081 3864 qui
1102 3795 1228 3849 vitae
1280 3795 1502 3864 spiritus
1546 3795 1763 3861 dicitur,

171 3894 238 3942 et
264 3886 396 3942 rotis
432 3886 609 3942 inesse
640 3887 974 3955 perhibetur.
1003 3885 1161 3940 Certe
1199 3887 1254 3941 si!
1270 3886 1506 3957 legentis
1527 3887 1764 3941 animum

169 3978 410 4049 Spiritus
442 3978 568 4033 vitae
595 3980 654 4032 in
677 3979 778 4033 zeli
819 3977 1032 4034 ter-vere
1081 3978 1317 4048 tetigerit
1345 4019 1359 4044 ,
1418 3979 1674 4048 protinus
1709 3979 1765 4033 in

170 4073 361 4127 sacris
384 4071 614 4140 eloquiis
636 4071 804 4134 videt,
830 4071 974 4140 quod
1000 4069 1209 4140 Moyses
1231 4070 1314 4124 ad
1329 4078 1512 4124 castra
1527 4071 1761 4134 rediens,

168 4173 240 4219 et
275 4177 371 4231 per
408 4161 551 4216 idola
598 4160 855 4230 populum
904 4174 1159 4229 peccasse
1205 4174 1537 4231 cognoscens
1566 4160 1761 4230 (Exod.

169 4251 364 4322 χχχιι)
390 4293 404 4316 ,
437 4252 580 4306 hunc
619 4266 716 4321 per
743 4251 1010 4306 fervorem
1055 4251 1285 4320 spiritus
1319 4251 1496 4320 gladio
1533 4250 1760 4316 stravit;

168 4342 329 4414 quod
342 4341 574 4396 Phinees
585 4341 958 4411 persequendo
971 4340 1236 4394 luxuriam
1252 4339 1328 4412 (Ν
1333 4356 1446 4394 um.
1459 4340 1611 4409 xxv),
1629 4339 1764 4398 iram

171 4433 399 4489 Domini
432 4432 616 4503 gladio.
635 4432 903 4502 placavit,
947 4433 1092 4501 quod
1123 4432 1314 4487 Petrus
1342 4431 1670 4487 mentientes
1699 4431 1768 4486 si-

171 4527 356 4581 bimet
393 4525 559 4580 verbo
589 4524 818 4593 perculit
846 4533 904 4578 et
929 4522 1132 4580 cecidit
1157 4523 1294 4594 (Act.
1343 4521 1420 4594 ιι),
1446 4523 1599 4592 quod
1621 4521 1764 4576 Pau~

173 4624 272 4678 lus
300 4620 692 4692 negligentibus
730 4620 1016 4688 discipulis
1032 4621 1245 4687 virgam-
1280 4618 1520 4674 minatun
1552 4617 1606 4688 (ﬁ
1638 4617 1761 4671 Cor.

173 4713 286 4783 iv).
313 4711 376 4767 Si
395 4712 614 4782 spiritus
633 4711 1000 4781 vitae-legentis
1013 4711 1251 4764 animum
1278 4710 1354 4763 ad
1371 4708 1761 4772 observandum

171 4805 510 4878 patientiam
541 4805 752 4874 tangit,
783 4803 974 4857 statim-
1007 4808 1304 4870 scquuntur
1341 4808 1394 4854 et
1433 4807 1604 4864 ruta};
1639 4800 1762 4868 quia

179 4902 240 4954 in
276 4899 448 4954 saevis
467 4899 697 4970 eloquiis
717 4897 922 4952 invenit
942 4894 1130 4967 (Num.
1160 4895 1279 4963 xx),
1309 4894 1452 4964 quod
1475 4893 1684 4963 Moyses
1713 4903 1767 4949 et

178 4991 369 5045 Aaron
383 5004 504 5046 cum
520 4989 800 5061 loquentes
821 4997 972 5043 recta-
984 4983 1602 5057 persecutionempopuli
1621 4985 1764 5053 passi

180 5092 336 5146 sunt,
362 5085 428 5137 ad
450 5081 855 5137 tabernaculum
897 5087 1256 5135 cucurrerunt
1283 5093 1379 5148 pro
1411 5077 1529 5148 ipso
1571 5077 1766 5147 populo

180 5183 498 5240 exorantes,
534 5189 694 5244 quem
750 5173 1042 5240 fugiebant.
1103 5171 1308 5226 Sancta
1348 5178 1530 5225 autem
1579 5184 1766 5223 eorum

180 5282 346 5321 mens
386 5277 439 5320 et
466 5267 714 5321 timorem
766 5264 1187 5335 superbientium
1217 5263 1438 5334 perwlit
1459 5303 1472 5327 ,
1506 5269 1562 5317 et
1588 5269 1764 5316 tamen

185 5368 386 5415 contra
409 5375 506 5414 eos
533 5361 602 5414 ad
638 5360 820 5414 odium
848 5375 958 5413 non
985 5359 1182 5427 erupit.
1210 5357 1475 5412 Patientia
1504 5372 1634 5412 vero
1660 5364 1764 5424 est,

187 5469 316 5523 quae
338 5461 392 5508 et
419 5454 594 5523 ipsum
618 5460 782 5517 amat,
815 5466 978 5520 quem
1003 5458 1201 5519 portat,
1236 5449 1637 5513 transtulere-re,
1669 5447 1766 5503 sed

187 5545 376 5600 odisse
396 5585 412 5610 ,
451 5559 555 5598 non
585 5551 667 5598 est
693 5544 864 5598 virtus
889 5540 1311 5596 mansuetudinis
1334 5579 1348 5602 ,
1395 5540 1490 5594 sed
1519 5539 1766 5594 velamen

192 5635 415 5690 furoris.
462 5635 519 5689 ln
565 5635 778 5690 eisdem-2
807 5650 1020 5705 quoque
1047 5631 1278 5702 eloquiis
1301 5629 1509 5684 invenit
1553 5629 1605 5701 (1
1635 5629 1765 5700 Reg.

187 5728 339 5793 vni),
368 5729 514 5798 quod
538 5727 773 5794 Samuel;
805 5729 869 5782 de
891 5728 1220 5798 principatus
1249 5722 1483 5778 culmine
1511 5720 1768 5789 dejectus,

194 5835 382 5885 orasse
428 5837 486 5879 se
531 5823 697 5880 etiam
743 5837 841 5899 pro
879 5821 1252 5894 dejicientibus
1277 5814 1598 5884 conﬁtetur;
1627 5814 1771 5890 quod

1791 4586 1846 4647 D

1876 1952 2130 2024 (Philipp.
2163 1953 2220 2024 ι),
2246 1955 2337 2008 sed
2362 1962 2543 2008 tamen
2569 1955 2792 2008 verbum
2814 1951 2909 2007 Dei
2936 1967 3043 2007 non
3067 1961 3150 2006 est
3175 1951 3448 2021 alligatum

1874 2045 1962 2118 (Ην
1996 2046 2126 2099 Tim.
2154 2050 2235 2118 ιι).
2273 2045 2330 2099 Si
2358 2047 2482 2100 vitae
2511 2046 2734 2116 spiritus
2757 2045 2822 2099 ad
2852 2045 3185 2115 pmnitentiaa
3218 2044 3450 2099 lamenta

1873 2138 2206 2207 compungit,
2231 2144 2532 2206 sequuntur
2560 2137 2806 2207 protinus
2827 2144 2978 2202 rotat,
3005 2151 3129 2190 cum
3157 2134 3452 2205 Scriptura?

1873 2244 2042 2284 sacrae
2091 2230 2256 2284 verba
2310 2230 2478 2283 David
2529 2229 2906 2300 paenitentiam
2953 2227 3252 2299 proferunt.
3297 2227 3450 2294 Quod

1871 2339 1968 2380 rex
2001 2325 2364 2393 reprehensus
2392 2339 2422 2376 a
2459 2325 2742 2392 propheta,
2773 2323 2902 2392 quia
2924 2322 3198 2393 subjectus
3243 2321 3449 2377 caelesti

1849 2415 1984 2493 “rpgi
2044 2432 2158 2470 non
2213 2417 2342 2479 l'uit,
2414 2415 2654 2485 subjecto
2714 2415 3014 2485 increpanti
3071 2430 3176 2470 non
3239 2415 3454 2469 erubuit

1873 2506 2120 2562 conﬁteri
2147 2509 2289 2576 quod
2316 2506 2446 2562 fecit
2475 2506 2561 2578 (Il
2584 2505 2708 2576 Reg.
2737 2505 2860 2570 XII).
2899 2504 3053 2572 Quod
3099 2496 3418 2575 publicanus
3437 2545 3450 2571 ,

1871 2601 1964 2670 qui
1996 2609 2204 2656 reatum
2229 2617 2340 2656 suae
2382 2599 2637 2670 nequitiae
2671 2599 2926 2670 cognovit
2956 2597 3108 2670 (Luc.
3139 2596 3314 2669 xvnr),
3348 2596 3449 2652 etsi

1871 2692 2108 2760 injustas
2131 2693 2202 2746 ad
2225 2692 2482 2761 templum
2527 2691 2712 2753 venit,
2734 2687 3066 2756 justiﬁcatus
3086 2702 3116 2741 a
3139 2685 3338 2755 templo
3368 2701 3454 2739 re—

1871 2783 1988 2838 diit.
2015 2782 2174 2849 Quod
2192 2781 2387 2837 Petrus
2426 2780 2731 2849 negationis
2757 2778 2998 2834 maculas
3039 2776 3296 2848 lacrymis
3320 2775 3452 2830 lavit

1872 2873 2088 2945 (Matth.
2139 2873 2313 2943 xxvi).
2371 2872 2527 2938 Quod
2571 2873 2747 2937 latro,
2779 2871 2871 2941 qui
2915 2871 2971 2925 in
3001 2884 3163 2925 crine
3201 2868 3452 2938 cognovit

1871 2968 2084 3037 culpam
2130 2983 2304 3032 suam,
2339 2967 2395 3021 in
2437 2968 2552 3036 ipsa
2596 2965 2708 3033 jam
2760 2973 2937 3020 morte
2996 2964 3206 3019 invenit
3238 2961 3452 3017 veniam

1871 3057 2024 3130 (Luc.
2052 3058 2232 3129 χχιιι).
2260 3058 2337 3112 De
2358 3057 2554 3126 quibus
2576 3057 2752 3111 adhuc
2777 3055 2914 3110 rotis
2955 3056 3145 3110 eadem
3190 3055 3452 3124 propheta

1872 3149 2096 3219 replicat
2140 3157 2300 3217 atque
2353 3145 2625 3217 subjungit
2671 3163 2684 3199 :
2736 3163 2755 3195 ‹
2807 3144 2943 3200 Cum
2986 3144 3240 3200 euntibus
3278 3142 3451 3208 ibant,

1869 3239 1924 3296 et
1954 3255 2077 3298 cum
2122 3239 2392 3294 stantibus
2443 3238 2682 3302 stabant,
2714 3244 2770 3292 et
2804 3251 2926 3292 cum
2963 3236 3186 3298 elevatis
3211 3250 3246 3290 a-
3286 3243 3451 3299 terra,

1868 3333 2074 3403 pariter
2099 3331 2454 3386 elevabantur
2488 3339 2543 3385 et
2568 3337 2724 3396 rotae,
2755 3339 3047 3400 sequentes
3075 3343 3170 3393 ea,
3189 3327 3318 3397 quia
3342 3327 3453 3396 spi-

1869 3427 2008 3483 ritus
2028 3427 2152 3480 vita:
2179 3433 2298 3480 erat
2325 3425 2382 3478 in
2410 3424 2568 3479 rotis.
2602 3444 2620 3476 I
2650 3422 2777 3478 Hice
2800 3431 2948 3488 sunt,
2969 3422 3109 3477 sicut
3128 3421 3318 3485 nostis,
3342 3419 3454 3474 fra-

1867 3525 1980 3573 tres
1993 3517 2296 3574 eharissimi
2307 3557 2321 3583 ,
2337 3533 2404 3572 ex
2417 3516 2650 3570 maxima
2665 3523 2821 3585 parte
2825 3515 2939 3584 jam
2961 3513 3102 3568 dicta
3119 3529 3134 3578 ;
3153 3512 3250 3567 sed
3265 3511 3456 3565 iterata

1869 3611 2232 3680 descriptione
2249 3617 2558 3669 narrantur.
2577 3608 2689 3664 Hoc
2710 3608 2858 3664 enim
2881 3605 3060 3662 solum
3083 3605 3144 3659 in
3168 3605 3256 3660 his
3277 3604 3458 3659 verbis

1867 3720 2066 3760 novum
2089 3703 2368 3773 adjicitur,
2383 3703 2526 3772 quod
2554 3703 2768 3758 dict-uin
2783 3707 2889 3764 est,
2913 3714 3036 3754 cum
3059 3698 3330 3754 stantibus
3351 3706 3458 3750 sta-

1867 3799 2019 3855 bant.
2068 3797 2210 3851 Sunt
2251 3797 2396 3852 enim
2426 3795 2682 3866 quidam,
2728 3795 2826 3863 qui
2849 3807 3022 3862 usque
3065 3791 3136 3847 ad
3161 3793 3266 3847 hoc
3293 3788 3457 3860 proli-

1869 3893 2056 3957 ciunt,
2102 3901 2162 3945 ut
2206 3899 2424 3946 terrena
2470 3905 2590 3961 quae
2635 3889 2911 3958 accipiunt
2953 3887 3090 3942 bene
3140 3885 3456 3957 dispensare

1867 3985 2136 4039 noverint.
2171 3983 2559 4038 Misericordize
2602 3980 2932 4043 intendunt,
2969 3977 3244 4048 oppressis
3286 3976 3453 4040 obve-

1869 4076 2058 4138 niunt;
2080 4074 2136 4128 hi
2155 4074 2408 4128 videlicet
2425 4073 2632 4127 vadunt
2660 4071 2716 4124 in
2741 4084 2844 4136 eo,
2865 4069 3011 4138 quod
3038 4083 3097 4124 se
3124 4067 3188 4122 ad
3215 4066 3452 4137 proximi

1865 4165 2158 4220 utilitatem
2208 4164 2452 4218 tendunt.
2484 4163 2620 4217 Cum
2649 4161 2744 4215 liis
2763 4175 2894 4230 ergo
2936 4169 3070 4214 rota:
3113 4159 3451 4230 grarﬁuntur,

1868 4259 1993 4328 quia
2029 4273 2184 4313 sacra
2207 4257 2416 4326 eloquia
2445 4256 2718 4312 dictorum
2739 4269 2960 4310 suorum
3003 4268 3222 4324 passum
3253 4253 3315 4308 in
3329 4253 3455 4324 ejus

1868 4349 2063 4405 itinere
2092 4348 2402 4418 disponunt.
2457 4348 2526 4402 Et
2568 4353 2698 4402 sunt
2729 4346 2818 4401 alii
2838 4385 2852 4412 ,
2884 4344 2976 4415 qui
3008 4345 3063 4400 in
3103 4344 3263 4401 ﬁdem
3289 4359 3453 4415 quam

1869 4448 2214 4510 acceperunt,
2241 4439 2313 4494 ita
2339 4439 2406 4493 ad
2435 4436 2920 4494 tenendam-limes
2951 4445 3108 4502 suis,
3128 4443 3190 4490 ut
3213 4434 3456 4490 adversis
3534 4499 3543 4509 .

1869 4534 2172 4603 quibusque
2197 4532 2451 4588 resistere
2476 4530 2710 4595 valeant,
2736 4537 2794 4586 et
2817 4544 2924 4585 non
2947 4527 3122 4585 solum
3147 4527 3376 4584 minime
3388 4526 3454 4581 ad

1870 4625 2291 4696 perversitatem
2313 4624 2595 4676 trahantur
2619 4621 2882 4690 perﬁdiae,
2901 4619 2994 4675 sed
3015 4620 3188 4674 etiam
3201 4630 3455 4687 perverse

1869 4714 2212 4785 loquentibus
2270 4713 2584 4780 impugnent
2608 4749 2623 4773 ,
2683 4723 2882 4777 eosque
2949 4708 3017 4761 ad
3075 4706 3452 4760 rectitudinem

1872 4803 2106 4860 trahant.
2173 4800 2306 4855 Cum
2373 4799 2492 4853 istis
2545 4797 2813 4852 stantibus
2862 4803 3010 4851 stant
3068 4796 3233 4851 etiam
3289 4803 3450 4860 rota),

1871 4893 1996 4962 quia
2057 4891 2136 4944 eis
2201 4887 2578 4944 rectitudinem
2631 4902 2786 4942 suam
2836 4886 2977 4942 sacri
3031 4885 3234 4955 eloquii
3288 4883 3453 4939 verba

1873 4984 2232 5048 confirmant,
2265 4997 2387 5036 cum
2438 4981 2494 5034 in
2538 4980 2618 5036 eis
2653 4981 2918 5034 audiunt:
2958 4999 2982 5030 ‹-
3012 4977 3239 5034 Stateet
3278 4981 3454 5030 tem

1873 5074 2194 5130 traditiones
2235 5087 2371 5142 quas
2415 5071 2684 5126 didicistis
2712 5070 2800 5142 (ΙΙ
2839 5067 3150 5163 Ἤιδειν).
3179 5087 3205 5120 ›
3225 5066 3297 5122 Et
3329 5080 3451 5121 rur-

1874 5181 2031 5222 sum:
2084 5185 2102 5215 ι
2147 5164 2502 5220 Adversarius
2547 5173 2729 5219 vester
2777 5161 3028 5218 diabolus
3041 5158 3332 5229 'tauuam.
3371 5158 3455 5213 leo

1873 5259 2091 5329 rugiens
2119 5257 2315 5312 circuit
2349 5271 2598 5326 quaerens
2622 5269 2783 5325 quem
2816 5250 3185 5318 devoreheﬁ
3217 5250 3454 5305 resistite

1871 5346 2042 5403 fortes
2072 5348 2126 5401 in
2157 5346 2260 5401 ﬁde
2300 5345 2351 5416 (1
2377 5343 2522 5400 Petr.
2555 5345 2632 5411 ιι).
2670 5364 2696 5395 ι
2727 5343 2798 5397 Et
2833 5348 2962 5397 sunt
2998 5341 3245 5412 alii.,.qui.
3269 5339 3452 5396 omnia

1870 5448 2088 5495 terrena
2126 5439 2459 5509 despicituit,
2487 5435 2632 5490 nulla
2663 5450 2786 5505 quat
2821 5441 3150 5505 pratereunt
3178 5432 3456 5503 possidere

1870 5534 2178 5604 dignantur.
2197 5531 2252 5584 lu
2270 5531 2370 5585 Dei
2381 5546 2469 5595 se,
2484 5536 2542 5586 ut
2553 5527 2978 5597 praedictumest,
3002 5523 3455 5593 contemplatione
3560 5532 3562 5534 '

1870 5626 2222 5696 suspendunt.
2255 5624 2394 5679 Cum
2437 5622 2522 5674 bis
2551 5635 2684 5689 ergo
2710 5619 2942 5674 elevatis
2980 5629 3036 5674 et
3074 5626 3206 5674 rotat
3251 5615 3456 5686 pariter

1871 5717 2135 5772 levantur.
2161 5714 2297 5780 Quia
2323 5715 2388 5766 in.
2407 5718 2668 5781 quantum
2696 5711 2926 5780 quisque
2963 5710 3032 5764 ad
3069 5706 3186 5763 alta.
3209 5705 3452 5776 profece-

1873 5813 1966 5877 rit,
1981 5811 2038 5865 in
2059 5804 2326 5864 tantu-ei
2350 5812 2408 5860 et
2427 5818 2582 5860 sacra
2599 5801 2814 5876 eloquia
2834 5804 2900 5860 de
2921 5801 3210 5859 altioribus
3227 5799 3454 5870 loquun-
