3938 6360
483 379 498 404 -ν
519 375 620 431 555

1177 383 1234 436 B.
1283 377 1534 437 ltABANl
1574 377 1789 438 MAURI
1821 375 2063 437 ARCHIE

2181 375 2485 435 MOGUNT.
2525 375 2809 434 OPERUM
2849 377 3029 430 rans
3061 351 3128 430 n.

3693 377 3800 432 556

513 499 619 545 tur.
666 493 878 548 Vadunt
923 499 1065 566 ergo
1092 497 1341 550 animalia
1389 497 1456 551 ad
1499 498 1783 553 utilitatem
1828 497 2079 568 proximi.
2109 497 2158 557 Α
2183 494 2303 549 sine
2344 492 2554 548 delectu
2583 491 2790 546 vultum
2825 491 3012 548 videre
3053 492 3340 556 creatoris,
3377 500 3549 563 atque
3583 493 3656 546 in
3675 491 3798 559 ejus

487 581 669 636 ‘Stant
698 584 764 638 ad
790 585 1088 640 custodiam
1112 587 1213 641 sui.
1251 587 1543 642 Elevantur
1573 589 1640 642 ad
1675 587 2081 656 contemplatio-

489 685 632 727 nem
653 674 768 729 Dei.
792 674 898 730 sed
933 685 988 732 et
1013 683 1146 731 rotae
1174 679 1382 747 pariter
1424 678 1644 740 vadunt,
1677 685 1836 743 stant,
1867 678 2080 732 elevan-

479 771 615 830 ~tur,
644 765 769 835 quia
793 767 1020 834 quaesita
1055 782 1210 822 sacra
1253 767 1412 823 lectio
1437 769 1560 824 talis
1591 768 1881 833 invenitur,
1906 765 2077 837 qualis

479 873 488 882 "
507 861 561 909 et
588 857 794 926 sitipse
819 873 848 911 a
873 873 979 926 quo
1007 859 1282 928 quaeritur.
1325 860 1405 914 Ad
1449 861 1679 914 activam
1728 861 1871 913 enim
1911 860 2079 916 vitam

485 949 803 1016 proiecisti,
833 951 1072 1006 ambulat
1117 960 1298 1008 tecum
1325 970 1337 1005 :
1361 951 1428 1007 ad
1455 951 1889 1006 immobilitatem
1917 960 2079 1022 atque

504 1043 864 1097 constantiam
887 1043 1107 1113 spiritus
1135 1042 1408 1112 proiecisti
1435 1060 1448 1096 :
1476 1051 1582 1098 stat
1608 1052 1786 1098 tecum
1811 1061 1824 1096 :
1859 1043 1927 1098 ad
1948 1057 2077 1098 con-

479 1133 874 1203 --'tcmplativam
896 1136 1078 1200 vitam,
1105 1149 1204 1204 per
1223 1134 1316 1189 Dei
1339 1135 1567 1205 gratiam
1592 1135 1907 1204 pervenisti,
1936 1134 2080 1189 volat

503 1234 703 1280 tecum.
731 1224 796 1279 Et
819 1241 1031 1280 rursum
1061 1226 1338 1282 subditur:
1369 1246 1387 1277 ‹
1417 1225 1549 1292 Quia
1574 1226 1796 1294 spiritus
1816 1226 1938 1279 vitro
1959 1233 2078 1280 erat

500 1319 558 1371 in
584 1318 736 1372 rotis.
777 1338 795 1369 ι
829 1317 982 1384 Quod
1010 1317 1211 1372 idcirco
1252 1317 1488 1371 secundo
1521 1316 1740 1380 dicitur,
1765 1316 1886 1369 vita:
1912 1316 2074 1385 spiri-

477 1415 588 1460 ‘tus
616 1407 670 1461 in
695 1408 829 1461 rotis
853 1422 994 1470 esse,
1026 1407 1151 1476 quia
1177 1405 1467 1475 Scriptura:
1488 1405 1594 1460 duo
1617 1416 1742 1459 sunt
1763 1405 2078 1460 Testamen-

497 1508 576 1560 ta,
606 1513 726 1566 quae
752 1506 982 1567 utraque
1012 1498 1104 1551 Dei
1129 1499 1354 1567 spiritus
1383 1497 1544 1552 scribi
1571 1498 1762 1562 voluit,
1791 1507 1851 1552 ut
1885 1513 1981 1552 nos
2007 1499 2074 1552 ab

471 1588 691 1641 animm
713 1597 885 1643 morte
908 1589 1181 1654 liberaret,
1211 1590 1295 1643 vel
1317 1598 1483 1652 certe,
1507 1590 1631 1659 quia
1661 1591 1769 1645 duo
1789 1600 1914 1644 sunt
1937 1606 2077 1659 prte-

481 1688 648 1748 -cepta
691 1679 1003 1744 cbaritatis,
1048 1680 1267 1735 dilectio
1314 1680 1566 1734 videlicet
1604 1681 1720 1746 Dei,
1765 1689 1819 1736 et
1856 1681 2076 1736 dilectio

493 1770 750 1838 pmximi,
775 1785 874 1840 per
893 1785 1014 1840 quae
1040 1781 1269 1841 utraque
1293 1787 1392 1826 nos
1419 1787 1588 1828 sacrae
1611 1771 1906 1841 Scriptura:
1927 1773 2074 1828 dicta

2185 585 2471 639 dilectione
2503 584 2622 638 sine
2645 583 3020 639 immutatione
3039 582 3369 653 persistere?
3381 581 3578 638 Potest
3605 591 3794 638 autem

2185 673 2510 729 ﬁrmamenti
2545 674 2762 730 nomine
2787 673 3030 743 ipsaper-
3049 673 3282 744 ﬁguram
3316 681 3514 731 noster
3541 671 3790 728 Redem-

2181 774 2310 836 ptor
2332 765 2588 834 intelligi,
2621 779 2784 821 verus
2808 763 2952 821 Deus
2975 780 3138 836 super
3161 765 3370 828 omnia.
3397 775 3454 821 et
3481 763 3678 821 factus
3713 767 3792 822 in-

2184 866 2267 911 ter
2309 858 2493 913 omnia
2540 857 2704 914 homo
2733 856 3042 926 perfectus,
3093 861 3150 912 in
3185 871 3295 927 quo
3339 865 3548 912 natura
3597 867 3791 914 nostra

2181 950 2320 1019 apud
2369 949 2586 1004 Patrem
2635 948 2958 1004 conﬁrmata
3008 957 3112 1004 est.
3159 947 3245 1007 ,De
3297 964 3407 1018 quo
3456 949 3642 1006 etiam
3695 964 3790 1018 per

2171 1039 2528 1104 ‘Psalmistam
2553 1039 2925 1110 prophetando
2960 1039 3196 1095 dicitur:
3227 1057 3248 1091 ι
3282 1039 3410 1094 Fiat
3455 1055 3665 1096 manus
3703 1048 3784 1096 tua

2180 1147 2344 1204 super
2371 1133 2548 1188 virum
2577 1133 2814 1187 dextera
2844 1141 2972 1196 tute,
3012 1141 3072 1187 et
3113 1147 3277 1203 super
3319 1132 3500 1188 ﬁlium
3549 1133 3785 1188 hominis

2177 1237 2342 1294 quem
2361 1223 2696 1280 conﬁrmasti
2721 1224 2815 1279 tibi
2832 1221 3006 1295 (Psal.
3030 1224 3242 1294 LXXIX).
3264 1243 3288 1278 ι
3308 1223 3574 1280 Humana
3583 1226 3782 1280 etenim

2180 1323 2394 1381 natura,
2421 1314 2738 1385 priusquam
2761 1330 2789 1370 a
2825 1315 3088 1370 Creatore
3110 1315 3356 1371 omnium
3381 1315 3780 1384 susciperetur,

2180 1415 2325 1462 terra
2351 1415 2489 1472 erat,
2536 1424 2660 1462 nam
2711 1407 3116 1462 firmamentum
3157 1421 3268 1462 non
3298 1415 3439 1462 erat.
3502 1407 3779 1462 Peecatori

2178 1497 2376 1568 quippe
2403 1497 2610 1552 homini
2640 1499 2841 1553 dictum
2868 1506 2952 1553 est
2975 1510 2994 1550 :
3025 1515 3044 1549 ι
3081 1496 3250 1551 Terra
3276 1512 3360 1561 es,
3388 1506 3447 1552 et
3489 1498 3552 1552 in
3581 1507 3780 1552 terram

2173 1587 2284 1642 ibis
2308 1584 2459 1658 (Gen.
2486 1587 2622 1658 111).:
2641 1589 2711 1642 At
2723 1598 3010 1659 postquam
3033 1596 3416 1659 assumptaest
3442 1587 3524 1644 ab
3547 1588 3780 1643 Auctore

2177 1677 2416 1754 omnium
2447 1688 2609 1748 atque
2637 1681 2692 1734 in
2716 1680 2869 1735 ctelis
2900 1681 3211 1747 sublevata,
3247 1689 3306 1735 et
3348 1696 3524 1751 super
3565 1682 3779 1754 angelus

2177 1747 2338 1822 dt'icta
2385 1747 2786 1826 ﬁrmamentum
2824 1772 2969 1826 facta
3000 1781 3115 1838 est,
3146 1788 3270 1842 quat
3314 1747 3468 1828 term
3501 1747 3771 1830 fuiL‘Sed

469 1862 789 1916 ..viviﬁcant.
825 1862 1072 1919 Secundo
1115 1880 1244 1934 ergo
1274 1865 1490 1928 dicitur,
1524 1866 1649 1935 quia
1693 1866 1913 1936 spiritus
1949 1844 2150 1921 vitaa'B
2177 1856 2577 1915 ﬁrmamentum
2602 1861 2746 1930 quod
2785 1862 3062 1931 aspicitur,
3109 1863 3263 1933 cujus
3290 1863 3497 1920 haheat
3529 1865 3778 1920 similita—

492 1961 611 2004 erat
641 1953 695 2004 in
733 1953 904 2007 rotis:
937 1954 1060 2022 quia
1093 1953 1432 2009 dilectionem
1458 1955 1553 2008 Dei
1585 1964 1640 2009 et
1668 1956 1902 2024 proximi
1928 1957 2075 2026 capi-

487 2057 615 2098 mus
637 2046 698 2097 in'
713 2046 940 2114 eloquiis
953 2048 1168 2112 divinis,
1187 2062 1282 2117 per
1293 2057 1561 2118 prtecepta
1573 2064 1742 2104 sacrae
1753 2049 2070 2120 Scriptum,

465 2137 634 2191 dicta
677 2140 1034 2207 vivilicamur,
1073 2143 1167 2212 qui
1206 2144 1404 2198 mortui
1449 2145 1502 2198 in
1543 2145 1698 2214 culpa
1731 2146 2067 2216 jacebamus.

567 2249 585 2278 ι
633 2231 698 2283 Et
745 2232 1042 2287 similitudo
1091 2249 1252 2305 super
1297 2236 1472 2304 capita
1523 2237 1836 2291 animalium
1883 2238 2068 2291 ﬁrma-

493 2341 509 2370 ι
560 2323 747 2385 menti,
772 2326 926 2392 quasi
949 2334 1196 2395 aspectus
1216 2327 1455 2397 crystalli
1479 2328 1755 2383 horribilis
1783 2337 1839 2381 et
1865 2330 2068 2384 extenti

491 2433 509 2464 ‹
555 2417 907 2484 supercapita
921 2419 1370 2486 eorumdesuper.
1398 2438 1414 2467 ›
1449 2417 2070 2490 (IIieron.)Videturau-

487 2513 594 2558 tem
619 2521 782 2574 super
809 2518 1039 2575 quatuor
1062 2510 1337 2574 animalia,
1375 2519 1428 2563 ct
1453 2520 1603 2566 rotas
1629 2513 1850 2567 totidem
1884 2512 2070 2568 simili-

485 2601 617 2653 tudo
647 2600 996 2667 ﬁrmamenti,
1024 2604 1167 2672 quod
1203 2618 1301 2658 nos
1333 2619 1588 2658 vocamus
1615 2605 1834 2672 ctelum,
1863 2607 2068 2663 habens

483 2690 718 2758 speciem
749 2693 988 2763 crystalli
1019 2694 1160 2762 quod
1189 2703 1274 2750 est
1300 2697 1681 2766 purissimum,
1720 2709 1777 2754 et
1810 2716 1877 2755 ex
1911 2700 2067 2768 aquis

479 2779 704 2836 mundis
729 2791 891 2853 atque
917 2784 1248 2852 lucentibus,
1288 2789 1456 2843 nimio
1486 2788 1686 2860 frigore
1711 2805 2068 2847 concrescere

469 2873 699 2938 dicitur,
759 2876 1028 2932 intantum
1073 2888 1131 2933 ut
1179 2880 1344 2935 etiam
1394 2881 1513 2952 gelu
1567 2882 1860 2937 constricta
1921 2898 2064 2954 aqua

461 2963 670 3022 .Graaco
702 2984 952 3026 sermone
994 2974 1280 3045 crystallus
1317 2975 1642 3030 nominetur.
1689 2975 1923 3032 Decebat
1970 2991 2064 3032 au-

480 3068 587 3112 tem
628 3061 682 3115 in
711 3065 1078 3131 superioribus
1123 3082 1242 3123 esse
1285 3069 1540 3123 eximiam
1569 3070 1861 3138 puritatem
1886 3111 1901 3137 ,
1943 3085 2064 3141 qua:

461 3159 670 3241 inuncta
715 3158 1064 3227 protegebat,
1109 3157 1162 3213 id
1199 3166 1314 3224 est,
1351 3159 1645 3215 rationales
1681 3162 2062 3232 sapientesque
2089 3203 2134 3270 Ε
2168 3157 2278 3198 ιθω
2326 3157 2553 3246 ,ηθδειδι
2603 3160 2756 3216 cuius
2786 3157 3228 3250 PMCDNWGWS
3272 3157 3342 3203 5“
3401 3157 3770 3251 οιὙδξδυυωῗ

475 3244 736 3312 virtutes,
783 3257 838 3302 et
885 3257 1117 3314 quatuor
1162 3259 1468 3314 temporum
1506 3266 1758 3314 cursum,
1789 3261 1846 3307 et
1871 3254 2060 3308 mundi
2163 3235 2234 3292 Ει
2267 3252 2465 3291 “mum
2488 3239 2756 3307 Ίυοωοάο
2783 3255 2835 3294 ιη
2879 3239 2984 3296 hoc
3021 3241 3278 3311 ωὙδιθηο
3317 3253 3622 3297 comem?“
3657 3244 3770 3314 Ριιλο

457 3235 736 3312 Ἰνίηιιῑθειι,
783 3257 838 3302 et
885 3257 1117 3318 quatuor
1162 3259 1468 3320 temporum
1506 3266 1758 3317 cursum,
1789 3261 1846 3307 et
1871 3254 2060 3308 mundi

473 3333 661 3403 plagas
686 3377 701 3400 ,
745 3345 800 3391 et
843 3353 1028 3393 rerum
1071 3342 1315 3396 omnium
1361 3341 1579 3396 ordines
1615 3351 1670 3396 et
1693 3344 2059 3414 evangelicam

476 3427 938 3493 praedicationem,
966 3445 1088 3498 qua:
1125 3445 1192 3486 ex
1228 3440 1384 3500 parte
1422 3433 1758 3504 intelligitur,
1796 3449 1862 3488 ex
1904 3445 2059 3505 parte

453 3515 706 3570 evelatur.
742 3535 761 3566 ‹
797 3518 867 3571 Ει
893 3520 1204 3588 similitudo,
1237 3522 1432 3592 inquit,
1460 3537 1620 3593 supra
1649 3525 1830 3594 capita
1853 3526 2060 3581 anima-

452 3608 604 3662 ~-li111n
633 3609 987 3678 ﬁrmamenti,
1009 3623 1113 3668 etc.
1144 3635 1166 3668 ι
1189 3613 1396 3688 (Greg.)
1425 3616 1575 3672 Hanc
1601 3616 1772 3688 [Haec]
1795 3618 2058 3690 largiente

459 3699 707 3757 Domino
721 3704 934 3760 duobus
953 3707 1127 3762 modis
1145 3709 1484 3778 «ponimus,
1510 3717 1574 3763 ut
1600 3709 1816 3765 lectoris
1828 3709 2054 3778 judicio,

471 3793 603 3862 quid
643 3794 950 3864 eligendum
976 3806 1196 3854 censeat
1218 3799 1610 3869 relinquamus.
1643 3800 1875 3856 Possunt
1909 3803 2056 3858 enim

475 3884 802 3941 ﬁrmamenti
864 3877 1081 3944 nomine
1134 3889 1383 3946 caelestes
1427 3898 1746 3962 potestates
1807 3893 2055 3966 intelligi.

452 3976 640 4044 «Quod
677 3980 1074 4036 ﬁrmamentum
1122 3993 1303 4045 recte,
1362 3985 1515 4053 quasi
1564 3995 1816 4054 aspectus
1857 3987 2058 4042 dicitur

459 4063 716 4141 crystalli
749 4091 762 4126 :
793 4074 916 4141 quia
949 4074 1198 4130 videlicet
1222 4076 1534 4148 crystallum
1561 4077 1703 4134 forte
1728 4078 1946 4148 quidem
1973 4080 2058 4135 ni-

475 4163 713 4228 mis-est,
745 4166 836 4220 sed
859 4181 930 4219 ex
976 4181 1113 4237 aqua
1144 4167 1451 4224 solidatam.
1477 4169 1558 4224 Et
1587 4172 2055 4243 naturaangelica

471 4257 685 4324 quando
729 4268 913 4312 creata
950 4258 1042 4314 est
1091 4261 1320 4316 liberum
1367 4264 1653 4318 arbitrium
1705 4266 1947 4336 accepit,
1999 4276 2059 4322 ut

470 4356 652 4401 utrum
683 4348 846 4402 vellet
867 4351 926 4402 in
949 4351 1252 4408 humilitate
1269 4355 1594 4422 persistere,
1625 4364 1682 4410 et
1711 4357 1769 4410 in
1801 4359 2057 4428 omnipo-

472 4438 640 4492 tentis
669 4439 763 4492 Dei
793 4449 1014 4509 aspectu
1044 4456 1382 4511 permanere,
1425 4460 1496 4499 an
1524 4447 1593 4500 ad
1621 4449 1933 4516 superbiam
1975 4449 2053 4505 la-

471 4531 711 4595 beretur,
746 4539 799 4586 et
827 4547 861 4585 a
893 4534 1226 4590 beatitudine
1246 4537 1486 4603 caderet,
1513 4554 1611 4609 per
1639 4541 2050 4600 similitudinem
2080 4565 2133 4630 D

471 4633 614 4692 aqua
644 4621 765 4677 fuit.
795 4623 904 4678 Sed
928 4626 1053 4694 quia
1083 4626 1400 4682 cadentibus
1440 4628 1562 4684 aliis
1606 4632 1848 4702 angelis,
1880 4637 2055 4691 sancti

470 4715 525 4767 in
553 4727 650 4768 sua
688 4715 1024 4772 beatitudine
1063 4718 1449 4787 perstiterunt,
1494 4731 1658 4791 atque
1694 4723 1797 4779 hoc
1835 4739 2060 4796 accepe-

469 4813 597 4860 runt
622 4805 676 4858 in
706 4821 949 4871 munere,
979 4817 1040 4862 ut
1063 4809 1176 4880 jam
1203 4810 1395 4867 cadere
1421 4814 1646 4869 omnino
1673 4831 1780 4869 non
1825 4818 2054 4886 possint,

443 4896 526 4949 in
552 4897 634 4950 eis
681 4904 873 4952 natura
913 4913 1043 4964 sua,
1074 4901 1204 4969 quia
1242 4899 1354 4968 jam
1385 4903 1546 4974 dejici
1577 4907 1906 4963 mutabiliter
1943 4925 2055 4966 non

466 4995 663 5056 potest,
692 4990 847 5060 quasi
878 4991 948 5045 ad
972 4991 1263 5062 imaginem
1293 4996 1531 5064 crystalli
1559 4999 1749 5053 durata
1767 5009 1851 5054 est
1871 5041 1885 5066 ,
1909 5001 2055 5070 quod

469 5084 782 5154 crystallum
826 5085 1084 5140 horribile
1139 5094 1195 5141 et
1246 5089 1529 5144 extensum
1589 5091 1824 5162 desuper
1873 5095 2053 5165 capita

445 5174 784 5229 ‘animalium
829 5177 1046 5239 dicitur,
1097 5176 1225 5245 quia
1265 5185 1562 5246 potestates
1609 5182 1711 5238 illae
1760 5185 2052 5254 angelicae,

470 5275 589 5333 quae
620 5265 1000 5335 omnipOtentis
1046 5268 1139 5322 Dei
1185 5272 1498 5338 conspectui
1547 5274 1837 5339 assistunt,
1895 5277 2054 5332 nobis

445 5356 647 5410 "adhuc
667 5356 726 5411 in
761 5357 1238 5431 hac-corruptione
1264 5363 1454 5431 positis
1483 5365 1750 5421 terribiles
1776 5376 1937 5436 atque
1962 5385 2057 5438 pa-

463 5447 660 5502 vendae
686 5453 840 5503 sunt;
863 5448 1102 5516 Quarum
1126 5467 1270 5508 nunc
1288 5455 1481 5524 gaudia
1503 5497 1518 5520 ,
1545 5455 1672 5524 quia
1709 5473 1928 5513 sensum
1955 5475 2053 5515 no-

468 5545 708 5594 strarum
738 5538 999 5594 mentium
1027 5544 1313 5609 excedunt,
1345 5561 1506 5614 super
1534 5547 1712 5616 capita
1735 5549 2049 5606 animalium

469 5643 591 5685 esse
619 5642 1009 5686 memorantur.
1043 5635 1173 5699 Quis
1213 5638 1358 5692 enim
1405 5638 1459 5691 in
1508 5652 1672 5693 carne
1714 5641 2050 5709 corruptibili

470 5723 695 5790 positus,
728 5725 1184 5794 comprehendere
1237 5729 1410 5783 valeat
1440 5745 1562 5798 quae
1597 5730 1667 5784 sit
1703 5730 1792 5786 illa
1823 5731 2046 5802 angelo-

462 5811 588 5868 i‘utn
612 5815 896 5874 ineﬁ‘ahilis
933 5827 990 5874 et
1034 5820 1151 5874 sine
1187 5820 1292 5876 ﬁne
1335 5823 1556 5878 laetitia?
1596 5821 1734 5889 Quae
1767 5823 2049 5881 beatitudo

2175 1947 2354 2003 dinem
2391 1950 2746 2020 Bubinfertur,
2793 1969 2916 2008 cum
2947 1954 3188 2009 dicitur:
3239 1974 3256 2005 ι
3299 1953 3470 2022 Quasi
3530 1966 3776 2027 aspectus

2173 2041 2414 2110 crystalli
2438 2043 2762 2099 horribilis.»
2788 2043 3134 2115 Crystallum,
3154 2045 3302 2100 sicut
3323 2046 3542 2102 dictum
3574 2056 3683 2111 est,
3715 2064 3774 2102 ex

2159 2146 2311 2200 .aqua
2335 2135 2666 2203 congelascit
2688 2144 2743 2190 et
2768 2135 3051 2192 robustum
3072 2137 3155 2192 ﬁt.
3173 2136 3396 2194 Scimus
3413 2155 3558 2210 ergo
3579 2151 3775 2209 quanta

2171 2223 2246 2277 sit
2259 2223 2712 2292 aquaemobilitas.
2735 2225 2942 2294 Corpus
2970 2235 3150 2282 autem
3164 2227 3564 2300 Redemptoris
3587 2233 3771 2294 nostri,

2172 2313 2297 2382 quia
2329 2329 2501 2383 usque
2531 2315 2599 2369 ad
2624 2325 2854 2371 mortem
2894 2318 3134 2387 passioni
3162 2318 3441 2388 subjacuit
3461 2361 3477 2388 ,
3521 2336 3686 2391 aqua:
3711 2323 3774 2376 si-

2173 2404 2300 2458 mile
2335 2404 2492 2473 juxta
2521 2405 2722 2476 aliquid
2751 2405 2870 2462 fuit.
2902 2407 3042 2474 Quia
3081 2412 3390 2478 nascendo,
3439 2413 3774 2476 crescendo,

2161 2493 2516 2552 .lassescendo
2551 2503 2608 2551 et
2643 2497 2947 2564 esuriendo,
2971 2499 3226 2566 sitiendo,
3250 2502 3572 2569 moriendo,
3615 2519 3775 2572 usque

2169 2588 2237 2643 ad
2278 2589 2585 2658 passionem
2637 2605 2790 2648 suam
2834 2607 2934 2661 per
2983 2603 3257 2650 momenta
3304 2606 3629 2666 temporum
3669 2614 3777 2652 mu-

2171 2681 2409 2738 tabiliter
2434 2684 2761 2742 decucurrit.
2787 2685 2943 2756 Aqua
2985 2703 3114 2761 ergo
3149 2690 3204 2744 in
3245 2689 3582 2762 crystallum
3615 2691 3776 2744 verti-

2172 2779 2294 2839 tur,
2345 2777 2563 2844 quando
2607 2778 2973 2849 corruptionis
3023 2780 3142 2850 ejus
3189 2780 3489 2837 inﬁrmitas
3538 2797 3652 2853 per
3703 2798 3776 2836 re-

2165 2867 2563 2926 surrectionem
2617 2884 2772 2923 suam
2831 2871 2897 2924 ad
2951 2871 3379 2942 incurruptionis
3450 2872 3773 2928 ﬁrmitatem

2167 2967 2251 3014 est
2297 2960 2603 3017 immutata.
2653 2962 2761 3019 Sed
2802 2965 3134 3032 notandum,
3184 2967 3328 3035 quod
3372 2967 3480 3022 hoc
3536 2966 3773 3038 (ξι-γειςή-

2163 3049 2278 3106 lum
2329 3051 2591 3106 horribile
2615 3091 2630 3118 ,
2655 3052 2710 3107 id
2753 3062 2838 3109 est
2876 3054 3204 3125 pavendum,
3243 3056 3463 3112 dicitur.
3500 3057 3650 3124 Quis
3678 3075 3773 3112 au-

2168 3149 2278 3198 tem
2345 3145 2553 3199 nesciat
2603 3146 2756 3216 cujus
2803 3147 3228 3216 pulchritudinis
3272 3149 3342 3203 sit
3401 3151 3774 3222 crystallum?

2165 3330 2418 3387 cbritudo
2448 3347 2572 3387 cum
2614 3347 2832 3402 pavore.
2863 3332 2972 3390 Sed
3009 3336 3263 3391 omnibus
3292 3351 3419 3392 vera
3457 3337 3769 3393 scientibus

2159 3431 2396 3488 constat,
2423 3423 2567 3494 quod
2593 3423 2925 3495 Redemptor
2949 3426 3174 3482 humani
3197 3429 3412 3500 generis
3439 3443 3572 3483 cum
3604 3427 3769 3498 judex

2153 3517 2505 3586 apparuerit,
2530 3524 2586 3574 et
2610 3517 2891 3588 speciosus
2921 3518 3197 3587 justis,et
3226 3519 3488 3576 terribilis
3539 3522 3664 3576 erit
3693 3524 3769 3576 in-

2151 3603 2338 3674 justis.
2367 3605 2542 3673 Quem
2568 3607 2713 3664 enim
2739 3619 3086 3665 mansuetum
3107 3610 3380 3681 aspiciunt
3403 3609 3599 3674 electi,
3627 3613 3766 3668 hunc

2159 3695 2724 3768 eumdemlpavendum
2738 3708 2901 3770 atque
2915 3701 3214 3758 terribilem
3232 3701 3472 3771 reprobi.
3493 3703 3614 3759 Sed
3629 3706 3766 3760 hunc

2161 3789 2284 3846 ideo
2311 3788 2614 3846 terribilem
2635 3799 2767 3847 tunc
2800 3807 2908 3848 non
2928 3792 3193 3850 videbunt
3223 3793 3404 3861 electi,
3438 3795 3574 3864 quia
3609 3795 3768 3854 modo

2163 3890 2430 3937 terrorem
2454 3881 2597 3938 illius
2629 3884 2977 3942 considerare
3005 3900 3114 3942 non
3132 3893 3367 3942 cessant.
3394 3884 3467 3940 Et
3489 3887 3629 3954 quia
3660 3888 3768 3956 ipse

2145 3985 2329 4042 pavor
2351 3973 2471 4043 ejus
2498 3989 2659 4043 quem
2689 3975 2744 4030 in
2772 3976 2887 4032 suis
2907 3976 3331 4046 cogitationibus
3349 3985 3543 4032 tenent
3569 3993 3767 4038 eorum

2162 4073 2371 4120 tuentes
2386 4065 2641 4135 protegit,
2659 4075 2809 4122 recte
2827 4066 3170 4137 subjungitur
3191 4085 3204 4122 ;
3227 4067 3476 4122 «Extenti
3491 4082 3671 4138 super
3689 4083 3768 4122 ca-

2159 4155 2272 4224 pita
2295 4171 2484 4214 eorum
2505 4156 2756 4227 desuper.
2785 4176 2806 4208 ι
2829 4155 3262 4214 Firmamentum
3279 4158 3406 4226 hoc,
3427 4160 3582 4228 quod
3609 4161 3672 4216 in
3690 4160 3763 4236 si-

2155 4247 2523 4304 militudinem
2539 4248 2780 4318 crystalli
2796 4264 2958 4320 super
2977 4251 3156 4321 capita
3173 4251 3490 4308 animalium
3507 4265 3762 4322 apparet,

2149 4349 2216 4398 .et
2244 4341 2504 4398 horribile
2539 4351 2594 4396 et
2619 4350 2904 4398 extensum
2939 4352 3043 4410 est,
3080 4345 3209 4412 qui'a
3242 4343 3512 4404 bonorum
3541 4357 3763 4401 mentes

2159 4435 2302 4490 unde
2319 4443 2505 4499 terret,
2533 4436 2657 4491 inde
2669 4438 2923 4508 protegit.
2944 4435 3003 4492 Si
3023 4438 3166 4493 enim
3182 4438 3461 4508 pavendus
3478 4437 3536 4493 in
3565 4454 3762 4494 eorum

2157 4526 2414 4582 cordibus
2453 4542 2562 4583 non
2589 4538 2752 4593 esset,
2786 4536 3060 4598 protector
3077 4537 3133 4584 et
3159 4531 3320 4586 modo
3349 4545 3380 4586 a
3411 4531 3685 4601 peccatis,
3709 4543 3763 4590 ct

2145 4629 2284 4689 post
2297 4636 2328 4676 a
2349 4621 2623 4691 suppliciis
2637 4638 2744 4678 non
2769 4622 2977 4680 fuisset.
2993 4621 3131 4692 Quia
3149 4631 3330 4679 autem
3345 4640 3565 4695 semper
3579 4627 3758 4682 consi-

2161 4714 2351 4770 derant
2375 4715 2470 4785 qui
2487 4729 2660 4785 pavor
2672 4732 2740 4771 ex
2745 4715 2950 4785 judicio
2960 4717 3534 4784 immmeat,virtutum
3545 4735 3760 4789 pennas

2159 4807 2218 4863 in
2233 4807 2557 4864 rectitudine
2570 4817 2917 4865 conservant.
2936 4807 3089 4866 Unde
3101 4819 3160 4865 et
3173 4819 3296 4879 apte
3311 4824 3440 4866 mox
3460 4811 3722 4866 subditur
3741 4824 3757 4862 :

2221 4917 2256 4952 οι
2299 4899 2412 4956 Sub
2430 4900 2776 4956 ﬁrmamento
2798 4909 2979 4956 autem
2999 4916 3192 4971 penna:
3212 4917 3406 4956 eorum
3430 4910 3602 4958 recta:
3624 4903 3759 4958 alte-

2164 5013 2184 5047 r
2225 4995 2346 5051 rius
2370 4996 2440 5051 ad
2462 4995 2715 5060 alterum,
2741 5002 2846 5050 etc.
2877 5014 2898 5046 ›
2924 4994 3120 5050 Penna:
3149 4995 3414 5050 virtutum
3437 4995 3546 5050 sub
3569 4994 3757 5050 ﬁrma-

2158 5094 2342 5142 mento
2369 5094 2532 5141 rectae
2556 5093 2702 5150 sunt,
2737 5084 2952 5156 quando
2993 5085 3198 5141 bonum
3240 5087 3385 5156 quod
3417 5086 3560 5141 alter
3587 5087 3759 5141 habet

2159 5177 2316 5234 alteri
2340 5177 2624 5246 impendit,
2649 5185 2711 5232 ut
2732 5173 2826 5246 qui
2849 5185 3125 5232 terrenam
3146 5176 3512 5232 substantiam
3534 5178 3754 5246 accipit,

2157 5271 2462 5341 indigentes
2486 5270 2723 5340 proximi
2770 5270 3005 5338 inopiam
3050 5267 3312 5324 sublevet.
3349 5265 3454 5336 Qui
3493 5268 3758 5324 doctrina:

2143 5365 2332 5435 gratia
2362 5365 2553 5433 plenus
2577 5372 2682 5428 est,
2704 5363 3006 5434 ignorantis
3033 5361 3268 5433 proximi
3303 5360 3564 5418 tenebras
3583 5363 3758 5418 verbo

2159 5476 2271 5516 sum
2301 5461 2712 5530 praedicationis
2741 5462 2996 5518 illustret.
3019 5460 3123 5528 Qui
3158 5460 3447 5531 temporali
3481 5468 3758 5530 potestate

2157 5551 2418 5606 subnixus
2464 5562 2550 5608 est
2574 5593 2590 5618 ,
2633 5567 2918 5623 oppressos
2967 5569 3001 5606 a
3046 5551 3317 5608 violentiis
3369 5550 3596 5607 relevat.
3649 5549 3757 5616 Qui

2157 5643 2454 5713 prophetia:
2499 5645 2692 5715 spiritu
2739 5645 2932 5715 plenus
2971 5654 3090 5711 est,
3125 5661 3155 5699 a
3183 5644 3294 5698 vita
3336 5642 3577 5714 proximi
3605 5642 3756 5696 mala

2157 5735 2493 5792 imminentia
2539 5738 2681 5792 bona
2735 5736 3008 5792 suadendo
3056 5735 3310 5792 declinet.
3359 5733 3462 5802 Qui
3511 5735 3757 5805 gratiam

2157 5829 2453 5884 curationis
2503 5830 2724 5900 accipit,
2774 5830 3162 5888 intermissione
3224 5844 3322 5886 sua
3370 5827 3534 5884 saluti
3592 5826 3758 5882 iniit»
