3938 6360
197 367 304 421 537

195 590 226 629 a
263 571 492 628 terrenis
518 569 727 625 actibus
751 567 890 622 iiber
913 567 1015 621 soli
1041 567 1153 622 Deo
1179 580 1372 621 vacare
1417 566 1648 631 meruit,
1680 580 1780 636 pro

196 661 634 732 delinquentibus
661 669 867 714 exoret.
892 657 980 713 Fit
1023 668 1202 713 autem
1239 673 1401 729 szepe,
1434 668 1494 713 ut
1533 659 1622 728 qui
1674 667 1780 714 ter-

197 771 330 811 rena
364 754 667 809 substantia
693 753 857 808 nimis
877 761 1191 822 occupatur,
1221 752 1455 808 orationi
1477 769 1584 808 non
1611 768 1780 822 quan-

181 857 316 904 tum
339 848 528 914 debet,
562 847 824 918 invigilet.
857 846 926 901 Et
950 845 1013 900 ﬁt
1049 845 1402 916 plerumque,
1433 854 1494 901 ut
1519 847 1566 902 is
1593 845 1686 917 qui
1711 847 1781 902 ad

189 941 530 998 exorandum
561 939 870 1004 Dominum,
904 938 1115 994 cunctis
1143 939 1330 993 mundi
1352 939 1610 994 oneribus
1643 953 1778 994 exu-

196 1041 288 1087 tus
314 1039 506 1095 vacat,
533 1030 986 1086 sustentationem
1020 1029 1234 1084 vivendi
1272 1045 1381 1085 non
1423 1029 1638 1085 habeat.
1671 1029 1780 1085 Sed

195 1126 327 1180 dum
372 1124 523 1180 dives
572 1122 802 1194 porrigit
849 1120 1160 1177 alimentum
1195 1128 1358 1190 atque
1395 1120 1779 1176 vestimentum

194 1217 440 1287 pauperi,
471 1224 526 1270 et
551 1215 676 1270 dum
701 1227 908 1285 pauper
928 1211 1231 1267 orationem
1252 1225 1405 1266 suam
1429 1211 1622 1266 animae
1644 1210 1782 1266 divi-

197 1308 268 1362 tis
295 1307 572 1378 impendit,
597 1321 787 1377 penna:
807 1303 1123 1360 animalium
1149 1310 1297 1360 recte
1317 1302 1540 1358 alterius
1559 1304 1628 1358 ad
1652 1303 1780 1360 alte-

196 1415 319 1454 rum
340 1402 652 1455 tenduntur.
687 1396 948 1467 Sequitur
974 1415 988 1450 :

177 1499 180 1506 '
274 1511 293 1543 ‹
340 1489 771 1561 Unumquodque
788 1489 1000 1544 duabus
1022 1489 1124 1544 alis
1143 1488 1359 1544 velabat
1380 1501 1578 1559 corpus
1599 1503 1776 1544 suum.

199 1600 221 1634 ‹
264 1581 332 1637 Et
361 1583 594 1638 alterum
621 1581 870 1637 similiter
897 1580 1197 1635 velabatur.
1237 1601 1258 1633 ι
1290 1578 1497 1652 (6ης.)
1520 1580 1657 1647 Quia
1683 1594 1781 1652 per

175 1689 396 1745 corpus
424 1675 590 1739 actio,
613 1689 712 1744 per
741 1673 854 1729 alas
883 1687 1012 1728 vero
1029 1665 1262 1728 virtutes
1281 1673 1587 1744 signantur,
1617 1688 1780 1744 supra

185 1765 306 1835 iam
334 1767 588 1822 diximus.
615 1767 680 1821 Et
709 1781 829 1822 cum
859 1765 1022 1830 dicat,
1059 1785 1078 1817 ‹
1106 1767 1207 1821 sub
1230 1763 1572 1820 ﬁrmamento
1598 1773 1778 1820 autem

1086 373 1092 380 '
1158 355 1509 417 comm.
1549 356 1619 414 ΙΝ
1656 353 2108 414 EZECHIELEI.
2147 386 2218 398 —
2249 357 2376 416 LIB.
2413 358 2478 416 ll.

197 480 474 538 mautium'
497 480 584 548 pie
607 485 666 531 et
698 474 976 530 humiliter
1001 476 1243 530 intendat
1281 473 1600 546 [impendat]
1630 492 1644 528 :
1677 475 1770 544 qui
1796 473 1852 536 Α

3362 365 3468 422 558

1950 491 1970 523 ι
1990 471 2058 526 Et
2067 473 2349 529 audiebam
2367 490 2558 531 sonum
2574 477 2804 544 alarum,
2820 479 2976 548 quasi
2988 494 3180 536 sonum
3195 495 3460 552 aquarum

1887 583 1906 617 ι
1932 564 2240 631 multarum,
2265 575 2371 622 etc.
2397 586 2416 618 ι
2458 566 2731 641 (Hier-ou.)
2757 569 2982 640 Voxque
3013 571 3231 626 auditur
3253 573 3464 628 alarum

1881 658 2198 722 volantium,
2225 661 2380 729 quasi
2401 676 2507 717 vox
2546 676 2808 732 aquarum
2830 663 3135 728 multarum,
3173 663 3463 734 quasjuxta

1875 749 2234 823 Apocalypsin
2252 749 2477 808 Joannis
2500 753 2725 823 populos
2747 753 3074 826 signiﬁcant,
3093 755 3466 826 paulatimque

1878 843 2183 912 proﬁciens,
2204 845 2358 914 quasi
2379 859 2485 900 vox
2510 854 2832 912 castrorum,
2849 855 2906 902 et
2925 847 3079 918 quasi
3099 862 3206 903 vox
3219 847 3466 904 sublimis

1880 934 1997 990 Dei.
2010 934 2162 1002 Quod
2183 934 2448 1003 Hebraicc
2459 937 2762 1008 appellatur
2775 937 2982 1006 saddai,
2998 935 3218 1008 etjuxta
3240 939 3470 1011 Septua-

1879 1028 2062 1099 ginta,
2096 1046 2190 1084 vox
2231 1030 2389 1094 verbi,
2433 1038 2494 1084 ut
2535 1029 2818 1095 universa,
2852 1047 2974 1101 qua:
3011 1031 3379 1101 praedicantur
3408 1032 3462 1088 in

1879 1123 2100 1189 mundo,
2127 1138 2312 1180 vocem
2336 1123 2456 1180 Filii
2477 1123 2572 1181 Dei
2590 1139 2711 1181 esse
2734 1125 3040 1183 credamus.
3057 1124 3260 1198 (Greg.)
3278 1124 3464 1180 Solent

1875 1216 2021 1271 enim
2051 1215 2108 1272 in
2137 1230 2294 1273 sacro
2341 1217 2556 1287 eloquio
2599 1233 2699 1289 per
2745 1233 2914 1289 aquas
2941 1217 3124 1290 populi
3167 1218 3463 1289 designari.

1881 1307 2034 1364 Unde
2071 1324 2168 1378 per
2198 1307 2460 1365 Joannem
2505 1309 2743 1364 dicitur:
2781 1328 2800 1361 ι
2833 1308 3002 1379 Aquae
3027 1324 3155 1364 vero
3200 1318 3328 1364 sunt
3375 1326 3472 1380 po-

1879 1401 1989 1472 puli
2018 1400 2202 1472 (Apoc.
2233 1401 2390 1469 xvn).
2425 1421 2445 1453 ›
2481 1400 2686 1457 idcirco
2712 1410 2894 1456 autem
2926 1415 3025 1472 per
3050 1416 3220 1472 aquas
3240 1401 3470 1471 populus

1880 1491 2218 1562 designatur,
2242 1492 2369 1562 quia
2391 1500 2446 1547 et
2473 1492 2527 1546 in
2556 1492 2666 1547 vita
2692 1507 2888 1548 sonum
2925 1491 3090 1548 habet
3126 1507 3192 1547 ex
3234 1491 3468 1546 tumultu

1880 1584 2094 1650 carnis,
2129 1594 2184 1640 et
2229 1585 2474 1654 quotidie
2514 1583 2702 1640 deﬂuit
2736 1601 2805 1641 ex
2842 1585 3073 1641 decursu
3097 1585 3466 1639 mortalitatis.

1881 1676 1952 1734 Ut
1976 1685 2158 1732 autem
2183 1691 2324 1747 saepe
2339 1677 2452 1748 jam
2479 1675 2736 1743 diximus,
2756 1675 2853 1731 alae
2875 1683 3000 1732 sunt
3016 1675 3328 1730 animalium
3355 1675 3468 1729 vir-

1881 1775 2024 1822 tutes
2046 1777 2376 1823 sanctorum.
2411 1767 2551 1835 Quid
2583 1776 2667 1824 est
2706 1783 2834 1838 ergo
2871 1768 3014 1836 quod
3049 1767 3312 1837 propheta
3351 1765 3467 1820 ala-

181 1872 388 1928 ‘pennae
402 1873 590 1914 eorum
613 1866 771 1912 rectae
790 1857 1014 1913 alterius
1033 1858 1100 1912 ad
1123 1857 1405 1923 alterum,»
1429 1857 1778 1927 quaerendum
1808 1833 1856 1896 Β
1885 1875 2004 1914 rum
2033 1875 2222 1915 sonum
2245 1860 2418 1926 audit,
2440 1861 2593 1930 quasi
2623 1875 2815 1915 sonum
2847 1875 3107 1929 aquarum
3143 1858 3483 1928 multarum,‘

177 1959 276 2007 est
301 1950 533 2020 qualiter
560 1950 826 2016 subditur,
855 1969 874 2002 ‹
904 1949 1336 2020 Unumquodque
1358 1949 1564 2004 duabus
1577 1949 1676 2004 aiis
1688 1964 1782 2004 ve-

190 2040 340 2097 labat
373 2055 569 2111 corpus
595 2055 772 2097 suum.
807 2061 826 2093 ι
851 2041 971 2109 Qua
1005 2041 1061 2096 in
1088 2057 1147 2096 re
1166 2042 1269 2098 hoc
1281 2049 1532 2111 patenter
1552 2042 1778 2109 indicat,

179 2135 316 2204 quia
346 2144 402 2189 et
436 2149 643 2204 pennas
675 2134 816 2190 alius
831 2135 899 2189 ad
921 2135 1153 2190 alterum
1177 2135 1486 2200 tendebant,
1513 2142 1568 2190 et
1599 2143 1780 2190 tamen

192 2227 401 2282 duabus
431 2226 532 2281 alis
560 2240 758 2296 corpus
792 2227 1072 2296 proprium
1102 2224 1372 2279 vetabant.
1401 2224 1540 2293 Quid
1568 2235 1623 2281 et
1653 2227 1776 2294 hoc,

191 2321 292 2376 nisi
312 2362 328 2385 ,
353 2321 480 2391 quia
507 2320 587 2374 sic
609 2319 868 2374 debemus
894 2320 1119 2374 virtutes
1153 2334 1288 2388 quas
1324 2319 1618 2390 accipimus
1658 2320 1779 2376 aliis

191 2413 522 2482 impendere,
550 2420 610 2467 ut
635 2429 698 2468 ea
730 2413 785 2466 in
818 2412 1014 2482 quibus
1034 2413 1396 2482 peccavimus,
1429 2429 1536 2468 non
1565 2413 1780 2470 desina-

191 2520 308 2560 mus
333 2513 490 2559 caute
524 2504 782 2574 cogitare,
815 2511 869 2558 et
897 2511 1108 2558 reatum
1138 2512 1381 2558 nostrum
1417 2503 1656 2574 quotidie
1680 2519 1780 2573 per

191 2595 440 2649 timorem
479 2602 532 2650 et
572 2594 944 2665 paenitentiam
976 2594 1272 2666 plangere?
1310 2593 1454 2649 Duas
1491 2593 1636 2649 enim
1665 2594 1778 2650 alas

189 2688 438 2758 superius
459 2686 656 2757 quibus
676 2697 873 2757 corpus
892 2685 1174 2741 velabatur
1195 2726 1209 2750 ,
1241 2685 1491 2740 timorem
1517 2694 1573 2740 et
1596 2686 1775 2755 paeni-

190 2779 414 2834 tentiam
441 2778 696 2832 diximus.
725 2777 784 2832 Si
806 2791 938 2848 ergo
974 2777 1029 2831 in
1065 2776 1333 2832 charitate
1377 2789 1690 2831 crescamus
1717 2783 1779 2830 ut

187 2887 393 2944 pennas
437 2872 721 2927 tendamus
771 2870 839 2924 ad
895 2869 1176 2939 proximos
1202 2909 1218 2934 ,
1275 2869 1356 2924 sic
1406 2883 1612 2938 pennas
1660 2875 1774 2922 ten-

187 2965 380 3020 damus
427 2964 483 3018 in
531 2963 839 3034 proximos,
890 2971 952 3016 ut
997 2974 1276 3030 nunquam
1329 2959 1638 3016 desinamus
1684 2973 1776 3014 co-

187 3059 360 3128 gitare
399 3053 455 3112 et
496 3054 754 3127 plangere
785 3053 1162 3123 nosmetipsos.
1197 3052 1394 3108 Pennze
1443 3061 1622 3108 autem
1659 3059 1776 3107 ten-

185 3151 386 3204 dantur
417 3149 572 3219 juxta
613 3162 838 3217 pennas,
883 3153 945 3200 ut
989 3145 1304 3215 cooperiant
1341 3159 1590 3214 corpora,
1625 3152 1682 3198 ut
1705 3144 1774 3200 de

183 3243 340 3297 bonis
367 3242 578 3296 actibus
603 3240 942 3310 praebeamus
961 3237 1232 3307 exempla,
1254 3247 1310 3292 et
1333 3236 1494 3302 mala,
1519 3251 1640 3307 quae
1661 3236 1772 3307 agi-

183 3350 302 3391 mus
335 3334 670 3390 abscondant
695 3349 726 3388 a
746 3331 953 3403 judicio
981 3331 1146 3386 timor
1179 3338 1234 3385 ct
1269 3329 1609 3400 paenitentia.
1635 3329 1772 3385 Pes-

184 3434 305 3482 sunt
351 3425 513 3481 etiam
539 3439 640 3494 per
669 3422 780 3478 alas
811 3422 912 3477 has
944 3422 1050 3476 duo
1071 3429 1342 3491 praecepta
1373 3420 1660 3476 charitatis
1689 3419 1770 3474 in-

189 3518 374 3589 telligi,
404 3516 612 3573 scilicet
641 3513 736 3569 Dei
766 3522 820 3568 et
847 3512 1101 3584 proximi.
1134 3513 1381 3567 Amando
1410 3511 1577 3581 igitur
1598 3511 1769 3565 Deum

183 3618 370 3664 nostra
422 3609 474 3662 in
527 3606 682 3662 nobis
731 3604 874 3660 mala
924 3603 1322 3673 persequimur,
1365 3601 1419 3656 id
1453 3612 1535 3657 est
1573 3617 1770 3674 corpus

182 3700 445 3755 velamus.
476 3697 757 3769 Diiigendo
783 3704 963 3751 autem
991 3695 1301 3765 proximum
1339 3693 1390 3748 ei
1418 3694 1472 3748 in
1505 3705 1611 3762 quo
1646 3707 1770 3763 pos-

181 3804 369 3847 sumus
391 3790 650 3860 prodesse
677 3787 1018 3851 festinamus,
1042 3787 1096 3842 id
1119 3793 1202 3841 est
1221 3785 1336 3840 alas
1355 3785 1424 3840 ad
1445 3784 1770 3841 alterutrum

181 3881 472 3936 tendimus.
499 3879 675 3946 Quaeri
697 3880 895 3934 etenim
920 3887 1118 3949 potest,
1139 3893 1238 3934 cur
1259 3886 1540 3949 postquam
1562 3877 1766 3934 dictum

181 3977 302 4027 est:
337 3991 354 4022 ι
381 3969 823 4039 Unumquodque
844 3969 1057 4024 velabat
1089 3983 1285 4040 corpus
1308 3985 1495 4035 suum,
1533 3988 1552 4019 ι
1583 3969 1767 4024 statim

179 4064 431 4119 subditur
462 4079 474 4115 :
506 4081 524 4112 ι
558 4070 612 4117 et
635 4061 867 4116 alterum
886 4060 1134 4116 similiter
1159 4061 1460 4116 velabatur.
1485 4081 1503 4114 ι
1533 4060 1590 4116 Si
1621 4062 1766 4118 enim

179 4159 390 4213 diceret
417 4170 584 4209 unum
606 4163 661 4209 et
689 4153 936 4218 alterum,
963 4153 1214 4223 loquendi
1243 4154 1383 4208 ratio
1403 4161 1592 4220 staret,
1617 4162 1768 4224 post-

180 4267 344 4322 quam
386 4267 516 4307 vero
555 4251 755 4306 dictum
794 4258 878 4305 est
916 4248 1353 4320 unumquodque,
1382 4263 1480 4305 cur
1519 4248 1767 4318 adjicitur

179 4343 432 4410 alterum,
477 4357 600 4398 cum
628 4342 680 4396 in
722 4351 1048 4412 unoquoque
1081 4355 1270 4397 omnes
1298 4339 1764 4411 comprehendun-

163 4441 286 4492 'tur.
325 4435 434 4492 Sed
464 4445 519 4491 et
563 4435 609 4492 si
649 4433 1014 4506 perfecturum
1039 4435 1238 4500 vitam,
1273 4442 1330 4491 et
1365 4433 1764 4507 proficientium

1883 1953 1990 2006 nisi
2023 1951 2166 2021 quod
2188 1966 2256 2006 ex
2279 1951 2664 2022 omnipotentis
2692 1951 2784 2005 Dei
2808 1951 3011 2020 pietate
3041 1949 3143 2004 illae
3175 1949 3272 2004 alae
3293 1950 3468 2004 virtu-

1886 2054 2030 2110 tum,
2081 2059 2201 2113 quaa
2244 2044 2298 2098 in
2347 2045 2536 2114 paucis
2580 2043 2731 2114 prius
2781 2043 2983 2099 sanctis
3021 2043 3316 2107 sonabant,
3351 2041 3469 2112 jam

1882 2151 2028 2190 nunc
2073 2136 2456 2205 praedicatione
2486 2135 2680 2191 diiiusa
2720 2136 2774 2190 in
2816 2135 3110 2190 multorum
3145 2133 3468 2204 populorum

1880 2226 2290 2282 conversatione
2354 2227 2650 2282 resonant?
2707 2225 2993 2282 lncarnato
3048 2225 3192 2280 enim
3225 2265 3241 2291 ,
3305 2239 3467 2295 passo

1881 2332 1945 2374 ac
2006 2326 2318 2386 resurgentc
2382 2317 2650 2384 Domino,
2701 2333 2875 2388 pauca
2927 2325 3161 2387 pennata
3210 2315 3467 2370 animalia

1879 2407 2117 2475 fuerunt,
2151 2408 2279 2479 quia
2300 2409 2410 2463 rari
2438 2407 2597 2463 valde
2617 2409 2964 2474 exstiterunt,
2993 2408 3086 2477 qui
3115 2406 3356 2462 caelestia
3377 2406 3469 2464 de.

1878 2501 2199 2576 siderarent,
2223 2511 2278 2558 et
2308 2502 2566 2557 virtutum
2597 2503 2788 2572 pennis
2837 2518 2894 2558 se
2928 2503 2983 2557 in
3024 2502 3130 2556 alta
3173 2502 3466 2573 suspende-

1879 2600 2018 2646 rent.
2058 2590 2163 2647 Sed
2207 2600 2493 2663 postquam
2543 2592 2843 2648 divinitatis
2887 2591 3006 2661 ejus
3048 2593 3363 2662 przedicatio
3407 2590 3465 2648 in

1876 2687 2076 2742 mundo
2102 2685 2293 2743 diffusa
2315 2695 2417 2753 est,
2442 2689 2629 2759 quanti
2651 2687 2764 2756 jam
2787 2689 3016 2758 parvuli,
3040 2689 3231 2760 quanti
3253 2690 3466 2761 gravio-

1875 2794 1986 2844 res,
2008 2779 2196 2848 quanti
2227 2778 2394 2836 fortes
2411 2778 2657 2848 juvenes,
2681 2781 2872 2851 quanti
2906 2781 3226 2847 imbecilles,
3250 2788 3466 2852 quantae

1876 2885 2148 2926 conversae
2195 2871 2552 2941 peceatriees,
2602 2883 2819 2942 quantae
2863 2889 3030 2938 anus,
3067 2873 3338 2943 virgines,
3368 2887 3467 2942 per

1875 2962 2064 3027 ﬁdem,
2088 2978 2185 3032 per
2209 2978 2357 3033 Spem
2382 3003 2396 3029 ,
2426 2978 2524 3034 per
2542 2978 2780 3019 amorem
2801 3005 2816 3030 ,
2841 2965 2906 3019 ad
2941 2963 3185 3021 caelestia
3213 2963 3461 3030 evolant;

1874 3053 1997 3123 quis
2023 3053 2204 3109 dicere
2222 3094 2237 3118 ,
2265 3055 2388 3122 quis
2412 3055 2684 3110 aestimare
2708 3054 2945 3110 suliicit?
2971 3056 3112 3112 Ecce
3140 3056 3346 3110 alarum
3377 3071 3466 3111 so-

1874 3162 1998 3212 nus,
2028 3147 2120 3216 qui
2141 3147 2292 3217 prius
2318 3147 2371 3200 in
2394 3147 2580 3216 paucis
2605 3147 2928 3203 animalibus
2947 3146 3072 3211 fuit,
3095 3147 3210 3216 jam
3237 3161 3382 3200 nunc
3405 3146 3464 3201 in

1819 3227 1843 3256 ³
1865 3239 2086 3308 populis
2113 3246 2350 3294 resonat.
2383 3236 2504 3292 lam
2558 3254 2702 3294 nunc
2737 3239 2920 3294 mundi
2957 3237 3358 3294 multitudinem
3395 3237 3464 3293 ad

1867 3331 2094 3387 caeleste
2141 3330 2472 3386 desiderium
2515 3346 2706 3400 penna:
2748 3331 3014 3386 virtutum
3061 3330 3265 3386 levant.
3316 3329 3462 3386 Bene

1868 3439 1998 3495 ergo
2023 3423 2222 3480 dicitur
2243 3439 2258 3478 :
2289 3423 2358 3478 Et
2384 3423 2669 3480 audiebam
2693 3439 2885 3479 sonum
2908 3423 3116 3478 alarum
3136 3462 3152 3488 ,
3186 3421 3345 3492 quasi
3373 3437 3463 3479 so-

1869 3533 2000 3572 num
2028 3531 2292 3586 aquarum
2323 3515 2637 3572 multarum.
2666 3513 2806 3583 Quia
2828 3515 2969 3570 sicut
2996 3512 3207 3586 praefati
3240 3528 3461 3582 sumus,

1865 3610 1958 3666 ille
1986 3611 2248 3666 virtutum
2275 3624 2461 3674 sonus,
2496 3609 2590 3680 qui
2621 3609 2678 3664 in
2705 3624 2838 3664 aure
2863 3609 2960 3664 Dei
2984 3607 3138 3679 prius
3162 3622 3232 3663 ex
3267 3608 3462 3677 paucis

1869 3701 2071 3757 sanctis
2110 3701 2288 3756 factus
2329 3709 2466 3767 est,
2491 3701 2833 3770 postmodum
2871 3715 2939 3754 ex
2969 3699 3128 3770 aquis
3160 3698 3375 3767 multis,
3405 3699 3462 3756 id

1865 3804 1971 3862 est,
1999 3811 2067 3851 ex
2092 3794 2576 3851 innumerabilibus
2599 3802 2683 3850 est
2714 3792 2927 3864 populis
2947 3791 3353 3861 multiplicatus.
3381 3791 3460 3846 De

1867 3903 1976 3959 quo
2004 3888 2179 3944 adhuc
2205 3902 2341 3942 sono
2367 3886 2506 3942 bene
2550 3886 2767 3942 additur
2795 3901 2810 3916 ο
2840 3904 2858 3935 ‹
2891 3882 3057 3950 Quasi
3088 3898 3252 3940 sonus
3291 3883 3460 3940 subli-

1866 3981 1972 4036 mis
2000 3980 2115 4036 Dei.
2154 4000 2174 4032 ι
2200 3979 2340 4046 Quid
2381 3987 2466 4036 est
2495 3978 2638 4049 quod
2682 3977 2891 4033 alarum
2941 3991 3108 4032 sonus
3152 3975 3208 4032 in
3251 3975 3458 4031 sanctis

1866 4073 2220 4139 animalibus,
2263 4071 2420 4140 quasi
2464 4085 2632 4126 sonus
2659 4069 2905 4126 sublimis
2935 4068 3034 4124 Dei
3076 4068 3309 4124 dicitur?
3337 4067 3452 4124 Nisi

1865 4167 2010 4236 quod
2029 4165 2367 4234 omnipotens
2390 4164 2534 4218 Deus
2553 4171 2608 4218 et
2627 4163 2742 4233 ipse
2762 4162 2950 4231 implet
2972 4168 3282 4217 sanctorum
3303 4174 3456 4215 men-

1869 4267 1948 4313 tes
1985 4256 2193 4313 coelesti
2225 4253 2528 4320 desiderio,
2554 4263 2610 4310 et
2633 4254 2749 4324 ipse
2782 4253 3004 4308 exaudit
3026 4251 3294 4322 impletas.
3326 4250 3449 4321 Ipse

1864 4350 2066 4406 etenim
2087 4358 2238 4405 creat
2259 4349 2316 4404 in
2345 4356 2660 4405 sanctorum
2685 4347 2938 4404 cordibus
2972 4361 3235 4412 amorem,
3256 4353 3314 4401 et
3335 4344 3452 4414 ipse

1863 4457 1932 4498 ex
1969 4441 2277 4497 amantibus
2327 4439 2578 4496 cordibus
2621 4438 2848 4510 suscipit
2885 4454 3094 4511 preces.
3136 4437 3281 4494 Bene
3322 4451 3454 4508 ergo

181 4531 370 4586 merita
393 4529 794 4599 distinguimus,
818 4535 873 4583 et
893 4528 1314 4598 unumquodque
1335 4537 1390 4582 et
1404 4527 1632 4583 alterum
1657 4543 1778 4604 non:
1793 4551 1843 4614 Ι)
1871 4531 1972 4586 iste
2001 4530 2212 4586 alarum
2241 4547 2430 4597 sonus,
2463 4531 2616 4604 quasi
2644 4546 2810 4586 sonus
2838 4529 3084 4586 sublimis
3110 4529 3204 4584 Dei
3225 4527 3448 4589 dicitur.

181 4620 621 4678 irrationabiliter
667 4619 901 4690 positum
952 4620 1217 4674 videmus.
1246 4617 1348 4685 Qui
1388 4619 1532 4673 enim
1573 4627 1630 4672 et
1665 4633 1762 4671 sua

180 4713 374 4770 deflent
397 4724 450 4768 et
483 4714 745 4767 virtutum
790 4726 998 4782 pennas
1045 4711 1112 4764 ad
1147 4710 1454 4778 proximum
1487 4711 1541 4764 in
1581 4724 1764 4764 exem-

179 4809 322 4878 plum
345 4810 589 4873 tendunt,
615 4805 804 4876 procul
827 4803 991 4858 dubio
1009 4802 1234 4872 perfecti
1257 4810 1402 4855 sunt.
1422 4801 1561 4856 Sunt
1579 4809 1762 4854 autem

178 4899 416 4970 plerique
463 4897 843 4970 parvulorum,
877 4895 970 4964 qui
1013 4908 1202 4947 eorum
1250 4892 1518 4962 lacrymas
1549 4893 1759 4962 conspi-

179 4993 324 5046 ciunt
372 5001 425 5047 et
452 4991 752 5046 imitantur.
789 4987 857 5041 Et
885 4985 975 5056 qui
1009 4985 1137 5039 nudi
1178 4985 1232 5039 in
1261 4984 1372 5039 suis
1403 4983 1763 5052 pravitatibus

179 5098 291 5138 esse
311 5083 629 5155 potuissent,
653 5087 870 5136 sanctos
889 5078 1368 5149 vigilantioresque
1389 5077 1536 5131 viros
1554 5075 1763 5143 conspi-

180 5176 340 5241 ciunt,
369 5188 602 5244 moxque
633 5172 746 5227 suis
777 5171 1138 5241 pravitatibus
1179 5171 1342 5235 irati,
1388 5167 1760 5225 accenduntur

182 5274 234 5320 ut
277 5267 551 5336 plangant.
582 5262 990 5318 inﬂammantur
1039 5263 1106 5317 ad
1151 5261 1562 5332 pmnitentiam,
1594 5268 1757 5330 atque

162 5355 234 5410 ἰιι
277 5355 456 5413 velare
503 5362 718 5410 sanctos
763 5365 990 5423 corpora
1031 5365 1128 5406 sua
1158 5353 1519 5421 conspiciunt,
1548 5351 1622 5406 ita
1653 5351 1754 5422 ipsi

183 5461 387 5521 quoque
433 5449 792 5520 iacrymarum
837 5459 1058 5501 suarum
1097 5444 1199 5498 aiis
1238 5445 1508 5511 velantur,
1548 5445 1755 5514 seipsos

184 5541 316 5596 enim
342 5541 552 5613 magnis
574 5539 1031 5611 increpationibus
1044 5538 1268 5602 feriunt,
1293 5555 1390 5594 cur
1413 5540 1505 5608 qui
1523 5541 1755 5594 virtutes

183 5646 282 5688 non
312 5635 512 5691 habent
533 5643 755 5704 peccata
785 5649 883 5689 sua
905 5633 1132 5688 minime
1160 5632 1468 5702 deplorant,
1513 5634 1558 5688 si
1583 5643 1649 5689 ‘et
1675 5633 1754 5689 illi

185 5725 352 5783 adhuc
371 5727 627 5798 plangere
647 5742 753 5782 non
778 5723 1050 5791 desinunt,
1080 5725 1172 5794 qui
1194 5723 1305 5792 jam
1326 5725 1586 5781 virtutum
1623 5742 1757 5798 pen-

189 5827 278 5874 nas
300 5835 396 5892 per
418 5820 663 5892 exempla
695 5820 766 5876 ad
785 5819 1063 5890 proximos
1095 5817 1340 5874 tendunt.

1867 4622 2004 4689 Quia
2041 4622 2302 4692 quidquid
2332 4623 2386 4676 in
2415 4631 2731 4678 sanctorum
2766 4620 3062 4676 virtutibus
3094 4619 3291 4688 agitur,
3333 4615 3453 4686 ejus

1866 4725 1950 4771 est
1976 4716 2190 4785 gratiae,
2222 4717 2312 4783 qui
2352 4715 2545 4770 merita
2577 4715 2826 4784 largitur,
2870 4713 2962 4781 qui
3009 4721 3157 4768 recte
3196 4727 3292 4782 per
3327 4725 3451 4780 pro-

1865 4805 2085 4873 phetam
2119 4803 2366 4858 sublimis
2387 4805 2532 4858 Deus
2557 4817 2676 4858 esse
2700 4811 3052 4859 memoratur.
3082 4802 3142 4857 ln
3174 4802 3454 4872 Scriptura

1865 4896 2012 4950 enim
2052 4910 2206 4950 sacra
2249 4893 2539 4966 aliquando
2563 4896 2703 4952 Deus
2737 4897 3130 4968 nuncupative,
3161 4893 3452 4965 aliquando

1867 5004 2000 5044 vero
2025 4989 2385 5046 essentialiter
2408 4989 2627 5045 dicitur.
2649 4988 3025 5060 Nuncupative
3052 4989 3198 5046 enim
3229 4986 3448 5054 dicitur,

1865 5082 2007 5138 sicut
2047 5084 2307 5153 scriptum
2349 5091 2468 5138 est:
2501 5101 2519 5134 ι
2555 5083 2696 5139 Ecce
2724 5081 2982 5138 constitui
3020 5089 3073 5136 te
3111 5080 3280 5134 Deum
3303 5077 3450 5134 Pha-

1866 5173 2050 5230 raonis
2067 5170 2262 5245 (Exod.
2280 5173 2399 5245 vn).
2425 5195 2442 5226 ι
2464 5175 2531 5228 Et
2552 5175 2694 5230 sicut
2736 5173 2912 5228 Moses
2937 5172 3014 5227 ait
3049 5169 3248 5242 (Exod.
3270 5170 3406 5242 χχιι)
3432 5187 3447 5224 τ

1870 5287 1886 5319 ι
1909 5267 1967 5323 Si
1992 5268 2115 5339 quis
2144 5269 2246 5323 hoc
2272 5267 2355 5323 vel
2384 5267 2515 5322 illud
2554 5267 2767 5332 fecerit,
2785 5264 2994 5334 appiica
3014 5263 3164 5318 illum
3191 5263 3257 5317 ad
3285 5262 3452 5334 deos,

1861 5360 2112 5416 videlicet
2136 5360 2201 5414 ad
2219 5359 2554 5424 sacerdotes;
2581 5381 2599 5411 ι
2628 5359 2720 5429 qui
2742 5371 2960 5412 rursum
2979 5355 3140 5412 dicit:
3161 5375 3180 5408 ε
3207 5355 3320 5410 Diis
3341 5370 3451 5410 non

1862 5451 2116 5506 detrahes
2155 5447 2366 5521 (lbid.),
2395 5448 2449 5503 id
2476 5457 2583 5513 est,
2610 5447 3000 5503 sacerdotibus.
3035 5445 3104 5502 Et
3137 5445 3280 5502 sicut
3301 5443 3452 5500 Psal-

1861 5543 2022 5598 mista
2043 5542 2152 5596 ait:
2189 5560 2208 5593 ‹
2242 5543 2384 5597 Deus
2414 5540 2564 5595 stetit
2589 5540 2645 5594 in
2668 5554 2942 5611 synagoga
2966 5539 3221 5604 deorum,
3250 5539 3304 5592 in
3331 5551 3447 5591 me-

1861 5635 1952 5691 dio
1977 5643 2159 5690 autem
2191 5635 2321 5690 deos
2357 5631 2619 5688 discernit
2646 5630 2819 5702 (Psal.
2851 5633 3059 5704 Lxxxi).
3089 5651 3109 5684 ι
3135 5629 3450 5687 Essentiaii-

1862 5734 1946 5782 ter
1983 5735 2161 5780 autem
2195 5726 2336 5780 Deus
2379 5724 2596 5788 dicitur,
2637 5724 2776 5780 sicut
2813 5724 2928 5794 ipse
2966 5725 3034 5778 ad
3064 5722 3282 5793 Moysen
3325 5720 3442 5776 ait:

1868 5821 2030 5890 oEgo
2077 5835 2196 5876 sum
2241 5819 2384 5876 Deus
2412 5817 2587 5874 Patris
2613 5817 2726 5884 tui,
2769 5816 2910 5873 Deus
2952 5816 3261 5881 Abraham,
3300 5814 3443 5869 Deus
