3938 6360
169 430 272 487 541

1171 429 1524 487 COMMENT.
1566 430 1633 484 ΙΝ
1674 426 2123 484 EZECHIELEM.
2162 461 2236 471 —
2270 425 2398 483 LIB.
2441 423 2503 482 ll.

3280 405 3297 426 ‘
3350 422 3454 478 5.52

171 547 371 602 animae
401 561 504 600 vox
527 546 642 614 ejus
666 552 770 611 est,
797 543 922 614 quia
956 554 1112 599 sonat
1135 545 1278 615 quod
1304 555 1409 610 est,
1438 561 1556 614 qum
1587 554 1766 602 tamen
1794 548 1845 607 Α
1871 553 2053 597 monet
2101 543 2284 604 dicens
2323 560 2335 594 :
2368 560 2385 590 ‹
2417 539 2609 596 Venite
2655 545 2710 591 et
2756 537 2934 591 videte
2991 550 3151 606 opera
3201 535 3450 615 Domini,

172 642 354 695 adhuc
381 656 485 693 vox
517 639 614 691 sub
652 638 992 691 ﬁrmamento
1036 644 1136 691 est.
1163 620 1276 690 Sed
1321 635 1764 689 transcendentes

173 733 439 797 animam,
468 745 654 785 vocem
682 731 745 784 de
787 730 1126 782 lirmamento
1153 727 1443 796 qumrimus
1473 746 1484 779 :
1520 741 1642 780 cum
1676 725 1764 778 illa

172 837 490 889 sanctorum
523 824 835 895 angelorum
880 824 1162 879 innumera
1193 823 1477 876 multitudo
1508 823 1560 876 in
1595 822 1766 875 onmi-

171 919 416 990 potentis
445 918 655 981 Domini
689 926 983 988 eonspectu
1033 917 1209 988 qualis
1241 918 1310 972 sit
1356 917 1762 987 investigamus,

175 1029 301 1080 quae
327 1012 395 1065 sit
425 1011 475 1074 in
508 1011 587 1065 eis
631 1011 745 1064 sine
795 1010 899 1064 ﬁne
933 1011 1192 1064 festivitas
1219 1011 1441 1064 visionis
1489 1009 1616 1071 Dei,
1650 1024 1767 1080 quae

175 1103 363 1157 la-titia
407 1103 519 1158 sine
563 1095 917 1172 del’ectufqui
959 1108 1157 1156 amoris
1189 1103 1350 1156 ardor
1379 1119 1481 1156 non
1519 1101 1767 1156 crucians

176 1197 276 1250 sed
313 1197 599 1261 delectans,
634 1205 894 1265 quantum
926 1197 978 1250 in
1022 1197 1099 1250 eis
1147 1197 1215 1249 sit
1250 1196 1577 1249 desiderium
1612 1197 1770 1249 visio-

176 1291 268 1344 nis
294 1290 387 1344 Dei
420 1307 539 1344 cum
569 1291 842 1354 satietate,
871 1298 925 1343 et
969 1298 1168 1360 quanta
1199 1289 1420 1343 satietas
1460 1304 1579 1342 cum
1631 1287 1764 1341 desi-

177 1383 355 1446 derio,
402 1382 455 1435 in
503 1383 697 1451 quibus
734 1398 832 1436 nec
879 1382 1202 1436 desiderium
1248 1397 1464 1454 pinnam
1515 1391 1766 1451 generat,

176 1488 283 1528 nec
339 1476 558 1530 satietas
607 1478 879 1532 fastidium
922 1479 1095 1550 parit,
1142 1479 1410 1548 quomodo
1457 1477 1768 1540 inicerendo

173 1565 502 1625 beatitudini
530 1569 639 1622 sint
669 1569 830 1634 beati,
873 1570 1142 1638 quomodo
1177 1569 1587 1638 contemplamlo
1632 1584 1770 1623 sem—

176 1673 280 1727 per
318 1660 618 1713 mternitate
651 1660 758 1714 sint
800 1663 1008 1724 arterni,
1041 1662 1308 1730 quomodo
1341 1661 1611 1731 conjuncti
1643 1674 1770 1714 vero

175 1745 372 1802 lumini
425 1749 550 1804 facti
587 1761 708 1804 sunt
747 1752 857 1816 lux,
889 1754 1155 1826 quomodo
1203 1753 1526 1822 aspicientes
1557 1767 1770 1820 semper

177 1840 239 1893 in
287 1843 797 1916 incommutabilem,
846 1847 1041 1914 mutati
1098 1847 1208 1908 sint
1259 1844 1772 1912 incommutabilita—

1867 649 2027 701 quam
2075 630 2332 685 terribilis
2383 631 2436 682 in
2484 628 2724 684 consiliis
2777 642 2940 697 super
2990 625 3128 679 ﬁlios
3175 611 3452 694 hominum

1868 722 2040 795 (Paul.
2077 725 2221 793 LXV).
2255 744 2271 772 ι
2316 723 2447 787 Quis
2490 722 2637 775 enim
2679 721 2835 790 digne
2883 720 3232 773 considerare
3281 720 3455 772 valeat

1868 822 2105 885 quantus
2131 831 2395 884 supernus
2424 822 2597 866 terror
2623 813 2693 865 sit
2721 811 3068 865 consiliorum
3096 809 3214 874 Dei,
3241 811 3457 879 quando

1869 916 1922 961 et
1972 908 2111 961 alter
2141 924 2205 960 ex
2255 907 2546 959 virtutibus
2593 905 2645 958 in
2693 904 2854 958 ﬁnem
2908 904 3081 956 tendit
3117 904 3180 956 ad
3222 903 3373 964 vitia,
3403 910 3457 954 et

1871 999 2056 1051 altera
2081 999 2227 1052 viziis
2253 999 2304 1051 in
2333 997 2624 1050 virtutibus
2653 994 2925 1049 concludit
2953 994 3132 1057 linem,
3160 993 3280 1060 quia
3305 991 3458 1059 juxta

1871 1089 2177 1144 Salou‘tonis
2227 1105 2413 1143 vocem
2462 1087 2698 1159 (ICccles.
2750 1103 2883 1152 vm,
2938 1090 3064 1153 Ix):
3107 1105 3121 1134 ι
3165 1082 3457 1149 Suntjusti

1871 1183 1934 1236 ad
1960 1199 2094 1252 quos
2121 1183 2382 1251 pervenit,
2409 1180 2561 1249 quasi
2600 1195 2733 1248 opus
2768 1179 3054 1248 impiorum
3084 1195 3095 1230 :
3127 1187 3180 1229 et
3210 1186 3334 1229 sunt
3356 1177 3454 1228 im-

1871 1275 1966 1345 pii,
1997 1275 2061 1326 ad
2093 1289 2226 1343 quos
2256 1273 2521 1343 pervarit,
2556 1272 2711 1339 quasi
2740 1286 2875 1338 opus
2909 1268 3177 1336 justorum
3209 1286 3219 1318 :
3252 1274 3304 1320 ct
3337 1275 3462 1320 sunt

1866 1363 1999 1440 justi
2034 1379 2194 1437 atque
2220 1369 2514 1436 sapientes,
2548 1365 2639 1420 sed
2663 1381 2823 1435 opera
2855 1379 3039 1418 eorum
3072 1363 3123 1415 in
3157 1377 3315 1416 manu
3345 1361 3460 1414 Dei.

1872 1460 1937 1513 Et
1989 1469 2162 1511 tamen
2211 1459 2381 1512 nescit
2432 1458 2591 1511 homo
2642 1465 2819 1508 utrum
2863 1469 3046 1506 amore
3093 1468 3159 1505 an
3216 1451 3339 1505 odio
3387 1451 3468 1504 di—

1873 1567 2010 1622 gnus
2052 1551 2148 1614 sit,
2201 1550 2292 1604 sed
2324 1549 2504 1602 omnia
2557 1548 2608 1600 in
2656 1546 2837 1599 futuro
2869 1553 3151 1599 servantur
3188 1543 3410 1596 incerta.
3444 1559 3462 1590 ι

1874 1643 1961 1707 Et,
1997 1653 2118 1697 «est
2153 1643 2233 1695 via
2280 1658 2399 1711 quae
2456 1642 2668 1694 videtur
2710 1639 3019 1693 hominibus
3079 1646 3244 1701 recta,
3286 1645 3338 1690 et
3367 1650 3468 1688 no-

1875 1736 2096 1790 vissima
2136 1735 2251 1804 ejus
2293 1735 2496 1786 ducunt
2558 1733 2624 1786 ad
2674 1740 2902 1785 mortem
2944 1727 3228 1801 (Proverb.
3268 1727 3412 1799 xiv).
3446 1744 3465 1777 ι

1880 1827 2007 1882 "LUC
2043 1829 2225 1896 itaque
2272 1825 2481 1879 occulta
2513 1822 2778 1892 profunda
2808 1820 3012 1888 judicia
3049 1820 3312 1888 cogitare,
3344 1816 3470 1887 quid

179 1941 310 1986 tem.
350 1933 456 1987 Sed
485 1951 606 1988 cum
637 1936 736 1989 ista
765 1936 830 1990 de
861 1937 1068 2008 angelis
1097 1938 1417 2010 cogitamus,
1455 1937 1631 1990 adhuc
1661 1950 1765 1988 vox

1885 1935 1950 1981 ast
1983 1924 2125 1978 aliud
2176 1938 2335 1993 quam
2369 1922 2483 1975 alas
2515 1921 2803 1989 deponere,
2853 1917 2906 1970 id
2935 1924 3037 1979 est,
3071 1914 3137 1968 de
3169 1912 3312 1966 tmlla
3361 1910 3470 1963 vir-

177 2034 267 2079 cst
292 2025 355 2080 de
401 2027 743 2083 ﬁrmamento
771 2047 876 2084 non
910 2046 1070 2100 super
1102 2031 1519 2092 ﬁrmamentum.
1573 2029 1771 2083 Trans-

179 2130 270 2172 eat
299 2135 428 2189 ergo
455 2121 690 2184 animus,
720 2130 776 2175 et
804 2123 870 2178 ab
902 2123 1036 2192 ipsis
1068 2124 1414 2178 transcendat
1443 2137 1600 2179 omne
1631 2119 1775 2190 quod

181 2219 424 2264 creatum
453 2220 555 2276 est,
602 2213 653 2265 in
697 2213 810 2267 solo
844 2215 1102 2276 creatoris
1134 2215 1212 2272 sui
1247 2214 1445 2268 lumine
1493 2213 1615 2268 lidei
1645 2229 1774 2266 ocu-

181 2298 265 2353 los
310 2301 466 2372 ligat,
518 2303 662 2372 quod
725 2320 863 2358 unus
910 2304 1151 2364 vivilicet,
1187 2306 1392 2376 omnia,
1432 2306 1522 2376 qui
1570 2305 1774 2360 creavit

180 2389 348 2457 Deus,
378 2395 520 2464 quod
549 2396 745 2466 ubique
771 2405 871 2462 est,
905 2405 958 2452 ct
987 2398 1184 2468 ubique
1216 2408 1356 2454 totus
1382 2407 1496 2462 est,
1517 2399 1656 2468 quod
1693 2398 1772 2452 itt-

182 2485 628 2556 circumscriptus
668 2495 720 2542 et
756 2489 1320 2559 incomprehensibilis
1351 2491 1538 2552 sentiri
1574 2499 1772 2560 potest,

181 2586 241 2629 et
268 2577 433 2632 videri
466 2594 570 2631 non
601 2588 798 2648 potest,
829 2582 974 2652 quod
1005 2597 1272 2654 nusquam
1302 2583 1473 2643 deest,
1508 2589 1562 2636 et
1596 2590 1774 2636 tamen

183 2671 253 2723 ab
286 2671 594 2740 iniquorum
625 2673 1043 2742 cogitationibus
1075 2675 1229 2744 longe
1263 2683 1363 2736 est,
1398 2673 1540 2744 quod
1572 2691 1672 2729 nec
1703 2674 1775 2729 ibi

184 2761 358 2826 deest,
386 2760 474 2815 ubi
517 2760 673 2832 longe
709 2772 809 2828 est,
844 2764 968 2832 quia
1000 2763 1089 2817 ubi
1119 2779 1226 2824 non
1254 2773 1334 2819 est
1381 2780 1477 2834 per
1522 2767 1774 2836 gratiam,

183 2853 340 2903 adest
371 2867 466 2922 per
494 2853 806 2919 vindictam,
844 2856 989 2924 quod
1018 2856 1198 2909 omnia
1231 2857 1418 2925 tangit,
1462 2873 1558 2911 nec
1599 2865 1782 2910 tamen

182 2943 467 3013 mqualiter
489 2946 669 2999 omnia
701 2948 891 3018 tangit,
919 2948 1166 3016 quzedam
1196 2949 1339 3002 enim
1375 2949 1541 3020 tangit
1565 2959 1623 3003 ut
1651 2951 1777 3014 sint,

183 3051 291 3089 nec
323 3043 499 3091 tamen
530 3046 587 3092 ut
633 3039 811 3093 vivant
850 3048 904 3094 et
951 3041 1211 3104 sentiant,
1244 3041 1385 3096 sicut
1419 3050 1543 3096 sunt
1587 3053 1780 3098 cuncta

184 3124 540 3193 insensibilia,
568 3129 815 3202 quaedam
848 3132 1017 3202 tangit
1044 3140 1101 3186 ut
1132 3133 1261 3197 sint,
1290 3134 1492 3198 vivant,
1522 3134 1778 3199 sentiant,

184 3236 289 3275 nec
322 3230 500 3275 tamen
532 3233 589 3275 ut
619 3222 950 3290 diseernant,
982 3225 1121 3280 sicut
1148 3234 1274 3280 sunt
1315 3226 1472 3280 bruta
1504 3225 1780 3292 animalia,

186 3313 434 3390 qumdam
484 3315 680 3385 tangit,
728 3323 786 3368 ut
835 3317 1049 3380 vivant,
1095 3317 1330 3372 sentiant
1356 3325 1410 3372 et
1445 3317 1776 3383 discernunt,

187 3405 329 3459 sicut
375 3414 458 3462 est
503 3407 737 3460 humana
787 3417 980 3466 natura
1030 3416 1084 3460 et
1120 3408 1381 3476 angelica.
1417 3407 1482 3466 Et
1513 3423 1634 3472 eum
1669 3409 1780 3477 ipse

187 3511 464 3568 nunquam
507 3498 608 3554 sibi
648 3498 718 3551 sit
752 3499 1049 3562 dissimilis,
1083 3499 1421 3556 dissimiliter
1447 3507 1624 3556 tanien
1665 3509 1780 3554 tan-

192 3586 273 3659 git
303 3587 606 3644 dissimilia.
637 3587 788 3658 Quod
820 3588 1019 3660 ubique
1051 3605 1290 3663 praesens
1319 3600 1419 3652 est,
1454 3599 1507 3642 et
1551 3591 1782 3646 inveniri

189 3670 278 3731 vix
320 3686 514 3747 potest.
575 3680 724 3750 Quod
772 3688 1006 3736 stantem
1056 3681 1354 3751 sequimur,
1395 3690 1449 3734 et
1480 3677 1780 3754 apprchen-

190 3768 318 3821 dere
357 3785 461 3822 non
498 3769 758 3824 valemus.
787 3771 1058 3826 Ponamus
1102 3788 1229 3842 ergo
1258 3785 1383 3826 ante
1421 3773 1607 3826 oculos
1640 3789 1784 3826 men-

190 3862 277 3922 tis,
311 3879 430 3932 qua:
462 3863 549 3916 illa
583 3874 773 3917 natura
805 3865 874 3919 sit
902 3882 1020 3936 quze
1052 3874 1196 3920 tenet
1225 3867 1428 3931 omnia,
1463 3867 1647 3935 implet
1674 3881 1784 3919 om-

189 3955 318 4018 nia,
368 3955 830 4024 circumplectitur
892 3957 1106 4021 omnia,
1153 3959 1532 4027 superexcedit
1580 3958 1782 4024 omnia,

195 4046 431 4099 Sustinet
475 4045 655 4098 omnia
687 4087 700 4110 ,
750 4061 849 4100 nec
888 4047 989 4100 alia
1041 4063 1108 4101 ex
1152 4058 1306 4117 parte
1356 4051 1585 4104 sustinet
1625 4060 1784 4119 atque

189 4138 296 4190 alia
329 4138 726 4205 superexccdit,
753 4153 928 4208 neque
957 4139 1062 4191 alia
1107 4155 1172 4193 ex
1215 4150 1368 4209 parte
1415 4142 1597 4208 implet
1626 4153 1784 4210 atque

193 4230 690 4299 eircmnplectitur,
749 4230 842 4284 sed
887 4229 1380 4299 circumplectemlo
1424 4231 1636 4300 implet,
1688 4233 1786 4286 im-

187 4323 392 4396 plendo
451 4322 936 4392 circumplectitur,
1013 4323 1332 4376 sustinendo
1377 4323 1783 4392 superexcedit,

191 4411 672 4482 superexcedcndo
721 4414 984 4482 sustinet,
1031 4411 1185 4481 cujus
1239 4422 1446 4467 natura:
1491 4416 1784 4484 potentiam

193 4522 317 4558 cum
350 4504 571 4558 strictus
601 4504 651 4557 in
679 4518 740 4558 ea
779 4506 979 4575 cogitat
1017 4507 1251 4570 animus,
1282 4522 1384 4560 vox
1421 4522 1582 4576 super
1604 4508 1787 4561 ﬁrma-

192 4608 438 4654 mentum
475 4598 563 4662 lit,
603 4598 728 4666 quia
760 4599 876 4669 eius
925 4599 1254 4656 intellectum
1297 4601 1579 4669 concepit,
1613 4600 1710 4668 qni
1734 4608 1790 4652 et

193 4690 511 4761 angelorum
542 4706 758 4744 sensum
791 4706 885 4743 sua
927 4690 1571 4758 incomprehensibilitate
1611 4699 1788 4743 trans-

194 4782 398 4837 cendit.
427 4779 559 4834 Cum
589 4795 716 4850 ergo
755 4796 857 4832 vox
903 4795 1064 4848 super
1098 4781 1496 4832 ﬁrmamentum
1531 4779 1611 4844 ﬁt,
1643 4789 1788 4832 stant

195 4875 477 4940 animalia,
506 4883 559 4928 et
600 4874 925 4927 submittunt
973 4874 1084 4927 alas
1125 4890 1270 4937 suas,
1303 4874 1425 4941 quia
1479 4882 1790 4928 sanctorum

195 4974 409 5022 nictttes
455 4982 580 5021 cum
629 4967 891 5024 creatoris
941 4967 1023 5020 sui
1061 4965 1360 5034 potentiam
1404 4966 1612 5021 intenta
1657 4982 1789 5021 con-

198 5059 551 5129 templatione
609 5061 996 5124 considerant,
1048 5059 1313 5112 vilescunt
1365 5072 1552 5110 eorum
1612 5057 1791 5111 animo

194 5153 430 5205 virtutes
457 5166 592 5218 quas
629 5151 844 5204 habent.
879 5150 942 5203 Et
982 5158 1132 5204 tanto
1165 5148 1298 5203 lilmt
1339 5149 1477 5218 apud
1519 5165 1578 5203 se
1619 5149 1795 5202 inuni-

195 5248 299 5310 les,
335 5255 536 5316 quanto
567 5245 693 5298 illud
724 5246 804 5299 eis
833 5245 998 5298 altum
1047 5253 1150 5307 est,
1196 5243 1338 5312 quod
1371 5259 1533 5312 super
1577 5242 1794 5313 angelos

198 5348 382 5394 sonat.
417 5337 568 5408 Smpe
617 5337 780 5392 etiam
832 5344 1148 5390 sanctorum
1189 5335 1607 5403 cogitationibus
1655 5335 1792 5403 ipsa,

198 5448 324 5502 qtae
377 5429 576 5485 habent
617 5431 754 5485 bona
795 5427 1164 5491 blandiuntur,
1195 5437 1253 5480 ut
1278 5443 1464 5481 eorum
1501 5437 1708 5482 mentes
1739 5426 1796 5479 in

202 5525 386 5591 aliqua
421 5523 506 5576 sui
550 5521 742 5576 ﬁducia
787 5521 1017 5584 elevent,
1067 5519 1160 5572 sed
1204 5520 1447 5586 protinus
1476 5519 1540 5571 ad
1579 5519 1796 5574 occulta

204 5615 301 5668 Dei
336 5613 536 5681 judicia
569 5620 874 5676 recurrunt,
902 5611 1173 5681 quomodo
1200 5609 1290 5663 alii
1320 5626 1384 5664 ex
1412 5609 1702 5665 virtutibus
1727 5611 1798 5664 ad

203 5709 484 5766 infernum
515 5721 612 5775 per
639 5705 929 5758 elationem
966 5709 1244 5765 corruunt,
1281 5701 1369 5755 alii
1399 5716 1464 5754 ex
1502 5702 1647 5757 vitiis
1679 5718 1795 5758 cor-

210 5799 350 5856 recti
380 5799 444 5851 ad
478 5797 671 5852 coelum
705 5812 799 5868 per
829 5796 1186 5850 humilitatem
1218 5794 1482 5850 levantur.
1513 5793 1664 5848 Unde
1696 5809 1803 5850 nos

212 5892 285 5960 ad
335 5889 692 5949 humilitatem
752 5903 1011 5946 revocans
1065 5887 1328 5964 propheta
1383 5896 1549 5943 terret
1596 5895 1651 5944 et
1693 5886 1792 5945 ad-

1871 2022 1987 2070 tute
2015 2013 2308 2078 conﬁdere,
2343 2013 2436 2066 sed
2466 2012 2564 2066 sub
2593 2025 2787 2080 magno
2819 2009 3011 2064 timore
3042 2004 3349 2075 trepidare?

1951 2127 1967 2159 ι
1999 2107 2064 2168 Et
2095 2106 2686 2176 super.ﬁrmamentum
2725 2103 2871 2172 quod
2903 2112 3019 2155 erat
3060 2099 3348 2152 imminens
3386 2110 3474 2149 ca—

1881 2222 1899 2256 (
1943 2205 2041 2282 piti
2083 2218 2268 2257 eorum
2300 2201 2453 2272 quasi
2498 2209 2746 2270 aspectus
2781 2199 2974 2267 lapidis
2997 2195 3260 2266 sapphiri,
3293 2192 3479 2246 simili-

1879 2317 1898 2350 ‹
1944 2299 2069 2352 tudo
2094 2297 2291 2359 throni,
2317 2304 2367 2349 et
2396 2292 2983 2364 superlsimilitudinem
3011 2288 3208 2351 throni,
3229 2285 3478 2340 similitu-

1880 2414 1900 2460 ι
1947 2397 2014 2452 do
2041 2396 2193 2466 quasi
2218 2404 2464 2465 aspectus
2486 2395 2721 2448 hominis
2745 2395 2994 2461 desuper,
3023 2399 3126 2446 etc.
3155 2411 3172 2442 ι
3205 2385 3476 2461 (Ilia-on.)

1876 2487 2027 2558 Quod
2047 2485 2446 2544 ﬁrmamentum
2468 2486 2568 2546 his,
2590 2485 2681 2552 qui
2706 2486 3126 2554 deorsuuqerant
3151 2481 3381 2536 habebat
3409 2477 3480 2532 si-

1876 2579 2234 2644 militudinem
2257 2579 2496 2648 crystalli
2527 2597 2536 2630 :
2559 2578 2644 2640 his
2664 2586 2864 2640 autem,
2888 2576 2984 2645 qui
3002 2591 3182 2644 supra,
3210 2573 3380 2634 instar
3404 2570 3480 2624 las

1877 2671 2017 2742 pidis
2062 2670 2301 2740 sapphiri
2353 2671 2654 2725 videbatur.
2696 2670 2828 2736 Qua:
2875 2667 3170 2732 similitudo
3217 2665 3476 2735 sapphiri,

1879 2768 2106 2824 thronus
2122 2775 2240 2821 erat
2252 2766 2366 2835 ejus
2379 2766 2468 2834 qui
2488 2764 2709 2820 sedebat
2725 2766 2776 2818 in
2793 2763 3200 2822 similitudinem
3217 2760 3474 2816 hominis.

1880 2857 1958 2911 Ex
1980 2874 2087 2927 quo
2114 2857 2462 2927 intelligimus
2475 2866 2527 2910 et
2553 2857 2982 2924 ﬁrmamentum,
3000 2862 3057 2915 et.
3072 2853 3406 2924 crystallum,
3428 2867 3480 2906 et.

1882 2953 2217 3021 sapphirum,
2245 2961 2298 3008 et
2328 2952 2620 3013 hominem,
2654 2952 2710 3004 in
2732 2949 3102 3012 similitudine,
3144 2965 3252 3003 non
3301 2948 3360 3004 in
3388 2960 3481 3000 ve-

1883 3044 2044 3102 ritate
2094 3043 2406 3098 monstrari.
2458 3043 2745 3100 llominem
2791 3050 2978 3100 autem
3037 3041 3210 3099 Deum
3265 3039 3479 3094 Patrem

1886 3137 2082 3192 debere
2112 3135 2360 3204 intelligi,
2393 3134 2562 3188 multa
2609 3135 2804 3194 docent
2852 3133 3180 3192 testimonia.
3216 3133 3256 3186 Ε
3287 3131 3483 3199 quibus

1886 3227 2020 3287 illud
2044 3237 2126 3282 est
2174 3229 2228 3281 in
2275 3226 2562 3296 Evangelio
2621 3225 2842 3291 (illeilli.
2887 3223 3054 3295 xxi):
3095 3244 3110 3273 ‹
3146 3223 3318 3282 uento
3362 3222 3483 3290 qui-

1887 3323 2008 3378 dam
2046 3322 2310 3392 plantavit
2336 3320 2572 3383 vineam,
2604 3327 2657 3376 et
2693 3319 2890 3374 locavit
2923 3333 3042 3378 eam
3075 3315 3350 3388 agricolis,
3377 3334 3397 3367 ι
3427 3324 3483 3372 et

1885 3425 2008 3486 post
2031 3413 2334 3482 paululum,
2367 3432 2382 3462 ‹
2416 3413 2565 3470 misit
2588 3427 2800 3474 servos,
2825 3419 3064 3480 etsuper
3085 3424 3274 3464 omnes
3315 3408 3482 3462 ﬁlium

1886 3520 2063 3570 smmi.
2089 3524 2106 3554 ι
2131 3505 2475 3573 Rursumque
2500 3503 2716 3575 (Matth.
2745 3502 2886 3573 xxu)
2915 3518 2935 3560 :.
2966 3523 2991 3554 ι,
3018 3501 3190 3557 Homo
3213 3500 3342 3555 fecit
3383 3516 3481 3554 nu-

1885 3597 2031 3666 ptias
2057 3596 2169 3652 tilio
2195 3611 2313 3650 suo.
2340 3615 2355 3647 ι
2391 3594 2506 3654 Non
2537 3595 2686 3664 quod
2709 3594 2850 3652 ﬁlius
2878 3593 3197 3650 excludatur
3227 3607 3257 3646 a
3291 3607 3473 3661 regno,

1891 3687 1954 3744 de
1994 3703 2102 3756 quo
2151 3686 2370 3756 scripsit
2409 3687 2612 3740 Isaias:
2657 3705 2676 3736 ι
2702 3686 2821 3739 Vidi
2870 3684 3156 3740 Dominum
3207 3683 3480 3736 sedentem

1889 3792 2052 3846 super
2091 3777 2341 3831 thronum
2367 3775 2646 3830 excelsum
2675 3783 2730 3829 et
2766 3774 3039 3830 elevatum
3067 3773 3200 3844 (Isa.
3233 3771 3342 3842 vt);
3377 3790 3394 3821 ι
3427 3778 3485 3824 et

1888 3867 2125 3924 Joannes
2154 3889 2166 3923 :
2212 3887 2229 3920 ι
2262 3869 2387 3924 ΗίΕο
2423 3877 2634 3934 autem,
2657 3869 2852 3937 inquit,
2879 3867 3016 3923 dixit
3052 3866 3238 3929 Isaias,
3267 3863 3482 3934 quando

1886 3961 2021 4013 vidit
2048 3961 2270 4031 gloriam
2309 3960 2430 4014 Filii
2459 3961 2553 4014 Dei
2583 3958 2764 4030 (Joan.
2796 3959 2917 4029 xu),
2949 3979 2965 4009 ›
3000 3958 3094 4014 sed
3123 3958 3264 4026 quod
3295 3956 3346 4009 in
3385 3955 3482 4010 l‘a—

1888 4059 1971 4106 tre
2018 4061 2223 4123 regnet,
2258 4062 2312 4106 et
2343 4052 2532 4116 Filius,
2563 4051 2743 4106 onmia
2775 4049 2916 4104 enim
2951 4049 3074 4101 Filii
3107 4048 3287 4101 Patris
3324 4055 3478 4110 sunt,

1895 4161 1913 4192 α
1933 4143 2024 4211 qui
2053 4151 2135 4194 est
2164 4144 2340 4210 imago
2366 4143 2458 4195 Dei
2487 4141 2663 4196 Patris
2689 4141 2990 4194 invisibilis.
3019 4162 3036 4189 ι
3059 4139 3193 4193 Nam
3219 4148 3272 4193 et
3304 4139 3364 4194 iu.
3382 4138 3485 4196 Da-

1888 4234 2028 4289 nicle
2055 4233 2217 4304 (Dan.
2245 4241 2337 4304 vn)
2363 4254 2372 4288 :
2407 4235 2552 4288 Deus.
2589 4234 2750 4290 Pater
2782 4233 2976 4287 sedens
3015 4232 3288 4288 inducitur.
3316 4240 3370 4284 et
3404 4229 3484 4282 of-

1888 4330 2058 4385 fertur
2094 4331 2142 4384 ei
2193 4330 2333 4384 ﬁlius
2380 4329 2615 4384 hominis
2662 4337 2722 4383 ut
2752 4327 2982 4398 accipiat
3031 4343 3278 4397 regnum.
3315 4325 3380 4382 Et
3430 4325 3482 4377 in

1887 4420 2205 4492 Apocalypsi
2236 4419 2460 4475 Joannis
2489 4420 2673 4491 (Apoc.
2707 4435 2788 4483 ιιι,
2820 4418 2916 4488 vn)
2940 4460 2954 4484 ,
2988 4419 3179 4472 eadem
3233 4418 3298 4471 de
3351 4417 3485 4470 Filio

1890 4513 2220 4568 scribuntur.
2255 4513 2320 4567 Et
2358 4514 2425 4567 ad
2461 4528 2696 4583 pugnam
2740 4512 2900 4582 primi
2932 4511 3191 4582 martyris
3224 4509 3488 4578 Stephani

1894 4602 2030 4673 (Act.
2060 4604 2180 4672 vn),
2211 4612 2361 4657 stans
2397 4603 2462 4656 ad
2492 4605 2766 4657 dexteram
2799 4602 2998 4666 Patris,
3031 4602 3094 4654 de
3127 4616 3232 4668 quo
3274 4601 3485 4652 canitur

1892 4697 1946 4749 in
1979 4697 2199 4763 psalmis
2233 4716 2244 4749 :
2286 4716 2302 4746 ‹
2334 4697 2478 4749 Dixit
2508 4696 2768 4748 Dominus
2796 4696 3026 4748 Domino
3053 4709 3210 4746 meo:
3247 4692 3386 4746 Sede
3419 4695 3484 4746 ad

1894 4788 2174 4840 dexteram
2220 4803 2427 4848 meam,
2459 4787 2630 4839 donec
2661 4799 2858 4853 ponam
2911 4783 3160 4837 inimicos
3197 4792 3335 4845 tuos,
3371 4797 3483 4833 sca-

1893 4877 2091 4931 bellum
2151 4878 2344 4945 pedum
2397 4885 2609 4932 tuorttm
2666 4873 3004 4947 (l’sal.c1x).
3039 4896 3056 4925 ι
3106 4874 3258 4928 Sicut
3307 4881 3484 4926 autent

1895 4969 2151 5038 crystallo
2179 4968 2469 5037 purissima
2501 4983 2727 5036 quaeque
2755 4977 2916 5036 atque
2949 4964 3180 5019 lucentia
3219 4964 3270 5016 in
3319 4963 3484 5016 (:(l‘le-

1896 5060 2069 5113 stihus
2107 5061 2567 5123 denumstrantur,
2614 5075 2734 5128 quae
2773 5067 3018 5111 nostrum
3050 5055 3325 5107 oculatum
3371 5069 3486 5107 cor—

1899 5168 2000 5222 pus
2025 5152 2324 5204 illuminent
2348 5166 2361 5203 :
2387 5152 2462 5205 sic
2488 5151 2539 5204 in
2563 5151 2836 5220 sapphiro,
2867 5149 2916 5201 id
2940 5156 3040 5209 est,
3069 5147 3120 5198 in
3149 5148 3340 5199 throno
3363 5145 3482 5209 Dei,

1900 5255 1947 5300 et
1986 5262 2146 5314 super
2175 5244 2573 5298 ﬁrmamentut‘n
2603 5243 2745 5311 quod
2777 5239 2974 5294 C(Bltllll
3013 5238 3329 5307 accipimus,
3363 5238 3485 5290 nhs-

1900 5338 2115 5394 condita
2148 5346 2309 5406 atque
2353 5345 2561 5390 secreta
2599 5343 2652 5388 ct
2685 5329 3247 5399 incomprehensib’.lia
3281 5328 3372 5381 Dei
3405 5344 3485 5380 sa—

1899 5437 2178 5484 cramenta
2208 5434 2574 5480 tmn‘tstrantur
2600 5442 2611 5476 :
2644 5442 2660 5471 (
2685 5423 2786 5488 Qui
2814 5421 2992 5490 posuit
3017 5421 3266 5474 tenebras
3299 5418 3486 5472 latibu—

1897 5521 2008 5575 lum
2053 5537 2206 5574 suum
2250 5517 2420 5591 (Paul.
2451 5517 2602 5584 xvtt).
2627 5534 2644 5564 ι
2681 5514 2748 5566 Et
2774 5513 2825 5566 in
2860 5513 2998 5566 nube
3025 5512 3237 5564 videtur
3277 5521 3328 5561 et
3357 5507 3486 5563 eali-

1897 5614 2050 5683 gine;
2084 5612 2223 5664 unde
2263 5618 2317 5662 et
2349 5610 2399 5660 in
2432 5606 2616 5659 Exodo
2644 5605 2935 5657 scribitur:
2975 5622 2990 5653 ι
3023 5604 3092 5656 Et.
3133 5601 3232 5655 sub
3260 5600 3488 5669 pedibus

1898 5700 1994 5756 Dei
2017 5710 2148 5762 erat,
2175 5699 2326 5769 quasi
2353 5712 2485 5766 opus
2513 5696 2696 5749 lateris
2718 5693 2952 5766 [lapidis]
2975 5693 3240 5763 sapphiri,
3264 5699 3318 5745 et
3345 5691 3485 5743 sicut

1898 5791 2107 5878 species
2138 5791 2461 5845 ﬁrmamenti
2495 5789 2618 5843 (διιτιί
2663 5787 3002 5843 mundissimi
3034 5784 3230 5857 (Exod.
3261 5783 3431 5850 xxiv).
3459 5801 3478 5834 ι

1922 5873 1946 5886 ”
1972 5885 2124 5944 Unde
2149 5894 2202 5941 et
2232 5899 2425 5957 sponsa
2453 5882 2905 5956 pulchritudinem
2935 5878 3120 5952 sponsi
3147 5873 3403 5932 describit
3429 5873 3484 5938 in
