3938 6360
441 395 548 454 545

1076 399 1138 452 Β.
1179 396 1433 453 RABANI
1471 394 1688 455 MAURI
1723 394 2039 454 ARCHIEP.
2068 392 2388 451 TMOGUNT.
2426 392 2710 452 OPERUM
2744 393 2926 450 PARS
2960 395 3025 452 11.

3630 395 3744 449 3“

444 517 706 573 Cantica:
745 532 761 564 ι
793 512 995 569 Venter
1018 511 1135 581 ejus
1161 513 1315 582 quasi
1365 511 1546 567 tabula
1579 513 1818 567 eburnea
1866 524 2028 581 super
2052 511 2106 571 Α
2130 524 2235 564 non
2274 519 2464 576 erunt,
2495 511 2586 581 qui
2629 511 2733 565 huc
2777 525 2903 565 eum
2947 518 3170 580 peccato
3203 509 3512 563 venerunt?
3547 507 3740 578 ipsum

443 609 673 678 lapidem
702 605 1017 676 ‘sapphirum
1050 603 1228 676 (Cant.
1250 604 1355 676 ν).»
1388 603 1456 658 Et
1483 605 1538 659 in
1572 601 1794 659 Joannis
1819 604 2026 674 Apoca-

443 699 580 771 lypsi
607 716 619 753 :
652 696 920 752 «Primum
949 694 1354 750 fundamentum
1366 695 1560 766 jaspis,
1586 697 1882 751 secundum
1911 710 2030 766 sap-

442 792 589 863 phiri
621 789 880 846 scribitur
925 788 1106 860 (Apoc.
1145 786 1279 859 xxi).
1304 803 1322 837 ι
1351 786 1418 840 Et
1465 786 1521 840 in
1570 786 1818 842 rationali
1849 786 2027 857 ponti-

443 881 563 939 ﬁcis
605 883 658 937 in
695 897 858 938 versu
901 889 957 937 et
983 881 1175 937 ordine
1219 880 1459 951 lapidum
1489 880 1843 950 singulorum,
1882 897 1901 930 ι
1944 894 2028 935 se-

444 975 653 1030 cundus
699 976 830 1029 ordo
875 973 1261 1029 carbunculum
1306 974 1466 1028 habet
1510 981 1564 1027 et
1593 973 1943 1042 sapphirum,
1972 979 2028 1026 et

436 1065 706 1135 iaspidem
751 1064 946 1136 (Exod.
970 1064 1188 1137 xxviii).
1209 1085 1230 1116 ι
1255 1061 1458 1136 [Greg.]
1485 1062 1622 1130 Quid
1647 1078 1745 1132 per
1774 1063 2028 1116 thronum

443 1157 548 1211 nisi
601 1157 702 1211 illae
749 1158 975 1213 virtutes
1011 1158 1267 1228 angelicae
1316 1159 1684 1228 designantur,
1721 1173 1840 1228 quae
1883 1159 2027 1227 ipsos

443 1263 656 1318 quoque
688 1247 905 1319 angelos
942 1249 1204 1318 dignitate
1249 1251 1352 1305 loci
1400 1251 1695 1319 superioris
1738 1251 2024 1306 excedunt.

443 1337 576 1392 Nam
613 1353 736 1394 cum
779 1341 954 1411 angeli
991 1341 1168 1395 nuntii
1197 1341 1446 1396 dicantur
1497 1339 1684 1410 (Hebr.
1714 1341 1774 1411 l),
1807 1350 1861 1395 et
1888 1357 2028 1412 saepe

441 1432 615 1502 angeli
646 1433 714 1487 ad
750 1435 1118 1489 annuntianda
1150 1435 1393 1504 quaedam
1436 1435 1746 1490 hominibus
1784 1437 2024 1504 veniant,

441 1521 643 1576 Throni
675 1523 825 1579 missi
846 1525 912 1579 ad
943 1526 1301 1579 ministerium
1329 1525 1502 1580 nuntii
1533 1542 1809 1596 nunquam
1842 1528 2027 1600 legun-

440 1622 544 1665 tur.
579 1612 713 1679 Quia
736 1614 816 1668 eis
847 1613 1001 1685 longe
1043 1615 1328 1670 sublimius
1356 1624 1570 1670 creator
1614 1616 1856 1670 omnium
1889 1633 2028 1688 prae-

437 1701 594 1753 ιηὶὲρι.
628 1701 780 1757 Unde
821 1702 1019 1758 Paulus
1047 1705 1321 1774 apostolus
1350 1705 1570 1760 ordines
1599 1705 1902 1760 caelestium
1934 1722 2027 1778 ag-

431 1793 640 1845 minum
666 1807 804 1862 quos
847 1795 915 1848 ad
944 1795 1164 1848 tertium
1212 1795 1409 1850 cmlum
1442 1804 1628 1864 raptus
1671 1796 1882 1851 viderat
1926 1797 2021 1852 de-

436 1884 700 1949 scribens,
733 1885 808 1938 ait
834 1903 846 1936 :
887 1904 905 1937 t
935 1884 1060 1941 Sive
1087 1887 1291 1952 throni,
1319 1887 1434 1942 sive
1463 1888 1878 1956 dominationes,
1909 1889 2023 1944 sive

436 1973 788 2043 principatus,
817 1975 930 2030 sive
969 1985 1280 2045 potestates,
1315 1980 1495 2033 omnia
1515 1995 1614 2049 per
1643 1981 1838 2049 ipsum,
1869 1990 1924 2036 et
1967 1982 2024 2037 in

431 2068 556 2131 ipso
593 2074 775 2118 creata
818 2076 942 2121 sunt
972 2066 1194 2140 (Coloss.
1225 2068 1330 2140 1).:
1368 2070 1617 2125 Thronus
1665 2072 1850 2142 igitur,
1897 2081 2025 2128 ante

433 2165 528 2206 eos
571 2154 882 2224 angelorum
928 2158 1145 2213 ordines
1175 2160 1332 2226 dixit,
1379 2161 1573 2230 quibus
1621 2161 1738 2218 illos
1773 2163 2023 2232 praalatos

432 2257 551 2300 esse
595 2249 860 2317 cognovit.
909 2248 1056 2304 Bene
1089 2258 1269 2306 autem
1305 2254 1536 2308 thronus
1577 2253 1738 2322 lapidi
1769 2254 2024 2324 sapphiro

432 2350 798 2409 comparatur,
839 2344 1096 2412 quoniam
1119 2345 1256 2415 lapis
1299 2347 1590 2416 sapphirus
1613 2361 1834 2401 aereum
1860 2348 2024 2403 habet

431 2430 686 2486 colorem.
731 2433 969 2490 Virtutes
1021 2449 1150 2504 ergo
1209 2436 1513 2490 caelestium
1564 2437 1726 2507 lapidi
1768 2437 2021 2507 sapphiro

430 2536 833 2595 comparantur,
885 2527 1012 2598 quia
1051 2529 1107 2582 hi
1135 2529 1359 2597 spiritus
1383 2529 1580 2601 quibus
1606 2529 1748 2585 Deus
1778 2530 2022 2601 omnipo-

433 2624 551 2670 tens
596 2616 756 2671 altius
798 2618 1069 2686 praesidet,
1120 2619 1419 2687 superioris
1467 2619 1567 2675 loci
1610 2621 1665 2674 in
1709 2621 2022 2678 etelestihus

429 2709 744 2780 dignitatem
775 2719 977 2765 tenent.
1009 2730 1027 2762 ‹
1060 2711 1234 2781 Super
1275 2712 1531 2767 thronum
1567 2729 1696 2769 vero
1726 2715 2021 2771 similitudo

431 2801 683 2856 hominis.
708 2822 726 2854 ι
761 2804 897 2871 Quia
931 2813 987 2860 et
1021 2819 1185 2874 super
1213 2805 1329 2860 illas
1357 2806 1606 2872 virtutes,
1639 2823 1759 2877 quae
1785 2815 1840 2862 et
1876 2809 2023 2877 ipsos

430 2892 649 2963 angelos
678 2895 1034 2960 antecedunt,
1090 2897 1260 2951 nostri
1302 2906 1386 2952 est
1427 2897 1595 2969 gloria
1619 2898 2016 2970 Redemptoris.

430 2980 737 3038 Notandum
761 2999 911 3056 ergo,
955 2988 1050 3057 qui
1080 2989 1212 3043 ordo
1257 2998 1525 3056 servatur,
1558 3006 1720 3060 super
1765 2992 2018 3047 animalia

428 3074 573 3129 enim
618 3076 1050 3146 ﬁrmamentum,
1099 3095 1261 3149 super
1308 3081 1709 3137 ﬁrmamentum
1769 3085 2016 3151 thronus,

426 3179 590 3236 super
621 3167 875 3224 thronum
905 3171 1068 3227 homo
1091 3187 1213 3228 esse
1243 3172 1590 3239 describitur,
1620 3175 1746 3244 quia
1774 3187 1827 3229 et
1856 3190 2020 3246 super

427 3261 644 3314 sanctos
675 3261 924 3317 homines
953 3263 1132 3318 adhuc
1168 3265 1221 3317 in
1258 3265 1360 3320 hac
1396 3266 1742 3334 corruptione
1773 3269 2018 3338 corporis

426 3349 668 3404 viventes
709 3352 906 3422 angeli,
933 3359 990 3408 et
1028 3369 1190 3423 super
1233 3356 1451 3425 angelos
1485 3358 1793 3426 superiores
1821 3368 1876 3414 et
1907 3360 2018 3415 Deo

428 3439 685 3506 proximae
715 3443 971 3511 angelicae
998 3452 1316 3513 potestates,
1356 3462 1518 3517 super
1558 3458 1857 3519 potestates
1886 3468 2019 3509 vero

429 3531 541 3586 Deo
570 3535 870 3601 proximas,
920 3536 1161 3592 elevatus
1205 3547 1289 3594 est
1322 3559 1342 3590 ‹
1368 3541 1637 3597 mediator
1674 3543 1768 3598 Dei
1812 3553 1868 3599 et
1917 3547 2018 3601 ho-

429 3623 634 3677 minum
665 3625 829 3680 homo
853 3625 1102 3684 Christus
1132 3628 1288 3686 Jesus
1319 3631 1373 3703 (Ι
1404 3631 1538 3686 Tim.
1570 3634 1651 3704 η).
1684 3655 1702 3687 ›
1742 3634 1838 3690 Sin
1863 3653 2017 3704 vero,

431 3721 489 3768 ut
516 3716 891 3784 praediximus,
938 3719 1266 3777 ﬁrmamenti
1290 3725 1509 3778 nomine
1536 3726 1804 3781 mediator
1839 3727 1934 3782 Dei
1964 3736 2021 3782 et

429 3807 706 3862 hominum
741 3826 837 3880 pro
869 3823 1147 3884 assumpta
1178 3817 1514 3873 humanitate
1566 3819 1724 3874 debet
1767 3821 2016 3891 intelligi,

427 3899 554 3967 quia
583 3901 681 3955 sub
710 3903 870 3958 unius
909 3906 1143 3961 nominis
1186 3907 1543 3977 appellatione
1587 3910 1761 3965 solent
1789 3913 2020 3982 prophe—

428 3989 520 4043 tiae
543 3992 790 4059 spiritum
820 3996 986 4052 multa
1021 3998 1244 4070 signari,
1277 4017 1378 4054 vox
1412 4017 1574 4071 super
1619 4004 2019 4063 ﬁrmamentum

426 4078 569 4135 facta
593 4093 695 4150 est,
726 4101 846 4155 qua:
871 4104 1035 4160 super
1062 4091 1394 4161 baptizatum
1441 4095 1729 4151 Dominum
1786 4100 1851 4154 de
1881 4100 2018 4156 coelo

425 4174 606 4228 sonuit
632 4176 854 4233 dicens:
892 4198 910 4230 ‹
943 4180 1024 4235 Tu
1059 4198 1118 4237 es
1145 4183 1314 4238 Filius
1358 4201 1513 4242 meus
1540 4187 1787 4255 dilectus,
1820 4191 1874 4244 in
1910 4207 2018 4260 quo

425 4265 558 4319 mihi
603 4269 902 4337 complacui
944 4270 1136 4342 (Marc.
1164 4272 1233 4343 ι).
1259 4293 1279 4325 ι
1327 4273 1645 4341 Qumramus
1687 4280 1848 4348 igitur
1878 4296 2015 4350 quo-

428 4361 588 4415 modo
606 4361 748 4417 hanc
763 4378 955 4419 vocem
979 4366 1232 4422 animalia
1253 4370 1502 4437 audiunt,
1516 4383 1570 4427 et
1585 4373 1698 4428 alas
1722 4375 2014 4444 deponunt.

426 4451 678 4506 llahacuc
705 4455 998 4523 requisitus
1024 4458 1205 4514 dicat:
1239 4479 1258 4511 ‹
1287 4462 1532 4530 Domine,
1563 4467 1741 4521 audivi
1773 4470 2016 4525 auditum

2126 617 2256 658 vero
2285 603 2686 657 ﬁrmamentum
2714 603 2858 673 quod
2884 611 2971 657 est
2994 617 3157 672 super
3184 609 3348 670 caput
3381 602 3738 668 animalium,

2127 696 2181 750 id
2216 703 2317 759 est,
2345 695 2488 764 quod
2521 697 2740 750 transiit
2769 705 2982 751 mentes
3004 696 3302 766 justorum,
3335 695 3544 750 habeat
3569 711 3744 766 super

2126 803 2184 843 se
2232 802 2418 843 vocem
2439 829 2454 854 ,
2481 789 2608 858 quia
2645 789 2976 859 Redemptor
3003 798 3190 843 noster
3217 803 3338 842 eam
3383 803 3556 857 quam
3603 804 3740 844 cum

2126 878 2286 934 Patre
2310 879 2575 948 disposuit
2598 894 2720 932 cum
2753 878 2864 952 [ex]
2893 880 3178 934 divinitate
3219 878 3576 941 sententiam,
3615 894 3741 948 per-

2126 971 2245 1024 tulit
2289 971 2341 1024 in
2385 985 2568 1025 carne.
2597 970 2770 1038 Quam
2826 972 3108 1026 audientes
3149 972 3284 1039 justi
3317 982 3630 1036 terrentur,
3680 984 3739 1028 et

2126 1077 2339 1116 omnem
2385 1061 2453 1117 de
2499 1064 2611 1118 suis
2645 1064 2854 1119 viribus
2899 1066 3379 1136 praesumptionem
3426 1066 3736 1135 deponunt.

2127 1151 2466 1218 Quibuslibet
2503 1154 2649 1208 enim
2676 1156 2970 1210 virtutibus
2999 1155 3216 1225 polleat,
3267 1156 3402 1227 quid
3447 1155 3622 1227 digna
3654 1166 3741 1212 est

2127 1242 2234 1296 vita
2272 1252 2636 1312 peccatorum,
2678 1245 2721 1299 si
2773 1255 2827 1299 et
2874 1245 2988 1311 eius
3018 1247 3129 1300 vita
3177 1262 3277 1315 pro
3322 1246 3486 1300 nobis
3523 1247 3742 1317 ﬂagello

2128 1335 2416 1404 subjacuit,
2446 1350 2567 1404 quae
2612 1336 2826 1390 subdita
2858 1336 2991 1391 nulli
3022 1347 3246 1407 peccato
3273 1336 3422 1392 fuit?
3448 1338 3568 1392 Sed
3609 1354 3742 1394 ecce

2127 1429 2308 1497 gravis
2349 1427 2504 1483 nobis
2528 1430 2754 1497 quaestio
2781 1430 2955 1484 oritur
2979 1445 3101 1484 cum
3135 1430 3354 1494 dicitur,
3385 1431 3541 1498 quod
3576 1445 3744 1500 super

2127 1519 2526 1576 ﬁrmamentum
2587 1523 2731 1590 quod
2775 1531 2892 1576 erat
2948 1523 3236 1577 imminens
3281 1523 3448 1593 capiti
3501 1539 3739 1587 eorum,

2126 1612 2281 1681 quasi
2329 1621 2580 1681 aspectus
2610 1613 2804 1682 lapidis
2835 1614 3077 1683 sapphiri
3107 1614 3408 1669 similitudo
3439 1616 3655 1668 throni.
3685 1614 3740 1668 Si

2126 1705 2269 1759 enim
2295 1721 2391 1775 per
2416 1704 2815 1759 ﬁrmamentum
2845 1706 3122 1769 Dominus,
3140 1714 3195 1760 et
3219 1723 3317 1776 per
3343 1707 3598 1776 lapidem
3629 1723 3741 1776 sap-

2127 1796 2341 1864 phirmn
2383 1805 2438 1850 et
2464 1795 2872 1850 similitudinem
2912 1798 3116 1863 throni,
3158 1813 3386 1852 summae
3433 1798 3548 1852 ilLae
3577 1813 3742 1866 ange-

2050 1869 2096 1928 B
2126 1886 2242 1940 licze
2287 1894 2583 1956 potestates
2627 1887 2953 1957 ﬁgurantur,
2999 1889 3269 1957 quomodo
3318 1905 3488 1958 super
3547 1889 3740 1942 ﬁrma-

2126 1987 2405 2044 mentum,
2459 1978 2513 2032 id
2557 1985 2681 2045 est,
2727 1995 2889 2049 super
2942 1979 3220 2034 dominum
3269 1995 3395 2036 esse
3447 1982 3742 2037 credenda

2124 2078 2270 2133 sunt,
2302 2084 2426 2124 cum
2451 2076 2507 2124 et
2533 2085 2658 2125 mox
2686 2070 2952 2136 subditur,
2988 2063 3083 2124 (Et
3105 2086 3271 2140 super
3306 2072 3738 2127 similitudinem

2127 2163 2326 2227 throni,
2371 2163 2667 2218 similitudo
2701 2164 2854 2234 quasi
2891 2174 3145 2234 aspectus
3179 2166 3424 2220 hominis
3472 2168 3738 2236 desuper.

2123 2252 2256 2306 Nam
2285 2253 2331 2307 si
2357 2253 2454 2318 ita,
2484 2262 2545 2308 ut
2570 2253 2773 2309 dictum
2804 2262 2907 2319 est,
2939 2253 3342 2309 firmamentum
3371 2257 3741 2324 exprimitur,

2122 2341 2381 2397 Dominus
2406 2352 2463 2397 et
2511 2359 2698 2399 rursus
2744 2345 2905 2400 homo
2948 2347 3214 2414 accipitur
3263 2346 3540 2401 Dominus
3582 2364 3601 2400 :
3635 2365 3741 2418 qua

2124 2437 2332 2491 ratione
2377 2445 2556 2506 potest
2599 2437 2827 2508 intelligi
2877 2446 2931 2492 et
2960 2438 3074 2506 ipse
3120 2455 3282 2510 super
3325 2441 3649 2506 thronum,
3691 2452 3741 2498 et

2122 2526 2236 2594 ipse
2281 2526 2380 2580 sub
2424 2527 2663 2584 throno?
2701 2527 2808 2583 Sed
2851 2529 3141 2584 adstrictos
3190 2531 3348 2600 hujus
3407 2535 3744 2601 quaestionis

2122 2619 2291 2673 nodos
2339 2619 2452 2688 ipse
2500 2620 2681 2686 solvit,
2733 2621 2798 2675 de
2850 2635 2960 2689 quo
3011 2620 3316 2691 loquimur,
3360 2626 3489 2692 quia
3550 2623 3740 2679 amata

2123 2712 2291 2766 sancti
2324 2711 2576 2782 Spiritus,
2606 2729 2670 2767 ea
2709 2730 2830 2782 qua:
2871 2713 3055 2768 clausa
3098 2725 3223 2769 sunt
3271 2718 3506 2786 aperuit.
3545 2718 3739 2773 lucar-

2122 2817 2281 2862 natus
2309 2807 2453 2862 enim
2481 2809 2787 2879 unigenitus
2831 2808 3031 2874 Patris,
3060 2825 3158 2877 per
3184 2811 3285 2864 hoc
3318 2811 3465 2880 quod
3507 2830 3529 2861 ‹
3567 2812 3741 2867 homo

2122 2897 2294 2954 factus
2322 2908 2422 2963 est,
2445 2920 2463 2952 ι
2499 2899 2638 2954 infra
2666 2900 2884 2970 angelos
2929 2902 3050 2966 fuit,
3081 2903 3220 2957 sicut
3261 2904 3328 2957 de
3363 2919 3431 2959 eo
3460 2906 3742 2974 scriptum

2122 3000 2243 3046 est:
2284 3011 2302 3042 ι
2333 2991 2568 3046 Minuisti
2611 3006 2735 3046 eum
2781 2993 2939 3062 paulo
2982 2995 3160 3048 minus
3189 2996 3260 3050 ab
3287 2995 3495 3065 angelis
3550 2995 3738 3059 (Psal.

2121 3079 2263 3149 vm).
2306 3101 2324 3132 ι
2375 3080 2687 3152 Resurgens
2731 3093 2785 3136 et
2832 3086 3131 3139 ascendens
3177 3086 3231 3140 in
3263 3086 3443 3149 caelis,
3472 3089 3744 3145 omnibus

2122 3171 2379 3240 angelicis
2408 3174 2770 3241 potestatibus
2815 3176 3089 3244 praesidet,
3122 3177 3262 3231 sicut
3291 3178 3359 3232 de
3387 3194 3456 3233 eo
3505 3195 3742 3236 rursum

2045 3231 2090 3295 Ε
2122 3231 2382 3332 scriptum
2409 3231 2494 3317 est
2521 3282 2532 3316 :
2568 3283 2585 3314 ι
2615 3231 3115 3336 Omnia-subjecisti
3143 3267 3242 3321 sub
3270 3269 3500 3338 pedibus
3531 3271 3687 3341 ejus.
3713 3291 3733 3324 ι

2122 3355 2187 3409 Et
2216 3355 2356 3410 sicut
2384 3355 2496 3424 ipse
2526 3357 2634 3409 ait:
2668 3377 2685 3406 ‹
2718 3357 2850 3410 Data
2879 3371 2964 3411 eSt
2997 3359 3129 3412 mihi
3157 3361 3336 3414 omnis
3378 3371 3642 3430 potestas
3686 3364 3740 3418 in

2120 3447 2256 3503 caelo
2285 3455 2341 3502 et
2385 3448 2440 3502 in
2476 3456 2641 3502 terra.
2666 3468 2684 3500 ι
2723 3449 3150 3506 Firmamentum
3194 3468 3324 3522 ergo
3368 3453 3470 3507 sub
3502 3455 3737 3523 throno,

2119 3548 2172 3594 et
2211 3541 2372 3594 homo
2397 3555 2559 3610 super
2599 3541 2855 3596 thronum
2892 3551 3010 3609 est,
3054 3545 3182 3614 quia
3213 3560 3311 3615 per
3360 3547 3628 3603 humanae
3657 3564 3742 3604 as-

2120 3629 2440 3700 sumptionis
2469 3640 2720 3685 naturam
2749 3641 2803 3687 et
2829 3641 2914 3687 est
2943 3634 3058 3704 ipse
3089 3636 3190 3691 sub
3218 3636 3422 3706 angelis
3451 3648 3649 3703 natus,
3681 3651 3738 3695 et

2121 3725 2234 3793 ipse
2275 3739 2438 3793 super
2466 3724 2685 3795 angelos
2725 3727 3016 3781 exaltatus.
3051 3729 3156 3794 Qui
3182 3737 3238 3784 et
3267 3729 3602 3800 priusquam
3634 3748 3738 3802 per

2120 3815 2536 3869 resurrectionis
2571 3815 2904 3870 exaltaretur
2942 3817 3188 3887 gloriam,
3237 3820 3524 3877 divinitate
3556 3839 3736 3894 super

2119 3907 2336 3977 angelos
2370 3905 2511 3960 fuit:
2555 3909 2648 3962 sed
2674 3916 2852 3962 tamen
2883 3911 3108 3980 angelis,
3135 3920 3194 3966 ut
3229 3913 3433 3967 dictum
3477 3924 3586 3978 est,
3631 3915 3736 3970 hu-

2119 3997 2379 4052 manitate
2407 3999 2726 4063 minoratus,
2757 4014 2823 4053 ex
2852 4015 2958 4070 qua
2999 4009 3054 4056 et
3096 4003 3257 4057 morti
3288 4002 3591 4070 subjacuit.
3642 4005 3736 4060 At-

2118 4102 2222 4156 que
2268 4096 2554 4157 postquam
2599 4097 2829 4144 mortem
2874 4093 3209 4163 resurgendo
3238 4094 3492 4161 calcavit,
3523 4097 3731 4152 huma—

2118 4179 2342 4234 nitatem
2371 4196 2525 4234 suam
2551 4181 2716 4235 etiam
2747 4180 3125 4250 majestatibus
3169 4185 3495 4256 angelorum
3528 4204 3728 4258 super-

2117 4272 2314 4340 posuit.
2366 4272 2524 4328 Prius
2571 4273 2752 4342 itaque
2789 4275 3016 4332 thronus
3061 4292 3225 4348 super
3273 4279 3726 4348 ﬁrmamentum,

2118 4370 2171 4416 et
2199 4371 2319 4431 post
2349 4362 2510 4417 homo
2537 4380 2701 4434 super
2731 4366 2986 4421 thronum
3014 4368 3164 4423 visus
3189 4385 3312 4424 esse
3343 4372 3686 4428 describitur
3710 4395 3723 4429 :

2117 4451 2241 4520 quia
2287 4453 2677 4510 humanitatem
2708 4471 2862 4510 suam
2890 4458 3111 4513 humani
3138 4463 3354 4531 generis
3388 4462 3731 4537 Redemptor

427 4549 577 4596 tuum
603 4551 657 4596 et
687 4544 860 4608 timui,
891 4547 1226 4605 consideravi
1256 4567 1420 4622 opera
1457 4563 1546 4609 tua
1575 4565 1630 4611 et
1657 4559 1849 4627 expavi
1882 4558 2014 4631 (Ha-
2039 4541 2490 4644 Ddesceﬂdendo
2518 4546 2617 4600 ειη)
2647 4547 2855 4618 angelis
2892 4551 3141 4619 ευῐηρδίίν
3173 4561 3227 4606 ei
3258 4555 3610 4611 ascende-"d0
3639 4573 3726 4612 Stl-

426 4633 540 4686 bac.
569 4636 672 4704 ut).
698 4655 716 4688 ι
749 4635 946 4693 Sancta
981 4640 1160 4710 itaque
1205 4643 1458 4699 animalia
1502 4662 1688 4702 vocem
1727 4665 1888 4720 super
1921 4651 2014 4706 ﬁr-

425 4733 756 4780 mamentum
796 4728 1020 4784 audiunt
1070 4740 1125 4786 et
1168 4735 1558 4803 pertimescunt
1606 4759 1617 4792 :
1669 4742 1792 4809 quia
1844 4743 1887 4797 si
1925 4759 2013 4798 so-

425 4815 507 4868 lus
550 4817 669 4872 sine
697 4829 924 4890 peccato
969 4832 1074 4888 est,
1103 4823 1157 4877 in
1206 4827 1323 4897 ejus
1365 4827 1671 4886 innocentia
1723 4833 2011 4903 aspiciunt,

424 4908 476 4961 in
503 4919 765 4978 quantum
794 4912 896 4982 ipsi
919 4916 1160 4984 quotidie
1187 4919 1657 4995 delinquant,quae
1687 4943 1908 4984 necesse
1932 4938 2015 4987 est

424 5006 484 5053 ut
534 5000 870 5059 incessanter
905 5004 1154 5063 defleant.
1205 5009 1561 5071 Considerant
1604 5033 1837 5090 quoque,
1885 5025 2011 5092 quia

421 5095 478 5142 et
506 5091 619 5159 ipse
648 5105 839 5149 auctor
858 5096 997 5160 vitae,
1029 5100 1145 5155 sine
1173 5103 1440 5170 passionis
1466 5106 1651 5163 dolore
1675 5125 1739 5164 ex
1770 5111 1870 5167 hac
1899 5091 2009 5170 vita

425 5189 530 5232 non
576 5183 760 5239 exivit.
811 5185 880 5242 Et
923 5187 1038 5246 haec
1077 5205 1207 5262 ergo
1252 5210 1353 5248 vox
1403 5213 1564 5266 super
1609 5200 2008 5258 ﬁrmamentum

426 5267 566 5324 facta
611 5281 721 5337 est,
760 5277 886 5345 quia
916 5281 1302 5351 omnipotentis
1338 5284 1514 5343 Patris
1547 5293 1812 5347 sententia
1843 5296 2007 5349 etiam

425 5360 492 5416 de
523 5372 697 5417 morte
725 5381 788 5419 ac
835 5372 1235 5428 resurrectione
1273 5375 1533 5447 unigeniti
1580 5383 1864 5449 processit.
1900 5382 2008 5439 Sed

424 5455 550 5508 cum
578 5469 682 5509 vox
724 5473 887 5528 super
913 5459 1311 5522 ﬁrmamentum
1356 5469 1434 5534 fit,
1469 5479 1616 5527 stant
1643 5475 1920 5543 animalia,
1952 5486 2008 5532 et

424 5545 750 5602 submittunt
773 5547 886 5603 alas
911 5567 1054 5608 suas.
1073 5555 1206 5623 Quia
1233 5562 1404 5616 sancti
1431 5578 1669 5636 quoque,
1687 5582 1806 5620 cum
1832 5569 2007 5637 ipsum

424 5637 757 5706 unigenitum
803 5637 1124 5714 flagellatum
1157 5649 1212 5704 in
1260 5651 1362 5706 hoc
1399 5655 1602 5710 mundo
1644 5659 2006 5729 conspiciunt,

425 5727 699 5818 deponunt
726 5733 771 5788 si
802 5734 930 5805 quid
955 5736 1022 5792 de
1051 5741 1163 5796 suis
1211 5745 1417 5800 meritis
1463 5727 1818 5818 praesumunt.
1869 5727 2006 5808 Nam

423 5817 472 5874 si
496 5818 614 5895 ipse
640 5821 768 5882 hinc
791 5825 910 5886 sine
948 5826 1160 5904 ﬂagello
1181 5843 1293 5891 non
1319 5817 1475 5908 exiit,
1501 5854 1571 5896 an
1599 5838 1824 5913 ﬂagellis
1857 5841 2007 5918 digni

2121 4648 2219 4703 per
2255 4633 2472 4704 angelos
2505 4636 2784 4692 exaltavit.
2815 4637 2906 4694 Sic
2935 4656 3063 4696 vero
3099 4641 3302 4698 factum
3332 4661 3459 4700 eum
3489 4649 3591 4701 suh
3636 4666 3730 4716 an-

2120 4724 2252 4796 gelis
2295 4727 2556 4793 dicimus,
2602 4729 2742 4783 sicut
2789 4730 2994 4786 factum
3050 4734 3152 4788 sub
3203 4735 3320 4807 lege
3385 4741 3726 4806 praedicante

2118 4815 2375 4885 Apostolo
2418 4818 2720 4872 audivimus
2763 4819 2908 4889 (Gal.
2935 4821 3035 4893 ιν),
3068 4837 3406 4896 assumptam
3443 4845 3578 4898 ergo
3633 4833 3728 4887 hu-

2119 4907 2436 4962 manitatem
2481 4909 2580 4963 sub
2627 4910 2834 4981 angelis
2882 4914 3197 4984 accipimus,
3227 4933 3329 4986 pro
3358 4934 3423 4973 ea
3474 4922 3722 4976 minora-

2121 4998 2266 5053 tione
2309 5000 2363 5054 in
2414 5016 2521 5069 qua
2561 5001 2814 5072 dignatus
2857 5014 2944 5060 est
2988 5022 3268 5076 apparere.
3307 5009 3447 5065 Nam
3493 5027 3625 5068 mox
3666 5026 3723 5068 ut

2117 5090 2340 5145 verbum
2369 5107 2498 5148 caro
2523 5091 2728 5149 factum
2770 5105 2876 5164 est,
2904 5115 3032 5154 mox
3075 5100 3219 5157 Deus
3250 5103 3417 5159 homo
3446 5115 3724 5174 potestate

2117 5200 2280 5255 super
2304 5187 2521 5257 angelos
2561 5189 2680 5244 fuit.
2727 5191 2802 5246 De
2851 5193 2966 5264 ipso
2993 5195 3192 5266 quippe
3232 5207 3359 5253 ante
3401 5204 3723 5270 passionem

2116 5278 2377 5347 scriptum
2423 5291 2547 5335 est:
2583 5301 2603 5334 ‹
2634 5283 2774 5339 Ecce
2819 5285 2993 5357 angeli
3043 5305 3414 5358 accesserunt,
3457 5305 3517 5349 et
3553 5298 3722 5351 mini-

2115 5365 2362 5420 strabant
2391 5369 2439 5422 ei
2477 5369 2692 5439 (Matth.
2722 5373 2820 5442 tv).
2849 5394 2867 5426 ι
2902 5375 3008 5431 Sed
3045 5389 3224 5434 tamen
3263 5391 3323 5435 ut
3353 5383 3724 5443 humanitatis

2115 5457 2232 5526 ejus
2275 5460 2562 5518 inﬁrmitas
2614 5476 3035 5533 monstraretur,
3084 5489 3301 5529 rursum
3347 5476 3416 5531 de
3457 5493 3527 5532 eo
3578 5481 3722 5535 scri-

2111 5559 2262 5619 ptum
2299 5561 2380 5606 est
2413 5571 2424 5606 :
2462 5572 2481 5604 ‹
2504 5553 2768 5626 Apparuit
2817 5559 2892 5614 illi
2930 5563 3155 5632 angelus
3204 5564 3272 5620 de
3319 5568 3460 5623 coelo
3487 5571 3722 5625 conforb

2115 5651 2234 5697 tans
2279 5659 2401 5700 eum
2441 5646 2592 5718 (Luc.
2625 5651 2784 5722 xxu).
2811 5673 2829 5704 ›
2879 5652 2934 5707 ln
2965 5655 3290 5712 documento
3328 5676 3459 5732 ergo
3505 5664 3720 5719 utrius-

2112 5749 2217 5806 que
2247 5748 2478 5807 naturae,
2526 5743 2653 5800 huic
2697 5754 2751 5800 et
2797 5747 2970 5817 angeli
3011 5750 3424 5821 ministrarunt,
3473 5757 3622 5812 hunc
3656 5767 3722 5813 et.

2110 5828 2331 5900 angelus
2395 5831 2702 5893 confortare
2760 5837 3105 5898 describitur.
3171 5842 3322 5902 Unus
3379 5847 3586 5918 quippe
3647 5849 3717 5906 in
