3938 6360
191 382 307 438 545

1165 375 1519 434 COMMENT.
1561 376 1628 432 lN
1665 374 2116 432 EZECHIELEM.
2156 407 2225 418 —
2261 378 2388 434 LIB.
2429 377 2496 433 ll.

3353 380 3457 436 5&6

187 499 428 559 utraque
455 497 670 553 natura,
715 485 974 556 quoniam
1011 487 1104 557 qui
1135 486 1276 543 Deus
1305 495 1431 542 ante
1459 485 1656 542 saecula
1683 500 1778 540 ex-
1803 487 1860 548 Α
1879 500 2077 552 rorem,
2125 487 2283 543 datur
2303 488 2518 558 signum
2564 487 2966 553 misericordiae,
3002 488 3156 543 velut
3202 499 3472 560 aspectus

189 580 356 644 stitit,
382 579 545 634 homo
573 575 750 631 factus
771 584 856 631 est
877 576 932 630 in
959 574 1065 630 line
1093 575 1436 631 saeculorum.
1465 574 1564 630 Cui
1596 582 1778 629 tamen

189 682 321 728 ante
367 671 676 742 passionem
731 685 886 725 suam
939 676 993 724 et
1048 669 1222 739 angeli
1270 669 1682 733 ministrabant,
1723 675 1779 724 et

191 763 340 818 hunc
373 759 596 831 angelus
624 757 912 814 confortat.
941 757 1070 813 Post
1116 758 1421 827 passionem
1446 773 1576 813 vero
1619 765 1780 827 atque

192 852 649 906 resurrectionem
680 851 798 921 ejus
831 849 955 905 huic
986 849 1163 921 angeli
1197 849 1507 905 ministrare
1531 859 1773 920 possunt,

191 943 288 997 sed
322 943 435 1013 jam
479 943 625 997 hunc
667 940 976 998 confortare
1020 956 1130 996 non
1174 949 1418 1011 possunt,
1464 941 1591 1011 quia
1640 940 1780 996 sicut

191 1035 399 1090 dictum
442 1042 555 1100 est,
604 1042 660 1089 et
706 1035 751 1090 si
800 1035 951 1104 prius
998 1033 1398 1090 ﬁrmamentum
1438 1033 1538 1087 sub
1583 1033 1778 1088 throno

191 1131 462 1200 apparuit,
488 1129 600 1198 jam
634 1137 815 1184 tamen
861 1130 1024 1184 homo
1069 1142 1230 1197 super
1279 1127 1533 1181 thronum
1581 1135 1686 1182 est.
1719 1126 1775 1182 In

191 1221 350 1290 cujus
396 1237 625 1291 persona
667 1229 728 1275 ut
778 1221 1041 1290 propheta
1109 1228 1327 1275 sanctus
1392 1219 1777 1275 adunationem

193 1311 640 1384 [adjunctionem]
687 1313 969 1382 utriusque
1007 1318 1218 1366 natura:
1252 1325 1310 1366 se
1343 1310 1545 1366 vidisse
1587 1320 1774 1367 osten-

189 1400 366 1465 deret,
393 1401 640 1471 protinus
664 1401 910 1472 adjunxit
939 1421 952 1455 :

273 1513 291 1544 ε
322 1494 388 1548 Et
434 1494 578 1560 vidi,
610 1494 765 1563 quasi
815 1495 1052 1564 speciem
1101 1495 1286 1549 electri
1319 1493 1462 1548 velut
1497 1500 1775 1562 aspectum

195 1601 219 1636 ι
269 1584 409 1654 ignis
443 1583 772 1640 intrinsecus
797 1599 894 1655 per
941 1585 1226 1640 circuitum
1255 1599 1285 1636 a
1313 1582 1510 1638 lumbis
1555 1581 1687 1650 ejus,
1720 1590 1776 1636 et

194 1693 215 1726 ι
265 1675 517 1744 desuper,
561 1661 634 1730 et.
663 1691 693 1729 a
739 1675 935 1730 lumbis
979 1675 1095 1745 ejus
1143 1691 1314 1746 usque
1358 1675 1633 1739 deorsum,
1665 1673 1775 1726 vidi

194 1781 215 1814 ‹
267 1766 424 1835 quasi
466 1765 699 1834 speciem
728 1766 865 1836 ignis
910 1767 1242 1837 splendentis
1269 1766 1323 1821 in
1353 1766 1604 1831 circuitu,
1627 1764 1777 1818 velut

1879 592 2060 644 arcus,
2101 593 2222 632 cum
2259 577 2419 634 fuerit
2456 579 2510 634 in
2548 580 2691 635 nube
2735 579 2791 634 in
2824 579 2912 636 die
2948 580 3159 651 pluviae.
3183 581 3472 656 (Gregorj

1877 665 2014 732 Quid
2044 675 2147 732 est,
2202 669 2344 739 quod
2370 676 2620 740 aspectus
2645 668 2881 726 hominis
2914 670 3127 728 videtur
3156 672 3209 727 in
3238 675 3472 742 throno.-

1877 760 2031 830 quasi
2086 760 2293 830 species
2334 759 2542 826 electri,
2591 760 2696 815 nisi
2744 761 2888 832 quod
2933 761 2985 816 in
3039 761 3266 829 electro,
3316 767 3461 824 sicut

1878 849 2038 922 longe
2081 851 2327 920 superius
2353 850 2607 916 diximus,
2633 865 2825 905 aurum
2853 860 2910 908 et
2933 861 3218 924 argentum
3267 856 3459 913 misces

1876 949 1985 1004 tur,
2033 948 2092 996 ut
2113 956 2202 996 res
2228 957 2336 996 una
2365 957 2432 998 ex
2480 942 2688 998 duobus
2717 941 2950 998 metallis
2985 943 3124 998 ﬁat?
3152 944 3210 1000 In
3255 961 3362 1016 qua
3399 953 3458 1004 et

1878 1047 1976 1104 per
2035 1040 2316 1102 argentum
2375 1033 2494 1088 auri
2549 1032 2769 1090 claritas
2836 1043 3203 1106 temperatur,
3257 1045 3313 1091 et
3362 1054 3474 1110 per.

1877 1123 2182 1180 claritatem
2205 1125 2323 1179 auri
2352 1125 2560 1195 species
2599 1124 2853 1182 clarescit
2877 1129 3106 1197 argenti.
3158 1128 3219 1183 ln
3251 1130 3474 1186 redemm

1877 1229 2032 1292 ptore
2059 1230 2238 1278 autem
2272 1231 2478 1286 nostro,
2515 1229 2753 1291 utraeque
2785 1231 3012 1288 natum,
3053 1224 3108 1280 id
3132 1232 3236 1293 est,
3270 1217 3476 1282 divinim

1878 1313 2008 1367 tatis
2031 1320 2086 1366 et
2120 1311 2472 1368 humanitatis
2495 1311 2771 1369 inconfuse
2819 1323 2981 1384 atque
3027 1315 3464 1385 inseparabiliter

1878 1401 2094 1456 sibimet
2120 1412 2246 1458 sunt
2270 1403 2455 1468 unitae,
2500 1411 2560 1457 ut
2583 1418 2681 1473 per
2701 1405 3114 1471 humanitatem,
3163 1406 3464 1462 divinitatis

1877 1489 1994 1560 ejus
2045 1493 2262 1548 claritas
2326 1493 2528 1548 nostris
2572 1502 2756 1562 posset
2818 1494 2989 1550 oculis
3035 1495 3362 1566 temperari;
3405 1503 3464 1552 et

1876 1596 1974 1651 per
2047 1582 2382 1637 divinitatem
2435 1583 2665 1637 humana
2731 1598 2797 1638 eo
2845 1592 3038 1639 natura
3116 1585 3480 1651 claresceret,

1878 1680 2039 1742 atque
2051 1672 2286 1726 exaltata
2315 1672 2576 1743 fulgorem
2603 1673 2741 1727 ultra
2771 1674 2874 1728 hoc
2900 1673 3043 1743 quod
3069 1683 3252 1730 creata
3280 1674 3468 1733 fuerat

1879 1765 2123 1819 haberet.
2173 1764 2291 1834 Ipse
2317 1781 2446 1820 vero
2469 1774 2716 1835 aspectus
2740 1766 2975 1822 hominis
3004 1781 3166 1837 super
3203 1769 3460 1824 thronum

195 1875 216 1905 ‹
267 1864 545 1924 aspectum
569 1871 728 1911 arcus
755 1873 879 1912 cum
910 1857 1072 1913 fuerit
1103 1859 1155 1913 in
1186 1859 1328 1913 nube
1357 1858 1410 1912 in
1447 1858 1533 1913 die
1557 1857 1770 1927 pluviae.
1801 1861 1850 1920 B
1877 1863 1932 1910 et
1991 1855 2197 1924 species
2215 1855 2422 1920 electri,
2475 1871 2636 1924 quam
2665 1856 2818 1921 vidit,
2863 1857 3036 1926 qualis
3068 1859 3117 1912 ei
3154 1860 3484 1929 apparuerit.

197 1964 215 1995 ‹
265 1943 364 1999 Hic
389 1955 506 2000 erat
533 1956 781 2016 aspectus
810 1948 1108 2018 splendoris
1133 1965 1228 2020 per
1257 1965 1468 2021 gyrum,
1499 1951 1612 2004 haec
1643 1949 1778 2004 visio

198 2055 218 2088 ι
265 2035 636 2091 similitudinis
687 2038 872 2108 glorim
916 2039 1152 2094 Domini.
1185 2059 1204 2092 ι
1259 2038 1530 2111 (Ηὶενοη.)
1572 2037 1777 2093 Simili-

196 2127 326 2180 tudo
388 2127 656 2194 hominis,
710 2129 802 2198 qui
875 2129 1095 2185 sedebat
1159 2145 1322 2200 super
1372 2130 1778 2185 similitudinem

193 2218 378 2272 throni
406 2236 420 2272 :
451 2218 543 2288 qui
570 2219 799 2274 thronus
847 2221 1083 2276 habebat
1129 2221 1536 2277 similitudinem
1585 2219 1780 2290 lapidis

193 2311 430 2382 sapphiri
476 2328 507 2366 a
538 2311 739 2368 lumbis
781 2322 836 2368 et
881 2314 1131 2385 desuper,
1164 2315 1366 2370 electro
1408 2321 1778 2384 comparatur.

193 2402 346 2470 Quod
375 2402 636 2458 electrum
677 2412 733 2458 et
778 2404 1103 2460 intrinsecus
1137 2414 1192 2460 et
1240 2405 1577 2460 extrinsecus
1614 2404 1780 2459 habe-

192 2493 310 2558 bat,
337 2494 490 2564 quasi
540 2494 678 2566 ignis
709 2504 1006 2564 aspectum.
1053 2495 1099 2549 Α
1138 2496 1333 2551 lumbis
1371 2511 1498 2550 vero
1523 2504 1578 2550 et
1623 2496 1780 2552 deor-

193 2601 336 2650 sum,
365 2586 504 2657 ignis
530 2597 650 2642 erat
675 2587 1023 2658 resplendens
1065 2589 1120 2643 in
1164 2588 1414 2654 circuitu,
1444 2597 1504 2642 ut
1531 2591 1782 2648 ostende-

194 2689 281 2735 ret
307 2695 372 2735 ea
401 2694 522 2750 qua:
555 2695 717 2752 supra
748 2681 959 2737 lumbos
985 2690 1127 2747 sunt,
1159 2683 1250 2737 ubi
1308 2697 1500 2737 sensus
1531 2692 1784 2740 versatur

195 2778 254 2828 et
295 2771 457 2836 ratio,
489 2786 597 2827 non
627 2772 868 2842 indigere
891 2774 1037 2844 'igne
1073 2788 1176 2828 nec
1215 2772 1477 2838 ﬂammis,
1527 2776 1619 2829 sed
1660 2791 1784 2846 pre-

199 2861 493 2918 tiosissimo
522 2863 738 2920 metallo
773 2873 829 2919 et
853 2865 1160 2933 purissimo.
1187 2865 1264 2919 Ea
1289 2880 1419 2920 vero
1445 2881 1566 2934 quae
1587 2881 1618 2920 a
1645 2866 1783 2922 lum-

195 2953 280 3008 bis
318 2953 590 3020 deorsum,
620 2953 714 3008 uhi
742 2955 936 3020 coitus,
979 2955 1069 3010 ubi
1113 2956 1411 3026 generatio,
1454 2957 1544 3011 ubi
1595 2957 1782 3013 incen-

197 3047 310 3118 tiva
344 3046 628 3112 vitiorum,
673 3048 993 3119 purgatione
1039 3048 1278 3118 indigere
1320 3046 1696 3115 ﬂammarum,
1727 3059 1788 3106 ut

199 3152 322 3193 cum
367 3146 594 3209 purgata
624 3137 850 3203 fuerint,
901 3138 1137 3194 habeant
1164 3139 1302 3195 sicut
1341 3156 1501 3197 arcus
1537 3141 1786 3196 similitu-

1881 1947 2058 2002 adhuc
2088 1947 2444 2003 describendo
2471 1947 2732 2018 adjungit.
2785 1964 2803 1996 ι
2835 1945 2994 2002 Velut
3036 1958 3287 2018 aspectus
3329 1949 3482 2020 ignis-

1878 2037 2205 2094 intrinsecus
2266 2035 2381 2105 ejus
2426 2053 2525 2106 per
2570 2036 2892 2102 circuitum,
2947 2053 2977 2090 a
3013 2037 3212 2094 lumbis
3257 2039 3374 2109 ejus
3413 2048 3470 2098 et

1883 2128 2135 2198 desuper,
2163 2139 2219 2183 et
2248 2143 2280 2183 a
2303 2128 2502 2182 lumbis
2529 2129 2647 2196 ejus
2672 2144 2844 2198 usque
2869 2121 3122 2185 deorsum
3163 2132 3273 2188 vidi
3308 2133 3464 2202 quasi

1882 2221 2116 2291 speciem
2171 2221 2310 2292 ignis
2360 2220 2693 2290 splendentis
2721 2221 2777 2276 in
2811 2221 3063 2276 circuitu.
3109 2241 3126 2274 ι
3182 2222 3326 2289 Quid
3373 2234 3460 2281 est

1879 2312 2020 2381 quod
2062 2312 2324 2366 mediator
2361 2313 2456 2367 Dei
2481 2322 2537 2367 et
2558 2312 2838 2366 hominum
2885 2313 3046 2368 homo
3103 2313 3258 2371 Jesus
3309 2315 3469 2372 Chriv

1881 2411 1997 2459 stus
2050 2402 2102 2474 (1
2151 2401 2284 2458 Tim.
2341 2401 2442 2473 ιι),
2486 2418 2514 2458 a
2561 2403 2758 2458 lumbis
2806 2411 2863 2458 et
2906 2403 3138 2473 desuper
3189 2415 3484 2476 aspectum-

1882 2493 2022 2566 ignis
2064 2493 2391 2549 intrinsecus
2427 2508 2525 2563 per
2564 2493 2852 2550 circuitum
2877 2494 3077 2550 habere
3125 2494 3486 2560 describitur,.

1880 2595 1936 2640 et
1963 2601 1995 2639 a
2023 2584 2220 2641 lumbis
2245 2593 2300 2640 et
2327 2585 2578 2641 deorsum
2618 2585 2856 2656 speciem
2884 2585 3024 2656 ignis
3051 2584 3382 2655 splendentis
3409 2589 3486 2644 in.

1883 2680 2156 2735 circuitu?
2190 2680 2622 2752 lnvestigandum
2652 2695 2884 2750 namque
2908 2690 3013 2748 est,
3069 2695 3242 2751 quare
3273 2694 3306 2734 a
3333 2679 3474 2734 lum«

1883 2775 1966 2829 bis
1993 2782 2048 2829 et
2074 2775 2304 2844 desuper
2334 2774 2510 2845 ignem
2538 2773 2882 2840 intrinsecus,
2940 2788 3041 2829 nec
3081 2783 3261 2828 tamen
3292 2771 3468 2842 splen-

1884 2865 2102 2920 dentem
2151 2865 2329 2935 ignem
2376 2866 2577 2921 habere
2613 2873 2887 2920 narratur.
2918 2864 2963 2918 A
3011 2864 3210 2919 lumbis
3244 2879 3374 2919 vero
3417 2870 3477 2918 et

1885 2954 2138 3010 deorsum
2177 2956 2377 3011 habere
2402 2957 2541 3027 ignis
2585 2957 2820 3026 speciem
2870 2955 3088 3022 dicitur,
3137 2970 3250 3012 non
3285 2964 3468 3009 tamen

1887 3045 2032 3100 hunc
2067 3045 2268 3101 habere
2299 3047 2624 3102 intrinsecus
2655 3057 3012 3113 memoratur,
3042 3049 3167 3117 quia
3197 3058 3252 3102 et
3278 3047 3478 3104 descri-

1886 3136 2058 3191 bitur.
2083 3134 2221 3204 Quid
2241 3137 2384 3191 enim
2409 3137 2712 3193 lumborum
2727 3137 2940 3192 nomine
2960 3138 3061 3192 nisi
3077 3152 3312 3206 prepago
3328 3152 3482 3198 mor-.

199 3227 402 3293 dinem,
429 3243 548 3298 quae
573 3228 732 3299 vulgo
777 3229 879 3284 lris
907 3229 1122 3295 dicitur,
1153 3245 1277 3284 cum
1328 3229 1493 3285 fuerit
1543 3231 1598 3286 in
1645 3231 1786 3286 nube
1813 3213 1876 3276 0³
1894 3227 2116 3282 talitatis
2144 3227 2503 3298 exprimitur?
2525 3227 2752 3300 Propter
2778 3229 2920 3300 quod
2954 3228 3118 3284 etiam
3140 3228 3204 3282 de
3235 3227 3365 3282 Levi
3391 3226 3477 3281 di-

199 3318 256 3373 in
280 3318 366 3374 die
381 3319 591 3389 pluviae;
614 3319 713 3398 ἶρις
729 3320 897 3386 enim,
910 3335 1030 3390 qua:
1051 3320 1104 3374 in
1130 3329 1317 3375 sancta
1338 3319 1616 3392 Scriptura
1631 3319 1782 3393 (Gen.

200 3411 297 3481 ιχ)
350 3419 574 3467 vocatur
610 3428 786 3476 arcus,
838 3420 893 3467 et
921 3412 976 3466 in
1001 3411 1322 3484 Apocalypsi
1346 3412 1568 3470 Joannis
1596 3415 1786 3469 eodem

202 3502 420 3557 nomine
447 3499 550 3580 ἶρις
574 3501 773 3556 dicitur
801 3502 986 3574 (Apoc.
1017 3518 1069 3556 ιν
1090 3512 1139 3556 et
1166 3503 1247 3574 ι),
1291 3503 1396 3559 nisi
1424 3505 1482 3558 in
1524 3504 1705 3575 pluvia
1733 3513 1787 3560 et

206 3595 262 3649 in
293 3609 496 3666 aquosa
520 3594 664 3649 nube
684 3609 789 3648 non
816 3602 995 3665 potest
1023 3608 1308 3663 apparere,
1338 3595 1680 3650 diversorum
1698 3611 1790 3652 co-

204 3685 380 3742 lorum
407 3695 460 3741 et
487 3685 996 3756 pulcherrimorum,
1029 3695 1086 3740 et
1121 3686 1325 3740 sensim
1363 3686 1417 3740 in
1451 3686 1585 3742 alios
1614 3697 1789 3741 trans-

205 3777 467 3834 euntium.
513 3776 612 3832 Hic
637 3791 796 3832 arcus
837 3777 1045 3847 signum
1077 3783 1161 3831 est
1204 3775 1503 3832 clementiae
1533 3785 1587 3832 et
1618 3785 1787 3832 testa-

205 3868 374 3924 menti
400 3867 518 3932 Dei,
549 3868 692 3936 quod
720 3867 850 3922 fecit
875 3882 1000 3922 cum
1029 3867 1336 3922 hominibus
1361 3875 1420 3921 ut
1449 3867 1664 3938 quando
1696 3884 1790 3938 ap-

204 3959 448 4028 paruerit
472 3958 527 4011 in
554 3957 718 4022 nube,
743 3955 978 4010 sciamus
1007 3971 1106 4009 nos
1130 3957 1423 4010 secundum
1450 3957 1790 4026 antiquitatis

207 4047 516 4115 exemplum
563 4059 900 4114 nequaquam
947 4045 1216 4116 perituros
1278 4061 1398 4101 esse
1438 4047 1654 4102 diluvio.
1708 4048 1788 4104 Ex

205 4153 316 4208 quo
343 4135 643 4190 ostenditur
668 4143 790 4204 post
816 4148 1008 4203 pmnas
1052 4144 1213 4204 atque
1257 4135 1538 4206 supplicia,
1568 4145 1622 4192 et
1656 4155 1787 4208 pur-

207 4227 482 4300 gationem
507 4235 872 4298 peccatorum,
901 4226 1141 4282 futuram
1173 4227 1630 4284 misericordiam:
1658 4231 1791 4286 dun-

206 4323 362 4372 taxat
385 4318 440 4371 in
470 4318 554 4372 his
596 4319 686 4388 qui
718 4318 886 4373 Deum
911 4319 1212 4374 meruerint
1234 4319 1418 4374 videre
1450 4330 1786 4392 regnantem.

206 4407 364 4466 Unde
403 4424 546 4466 nunc
575 4409 813 4464 dicitur:
853 4428 872 4460 ι
899 4408 1001 4464 Hic
1045 4419 1166 4465 erat
1195 4420 1447 4482 aspectus
1491 4412 1790 4482 splendoris

205 4517 303 4576 per
351 4517 559 4574 gyrum.
584 4522 602 4554 ›
640 4501 745 4556 Per
787 4518 978 4574 gyrum
1023 4502 1120 4557 Dei
1155 4503 1241 4558 vel
1287 4505 1500 4570 throni,
1542 4506 1626 4560 vel
1669 4521 1788 4560 om-

1891 3321 2032 3376 citur
2059 3318 2212 3392 (Gen.
2257 3320 2396 3391 xw),
2431 3321 2556 3390 quia
2595 3322 2771 3376 adhuc
2811 3321 2864 3376 in
2898 3319 3094 3374 lumbis
3128 3319 3299 3388 patris
3338 3329 3488 3386 erat,

1890 3431 2016 3471 cum
2048 3414 2440 3471 Melchisedech
2467 3415 2704 3470 occurrit
2734 3415 2986 3469 Abrahae.
3016 3412 3092 3467 De
3125 3412 3320 3470 lumbis
3346 3428 3476 3467 vero

1888 3507 2122 3562 Abrahae
2148 3506 2298 3578 virgo
2321 3506 2485 3560 Maria
2515 3507 2665 3572 exiit,
2706 3507 2759 3560 in
2791 3505 2945 3576 cujus
2971 3513 3124 3560 utero
3153 3503 3487 3575 Unigenitus;

1892 3597 2076 3652 Patris
2115 3612 2214 3669 per
2237 3596 2499 3668 Spiritum
2522 3605 2768 3652 sanctum
2796 3597 3066 3650 incarnari
3088 3594 3343 3665 dignatus
3367 3602 3473 3660 est,

1889 3705 1957 3744 ex
1983 3704 2088 3760 qua
2122 3689 2497 3746 incarnatione
2523 3689 2776 3744 universo
2806 3687 3037 3744 innotuit
3078 3687 3278 3742 mundo
3309 3685 3490 3750 Deus,-

1890 3782 2031 3838 sicut
2055 3790 2112 3837 et
2139 3796 2236 3852 per
2257 3780 2600 3836 Psalmistam
2631 3780 2831 3837 dicitur
2863 3793 2882 3831 :
2914 3799 2932 3830 ‹
2970 3770 3269 3850 Accingere
3299 3777 3478 3848 gladio

1891 3881 1983 3930 tuo
1995 3873 2138 3928 circa
2152 3872 2326 3928 femur
2341 3882 2512 3940 tuum,
2529 3869 3086 3945 potentissime|(Psal.
3110 3870 3278 3940 xuv).
3301 3889 3321 3923 ι
3346 3867 3476 3925 Gla-

1891 3965 2040 4021 dium
2083 3964 2284 4020 etenim
2329 3965 2472 4020 circa
2522 3959 2706 4020 femur
2752 3964 3161 4034 potentissimus
3209 3962 3475 4036 sumpsit,

1891 4057 2018 4128 quia
2046 4071 2226 4110 sermo
2252 4055 2650 4126 praedicationis
2676 4055 2821 4110 illius
2843 4069 2910 4110 ex
2941 4055 3326 4120 incarnatione.
3351 4069 3488 4114 (ξορρ,

1891 4148 2075 4203 valuit.
2115 4146 2255 4213 Quid
2289 4161 2417 4200 vero
2449 4146 2552 4202 iste
2599 4145 2739 4216 ignis
2777 4145 3040 4215 designat,
3087 4145 3190 4201 nisi
3227 4145 3484 4202 ardorem

1892 4237 2068 4294 sancti
2097 4236 2351 4308 Spiritus,
2385 4236 2476 4306 qui
2510 4237 2691 4301 corda,
2743 4251 2860 4306 quae
2889 4235 3174 4306 repleverit
3207 4234 3490 4300 accendit,-

1893 4329 1958 4386 de
1980 4344 2086 4399 quo
2116 4329 2228 4399 ipsa
2259 4328 2475 4384 Veritas
2503 4327 2669 4383 dicit:
2709 4346 2726 4378 ι
2755 4328 2934 4399 [gnem
2983 4328 3104 4382 veni
3153 4326 3371 4384 mittere
3417 4326 3472 4384 in

1891 4429 2094 4476 terram
2131 4420 2280 4491 (Luc.
2302 4421 2427 4490 xu).
2465 4439 2482 4471 ›
2517 4419 2654 4487 Quid
2677 4429 2761 4474 est
2780 4435 2908 4491 ergo
2937 4419 3080 4490 quod
3107 4417 3162 4482 in
3195 4418 3302 4474 hoc
3328 4431 3490 4488 aspe;

1893 4522 1983 4570 ctu
2030 4513 2306 4578 hominis,
2361 4512 2456 4581 qui
2509 4512 2787 4582 propheta:
2855 4510 3237 4582 apparuit,_a
3283 4507 3492 4578 lumbis.

207 4594 391 4658 Dium,
430 4608 549 4664 quae
595 4601 875 4662 Pel‘SPCCla
927 4601 1070 4647 ευηῑο
1126 4611 1144 4644 ί
1175 4593 1241 4648 El
1278 4595 1395 4650 hac
1423 4595 1560 4650 ViSiO
1605 4581 2159 4673 gloriwbsuperius,
2212 4600 2540 4656 intrinsecus
2563 4616 2662 4670 per
2709 4599 2994 4655 circuitum
3041 4599 3182 4668 ignis
3222 4598 3394 4659 ardet,
3442 4610 3480 4652 ta

207 4685 573 4744 similitudinis
615 4684 732 4738 Dei.
763 4704 781 4735 ›
834 4683 950 4738 Νοη
1003 4699 1111 4754 quo
1158 4685 1385 4752 gloriam
1443 4687 1655 4742 Domini
1703 4688 1789 4741 vi-
1890 4693 2088 4746 lumbis
2115 4705 2243 4748 vero
2268 4692 2538 4752 deorsum,
2573 4704 2682 4744 non
2713 4689 2851 4758 ignis
2891 4687 3244 4750 intrinsecus,
3271 4685 3388 4748 sed
3421 4684 3492 4748 in.

207 4777 383 4841 derit,
427 4777 520 4830 sed
559 4774 965 4831 similitudinem
1012 4775 1196 4844 gloriae
1237 4777 1376 4847 ejus.
1419 4777 1568 4834 Visio
1607 4786 1789 4836 autem
1890 4783 2121 4839 circuitu
2177 4780 2498 4849 resplendet,
2545 4778 2648 4832 nisi
2692 4777 2836 4848 quod
2885 4785 3013 4832 ante
3047 4775 3492 4840 incarnationem,

207 4868 387 4923 omnis
427 4869 544 4923 haec
591 4874 692 4924 est.
731 4865 964 4937 Spiritus
1005 4866 1222 4940 elevans
1270 4877 1324 4922 et
1360 4870 1528 4924 nubes
1570 4885 1787 4941 magna,

207 4969 264 5030 et
316 4968 548 5030 quatuor
593 4959 870 5026 animalia,
913 4966 969 5014 et
1018 4965 1152 5016 rota:
1195 4960 1448 5024 totidem,
1504 4971 1790 5030 sequentes

207 5051 462 5110 animalia
517 5059 572 5106 et
625 5051 907 5122 spiritum,
963 5065 1084 5121 quae
1143 5051 1244 5106 sub
1302 5052 1643 5109 firmamento
1693 5056 1790 5110 Dei

207 5159 337 5199 esse
374 5148 703 5196 meruerunt.
755 5139 886 5209 Quae
941 5150 1225 5212 postquam
1270 5141 1478 5202 elevata
1534 5152 1694 5209 sunt,
1733 5154 1800 5201 et

209 5234 503 5290 audierunt
542 5246 764 5299 vocem,
815 5233 969 5303 quasi
1031 5249 1292 5304 aquarum
1357 5235 1682 5303 multarum,
1733 5245 1789 5292 et

208 5323 373 5397 quasi
410 5322 560 5379 verbi
608 5321 853 5378 sublimis
895 5322 1014 5388 Dei,
1046 5338 1341 5394 vocemque
1387 5333 1688 5384 castrorum
1733 5335 1789 5383 et

209 5417 517 5482 exercitus,
555 5416 875 5472 dimiserunt
928 5415 1071 5479 alas,
1115 5425 1172 5470 et
1230 5425 1504 5488 stuporem
1571 5420 1788 5477 silentio

211 5511 677 5566 demonstrarunt.
717 5507 1086 5581 Apparuitque
1115 5509 1307 5564 sedens
1335 5526 1495 5582 super
1541 5513 1793 5570 similitu-

212 5603 400 5658 dinem
450 5598 720 5673 sapphiri,
769 5598 926 5670 quasi
977 5598 1271 5656 similitudo
1315 5601 1588 5670 hominis,
1619 5605 1710 5674 qui
1761 5621 1792 5659 a

214 5694 418 5750 lumbis
441 5708 602 5763 supra
653 5692 882 5750 habebat
924 5692 1160 5764 speciem
1200 5693 1407 5759 electri,
1440 5703 1494 5748 et
1536 5711 1568 5750 a
1599 5696 1795 5752 lumbis

213 5782 472 5842 deorsum
498 5785 730 5858 speciem
763 5783 901 5854 ignis
931 5785 985 5840 in
1015 5784 1265 5841 circuitu.
1310 5784 1439 5841 Post
1486 5800 1646 5856 quem
1688 5795 1796 5843 ter-

1889 4873 2149 4942 unigeniti
2204 4869 2562 4938 redemptoris
2618 4869 2788 4925 nostri
2845 4868 2960 4926 sola
3019 4869 3164 4922 intra
3217 4864 3477 4936 seludmtt

1890 4964 2139 5020 ardorem
2190 4962 2393 5017 amoris
2443 4961 2558 5032 ejus
2599 4960 2826 5026 habuit,
2876 4966 2999 5030 post
3044 4954 3492 5024 incarnationem

1893 5074 2022 5114 vero
2057 5058 2200 5113 illius
2224 5058 2279 5112 in
2300 5057 2531 5113 circuitu
2558 5055 2674 5131 ejus
2703 5055 2842 5127 ignis
2872 5050 3220 5123 resplenduit,
3265 5047 3394 5118 quia
3420 5047 3494 5112 in,

1893 5151 2147 5205 universo
2169 5150 2366 5204 mundo
2404 5149 2654 5220 gentibus
2699 5146 3002 5203 claritatem
3038 5141 3210 5198 sancti
3241 5139 3492 5212 Spiritus,

1893 5241 2120 5296 effudit?
2149 5242 2305 5297 Prius
2371 5257 2499 5314 ergo
2565 5241 2895 5295 intrinsecus
2961 5235 3102 5308 ignis
3151 5243 3311 5301 erat,
3378 5233 3490 5289 sed

1894 5333 2146 5406 splendor
2191 5349 2300 5390 non
2328 5342 2465 5399 erat,
2521 5333 2647 5401 quia
2676 5330 2910 5402 Spiritus
2947 5336 3168 5384 sanctus
3211 5326 3273 5382 in.
3292 5324 3477 5384 multis

1894 5426 2109 5494 quidem
2129 5424 2375 5493 partibus
2408 5422 2647 5478 Iudaeam
2677 5420 2938 5490 replebat,
2989 5419 3084 5476 sed
3114 5420 3182 5478 ad
3227 5419 3475 5476 notitiam

1897 5516 2136 5588 gentium
2187 5516 2413 5570 necdum
2446 5512 2560 5582 ejus
2601 5511 2780 5566 lumen
2825 5511 3141 5567 emicuerat.
3189 5510 3238 5566 Δ
3278 5508 3480 5566 lumbis

1897 5622 2027 5662 vero
2062 5604 2178 5675 ejus
2226 5613 2279 5660 et
2334 5605 2584 5661 deorsum
2636 5602 2774 5670 ignis
2831 5601 2885 5657 in
2927 5600 3155 5658 circuitu
3207 5599 3478 5670 splendet.

1900 5697 2037 5768 Quia
2070 5708 2357 5770 postquam
2387 5699 2452 5753 de
2498 5697 2706 5765 virgine
2732 5710 2952 5751 carnem
2977 5693 3224 5764 sumpsit,
3287 5691 3340 5747 in
3369 5689 3475 5746 hu-

1903 5805 2064 5846 mano
2115 5804 2308 5860 genere
2365 5789 2520 5856 longe
2580 5787 2794 5859 lateque
2830 5787 3003 5844 sancti
3040 5785 3276 5855 Spiritus
3307 5783 3474 5860 _dona
