3938 6360
468 394 573 451 ιιι

1104 390 1166 446 Β.
1208 389 1460 447 RABANI
1498 388 1720 448 MAUIU
1754 387 2074 445 ARCHIEP.
2117 386 2430 446 MOGUNT.
2458 386 2749 447 OPEBUM
2786 389 2966 446 PARS
3000 390 3064 447 ΙΙ.

3648 390 3749 451 548

466 503 727 560 dilatavit.
773 501 869 564 ,Et
910 501 1204 557 notandum
1246 503 1395 572 quod
1441 502 1583 574 ignis
1626 503 1730 558 iste
1767 517 1799 557 a
1850 500 2052 556 lumbis
2077 508 2129 568 Α
2157 507 2313 556 cente
2340 507 2683 556 revocentur.
2723 500 2935 557 Nubem
2963 501 3109 557 enim
3136 501 3500 574 redemptoris
3521 519 3752 563 canem

464 596 710 665 superius
735 610 831 665 per
858 595 1143 649 circuitum
1167 609 1287 650 esse
1312 596 1655 660 describitur,
1706 611 1812 651 non
1847 595 2053 649 extrin-

463 702 639 751 secus,
693 685 787 740 sed
814 685 1175 739 intrinsecus:
1214 686 1344 755 quia
1394 687 1598 741 amoris
1636 684 1877 751 ﬂamma,
1912 685 2054 740 sicut

464 777 666 833 dictum
711 784 796 831 est
821 818 837 843 ,
914 777 968 831 in
1033 777 1220 832 electis
1290 786 1453 847 atque
1514 777 1851 849 spiritalibus
1917 776 2051 832 viris

464 868 660 937 ubique
698 868 753 922 in
795 868 911 923 suis
944 868 1141 923 finibus
1160 867 1399 923 Judazam
1426 869 1697 939 replebat,
1726 860 1850 924 nec'
1870 876 2049 922 tamen

460 964 642 1016 exibat
674 963 1033 1028 extrinsecus,
1086 963 1218 1033 quia
1256 978 1376 1018 sese
1414 964 1473 1018 in
1518 962 1862 1017 multitudine
1918 976 2048 1033 gen-

460 1053 591 1106 tium
633 1068 743 1106 non
788 1053 1073 1108 dilatabat.
1123 1053 1253 1120 Qua:
1276 1053 1487 1108 ardoris
1518 1051 1740 1108 ﬂamma
1784 1052 1902 1107 visa
1939 1060 2042 1118 est,

457 1143 797 1211 postmodum
830 1144 883 1198 in
906 1145 1144 1200 circuitu
1177 1145 1542 1215 resplendere,
1580 1145 1712 1216 quia
1736 1159 1834 1214 per
1854 1141 2045 1199 mundi

458 1234 705 1289 cardines
747 1234 801 1289 in
842 1236 1114 1291 universis
1184 1236 1433 1306 gentibus
1498 1236 1884 1306 omnipotentis
1943 1234 2044 1291 Dei

456 1327 618 1395 erepit
682 1343 835 1382 aliter
872 1344 1210 1383 exaescere.
1276 1328 1434 1396 Quod
1484 1337 1668 1385 tamen
1718 1329 1945 1400 intelligi
1986 1338 2042 1385 et

454 1416 613 1472 aliter
634 1426 831 1488 potest.
865 1419 1002 1486 Quia
1046 1421 1358 1491 redemptor
1387 1431 1575 1477 noster
1600 1423 1743 1477 Deus
1764 1430 1824 1476 et
1855 1421 2043 1476 Domi-

454 1525 556 1564 nus
584 1519 767 1565 noster
793 1509 951 1565 Iesus
1001 1510 1270 1577 Christus,
1321 1527 1421 1582 per
1443 1512 1836 1567 humanitatem
1884 1512 2041 1565 suam

452 1599 758 1656 hominibus
780 1601 1038 1667 innotuit,
1080 1603 1173 1671 qui
1200 1618 1301 1672 per
1321 1602 1661 1657 divinitatem
1695 1618 1851 1658 suam
1878 1611 2039 1657 notus

452 1692 654 1762 angelis
692 1701 749 1747 et
802 1703 927 1747 ante
973 1694 1405 1750 incarnationem
1457 1694 1579 1750 fuit.
1627 1695 1791 1751 Nobis
1831 1710 1960 1767 ergo
2005 1704 2038 1749 a

448 1781 646 1837 lumbis
682 1783 910 1839 inferius
954 1786 1261 1856 resplendet
1308 1790 1364 1842 in
1403 1788 1655 1853 circuitu,
1700 1788 1853 1858 cujus
1894 1789 2036 1858 ignis

2153 604 2259 643 non
2299 589 2742 646 inconvenienter
2777 592 3094 662 accipimus.
3128 594 3206 649 De
3228 612 3341 666 qua
3382 611 3483 667 per
3512 596 3751 653 Psalmi-

2151 689 2290 737 stam
2320 682 2521 737 dicitur
2552 697 2567 736 :
2608 701 2628 734 ι
2656 683 2759 750 Qui
2782 684 2939 752 ponit
2958 686 3155 740 nubem
3186 701 3476 743 ascensum
3502 703 3694 743 suum.
3726 710 3745 742 ι

2149 772 2355 830 Nubem
2412 776 2612 847 quippe
2676 792 2963 833 ascensum
3029 794 3185 836 suum
3236 783 3455 853 posuit,
3512 784 3653 853 qni:
3708 785 3753 841 is

2148 868 2241 936 qui
2268 882 2367 936 per
2415 869 2750 925 divinitatem
2782 873 2981 943 ubique
3010 882 3119 940 esti,
3166 889 3335 931 carne
3376 878 3448 931 ad
3499 878 3749 933 calestia

2148 960 2411 1015 ascendit.
2445 962 2673 1033 Expleta
2699 979 2829 1020 vero
2851 968 3000 1021 omni
3034 971 3261 1039 mystica
3286 970 3500 1025 visione
3522 974 3752 1042 subij

2147 1050 2289 1121 gitur
2313 1051 2446 1108 :Hic
2466 1062 2586 1108 erat
2605 1058 3175 1127 aspectusspleudoris
3194 1074 3294 1131 per
3310 1074 3535 1134 gyrum,
3558 1074 3619 1119 et
3642 1066 3750 1120 hac

2146 1144 2284 1200 visio
2304 1144 2673 1202 similitudinis
2700 1148 2884 1219 gloria
2910 1151 3028 1205 Dei.
3074 1151 3213 1219 Quid
3236 1154 3382 1207 enim
3404 1154 3469 1209 in
3494 1156 3751 1211 miiverso

2146 1234 2347 1289 mundo
2394 1238 2569 1291 sancti
2604 1236 2839 1307 Spiritus
2886 1242 3059 1312 gratia
3101 1253 3247 1314 agat,
3292 1244 3593 1314 aspiciens,
3644 1244 3746 1300 ait:

2151 1342 2171 1375 ι
2198 1324 2299 1380 llic
2321 1335 2439 1381 erat
2457 1338 2708 1397 aspectus
2727 1330 3034 1401 splendoris
3047 1349 3150 1403 per
3168 1350 3385 1405 gyrum.
3418 1354 3442 1388 ι
3473 1336 3614 1404 Qua:
3628 1351 3749 1392 vero

2145 1413 2371 1470 interius
2391 1416 2633 1486 ejusdem
2660 1421 2830 1474 sancti
2851 1420 3086 1491 Spiritus
3100 1424 3279 1494 gloria
3300 1435 3549 1491 maneat,
3574 1423 3749 1484 consi-

2145 1505 2336 1561 derare
2362 1507 2567 1579 volens,
2596 1509 2691 1564 sed
2712 1510 2852 1565 sicut
2872 1522 2992 1567 erat
3014 1529 3127 1568 non
3148 1515 3356 1581 valens,
3372 1516 3635 1586 adiungit
3658 1520 3749 1575 εει

2143 1597 2259 1652 huc
2286 1598 2425 1652 visio
2455 1599 2824 1656 similitudinis
2840 1602 3028 1672 gloriae
3056 1604 3309 1670 Domini;
3332 1622 3443 1661 non
3474 1610 3637 1662 extim
3657 1611 3746 1675 ait,

2144 1688 2296 1744 Visio
2322 1688 2529 1759 gloriae,
2555 1691 2648 1745 sed
2674 1691 3044 1749 similitudinis
3073 1696 3258 1766 gloriae
3284 1697 3529 1753 Domini.
3570 1698 3645 1755 Ut
3677 1703 3749 1754 vi.

2143 1779 2341 1833 delicet
2355 1781 2673 1836 ostendatur
2696 1783 2821 1853 quia
2853 1786 3190 1853 quantalibet
3203 1802 3262 1843 se
3276 1789 3589 1845 intentione
3602 1805 3748 1846 meus

449 1874 775 1930 intrinsecus
822 1891 853 1931 a
893 1876 1090 1932 lumbis
1124 1878 1374 1948 superius
1415 1880 1569 1934 ardet
1597 1880 1650 1935 in
1694 1880 1851 1936 coelo.
1900 1880 2029 1947 Quia

2141 1870 2377 1928 humana
2408 1875 2719 1941 tetenderit,
2742 1877 2956 1933 etiamsi
2978 1877 3089 1946 jam
3104 1882 3430 1950 phantasias
3446 1884 3745 1954 imaginum

449 1968 523 2022 illi
573 1970 819 2025 ccelestes
873 1971 1095 2040 spiritus
1128 1985 1247 2025 cum
1309 1974 1362 2027 in
1418 1974 1699 2029 divinitate
1745 1984 1842 2029 sua
1901 1974 2034 2028 con-

451 2060 707 2129 spiciunt,
736 2069 792 2115 et
820 2062 1022 2117 amoris
1042 2062 1159 2132 ejus
1186 2064 1306 2134 igne
1330 2067 1716 2121 accenduntur.
1750 2066 1857 2121 Nos
1880 2078 2033 2133 vero,

447 2151 540 2221 qui
567 2154 711 2207 hunc
739 2167 809 2227 er
834 2163 1111 2224 assumpta
1136 2156 1477 2211 humanitate
1516 2150 1812 2228 diligimus,
1861 2159 2038 2212 adhuc

448 2244 505 2299 in
560 2245 661 2301 bac
708 2249 1046 2319 corruptibili
1096 2251 1205 2305 vita
1264 2252 1431 2322 positi
1494 2254 1838 2323 splendorem
1898 2252 2039 2323 ignis

449 2334 596 2391 illius
640 2334 774 2392 foris
804 2338 1087 2395 habemus.
1143 2341 1293 2396 Unus
1327 2342 1510 2412 itaque
1543 2344 1642 2397 sub
1688 2342 1882 2396 throno
1932 2347 2035 2406 est,

446 2428 539 2498 qui
584 2436 641 2484 et
681 2445 842 2500 super
888 2432 1101 2489 lumbos
1149 2434 1329 2504 ignem
1392 2434 1724 2488 intrinsecus
1764 2430 1933 2488 habet
1980 2434 2037 2488 in

446 2520 672 2590 angelis,
716 2532 775 2578 et
815 2525 915 2579 sub
940 2525 1142 2580 lumbis
1184 2526 1360 2596 ignem
1394 2527 1446 2581 in
1503 2527 1731 2582 circuitu
1778 2527 1942 2583 habet
1982 2528 2039 2583 in

443 2609 789 2667 hominibus:
840 2615 970 2684 quia
1000 2615 1055 2669 in
1086 2620 1248 2670 omne
1291 2617 1434 2685 quod
1462 2617 1529 2671 ab
1566 2618 1771 2688 angelis
1799 2624 2033 2683 amatur,

446 2716 545 2771 per
582 2716 744 2758 omne
766 2706 911 2773 quod
934 2706 1005 2760 ab
1035 2706 1348 2763 hominibus
1375 2708 1728 2773 desideratur,
1766 2724 1905 2765 unus
1931 2717 2035 2777 est,

443 2794 613 2862 quiin
664 2795 917 2851 cordibus
944 2798 1099 2853 ardet
1131 2799 1451 2853 amantium.
1508 2817 1528 2851 ι
1570 2799 1728 2855 Velut
1760 2809 2034 2870 aspectus,

444 2886 635 2957 inquit,
690 2902 849 2943 arcus
898 2898 1020 2943 cum
1054 2889 1225 2945 ﬁxerit
1255 2891 1309 2945 in
1341 2891 1484 2948 nube
1533 2893 1589 2947 iu
1634 2891 1723 2949 die
1754 2893 1971 2963 pluviae.
2011 2912 2033 2947 ι

440 2977 642 3033 Arcum
685 2981 1024 3052 omnipotens
1083 2983 1225 3038 Deus
1273 2984 1418 3039 inter
1472 2999 1531 3040 se
1576 2992 1631 3040 et
1680 2985 1929 3041 homines
1978 2986 2039 3041 in

445 3068 598 3139 signo
628 3072 829 3139 posuit,
874 3083 934 3126 ut
960 3073 1104 3128 ultra
1141 3075 1401 3131 mundum
1438 3076 1641 3132 diluvio
1676 3092 1785 3132 non
1831 3077 2039 3133 deleret

442 3163 665 3218 dicens:
710 3184 727 3215 ι
757 3164 961 3221 Ponam
993 3180 1181 3222 arcum
1234 3178 1416 3224 meum
1459 3169 1515 3224 in
1548 3170 1802 3237 nubibus,
1832 3180 1887 3227 et
1933 3171 2039 3226 erit

446 3254 658 3325 signum
695 3254 917 3313 foederis
958 3258 1100 3312 inter
1144 3274 1230 3314 me
1264 3268 1320 3314 et
1360 3261 1502 3314 inter
1535 3271 1756 3316 terram.
1786 3262 2037 3332 Cumque

439 3346 719 3401 obduxere
764 3348 997 3404 nubibus
1047 3350 1281 3417 coelum,
1335 3338 1620 3422 apparebit
1664 3368 1824 3408 arcus
1881 3369 2037 3411 meus

443 3437 500 3492 in
558 3439 824 3504 nubibus,
864 3447 920 3495 et
955 3442 1285 3497 recordabar
1338 3442 1558 3498 foederis
1607 3444 1714 3499 mei
1757 3445 2035 3501 vobiscum

441 3527 594 3601 (Gen.
620 3528 721 3601 ιχ).
748 3530 903 3586 Unde
925 3540 981 3587 et
1000 3533 1214 3591 inarcu
1240 3532 1429 3591 eodem
1454 3536 1604 3592 colo‘r
1632 3550 1786 3607 aqua:
1814 3548 1868 3595 et
1890 3541 2034 3611 ignis

441 3622 600 3676 simul
627 3624 954 3691 ostenditur,
998 3629 1123 3696 quia
1164 3642 1229 3684 ex
1250 3639 1407 3699 parte
1431 3638 1513 3685 est
1536 3628 1831 3699 caeruleus,
1883 3640 1937 3689 et
1964 3634 2032 3690 ei

435 3724 593 3787 parte
616 3718 994 3785 rubicundus;
1043 3728 1102 3783 ut
1152 3723 1437 3792 utriusque
1488 3723 1678 3793 judicii
1726 3728 1880 3781 testis
1935 3728 2025 3793 sit,

434 3809 594 3863 unius
618 3811 870 3867 videlicet
895 3812 1148 3881 faciendi,
1192 3822 1247 3871 et
1290 3818 1517 3873 alterius
1560 3819 1711 3886 facti,
1770 3822 1864 3876 sed
1910 3820 2025 3892 jam

433 3917 539 3955 non
568 3903 794 3959 ulterius
820 3904 1071 3961 faciendi.
1127 3908 1263 3976 Quia
1291 3913 1525 3967 mundus
1565 3904 1783 3983 quidem
1834 3913 2025 3982 judicii

431 3993 554 4064 igne
588 3997 939 4063 cremabitur,
992 4000 1087 4054 sed
1118 4016 1259 4070 aqua
1285 4000 1400 4071 jam
1429 4003 1616 4058 diluvii
1664 4021 1771 4059 non
1821 4004 2027 4061 delebi-

432 4091 537 4138 tur.
579 4085 718 4153 Quid
768 4096 851 4143 est
889 4098 1091 4157 autem,
1151 4093 1294 4161 quod
1343 4093 1714 4163 splendentem
1760 4096 1942 4166 ignem
1992 4114 2022 4152 a

428 4172 624 4230 lumbis
678 4178 910 4234 hominis
953 4181 1148 4235 throno
1196 4184 1557 4253 praesidentis,
1589 4186 1729 4242 sicut
1772 4197 2025 4257 aspectus

329 4306 338 4316 .
430 4280 591 4321 arcus
620 4282 744 4322 cum
772 4268 935 4324 fuerit
985 4272 1040 4324 in
1084 4274 1224 4327 nube
1282 4274 1336 4327 in
1384 4275 1471 4330 die
1515 4277 1708 4345 pluviae
1752 4282 2022 4351 propheta

429 4360 754 4428 conspexit?
796 4362 931 4427 Quia
963 4362 1108 4417 enim
1139 4380 1235 4434 per
1279 4366 1475 4436 ignem,
1509 4370 1649 4424 sicut
1675 4371 1877 4425 dictum
1914 4382 2018 4439 est,

430 4448 595 4503 ardor
627 4452 801 4504 sancti
835 4451 1070 4520 Spiritus
1098 4456 1432 4526 designatur,
1461 4476 1582 4528 quin
1611 4458 1908 4518 similitudo
1936 4474 2035 4519 est‘

427 4556 590 4595 arcus
619 4551 673 4596 et
698 4544 919 4612 spiritus
948 4555 1007 4600 ut
1042 4547 1199 4618 ignis,
1252 4552 1343 4618 qui
1375 4555 1643 4621 apparuit,
1679 4557 1835 4624 quasi
1863 4574 2019 4627 aspe—

425 4639 548 4686 ctus
577 4648 737 4687 arcus
784 4637 1101 4705 apparuisse
1142 4639 1437 4707 diceretur,
1482 4641 1577 4697 sed
1614 4644 1658 4699 si
1686 4646 1810 4715 ipsi,
1854 4660 2015 4718 quam

424 4721 790 4792 praediximus,
810 4726 1001 4781 visioni
1020 4744 1179 4783 arcus
1201 4729 1552 4797 intendimus,
1572 4736 1842 4803 quomodo
1857 4755 2018 4795 arcus

424 4810 692 4882 significat
741 4816 1014 4885 spiritum,
1067 4818 1330 4875 videmus.
1382 4822 1437 4874 ln
1464 4838 1590 4877 arcu
1630 4827 1848 4897 quippe,
1876 4829 2018 4885 sicut

384 4948 395 4973 η
423 4901 680 4971 praefatus
709 4910 852 4971 sum;
885 4923 1023 4977 aqua
1052 4919 1106 4963 et
1138 4909 1275 4980 ignis
1302 4923 1544 4983 apparet,
1574 4924 1626 4969 et
1655 4930 1776 4986 post
1805 4920 2012 4976 inedia-

428 4992 561 5046 toris
589 4993 877 5049 adventum
906 5011 972 5052 eo
1012 4999 1185 5054 virtus
1224 5004 1399 5057 sancti
1427 5004 1661 5074 Spiritus
1692 5009 1743 5062 in
1778 5012 2035 5067 humano

423 5097 618 5153 genere
655 5086 871 5153 claruit,
920 5102 1027 5161 quo
1056 5091 1257 5147 electos
1288 5093 1381 5149 Dei
1404 5104 1457 5151 et
1483 5113 1622 5167 aqua
1673 5101 2015 5171 baptismatis

422 5175 554 5230 lavit
594 5187 649 5232 et
694 5180 833 5249 ignis
882 5184 1051 5238 divini
1088 5187 1290 5241 amoris
1332 5188 1594 5246 incendit.
1648 5192 1813 5259 Quasi
1864 5195 2008 5248 enim

423 5268 664 5324 admixto
690 5271 869 5327 colore
898 5290 1051 5344 aquae
1081 5276 1241 5332 simul
1268 5288 1321 5334 et
1357 5281 1497 5351 ignis
1524 5284 1740 5352 quidam
1768 5284 1931 5339 arcus
1953 5280 2004 5340 in

421 5362 565 5415 nube
600 5364 667 5417 ad
695 5367 1131 5436 propitiationem
1168 5375 1411 5443 punitur,
1447 5392 1569 5431 cum
1602 5376 1810 5433 Veritas
1833 5372 2001 5436 dicit:

428 5472 447 5505 ι
477 5452 592 5509 Nisi
614 5456 737 5528 quis
763 5466 983 5516 renatus
1010 5462 1173 5520 fuerit
1194 5484 1261 5523 ex
1289 5482 1430 5537 aqua
1460 5478 1514 5523 ct
1546 5468 1751 5539 Spiritu
1792 5484 1999 5539 sancto,

422 5560 527 5601 non
577 5552 754 5619 potest
808 5554 990 5611 videre
1032 5570 1255 5632 regnum
1282 5558 1380 5616 Dei
1427 5561 1631 5633 (Joan.
1663 5566 1776 5637 Ill).
1820 5588 1836 5620 ι
1902 5569 2002 5636 Qui

423 5652 581 5722 arcus
624 5640 677 5695 in
724 5646 865 5700 nube
890 5655 973 5701 est
1002 5649 1057 5703 in
1082 5651 1172 5704 die
1200 5651 1395 5720 pluvia:
1420 5668 1434 5718 ;
1464 5654 1590 5722 quia
1644 5655 1697 5710 in
1725 5658 2004 5717 Dominica

424 5716 795 5791 incarnatione
823 5747 877 5791 et
924 5738 975 5793 in
1021 5739 1279 5795 effusione
1326 5744 1725 5815 praedicationis
1771 5753 2007 5807 ostendi-

429 5831 531 5892 tur,
582 5836 646 5883 “ut
671 5822 737 5884 ad
766 5824 977 5887 veniam
1026 5828 1188 5915 corda
1235 5838 1568 5896 credentium
1616 5838 1840 5901 Domino
1884 5848 2007 5916 pan

1168 6026 1187 6053 1

2142 1964 2507 2033 corporalium
2544 1981 2573 2019 a
2600 1967 2937 2038 cogitatione
2961 1979 3291 2039 compescat,
3331 1973 3379 2028 si
3406 1972 3531 2041 jam
3559 1990 3745 2028 omnes

2142 2054 2582 2125 circumscriptus
2622 2058 2848 2127 spiritus
2896 2060 2965 2114 ab
2994 2061 3167 2117 oculis
3216 2063 3404 2118 cordis
3453 2066 3745 2130 amovet-it,

2141 2145 2319 2202 adhuc
2366 2156 2550 2203 tamen
2581 2148 2634 2202 in
2667 2164 2831 2205 carne
2880 2152 3100 2207 mortali
3144 2154 3350 2223 posita,
3396 2155 3595 2211 videre
3640 2156 3745 2225 glo-

2143 2236 2281 2292 riam
2310 2238 2410 2294 Dei
2458 2255 2565 2295 nou
2612 2240 2760 2296 valet
2787 2243 2929 2299 sicut
2958 2254 3064 2310 est,
3113 2247 3208 2300 sed
3236 2247 3511 2317 quidquid
3547 2248 3616 2303 de
3660 2250 3744 2305 illa

2141 2336 2247 2394 est,
2290 2331 2437 2400 quod
2486 2332 2540 2385 in
2571 2342 2750 2388 mente
2809 2334 3132 2405 resplendet,
3181 2338 3511 2404 similitudo,
3556 2349 3613 2394 et
3640 2356 3743 2396 non

2141 2418 2258 2490 ipsa
2307 2428 2411 2476 est.
2467 2421 2623 2478 Unde
2662 2424 2833 2479 eti'lle
2886 2427 3247 2496 praedicator,
3297 2430 3391 2498 qui
3436 2438 3638 2501 raptus
3680 2428 3741 2487 ad

2142 2511 2363 2566 tertium
2385 2512 2582 2568 caelum
2607 2513 2803 2581 fuerat,
2854 2518 3104 2573 dicebat:
3138 2537 3159 2571 ι
3186 2520 3450 2577 Videmus
3470 2537 3625 2579 nunc
3654 2539 3743 2594 per

2141 2603 2419 2671 speculum
2473 2614 2530 2661 et
2564 2606 2620 2661 in
2666 2608 3032 2680 aenigmateu
3062 2609 3192 2665 Cor.
3255 2612 3403 2685 xm).
3454 2630 3483 2668 ι
3538 2615 3660 2683 Qua
3688 2618 3741 2671 in

2141 2710 2201 2750 re
2234 2712 2343 2751 non
2378 2698 2724 2767 despicienda
2752 2703 2911 2757 nobis
2956 2706 3187 2773 quaestio
3217 2707 3417 2773 oritur,
3464 2711 3738 2779 quem

2139 2784 2372 2844 Joannes
2398 2790 2747 2861 evangelista,
2772 2808 2900 2848 cum
2924 2809 3056 2866 erga
3080 2796 3348 2851 miracula
3372 2799 3740 2871 redemptoris

2140 2883 2315 2938 nostri
2349 2883 2657 2941 Iudaeorum
2688 2888 2973 2957 perﬁdiam
2999 2891 3164 2944 etiam
3198 2898 3267 2945 ex
3292 2893 3481 2947 verbis
3500 2895 3739 2963 prophe-

2142 2975 2262 3031 ticis
2280 2977 2682 3049 descripsisset,
2707 2982 2947 3051 adiungit
2962 2982 3148 3037 dicens
3173 3000 3187 3035 :
3227 3001 3244 3035 ‹
3262 2978 3397 3039 Haec
3420 2985 3557 3039 dicit
3576 2986 3738 3041 lsaias

2140 3068 2358 3137 quando
2381 3069 2515 3124 vidit
2534 3069 2760 3141 gloriam
2782 3070 2922 3141 ejus,
2938 3080 2993 3126 et
3011 3073 3224 3129 locutus
3250 3084 3336 3130 est
3352 3074 3435 3129 ’de
3456 3086 3534 3132 eo
3562 3076 3735 3148 (Im.

2141 3162 2263 3235 ιιι).
2312 3183 2330 3215 ι
2362 3162 2429 3216 Et
2455 3163 2504 3218 si
2534 3164 2779 3221 Ezechiel
2808 3182 2913 3221 non
2941 3167 3192 3238 gloriam,
3214 3164 3308 3223 sed
3336 3169 3532 3239 gloriae
3554 3170 3738 3225 simili-

2064 3235 2109 3300 C
2146 3253 2384 3310 tudinem
2410 3254 2563 3322 vidit,
2596 3258 2724 3327 quid
2745 3268 2832 3313 est
2859 3235 3002 3329 quod
3032 3261 3134 3316 iste
3164 3235 3592 3317 similitudinem
3626 3263 3735 3336 glo-

2144 3346 2259 3413 riae,
2287 3356 2342 3402 et
2355 3348 2443 3402 ille
2464 3349 2691 3417 gloriam
2704 3350 2904 3406 vidisse
2926 3352 3288 3409 describitur?
3313 3354 3424 3410 Sed
3436 3357 3574 3411 ‘cum
3586 3355 3739 3413 toan.

2142 3453 2239 3494 nes
2262 3440 2589 3512 evangelista
2617 3444 2769 3513 prius
2812 3436 3076 3501 miracula
3130 3448 3501 3519 redemptoris
3558 3451 3735 3505 nostri

2140 3535 2399 3598 narravit,
2449 3545 2612 3605 atque
2636 3536 3017 3596 infidelitatem
3038 3544 3388 3613 postmodum
3421 3532 3732 3599 fudit-orum

2140 3626 2396 3689 subdidit,
2426 3628 2568 3683 hanc
2597 3628 2843 3697 ejusdem
2882 3633 3245 3703 redemptoris
3274 3636 3449 3689 nostri
3476 3635 3730 3707 gloriam,

2137 3730 2258 3784 quae
2288 3716 2342 3770 in
2380 3718 2581 3773 mundo
2627 3724 2895 3790 apparuit,
2922 3722 3115 3777 lsaiam
3161 3725 3364 3781 vidisse
3392 3727 3730 3783 manifestat.

2136 3804 2307 3861 Omne
2350 3808 2494 3861 enim
2531 3812 2673 3877 quod
2705 3812 2940 3867 interra
2986 3815 3182 3869 mirum
3228 3816 3496 3871 divinitus
3535 3818 3725 3889 agitur,

2134 3897 2303 3967 gloria
2330 3899 2714 3967 omnipotentis
2742 3903 2837 3956 Dei
2862 3911 2964 3968 est,
2982 3912 3036 3958 et
3062 3902 3178 3971 ejus
3198 3906 3369 3974 gloria
3404 3907 3459 3961 in
3479 3908 3727 3962 omnibus

2135 3987 2292 4043 factis
2316 3989 2547 4043 videtur.
2568 3992 2736 4047 Isaias
2760 4007 2889 4063 ergo
2914 3992 3029 4062 ejus
3056 3994 3282 4065 gloriam
3310 3998 3363 4051 in
3392 4006 3542 4051 terra
3576 4000 3721 4051 vidit:

2132 4079 2378 4133 Ezechiel
2413 4095 2543 4134 vero
2570 4080 2684 4148 ejus
2722 4084 2949 4153 gloriam
2978 4085 3032 4139 in
3056 4088 3192 4141 coelo
3235 4089 3379 4143 sicut
3410 4098 3499 4144 est
3548 4092 3723 4145 videre

2132 4186 2239 4226 non
2289 4174 2482 4242 potuit.
2540 4174 2675 4240 Quia
2699 4176 2856 4231 aliter
2905 4187 2989 4233 est
3019 4180 3252 4249 gloriam
3302 4181 3421 4251 ejus
3458 4184 3511 4237 in
3567 4186 3720 4238 rebus

2127 4260 2286 4317 factis
2318 4273 2480 4332 atque
2505 4266 2662 4321 aliter
2715 4268 2768 4321 in
2822 4272 3114 4340 semetipso
3162 4273 3365 4330 videre.
3420 4272 3554 4332 Han:
3599 4294 3719 4347 ergo

2128 4354 2245 4425 ejus
2293 4355 2484 4425 gloria,
2536 4371 2657 4425 quae
2708 4359 2762 4413 in
2817 4362 2978 4417 rebus
3024 4371 3108 4418 est
3157 4366 3325 4420 videri
3380 4378 3588 4436 potest.
3634 4369 3717 4421 Illa

2124 4464 2271 4513 vero,
2304 4466 2425 4520 quae
2460 4451 2511 4504 in
2542 4452 2657 4521 ipso
2686 4465 2790 4517 est,
2826 4456 2995 4510 videri
3018 4454 3179 4513 modo
3207 4460 3308 4513 nisi
3336 4452 3443 4529 per
3469 4462 3715 4516 similitu-

2126 4543 2304 4596 dinem
2332 4559 2436 4597 non
2469 4553 2667 4613 potest,
2694 4548 2787 4600 sed
2809 4548 2853 4602 si
2882 4551 3125 4605 eamdem
3157 4550 3575 4610 similitudinem
3608 4556 3711 4625 glo-

2126 4635 2220 4689 ria:
2252 4634 2333 4689 vel
2360 4635 2667 4694 sublevatus
2693 4634 2955 4711 propheta
2978 4652 3201 4713 portare
3238 4642 3512 4717 potuerit,
3560 4658 3711 4722 a'gao-

2127 4740 2367 4780 scamus.

2757 4820 2986 4880 CAPUT
3021 4823 3085 4880 ll.

2121 4908 2353 4965 Mittitur
2375 4912 2626 4983 propheta
2652 4931 2720 4968 aa
2754 4908 3378 4991 revocandum'pb'pufum
3407 4921 3479 4976 ab
3526 4925 3707 4979 errori-

2174 5016 2181 5023 '
2784 5004 2885 5062 'bus
2908 5008 3040 5065 suis.

2197 5134 2215 5166 ι
2243 5115 2309 5171 Et
2328 5104 2433 5171 vidi
2452 5108 2504 5171 el
2520 5118 2689 5173 cecidi
2720 5118 2773 5174 in
2799 5108 2993 5200 faciem
3016 5108 3211 5200 nisini.
3230 5102 3255 5178 ἰ
3278 5112 3569 5200 (Hieron)
3600 5112 3702 5182 Iliun

2150 5198 2183 5205 η
2274 5196 2308 5239 ,ιι
2342 5202 2383 5217 ..ο
2455 5198 2561 5237 .“-.Ι,Ιδ·
2630 5202 2655 5217 η
2708 5198 2805 5217 ..ι.ι.
2868 5196 2955 5226 ..Ιῒι
2996 5217 3005 5228 ,
3120 5190 3174 5243 4‘,‘
3234 5210 3241 5217 .
3296 5190 3329 5219 ‘i
3370 5190 3567 5232 .vinﬁ

2116 5216 2198 5262 est
2221 5209 2392 5265 elatus
2419 5228 2687 5267 Visionum
2712 5214 3111 5295 magnitudine,
3129 5219 3221 5295 sed
3242 5230 3584 5295 conserentia
3603 5220 3700 5274 fm-

2111 5286 2337 5399 giilitatis
2379 5292 2629 5401 inuitante
2662 5286 2902 5379 ‘p'ro‘c'i‘d‘i‘t
2943 5290 2997 5364 in
3030 5286 3230 5365 ’ἤι’ὲίόῶ
3254 5298 3439 5403 silenti.
3468 5296 3627 5369 tudo
3655 5324 3702 5367 et

2111 5391 2155 5403 nu-
2226 5395 2238 5403 ι.
2348 5380 2371 5401 ³⁸
2412 5382 2442 5395 θ’
2547 5400 2556 5403 ,
2606 5394 2613 5397 -
2818 5388 2867 5401 υ·
2946 5392 2952 5399 ι
2982 5384 2987 5389 ’
3086 5384 3109 5397 ¹ι
3282 5380 3325 5399 οῖ
3400 5382 3413 5403 Ιη
3468 5392 3495 5403 κο
3620 5394 3641 5403 ι.

2110 5372 2626 5495 lia'i’ilusw'a'postolus
2660 5408 2784 5483 post
2818 5386 3195 5494 ascensionem
3214 5390 3361 5495 "cudi
3380 5372 3447 5460 lelt
3462 5392 3695 5495 paradisi

2113 5480 2167 5541 et
2200 5462 2543 5589 la'n'dli'tiouem
2592 5482 2890 5585 ve‘rbpruin.
2923 5472 3278 5589 ‘i‘u’ell'a'b‘ilip'n‘i
3295 5540 3310 5563 ,
3366 5484 3440 5554 'da
3448 5462 3575 5589 didi
3606 5488 3700 5553 sibi

2132 5577 2164 5589 Io
2230 5568 2275 5589 ,⁸
2344 5566 2424 5589 ι’.
2483 5572 2507 5585 ll
2556 5582 2587 5589 ..-
2902 5568 2965 5589 ﬁ“
3080 5572 3141 5589 IA‘
3202 5574 3211 5589 ι
3318 5574 3367 5587 »ιι
3424 5572 3491 5589 Ι..
3526 5576 3553 5589 la
3636 5580 3641 5589 α

2114 5558 2243 5632 dicit
2267 5566 2520 5651 angelum
2554 5564 2786 5661 Satanle,
2816 5564 3009 5659 quise
3037 5558 3404 5661 c‘alagliizaret
3526 5570 3698 5645 ’ἐξιδι-

2113 5666 2317 5725 Ιοιεέῑυι
2344 5672 2404 5743 ’(1
2439 5668 2563 5729 Cor.
2613 5668 2742 5747 xii);
2778 5658 2840 5731 et
2873 5658 3171 5733 amabili
3192 5664 3394 5747 cecidit
3416 5666 3480 5735 in
3514 5670 3697 5735 faciem

2114 5753 2397 5831 postquam
2452 5754 2657 5821 audivit
2702 5750 2993 5863 tsei-inﬁnitis
3036 5758 3161 5863 .D'ei‘.
3194 5750 3519 5863 E‘t‘tau‘iep‘

2116 5815 2131 5830 ι
2255 5815 2269 5831 ι
2367 5815 2395 5817 ~-
2454 5815 2655 5821 -~"-----
2714 5815 2993 5825 -----v--~~
3045 5815 3161 5849 ιιι-τ
3200 5815 3266 5827 υ·
3310 5815 3493 5828 *ιη-ϋ·
3566 5815 3697 5857 fr"?

2116 5840 2220 5907 non
2280 5852 2521 5928 peccato,
2570 5860 2663 5915 sed
2702 5842 3012 5919 liu'i‘uilitall‘e
3036 5840 3347 5933 τ(Ξοιθιίίιέιίξὶι,
3386 5854 3424 5921 ii
3468 5815 3697 5922 gemino
