3938 6360
457 389 560 446 551

1103 385 1167 440 B.
1209 383 1462 439 RABANI
1497 383 1718 440 MAURI
1755 381 2078 439 ARCHIEP.
2115 378 2427 438 MOGUNT.
2469 374 2756 434 OPERUM
2795 374 2977 430 PARS
3012 373 3078 430 Π.

3653 369 3763 426 552

461 495 696 569 suscepit
721 503 784 552 ut
821 503 1087 568 surgeret.
1119 496 1357 567 Surgens
1384 503 1561 551 autem
1589 503 1916 567 praereptum
1944 510 2040 550 au—
2064 495 2119 556 Α
2142 492 2224 548 dit
2259 501 2506 564 apostata
2551 499 2657 558 est,
2692 492 2767 546 ita
2817 490 2909 560 qui
2949 490 3017 544 ad
3055 500 3372 560 perversum
3415 501 3571 559 opus
3605 486 3764 555 quod

459 589 613 656 divit,
655 597 718 644 ut
756 588 1096 660 praedicaret.
1132 587 1288 654 Nam,
1331 588 1423 658 qui
1464 588 1640 643 adhuc
1672 603 1739 642 ex
1780 587 2044 658 superbiae

461 682 666 740 vertice
699 689 927 749 stamus,
958 697 1084 737 cum
1120 681 1232 751 jam
1269 683 1335 737 de
1361 682 1680 737 aeternitatis
1717 682 1912 736 timore
1946 681 2045 735 ali-

460 774 590 842 quid
633 773 837 829 sentire
887 772 1232 844 coeperimus,
1272 774 1492 845 dignum
1543 781 1718 828 estut
1761 773 1828 827 ad
1863 771 2041 842 poeni-

463 864 684 920 tentiam
741 864 1018 920 cadamus.
1074 862 1146 919 Et
1195 879 1318 920 cum
1373 864 1742 919 inﬁrmitatem
1798 870 2043 918 nostram

460 955 734 1010 subtiliter
786 963 1207 1026 cognoscentes,
1266 955 1543 1010 humiliter
1595 954 1894 1023 iacuimus,
1947 969 2045 1023 per

460 1048 627 1103 divini
653 1048 807 1104 verbi
828 1047 1250 1104 consolationem
1272 1062 1512 1119 surgere,
1538 1048 1606 1102 ad
1632 1046 1856 1102 fortiora
1879 1060 2043 1116 opera

454 1139 727 1209 jubemur.
756 1140 826 1195 Et
865 1156 989 1196 cum
1005 1138 1121 1209 jam
1149 1140 1204 1195 in
1228 1139 1495 1195 bonorum
1523 1154 1744 1209 operum
1774 1137 2044 1193 soliditate

459 1228 819 1298 persistimus,
841 1243 1062 1284 necesse
1089 1236 1191 1293 est,
1234 1236 1290 1282 et
1313 1229 1454 1284 unde
1479 1227 1840 1296 nosmetipsos
1861 1238 2044 1281 corre-

459 1319 660 1384 ximus,
694 1318 816 1374 inde
829 1319 942 1388 jam
961 1320 1317 1390 praedicantes
1336 1327 1392 1374 et
1407 1317 1542 1373 alios
1557 1317 1814 1372 levemus.
1833 1313 2043 1370 Jacenti

459 1426 587 1481 ergo
610 1425 717 1465 non
740 1411 1067 1481 praecipitur,
1092 1418 1153 1465 ut
1177 1411 1244 1465 ad
1271 1409 1713 1480 praedicationem
1737 1417 1948 1479 pergat,
1973 1424 2043 1462 ne

459 1502 709 1557 inﬁrmus
743 1504 969 1573 quisque
1011 1505 1115 1559 hoc
1143 1503 1288 1573 quod
1331 1503 1499 1558 verbo
1532 1502 1800 1557 aediﬁcare
1842 1509 2042 1570 potest,

457 1609 622 1663 opere
657 1595 920 1649 destruat.
955 1593 1110 1651 Unde
1151 1603 1299 1651 recte
1326 1610 1543 1666 quoque
1571 1609 1670 1664 per
1699 1593 2042 1649 Psalmistam

458 1685 656 1741 dicitur
676 1703 688 1739 :
725 1705 743 1736 ι
767 1685 966 1741 Eduxit
985 1702 1073 1742 me
1094 1687 1160 1742 de
1184 1687 1304 1743 lacu
1326 1686 1562 1741 miseriae
1585 1686 1722 1740 etde
1741 1685 1855 1740 luto
1873 1684 2040 1740 facis.

457 1778 524 1831 Et
551 1778 742 1834 statuit
761 1794 927 1849 supra
945 1789 1152 1850 petram
1175 1781 1342 1850 pedes
1366 1795 1518 1836 meos
1537 1789 1593 1836 et
1612 1781 1808 1836 direxit
1826 1795 2044 1852 gressus

2148 586 2462 641 deseruerat
2490 584 2650 649 redit,
2683 583 2751 639 ab
2779 583 3149 652 omnipotente
3180 579 3290 635 Deo
3331 587 3603 651 apostata
3639 578 3764 632 abs-

2145 691 2252 748 que
2280 677 2554 732 dubietate
2588 675 2698 729 ulla
2730 676 3052 746 deputatur,
3082 672 3296 730 etiamsi
3323 673 3490 728 ﬁdem
3558 680 3762 725 tenere

2144 768 2409 824 videatur.
2456 768 2632 825 Unum
2662 767 2809 824 enim
2837 768 2955 822 sine
2981 766 3152 822 altero
3189 767 3450 836 prodesse
3482 765 3638 820 nihil
3661 781 3761 819 va-

2143 860 2236 926 let,
2265 861 2389 930 quia
2413 875 2513 916 nec
2541 859 2677 915 ﬁdes
2705 860 2822 915 sine
2842 859 3119 931 operibus,
3151 874 3253 914 nec
3271 874 3442 929 opera
3474 855 3761 926 adjuvant

2145 951 2265 1006 sine
2305 951 2430 1017 ﬁde,
2482 952 2587 1006 nisi
2615 951 2848 1006 fortasse
2883 967 2985 1023 pro
3031 951 3138 1006 ﬁde
3184 950 3542 1021 percipienda
3589 951 3752 1004 ﬁant.

2147 1040 2298 1096 Sicut
2326 1040 2609 1097 Cornelius
2635 1050 2762 1098 ante
2792 1058 2892 1113 pro
2918 1043 3077 1098 bonis
3116 1043 3370 1112 operibus
3404 1042 3628 1096 meruit
3660 1059 3754 1096 au-

2145 1133 2281 1199 diri,
2322 1150 2484 1203 quam
2525 1133 2700 1190 ﬁdelis
2741 1135 3016 1191 existeret.
3064 1135 3178 1203 Qua
3218 1151 3282 1190 ex
3334 1151 3394 1190 re
3435 1135 3751 1205 colligitur,

2143 1224 2270 1294 quia
2299 1225 2438 1279 bona
2465 1240 2629 1295 opera
2655 1241 2755 1296 pro
2792 1226 2896 1282 ﬁde
2924 1228 3270 1298 percipienda
3300 1227 3568 1291 faciebat,
3623 1244 3748 1281 nam

2145 1315 2233 1370 cui
2276 1315 2344 1370 ab
2379 1316 2570 1386 angelo
2613 1317 2850 1373 dicitur:
2885 1335 2903 1368 ε
2936 1317 3224 1373 Orationes
3256 1326 3364 1372 tuae
3408 1327 3467 1372 et
3504 1317 3747 1372 eleemo-

2145 1423 2293 1479 syme
2314 1416 2419 1463 tute
2443 1410 2803 1465 ascenderunt
2822 1411 2877 1464 in
2900 1412 3216 1466 memoriam
3240 1411 3292 1466 in
3321 1420 3636 1480 conspectu
3656 1409 3748 1466 Dei

2145 1499 2287 1570 (Act.
2317 1499 2399 1567 κ),
2429 1519 2449 1553 ι
2479 1509 2534 1554 et
2563 1516 2689 1556 mox
2709 1517 2808 1573 pro
2831 1502 3025 1559 eadem
3055 1502 3376 1558 ascensione
3417 1503 3750 1573 praecipitur

2146 1599 2206 1645 ut
2241 1592 2310 1647 ad
2340 1590 2618 1647 Simonem
2654 1592 2854 1659 mittat,
2879 1594 2973 1663 qui
2999 1593 3050 1648 ei
3069 1593 3293 1649 veniens
3316 1593 3637 1663 praedicare
3659 1595 3748 1648 de-

2145 1682 2319 1750 beret,
2346 1692 2559 1739 constat
2605 1685 2733 1754 quia
2766 1685 2869 1740 hoc
2885 1687 3044 1756 petiit
3070 1688 3212 1742 unde
3236 1687 3438 1741 meruit
3464 1687 3741 1741 exaudiri.

2223 1793 2242 1827 ι
2275 1765 2345 1830 Et
2383 1775 2478 1830 ﬁlii
2506 1776 2639 1830 dura
2683 1776 2820 1832 facie
2848 1786 2904 1832 et
2940 1777 3256 1832 indomabili
3285 1777 3456 1832 corde
3503 1787 3642 1831 sunt
3678 1777 3742 1830 ad

453 1885 623 1925 meos.
649 1870 877 1927 Immisit
899 1873 956 1926 in
975 1887 1038 1928 os
1056 1889 1235 1928 meum
1255 1876 1524 1930 canticum
1547 1890 1763 1939 novum,
1781 1875 2042 1946 hymnum
2069 1883 2119 1944 Β
2151 1884 2172 1919 ε
2199 1882 2335 1936 quos
2357 1883 2455 1939 ego
2477 1869 2633 1923 mitto
2651 1876 2723 1934 te,
2748 1887 2767 1921 ›
2789 1878 2893 1923 etc.
2911 1866 2987 1940 (Η
2993 1866 3185 1937 ieron.)
3203 1867 3317 1922 Hoc
3331 1869 3385 1921 in
3403 1867 3742 1937 Septuagin-

452 1957 567 2014 Deo
594 1969 829 2015 nostro.»
848 1961 1004 2017 Prius
1023 1965 1168 2018 enim
1195 1964 1261 2020 de
1287 1966 1400 2021 luto
1426 1968 1705 2036 pravitatis
1727 1966 2031 2033 deducitur,

455 2057 515 2103 ut
563 2065 662 2118 per
703 2049 818 2120 ejus
866 2052 1025 2108 ﬁdem
1071 2054 1128 2108 in
1168 2065 1320 2125 petra
1355 2057 1520 2127 pedes
1558 2058 1876 2114 solidentur.
1927 2058 2035 2114 Sed

454 2141 580 2211 quia
627 2151 832 2198 rectam
880 2144 1041 2200 ﬁdem
1083 2156 1232 2203 recta
1273 2149 1433 2205 debet
1482 2151 1737 2222 subsequi
1767 2153 2030 2223 operatio,

452 2245 670 2300 gressus
697 2233 814 2304 ejus
844 2235 1034 2291 directi
1071 2245 1218 2303 sunt,
1252 2249 1308 2293 ut
1338 2248 1459 2310 post
1491 2242 1844 2299 directionem
1879 2260 2036 2315 gres-

451 2338 632 2390 suum,
659 2324 713 2380 id
739 2334 855 2393 est,
886 2336 1012 2398 post
1037 2329 1424 2400 perfectionem
1462 2333 1586 2388 boni
1621 2336 1803 2404 operis
1841 2336 1895 2391 in
1939 2352 2035 2393 ore

451 2411 722 2483 acciperet
765 2416 929 2470 etiam
955 2434 1151 2474 novum
1191 2422 1461 2475 canticum
1492 2424 1911 2491 praedicationis.
1943 2426 2037 2482 Sic

448 2501 648 2560 Paulus
695 2506 822 2560 dum
847 2511 1110 2578 superbus
1133 2510 1452 2568 Damascum
1485 2525 1755 2584 pergeret,
1805 2518 2036 2574 Redem-

448 2597 620 2664 ptoris
643 2612 774 2652 voce
791 2607 1095 2668 prostratus
1117 2602 1309 2670 jacuit,
1336 2613 1391 2658 et
1414 2605 1505 2673 qui
1535 2608 1856 2676 praedicator
1882 2609 2030 2665 futu-

452 2701 546 2740 rus
575 2695 716 2753 erat,
763 2705 869 2744 non
898 2699 1079 2745 tamen
1114 2707 1240 2747 mox
1270 2703 1326 2747 ut
1352 2697 1672 2764 prmdiearet
1700 2700 1844 2769 quod
1886 2702 2034 2758 vide-

453 2785 537 2831 rat
560 2777 786 2846 audivit,
815 2779 910 2835 sed
934 2781 984 2835 ei
1008 2780 1212 2851 jacenti
1238 2783 1436 2839 dicitur
1460 2803 1472 2839 :
1503 2807 1520 2837 ‹
1555 2787 1841 2858 Ingredere
1870 2790 1926 2845 in
1957 2791 2033 2846 ci—

448 2869 692 2935 vitatem,
735 2880 791 2926 et
838 2872 1050 2928 dicetur
1104 2875 1200 2930 tibi
1267 2877 1398 2948 quid
1450 2886 1502 2934 te
1557 2889 1806 2949 oporteat
1853 2881 2033 2937 facere

451 2959 587 3031 (Act.
625 2977 679 3016 ιχ
702 2963 744 3033 ).
783 2982 803 3016 ι
839 2962 1035 3021 Iacens
1074 2980 1204 3037 ergo
1241 2966 1344 3023 hoc
1381 2968 1555 3023 solum
1606 2971 1794 3026 audire
1833 2973 2031 3042 potuit,

451 3062 510 3107 ut
543 3070 769 3127 surgens
812 3057 1047 3114 disceret
1097 3060 1227 3130 quid
1277 3061 1511 3117 audiret.
1564 3063 1804 3135 Surgens
1851 3073 2032 3120 autem

450 3145 553 3200 hoc
583 3146 792 3214 didicit,
815 3156 874 3203 ut
896 3165 1016 3219 quae
1043 3160 1367 3221 cognoverat
1391 3154 1730 3223 praedicaret.
1756 3153 2031 3226 (Ηὶενοη.)

2142 1969 2199 2016 ta
2230 1975 2338 2016 non
2374 1960 2625 2026 habetur;
2670 1975 2987 2032 magnaeque
3031 1959 3334 2016 clementiae
3357 1970 3446 2015 est
3487 1961 3559 2015 ad
3606 1959 3747 2013 tales

2142 2049 2313 2104 Deum
2327 2051 2565 2116 mittere,
2583 2065 2685 2106 nec
2699 2050 3198 2120 desperare'eorum
3213 2051 3476 2116 salutem,
3497 2060 3556 2105 et
3572 2051 3746 2105 conﬁ-

2142 2141 2337 2197 dentiae
2370 2141 2700 2212 prophetalis
2730 2144 2872 2211 quod
2899 2143 2966 2198 ad
2994 2143 3130 2198 tales
3155 2145 3236 2198 ire
3271 2158 3497 2213 quoque
3525 2161 3641 2199 non
3680 2144 3746 2198 ti-

2141 2238 2310 2286 meat.
2349 2229 2663 2285 lndomabili
2706 2238 2887 2284 autem
2931 2231 3094 2286 corde
3128 2238 3184 2285 et
3224 2231 3362 2286 dura
3398 2232 3549 2286 facie
3581 2231 3741 2299 juxta

2140 2321 2272 2377 illud
2299 2322 2558 2377 debemus
2572 2322 2818 2392 accipere
2838 2323 2981 2394 quod
3007 2323 3278 2392 peceatori
3301 2323 3514 2378 dicitur
3533 2343 3580 2378 ε(
3607 2323 3743 2379 Ner-

2140 2429 2240 2468 vus
2260 2413 2470 2469 ferreus
2495 2414 2694 2469 collum
2719 2422 2890 2480 tuum,
2915 2423 2971 2469 et
2995 2414 3148 2470 frons
3173 2423 3263 2470 tua
3291 2430 3505 2470 :enea.»
3540 2417 3648 2482 Qui
3687 2416 3738 2470 in

2141 2509 2492 2580 sequentibus
2543 2517 2840 2579 arguuntur
2877 2510 3057 2565 cordis
3106 2509 3302 2580 lapidei
3331 2551 3348 2574 ,
3395 2511 3547 2580 quod
3599 2510 3738 2565 Deus

2141 2602 2450 2658 evulsurum
2477 2616 2599 2657 esse
2637 2617 2696 2658 se
2723 2602 2889 2668 dicit,
2925 2610 2981 2658 et
3007 2617 3105 2673 pro
3132 2603 3223 2658 ille
3257 2618 3523 2658 carneum
3555 2604 3740 2657 reddi-

2141 2702 2339 2762 turum,
2370 2705 2430 2749 ut
2450 2695 2674 2750 mollitie
2703 2711 2800 2750 sua
2822 2696 2917 2752 Dei
2942 2704 3212 2766 praecepta
3238 2696 3535 2766 suscipiat.

2215 2807 2234 2838 ‹
2270 2788 2338 2841 Et
2376 2788 2522 2842 dices
2565 2788 2634 2842 ad
2677 2803 2771 2844 eos
2799 2806 2812 2844 :
2842 2788 2968 2844 Haec
3013 2789 3144 2844 dicit
3182 2789 3449 2844 Dominus
3489 2789 3660 2853 Deus,
3693 2790 3738 2842 si

2145 2897 2165 2930 ι
2199 2879 2337 2934 forte
2363 2879 2447 2934 vel
2492 2880 2593 2950 ipsi
2621 2880 2873 2946 audiant,
2911 2887 2967 2934 et
3001 2880 3044 2935 si
3094 2879 3235 2936 forte
3265 2879 3578 2949 quiescant,
3601 2895 3739 2949 quo-

2145 2991 2163 3021 q
2196 2972 2342 3026 niam
2375 2972 2565 3026 domus
2591 2986 2918 3041 exasperans
2944 2980 3046 3037 est,
3092 2980 3146 3026 et
3187 2972 3384 3037 scient,
3440 2973 3576 3042 quia
3609 2988 3733 3042 pro-

2145 3076 2164 3108 ‹
2194 3059 2356 3128 pheta
2384 3059 2547 3114 fuerit
2568 3061 2624 3115 in
2649 3060 2827 3116 medio
2855 3075 3065 3125 eorum,
3096 3079 3114 3112 ι
3159 3071 3265 3116 etc.
3299 3060 3494 3116 Simile
3521 3063 3654 3132 quid
3682 3075 3736 3116 et

2139 3151 2194 3204 in
2221 3149 2454 3205 Jeremia
2475 3151 2735 3221 scriptum
2769 3159 2852 3207 est
2879 3170 2891 3205 :
2925 3152 3023 3208 (Si
3067 3151 3207 3208 forte
3231 3153 3458 3208 audiant
3486 3165 3546 3209 et
3571 3165 3740 3224 agant

449 3235 649 3294 Crebro
664 3240 732 3294 ad
746 3239 994 3296 Ezechiel
1017 3243 1230 3308 dicitur,
1255 3263 1275 3295 ‹
1304 3244 1405 3299 Fili
1422 3246 1674 3312 hominis,
1708 3268 1726 3299 ι
1755 3255 1809 3302 et
1836 3249 1904 3303 ad
1930 3248 2040 3302 Da-
2067 3248 2114 3311 C
2142 3242 2516 3312 paenitentiam
2547 3259 2562 3310 ;
2598 3263 2619 3296 ι
2647 3252 2704 3299 et
2732 3245 2786 3298 in
2829 3244 3120 3312 Evangelia
3152 3262 3166 3298 :
3201 3263 3220 3296 ι
3251 3245 3513 3299 Forsitan
3562 3246 3734 3299 ﬁlium

450 3328 554 3382 niel
586 3345 727 3385 raro.
768 3330 1008 3398 Quorum
1030 3342 1259 3406 uterque
1288 3337 1343 3390 in
1367 3352 1598 3406 persona
1626 3339 1743 3409 ejus
1768 3341 1857 3408 qui
1883 3340 2034 3395 dixe.

451 3424 552 3480 rat,
589 3436 605 3467 (
625 3417 793 3473 Filius
819 3421 1054 3474 hominis
1077 3438 1184 3478 non
1213 3424 1368 3478 habet
1399 3426 1492 3481 ubi
1513 3436 1676 3497 caput
1696 3444 1852 3485 suum
1875 3431 2033 3487 recli-

451 3514 563 3572 net,
597 3526 616 3559 ι
653 3510 924 3578 captivum
953 3512 1207 3586 populum
1249 3516 1572 3582 consolatur,
1617 3527 1672 3572 et
1696 3520 1924 3576 retrahit
1963 3523 2031 3578 ad

449 3599 841 3667 paenitentiam.
867 3621 884 3652 ι
913 3603 1063 3660 Mitto
1083 3621 1183 3676 ego
1207 3614 1276 3672 te,
1296 3608 1490 3677 inquit,
1513 3611 1580 3665 ad
1604 3611 1943 3682 ﬁlioslsrael,
1962 3617 2029 3670 ad

449 3699 632 3762 gentes
671 3695 1044 3764 apostatrices,
1072 3713 1192 3767 quae
1220 3711 1562 3757 recesserunt
1607 3720 1639 3758 a
1675 3720 1783 3771 me,
1825 3706 1929 3776 ipsi
1975 3715 2031 3762 et

447 3790 631 3851 patres
658 3799 846 3838 eorum
874 3788 1211 3855 praevaricati
1241 3798 1367 3844 sunt
1389 3801 1606 3862 pactum
1637 3811 1816 3850 meum
1859 3812 2030 3866 usque

447 3874 514 3928 ad
542 3874 682 3930 diem
705 3877 897 3943 hanc,»
925 3887 1028 3934 etc.
1054 3878 1404 3952 Nequaquam
1431 3885 1689 3955 pepulum
1719 3886 1814 3941 Dei
1843 3886 2026 3954 Israel,

447 3967 540 4021 sed
567 3974 755 4036 gentes
799 3971 1153 4039 apostatrices
1182 3981 1342 4028 vocat
1373 3989 1468 4030 eos
1491 3977 1584 4045 qui
1615 3992 1644 4028 a
1675 3976 1904 4032 Domino
1943 3993 2028 4032 re-

447 4067 744 4114 cesserunt.
790 4060 907 4116 Non
938 4061 1110 4117 solum
1145 4073 1349 4133 patres,
1377 4066 1472 4121 sed
1499 4075 1556 4121 et
1585 4066 1679 4122 ﬁlii
1705 4083 1772 4124 ne
1798 4077 2028 4139 peccato

443 4159 657 4219 patrum
701 4149 798 4204 ﬁlii
848 4149 1162 4207 viderentur
1199 4155 1437 4223 obnoxii,
1485 4157 1581 4213 sed
1604 4166 1661 4212 ut
1703 4175 1805 4230 par
1844 4168 1900 4215 et
1935 4175 2030 4231 pa-

447 4248 588 4294 trum
637 4251 690 4296 et
721 4241 953 4297 ﬁliorum
995 4255 1137 4300 esset
1190 4247 1457 4318 impietas.
1510 4250 1678 4306 Porro
1729 4252 1872 4321 quod
1926 4251 2026 4308 Sc-

443 4332 720 4401 ptuaginta
741 4334 1184 4400 transtulerunt,»
1205 4339 1482 4394 irritantes
1497 4357 1604 4406 me,
1627 4344 1787 4406 «sive,
1804 4344 1858 4397 in
1879 4359 2027 4399 ama-

448 4422 740 4476 ritudinem
763 4433 1158 4491 convertentes,
1182 4427 1312 4483 illud
1333 4430 1599 4500 signiﬁcat
1631 4436 1772 4504 quod
1808 4435 1950 4492 Deus
1972 4445 2028 4492 et

445 4514 709 4584 benignus
737 4523 794 4570 et
818 4515 988 4572 dulcis
1012 4526 1224 4586 natura,
1279 4523 1481 4577 nostris
1518 4525 1667 4578 vitiis
1701 4535 1938 4582 mutetur
1972 4530 2022 4583 in

2136 3348 2316 3388 meum
2334 3334 2714 3390 verebuntur.»
2731 3334 2995 3405 Loquitur
3020 3346 3197 3391 autem
3228 3337 3343 3391 haec
3370 3337 3522 3392 Deus
3553 3339 3733 3392 ambi-

2133 3427 2311 3496 gentis
2355 3423 2572 3492 aﬁectu,
2623 3437 2683 3479 ut
2709 3425 2938 3481 liberum
2985 3427 3218 3482 hominis
3264 3437 3538 3483 monstret
3587 3429 3736 3483 arbi-

2136 3517 2318 3583 trium,
2354 3532 2421 3571 ne
2457 3515 2798 3587 przescientia
2841 3515 3145 3574 futurorum
3173 3518 3303 3573 mali
3338 3518 3424 3573 vel
3453 3518 3587 3574 boni
3630 3521 3734 3574 im-

2135 3610 2393 3664 mutabile
2437 3609 2602 3665 faciat
2647 3610 2793 3680 quod
2842 3609 2985 3665 Deus
3029 3610 3269 3665 futurum
3317 3611 3559 3665 noverit.
3607 3610 3729 3666 Non

2132 3701 2299 3765 enim,
2333 3701 2459 3770 quia
2494 3700 2585 3756 ille
2615 3711 2842 3755 ventura
2887 3703 3185 3772 cognoscit,
3227 3717 3455 3758 necesse
3508 3713 3596 3759 est
3628 3719 3728 3758 nos

2134 3789 2316 3844 facere
2344 3789 2486 3859 quod
2513 3789 2601 3844 ille
2620 3791 2912 3861 praescivit.
2945 3792 3053 3846 Sed
3081 3793 3225 3862 quod
3248 3808 3350 3848 nos
3376 3793 3605 3862 propria
3633 3809 3730 3846 vo-

2131 3880 2340 3935 luntate
2393 3895 2578 3935 sumus
2623 3880 2841 3947 facturi,
2893 3881 2980 3937 ille
3032 3885 3183 3937 novit
3232 3883 3523 3950 futurum,
3570 3885 3727 3954 quasi

2132 3973 2292 4028 Deus.
2314 3971 2518 4045 (Greg.)
2543 3973 2684 4030 Ecce
2704 3983 2789 4030 est
2807 3991 2915 4029 una
2938 3977 3097 4045 culpa
3123 3977 3411 4046 superbiae,
3436 3979 3572 4048 quia
3591 3994 3728 4048 pra-

2131 4065 2357 4121 varicati
2391 4072 2518 4120 sunt
2535 4073 2774 4137 pactum.
2805 4067 2944 4123 Ecce
2965 4068 3134 4123 altera
3155 4069 3572 4135 obstinationis,
3600 4071 3723 4140 quia

2129 4171 2304 4228 usque
2342 4156 2412 4211 ad
2451 4157 2592 4211 diem
2623 4157 2783 4212 hanc.
2824 4158 2984 4224 Ecce,
3030 4160 3085 4214 in
3124 4159 3413 4226 iniquitate
3459 4159 3722 4220 ﬁliorum.

2129 4248 2288 4319 culpa
2315 4248 2498 4320 gravis
2525 4249 2903 4318 impudentiae,
2935 4251 3064 4320 quia
3087 4250 3218 4306 dura
3253 4251 3415 4316 facie,
3462 4253 3722 4322 quoniam

2129 4341 2272 4396 mala
2320 4357 2439 4411 qua:
2470 4341 2676 4396 faciunt
2695 4339 2808 4409 jam
2841 4358 2942 4398 nec
2969 4345 3314 4408 erubescunt,
3343 4353 3404 4398 et
3440 4358 3723 4415 nunquam

2127 4435 2214 4489 vel
2240 4444 2363 4506 post
2385 4435 2572 4506 culpas
2612 4436 2680 4490 ad
2711 4436 3086 4506 pmuitentiam
3114 4437 3358 4502 redeunt,
3408 4439 3546 4507 quia
3575 4438 3722 4493 inde-

2130 4527 2314 4582 mabili
2358 4529 2522 4583 corde
2551 4537 2695 4583 sunt.
2727 4528 2862 4584 Cum
2893 4545 3022 4586 vero
3062 4538 3226 4586 tanta:
3265 4531 3564 4600 pravitatis
3603 4542 3718 4587 tan-

445 4607 879 4674 amaritudinem,
905 4609 1044 4665 sicut
1075 4613 1222 4668 enim
1257 4614 1461 4669 sanctis
1483 4616 1679 4672 dicitur
1704 4633 1718 4671 :
1749 4638 1768 4670 (
1802 4619 2025 4677 Gustate
2049 4603 2104 4664 D
2130 4626 2304 4690 taeque
2329 4621 2713 4676 obstinationis
2750 4623 2861 4676 sint
2890 4623 2944 4677 hi
2977 4624 3042 4678 ad
3085 4639 3221 4693 quos
3249 4625 3525 4694 propheta
3557 4628 3719 4682 mitti-

444 4709 500 4754 et
516 4700 717 4766 videte,
730 4701 986 4771 quoniam
999 4703 1179 4758 suavis
1197 4713 1280 4759 est
1299 4704 1560 4761 Dominus
1576 4706 1746 4777 (Psal.
1769 4711 1986 4784 xxxm);
2001 4733 2018 4765 ι

444 4792 523 4846 sic
547 4800 864 4862 peccatores
882 4806 1006 4848 eum
1048 4809 1291 4850 amarum
1336 4798 1608 4863 sentiunt;
1641 4801 1782 4856 unde
1802 4811 1856 4856 et
1881 4803 2024 4874 Apo-

443 4885 614 4940 stolus
640 4886 938 4942 bonitatem
962 4894 1018 4941 et
1045 4889 1388 4944 severitatem
1415 4890 1508 4946 Dei
1546 4906 1707 4962 super
1728 4904 1944 4952 sanctos
1969 4905 2024 4952 et

440 4985 754 5046 peceatores
800 4976 997 5043 refert;
1034 4987 1090 5034 et
1118 4980 1183 5034 de
1226 4985 1603 5050 peccatoribus
1641 4986 1732 5055 qui
1764 4985 2022 5055 jacebant

442 5069 701 5140 scriptum
727 5078 812 5126 est
836 5088 850 5124 :
877 5089 896 5122 ι
926 5070 1187 5127 Dominus
1226 5073 1388 5145 erigit
1427 5075 1607 5143 elisos,
1641 5077 1899 5136 Dominus
1939 5083 2018 5139 di-

445 5157 561 5228 ligit
613 5159 822 5226 iustos,
883 5160 1144 5217 Dominus
1213 5162 1372 5217 solvit
1431 5154 1763 5236 compeditos
1813 5169 2014 5239 (Psal.

441 5245 674 5318 cxnv)»
719 5249 934 5306 Sanctis
971 5266 1100 5306 vero
1142 5254 1409 5308 stantibus
1449 5258 1668 5326 praemia
1715 5258 2014 5327 pollicetur.

445 5333 668 5406 96mg.)
715 5335 1020 5396 Notandum
1059 5341 1202 5411 quod
1247 5343 1442 5398 dicitur
1488 5365 1500 5399 :
1549 5366 1567 5398 ι
1619 5347 1770 5404 Mitto
1815 5365 1916 5421 ego
1964 5361 2020 5409 te

443 5426 512 5480 ad
572 5426 711 5482 filios
764 5427 929 5484 Israel
957 5470 972 5496 ,
1035 5431 1105 5486 ad
1171 5443 1359 5504 gentes
1430 5439 1824 5506 apostatrices,
1900 5458 2021 5512 quae

445 5526 789 5572 recesserunt
824 5534 854 5572 a
899 5534 1005 5573 me.
1060 5540 1079 5573 ι
1140 5520 1291 5578 Sicut
1335 5527 1479 5580 enim
1521 5527 1728 5582 duobus
1772 5532 1946 5586 modis
1988 5548 2020 5589 a

441 5604 552 5660 Deo
596 5607 887 5675 receditur,
931 5609 1005 5664 ita
1044 5610 1252 5668 duobus
1298 5616 1471 5670 modis
1515 5633 1546 5670 a
1588 5617 1697 5671 Deo
1758 5632 2018 5690 apostatae

447 5695 694 5752 homines
735 5697 892 5765 ﬁunt,
947 5716 1071 5755 nam
1110 5707 1480 5776 unusquisque
1522 5722 1554 5762 a
1605 5710 1884 5767 conditore
1921 5730 2020 5770 suo

442 5795 537 5841 aut
567 5787 670 5845 ﬁde
698 5791 902 5847 recedit
921 5801 1014 5846 aut
1033 5808 1213 5862 opere.
1250 5797 1402 5850 Sicut
1433 5814 1579 5868 ergo,
1614 5798 1705 5868 qui
1735 5800 1837 5858 ﬁde
1869 5818 2019 5860 rece-

2127 4717 2236 4777 tur,
2282 4712 2404 4781 quis
2424 4711 2538 4781 jam
2590 4728 2699 4767 non
2743 4713 2944 4780 videat,
2990 4715 3117 4784 quia
3156 4731 3386 4785 persona
3439 4722 3718 4790 propheta!

2126 4803 2290 4858 etiam
2319 4806 2591 4874 perversis
2631 4807 2940 4862 hominibus
2961 4794 3166 4878 despici
3196 4809 3408 4865 valeat?
3451 4811 3565 4868 Sed
3596 4827 3716 4869 ecce

2126 4895 2423 4948 auctoritas
2438 4911 2684 4964 persona:
2703 4897 2958 4952 tribuitur
2977 4914 3100 4954 cum
3123 4900 3372 4956 subditur
3395 4920 3410 4954 :
3435 4921 3457 4954 ι
3479 4901 3552 4958 Et
3575 4906 3714 4960 dices

2124 4984 2192 5038 ad
2209 4998 2302 5040 eos
2325 5003 2336 5036 :
2363 4985 2487 5040 Haec
2509 4987 2641 5041 dicit
2662 4987 2922 5044 Dominus
2943 4990 3104 5046 Deus.
3140 5011 3160 5043 ι
3184 4992 3262 5046 Ac
3282 4995 3327 5047 si
3349 5004 3548 5064 aperte
3567 4997 3708 5052 dice-

2128 5083 2279 5131 retur
2301 5077 2466 5143 :Quia
2482 5093 2550 5131 ex
2564 5087 2616 5133 te
2639 5081 2971 5150 despicieris,
2994 5098 3057 5137 ex
3077 5099 3195 5139 mea
3211 5099 3344 5140 voce
3372 5101 3613 5145 necnec
3636 5101 3710 5145 est

2126 5177 2186 5223 ut
2205 5169 2463 5240 loquaris,
2481 5183 2580 5227 nec
2601 5176 2965 5230 contemnaris
2987 5176 3102 5245 ipse
3139 5179 3230 5246 qui
3261 5179 3529 5247 mitteris,
3555 5184 3709 5238 verba

2127 5275 2248 5315 mea
2275 5261 2588 5330 proferens,
2620 5265 2844 5320 ostende
2888 5282 3011 5322 eum
3063 5270 3156 5337 qui
3191 5270 3362 5325 misit.
3394 5271 3666 5342 Sequitur
3693 5293 3704 5327 :

2133 5369 2152 5402 ‹
2176 5351 2235 5406 Si
2260 5351 2400 5408 forte
2426 5354 2668 5421 audiant,
2698 5364 2753 5410 et
2775 5355 2823 5410 si
2848 5355 2989 5411 forte
3019 5358 3324 5428 quiescant,
3366 5363 3503 5432 quia
3523 5363 3707 5418 domus

2126 5458 2456 5513 exasperans
2501 5453 2603 5499 est.
2633 5464 2654 5497 ι
2715 5445 2852 5500 Dum
2895 5456 3109 5503 constet
3154 5449 3296 5519 quod
3334 5453 3705 5524 ,omnipotens

2124 5536 2267 5591 Deus
2290 5537 2473 5591 omnia
2499 5538 2656 5603 sciat,
2688 5538 2995 5594 mirandum
3034 5540 3190 5595 valde
3229 5549 3312 5596 est
3351 5557 3456 5598 cur
3490 5544 3702 5606 dicitur,

2129 5645 2147 5676 ι
2177 5625 2222 5680 si
2247 5625 2384 5681 forte
2420 5627 2660 5695 audiant,
2682 5637 2739 5683 et
2772 5629 2818 5683 si
2843 5628 2984 5684 forte
3003 5630 3336 5700 quiescant.»
3369 5632 3702 5704 Quapropter

2122 5716 2399 5771 sciendum
2436 5726 2519 5773 est
2562 5719 2738 5783 nobis,
2791 5720 2918 5790 quia
2962 5721 3067 5775 ista
3115 5721 3379 5777 dubitatio
3416 5723 3701 5778 locutionis

2124 5806 2240 5873 Dei,
2275 5825 2379 5864 non
2411 5825 2473 5863 ex
2507 5810 2807 5880 ignorantia
2830 5849 2845 5876 ,
2888 5811 2981 5867 sed
3009 5827 3077 5867 ex
3105 5812 3282 5882 aliqua
3307 5814 3699 5884 signiﬁcatione
