  <div class='ocr_page' id='page_1' title='image "/cluster/home/n/w/nwhite01/storage/ocr_20150623/110/hvd.32044015466865/298.png"; bbox 0 0 3938 6360; ppageno 0'>
   <div class='ocr_carea' id='block_1_1' title="bbox 211 337 311 393">
    <p class='ocr_par' dir='ltr' id='par_1_1' title="bbox 211 337 311 393">
     <span class='ocr_line' id='line_1_1' title="bbox 211 337 311 393; baseline 0 0"><span class='ocrx_word' id='word_1_1' title='bbox 211 337 311 393; x_wconf 73' lang='lat'><strong>555</strong></span> 
     </span>
    </p>
   </div>
   <div class='ocr_carea' id='block_1_2' title="bbox 1151 335 2634 396">
    <p class='ocr_par' dir='ltr' id='par_1_2' title="bbox 1151 335 2634 396">
     <span class='ocr_line' id='line_1_2' title="bbox 1151 335 2634 396; baseline -0.005 -1"><span class='ocrx_word' id='word_1_2' title='bbox 1151 336 1609 394; x_wconf 65' lang='lat' dir='ltr'><strong>COMMENT.&#39;1N</strong></span> <span class='ocrx_word' id='word_1_3' title='bbox 1647 336 2102 396; x_wconf 66' lang='lat' dir='ltr'><strong>EZECHIELEM.‘</strong></span> <span class='ocrx_word' id='word_1_4' title='bbox 2127 351 2213 380; x_wconf 80' lang='lat'><strong>-—-‘</strong></span> <span class='ocrx_word' id='word_1_5' title='bbox 2248 336 2378 392; x_wconf 82' lang='lat' dir='ltr'><strong>LIB.</strong></span> <span class='ocrx_word' id='word_1_6' title='bbox 2419 335 2506 391; x_wconf 69' lang='lat' dir='ltr'><strong>Ill;</strong></span> <span class='ocrx_word' id='word_1_7' title='bbox 2545 341 2548 346; x_wconf 81' lang='grc'><em>“</em></span> <span class='ocrx_word' id='word_1_8' title='bbox 2593 365 2596 372; x_wconf 93' lang='grc'><strong>-</strong></span> <span class='ocrx_word' id='word_1_9' title='bbox 2631 357 2634 360; x_wconf 54' lang='grc' dir='ltr'><strong><em>η</em></strong></span> 
     </span>
    </p>
   </div>
   <div class='ocr_carea' id='block_1_3' title="bbox 3350 338 3458 397">
    <p class='ocr_par' dir='ltr' id='par_1_3' title="bbox 3350 338 3458 397">
     <span class='ocr_line' id='line_1_3' title="bbox 3350 338 3458 397; baseline 0.028 -3"><span class='ocrx_word' id='word_1_10' title='bbox 3350 338 3458 397; x_wconf 75' lang='grc'><strong>554</strong></span> 
     </span>
    </p>
   </div>
   <div class='ocr_carea' id='block_1_4' title="bbox 215 445 3460 523">
    <p class='ocr_par' dir='ltr' id='par_1_4' title="bbox 215 445 3460 523">
     <span class='ocr_line' id='line_1_4' title="bbox 215 445 3460 523; baseline 0.002 -20"><span class='ocrx_word' id='word_1_11' title='bbox 215 447 496 512; x_wconf 78' lang='lat' dir='ltr'><strong>descendit.</strong></span> <span class='ocrx_word' id='word_1_12' title='bbox 529 445 664 506; x_wconf 81' lang='lat' dir='ltr'><strong>Nam</strong></span> <span class='ocrx_word' id='word_1_13' title='bbox 695 449 819 519; x_wconf 86' lang='lat' dir='ltr'><strong>quis</strong></span> <span class='ocrx_word' id='word_1_14' title='bbox 844 451 1055 506; x_wconf 85' lang='lat' dir='ltr'><strong>nesciat</strong></span> <span class='ocrx_word' id='word_1_15' title='bbox 1077 454 1220 520; x_wconf 91' lang='lat' dir='ltr'><strong>quod</strong></span> <span class='ocrx_word' id='word_1_16' title='bbox 1249 454 1340 522; x_wconf 85' lang='lat' dir='ltr'><strong>qui</strong></span> <span class='ocrx_word' id='word_1_17' title='bbox 1387 452 1520 511; x_wconf 82' lang='lat' dir='ltr'><strong>fecit</strong></span> <span class='ocrx_word' id='word_1_18' title='bbox 1547 463 1604 510; x_wconf 90' lang='lat' dir='ltr'><strong>et</strong></span> <span class='ocrx_word' id='word_1_19' title='bbox 1630 454 1781 510; x_wconf 84' lang='lat' dir='ltr'><strong>videt</strong></span> <span class='ocrx_word' id='word_1_20' title='bbox 1801 454 1859 516; x_wconf 70' lang='grc' dir='ltr'><strong>Α</strong></span> <span class='ocrx_word' id='word_1_21' title='bbox 1882 452 2243 509; x_wconf 88' lang='lat' dir='ltr'><strong>damnationis</strong></span> <span class='ocrx_word' id='word_1_22' title='bbox 2289 453 2453 510; x_wconf 85' lang='lat' dir='ltr'><strong>solet.</strong></span> <span class='ocrx_word' id='word_1_23' title='bbox 2486 451 2674 508; x_wconf 80' lang='lat' dir='ltr'><strong>Sciant</strong></span> <span class='ocrx_word' id='word_1_24' title='bbox 2713 466 2859 522; x_wconf 84' lang='lat' dir='ltr'><strong>ergo,</strong></span> <span class='ocrx_word' id='word_1_25' title='bbox 2889 452 3016 523; x_wconf 86' lang='lat' dir='ltr'><strong>quia</strong></span> <span class='ocrx_word' id='word_1_26' title='bbox 3059 453 3113 509; x_wconf 89' lang='lat' dir='ltr'><strong>in</strong></span> <span class='ocrx_word' id='word_1_27' title='bbox 3155 454 3334 510; x_wconf 88' lang='lat' dir='ltr'><strong>medio</strong></span> <span class='ocrx_word' id='word_1_28' title='bbox 3365 469 3460 511; x_wconf 90' lang='lat' dir='ltr'><strong>eo-</strong></span> 
     </span>
    </p>
   </div>
   <div class='ocr_carea' id='block_1_5' title="bbox 216 538 1781 616">
    <p class='ocr_par' dir='ltr' id='par_1_5' title="bbox 216 538 1781 616">
     <span class='ocr_line' id='line_1_5' title="bbox 216 538 1781 616; baseline 0.004 -22"><span class='ocrx_word' id='word_1_29' title='bbox 216 538 381 595; x_wconf 89' lang='lat' dir='ltr'><strong>omnia</strong></span> <span class='ocrx_word' id='word_1_30' title='bbox 397 579 412 605; x_wconf 93' lang='lat'><strong>,</strong></span> <span class='ocrx_word' id='word_1_31' title='bbox 433 538 610 594; x_wconf 89' lang='lat' dir='ltr'><strong>omnia</strong></span> <span class='ocrx_word' id='word_1_32' title='bbox 633 539 803 595; x_wconf 82' lang='lat' dir='ltr'><strong>sciat?</strong></span> <span class='ocrx_word' id='word_1_33' title='bbox 821 540 889 595; x_wconf 91' lang='lat' dir='ltr'><strong>Et</strong></span> <span class='ocrx_word' id='word_1_34' title='bbox 909 556 1005 612; x_wconf 88' lang='lat' dir='ltr'><strong>per</strong></span> <span class='ocrx_word' id='word_1_35' title='bbox 1032 544 1382 612; x_wconf 86' lang='lat' dir='ltr'><strong>semetipsam</strong></span> <span class='ocrx_word' id='word_1_36' title='bbox 1406 544 1460 599; x_wconf 91' lang='lat' dir='ltr'><strong>in</strong></span> <span class='ocrx_word' id='word_1_37' title='bbox 1489 544 1781 616; x_wconf 90' lang='lat' dir='ltr'><strong>Evangelio</strong></span> 
     </span>
    </p>
   </div>
   <div class='ocr_carea' id='block_1_6' title="bbox 217 632 1782 705">
    <p class='ocr_par' dir='ltr' id='par_1_6' title="bbox 217 632 1782 705">
     <span class='ocr_line' id='line_1_6' title="bbox 217 632 1782 705; baseline 0.004 -17"><span class='ocrx_word' id='word_1_38' title='bbox 217 633 413 689; x_wconf 79' lang='lat' dir='ltr'><strong>Veritas</strong></span> <span class='ocrx_word' id='word_1_39' title='bbox 427 635 494 690; x_wconf 90' lang='lat' dir='ltr'><strong>de</strong></span> <span class='ocrx_word' id='word_1_40' title='bbox 511 632 833 690; x_wconf 80' lang='lat' dir='ltr'><strong>Antichristi</strong></span> <span class='ocrx_word' id='word_1_41' title='bbox 857 636 1301 705; x_wconf 78' lang='lat' dir='ltr'><strong>praedicatoribus</strong></span> <span class='ocrx_word' id='word_1_42' title='bbox 1321 639 1486 694; x_wconf 87' lang='lat' dir='ltr'><strong>dicit:</strong></span> <span class='ocrx_word' id='word_1_43' title='bbox 1516 659 1536 691; x_wconf 82' lang='grc'><em>‹</em></span> <span class='ocrx_word' id='word_1_44' title='bbox 1568 639 1782 695; x_wconf 86' lang='lat' dir='ltr'><strong>Dabunt</strong></span> 
     </span>
    </p>
   </div>
   <div class='ocr_carea' id='block_1_7' title="bbox 215 725 1782 798">
    <p class='ocr_par' dir='ltr' id='par_1_7' title="bbox 215 725 1782 798">
     <span class='ocr_line' id='line_1_7' title="bbox 215 725 1782 798; baseline 0.004 -17"><span class='ocrx_word' id='word_1_45' title='bbox 215 725 355 798; x_wconf 87' lang='lat' dir='ltr'><strong>signa</strong></span> <span class='ocrx_word' id='word_1_46' title='bbox 372 741 566 798; x_wconf 87' lang='lat' dir='ltr'><strong>magna</strong></span> <span class='ocrx_word' id='word_1_47' title='bbox 597 735 652 782; x_wconf 91' lang='lat' dir='ltr'><strong>et</strong></span> <span class='ocrx_word' id='word_1_48' title='bbox 677 726 946 798; x_wconf 82' lang='lat' dir='ltr'><strong>prodigia,</strong></span> <span class='ocrx_word' id='word_1_49' title='bbox 972 728 1050 784; x_wconf 89' lang='lat' dir='ltr'><strong>ita</strong></span> <span class='ocrx_word' id='word_1_50' title='bbox 1081 738 1143 784; x_wconf 93' lang='lat' dir='ltr'><strong>ut</strong></span> <span class='ocrx_word' id='word_1_51' title='bbox 1164 729 1221 785; x_wconf 91' lang='lat' dir='ltr'><strong>in</strong></span> <span class='ocrx_word' id='word_1_52' title='bbox 1251 745 1494 786; x_wconf 88' lang='lat' dir='ltr'><strong>errorem</strong></span> <span class='ocrx_word' id='word_1_53' title='bbox 1517 731 1782 786; x_wconf 72' lang='lat' dir='ltr'><strong>inducam-</strong></span> 
     </span>
    </p>
   </div>
   <div class='ocr_carea' id='block_1_8' title="bbox 216 817 1782 894">
    <p class='ocr_par' dir='ltr' id='par_1_8' title="bbox 216 817 1782 894">
     <span class='ocr_line' id='line_1_8' title="bbox 216 817 1782 894; baseline 0.003 -20"><span class='ocrx_word' id='word_1_54' title='bbox 216 826 314 885; x_wconf 85' lang='lat' dir='ltr'><strong>tur,</strong></span> <span class='ocrx_word' id='word_1_55' title='bbox 335 818 378 874; x_wconf 88' lang='lat' dir='ltr'><strong>si</strong></span> <span class='ocrx_word' id='word_1_56' title='bbox 406 817 526 873; x_wconf 90' lang='lat' dir='ltr'><strong>ﬁeri</strong></span> <span class='ocrx_word' id='word_1_57' title='bbox 554 827 753 885; x_wconf 81' lang='lat' dir='ltr'><strong>potest,</strong></span> <span class='ocrx_word' id='word_1_58' title='bbox 794 819 962 876; x_wconf 89' lang='lat' dir='ltr'><strong>etiam</strong></span> <span class='ocrx_word' id='word_1_59' title='bbox 987 819 1147 876; x_wconf 89' lang='lat' dir='ltr'><strong>electi</strong></span> <span class='ocrx_word' id='word_1_60' title='bbox 1183 820 1202 892; x_wconf 96' lang='lat'><strong>(</strong></span> <span class='ocrx_word' id='word_1_61' title='bbox 1226 819 1418 876; x_wconf 76' lang='lat' dir='ltr'><strong>Matth.</strong></span> <span class='ocrx_word' id='word_1_62' title='bbox 1446 837 1575 878; x_wconf 74' lang='lat' dir='ltr'><strong>xxiv</strong></span> <span class='ocrx_word' id='word_1_63' title='bbox 1599 822 1640 894; x_wconf 94' lang='lat'><strong>).</strong></span> <span class='ocrx_word' id='word_1_64' title='bbox 1671 822 1782 879; x_wconf 87' lang='lat' dir='ltr'><strong>Cur</strong></span> 
     </span>
    </p>
   </div>
   <div class='ocr_carea' id='block_1_9' title="bbox 213 909 1781 983">
    <p class='ocr_par' dir='ltr' id='par_1_9' title="bbox 213 909 1781 983">
     <span class='ocr_line' id='line_1_9' title="bbox 213 909 1781 983; baseline 0.004 -20"><span class='ocrx_word' id='word_1_65' title='bbox 213 909 306 966; x_wconf 88' lang='lat' dir='ltr'><strong>hoc</strong></span> <span class='ocrx_word' id='word_1_66' title='bbox 323 909 423 970; x_wconf 86' lang='lat' dir='ltr'><strong>sub</strong></span> <span class='ocrx_word' id='word_1_67' title='bbox 459 909 794 968; x_wconf 83' lang='lat' dir='ltr'><strong>dubitatione</strong></span> <span class='ocrx_word' id='word_1_68' title='bbox 830 912 1055 980; x_wconf 90' lang='lat' dir='ltr'><strong>dicitur,</strong></span> <span class='ocrx_word' id='word_1_69' title='bbox 1086 928 1210 968; x_wconf 90' lang='lat' dir='ltr'><strong>cum</strong></span> <span class='ocrx_word' id='word_1_70' title='bbox 1248 914 1376 983; x_wconf 86' lang='lat' dir='ltr'><strong>quid</strong></span> <span class='ocrx_word' id='word_1_71' title='bbox 1420 913 1664 970; x_wconf 84' lang='lat' dir='ltr'><strong>futurum</strong></span> <span class='ocrx_word' id='word_1_72' title='bbox 1709 916 1781 971; x_wconf 87' lang='lat' dir='ltr'><strong>sit</strong></span> 
     </span>
    </p>
   </div>
   <div class='ocr_carea' id='block_1_10' title="bbox 213 1004 1778 1076">
    <p class='ocr_par' dir='ltr' id='par_1_10' title="bbox 213 1004 1778 1076">
     <span class='ocr_line' id='line_1_10' title="bbox 213 1004 1778 1076; baseline 0.004 -18"><span class='ocrx_word' id='word_1_73' title='bbox 213 1019 243 1058; x_wconf 89' lang='lat' dir='ltr'><strong>a</strong></span> <span class='ocrx_word' id='word_1_74' title='bbox 271 1004 490 1061; x_wconf 88' lang='lat' dir='ltr'><strong>Domino</strong></span> <span class='ocrx_word' id='word_1_75' title='bbox 536 1006 892 1076; x_wconf 75' lang='lat' dir='ltr'><strong>praesciatur?</strong></span> <span class='ocrx_word' id='word_1_76' title='bbox 946 1004 1086 1062; x_wconf 90' lang='lat' dir='ltr'><strong>Unm</strong></span> <span class='ocrx_word' id='word_1_77' title='bbox 1129 1021 1261 1064; x_wconf 91' lang='lat' dir='ltr'><strong>vero</strong></span> <span class='ocrx_word' id='word_1_78' title='bbox 1309 1022 1376 1062; x_wconf 81' lang='lat' dir='ltr'><strong>ex</strong></span> <span class='ocrx_word' id='word_1_79' title='bbox 1426 1006 1637 1064; x_wconf 86' lang='lat' dir='ltr'><strong>duobus</strong></span> <span class='ocrx_word' id='word_1_80' title='bbox 1672 1014 1778 1074; x_wconf 86' lang='lat' dir='ltr'><strong>est,</strong></span> 
     </span>
    </p>
   </div>
   <div class='ocr_carea' id='block_1_11' title="bbox 213 1097 1783 1172">
    <p class='ocr_par' dir='ltr' id='par_1_11' title="bbox 213 1097 1783 1172">
     <span class='ocr_line' id='line_1_11' title="bbox 213 1097 1783 1172; baseline 0.003 -20"><span class='ocrx_word' id='word_1_81' title='bbox 213 1097 327 1171; x_wconf 80' lang='lat' dir='ltr'><strong>quia</strong></span> <span class='ocrx_word' id='word_1_82' title='bbox 351 1097 394 1153; x_wconf 89' lang='lat' dir='ltr'><strong>si</strong></span> <span class='ocrx_word' id='word_1_83' title='bbox 417 1098 577 1154; x_wconf 87' lang='lat' dir='ltr'><strong>electi</strong></span> <span class='ocrx_word' id='word_1_84' title='bbox 599 1107 748 1163; x_wconf 89' lang='lat' dir='ltr'><strong>sunt,</strong></span> <span class='ocrx_word' id='word_1_85' title='bbox 768 1097 886 1155; x_wconf 91' lang='lat' dir='ltr'><strong>ﬁeri</strong></span> <span class='ocrx_word' id='word_1_86' title='bbox 914 1114 1021 1154; x_wconf 86' lang='lat' dir='ltr'><strong>non</strong></span> <span class='ocrx_word' id='word_1_87' title='bbox 1048 1107 1253 1169; x_wconf 88' lang='lat' dir='ltr'><strong>potest;</strong></span> <span class='ocrx_word' id='word_1_88' title='bbox 1278 1099 1325 1155; x_wconf 88' lang='lat' dir='ltr'><strong>si</strong></span> <span class='ocrx_word' id='word_1_89' title='bbox 1346 1107 1527 1156; x_wconf 90' lang='lat' dir='ltr'><strong>autem</strong></span> <span class='ocrx_word' id='word_1_90' title='bbox 1548 1099 1668 1156; x_wconf 90' lang='lat' dir='ltr'><strong>ﬁeri</strong></span> <span class='ocrx_word' id='word_1_91' title='bbox 1687 1114 1783 1172; x_wconf 88' lang='lat' dir='ltr'><strong>po-</strong></span> 
     </span>
    </p>
   </div>
   <div class='ocr_carea' id='block_1_12' title="bbox 153 1189 1781 1259">
    <p class='ocr_par' dir='ltr' id='par_1_12' title="bbox 153 1189 1781 1259">
     <span class='ocr_line' id='line_1_12' title="bbox 153 1189 1781 1259; baseline 0.004 -15"><span class='ocrx_word' id='word_1_92' title='bbox 153 1242 158 1244; x_wconf 88' lang='lat'>_</span> <span class='ocrx_word' id='word_1_93' title='bbox 214 1197 335 1255; x_wconf 90' lang='lat' dir='ltr'><strong>test,</strong></span> <span class='ocrx_word' id='word_1_94' title='bbox 362 1189 514 1246; x_wconf 88' lang='lat' dir='ltr'><strong>electi</strong></span> <span class='ocrx_word' id='word_1_95' title='bbox 538 1206 644 1246; x_wconf 89' lang='lat' dir='ltr'><strong>non</strong></span> <span class='ocrx_word' id='word_1_96' title='bbox 673 1199 818 1247; x_wconf 87' lang='lat' dir='ltr'><strong>sunt.</strong></span> <span class='ocrx_word' id='word_1_97' title='bbox 847 1191 917 1246; x_wconf 91' lang='lat' dir='ltr'><strong>Et</strong></span> <span class='ocrx_word' id='word_1_98' title='bbox 946 1199 1125 1247; x_wconf 89' lang='lat' dir='ltr'><strong>tamen</strong></span> <span class='ocrx_word' id='word_1_99' title='bbox 1159 1191 1378 1259; x_wconf 91' lang='lat' dir='ltr'><strong>dicitur,</strong></span> <span class='ocrx_word' id='word_1_100' title='bbox 1413 1211 1432 1244; x_wconf 72' lang='grc' dir='ltr'><strong>ε</strong></span> <span class='ocrx_word' id='word_1_101' title='bbox 1461 1202 1522 1248; x_wconf 91' lang='lat' dir='ltr'><strong>ut</strong></span> <span class='ocrx_word' id='word_1_102' title='bbox 1543 1193 1600 1248; x_wconf 89' lang='lat' dir='ltr'><strong>in</strong></span> <span class='ocrx_word' id='word_1_103' title='bbox 1626 1208 1781 1250; x_wconf 88' lang='lat' dir='ltr'><strong>erro-</strong></span> 
     </span>
    </p>
   </div>
   <div class='ocr_carea' id='block_1_13' title="bbox 213 1282 1782 1354">
    <p class='ocr_par' dir='ltr' id='par_1_13' title="bbox 213 1282 1782 1354">
     <span class='ocr_line' id='line_1_13' title="bbox 213 1282 1782 1354; baseline 0.004 -18"><span class='ocrx_word' id='word_1_104' title='bbox 213 1296 316 1336; x_wconf 86' lang='lat' dir='ltr'><strong>rem</strong></span> <span class='ocrx_word' id='word_1_105' title='bbox 356 1282 698 1348; x_wconf 86' lang='lat' dir='ltr'><strong>inducantur,</strong></span> <span class='ocrx_word' id='word_1_106' title='bbox 739 1284 786 1338; x_wconf 89' lang='lat' dir='ltr'><strong>si</strong></span> <span class='ocrx_word' id='word_1_107' title='bbox 817 1283 935 1339; x_wconf 90' lang='lat' dir='ltr'><strong>ﬁeri</strong></span> <span class='ocrx_word' id='word_1_108' title='bbox 967 1292 1169 1354; x_wconf 85' lang='lat' dir='ltr'><strong>potest,</strong></span> <span class='ocrx_word' id='word_1_109' title='bbox 1203 1285 1368 1341; x_wconf 90' lang='lat' dir='ltr'><strong>etiam</strong></span> <span class='ocrx_word' id='word_1_110' title='bbox 1407 1287 1587 1342; x_wconf 88' lang='lat' dir='ltr'><strong>electi.</strong></span> <span class='ocrx_word' id='word_1_111' title='bbox 1621 1306 1640 1341; x_wconf 78' lang='grc'>›</span> <span class='ocrx_word' id='word_1_112' title='bbox 1673 1287 1782 1344; x_wconf 84' lang='lat' dir='ltr'><strong>Ista</strong></span> 
     </span>
    </p>
   </div>
   <div class='ocr_carea' id='block_1_14' title="bbox 209 1376 1784 1448">
    <p class='ocr_par' dir='ltr' id='par_1_14' title="bbox 209 1376 1784 1448">
     <span class='ocr_line' id='line_1_14' title="bbox 209 1376 1784 1448; baseline 0.003 -17"><span class='ocrx_word' id='word_1_113' title='bbox 209 1390 329 1448; x_wconf 88' lang='lat' dir='ltr'><strong>ergo</strong></span> <span class='ocrx_word' id='word_1_114' title='bbox 353 1376 615 1433; x_wconf 88' lang='lat' dir='ltr'><strong>Dominici</strong></span> <span class='ocrx_word' id='word_1_115' title='bbox 641 1379 911 1434; x_wconf 84' lang='lat' dir='ltr'><strong>sermonis</strong></span> <span class='ocrx_word' id='word_1_116' title='bbox 941 1378 1206 1435; x_wconf 86' lang='lat' dir='ltr'><strong>dubitatio</strong></span> <span class='ocrx_word' id='word_1_117' title='bbox 1228 1395 1296 1435; x_wconf 83' lang='lat' dir='ltr'><strong>ex</strong></span> <span class='ocrx_word' id='word_1_118' title='bbox 1331 1380 1628 1436; x_wconf 88' lang='lat' dir='ltr'><strong>electorum</strong></span> <span class='ocrx_word' id='word_1_119' title='bbox 1660 1395 1784 1437; x_wconf 76' lang='lat' dir='ltr'><strong>cor-</strong></span> 
     </span>
    </p>
   </div>
   <div class='ocr_carea' id='block_1_15' title="bbox 209 1470 1780 1544">
    <p class='ocr_par' dir='ltr' id='par_1_15' title="bbox 209 1470 1780 1544">
     <span class='ocr_line' id='line_1_15' title="bbox 209 1470 1780 1544; baseline 0.001 -17"><span class='ocrx_word' id='word_1_120' title='bbox 209 1470 386 1537; x_wconf 86' lang='lat' dir='ltr'><strong>dibus,</strong></span> <span class='ocrx_word' id='word_1_121' title='bbox 429 1471 732 1542; x_wconf 73' lang='lat' dir='ltr'><strong>designatio</strong></span> <span class='ocrx_word' id='word_1_122' title='bbox 781 1471 1098 1528; x_wconf 89' lang='lat' dir='ltr'><strong>tentationis</strong></span> <span class='ocrx_word' id='word_1_123' title='bbox 1150 1472 1286 1540; x_wconf 80' lang='lat' dir='ltr'><strong>fuit,</strong></span> <span class='ocrx_word' id='word_1_124' title='bbox 1335 1473 1462 1544; x_wconf 88' lang='lat' dir='ltr'><strong>quia</strong></span> <span class='ocrx_word' id='word_1_125' title='bbox 1502 1472 1595 1542; x_wconf 86' lang='lat' dir='ltr'><strong>qui</strong></span> <span class='ocrx_word' id='word_1_126' title='bbox 1623 1473 1780 1529; x_wconf 84' lang='lat' dir='ltr'><strong>electi</strong></span> 
     </span>
    </p>
   </div>
   <div class='ocr_carea' id='block_1_16' title="bbox 205 1563 1780 1634">
    <p class='ocr_par' dir='ltr' id='par_1_16' title="bbox 205 1563 1780 1634">
     <span class='ocr_line' id='line_1_16' title="bbox 205 1563 1780 1634; baseline 0.002 -18"><span class='ocrx_word' id='word_1_127' title='bbox 205 1570 342 1626; x_wconf 91' lang='lat' dir='ltr'><strong>sunt,</strong></span> <span class='ocrx_word' id='word_1_128' title='bbox 397 1563 465 1618; x_wconf 89' lang='lat' dir='ltr'><strong>ad</strong></span> <span class='ocrx_word' id='word_1_129' title='bbox 524 1563 956 1634; x_wconf 86' lang='lat' dir='ltr'><strong>persistendum,</strong></span> <span class='ocrx_word' id='word_1_130' title='bbox 1001 1579 1102 1634; x_wconf 90' lang='lat' dir='ltr'><strong>per</strong></span> <span class='ocrx_word' id='word_1_131' title='bbox 1152 1565 1306 1634; x_wconf 86' lang='lat' dir='ltr'><strong>signa</strong></span> <span class='ocrx_word' id='word_1_132' title='bbox 1360 1565 1780 1634; x_wconf 60' lang='lat' dir='ltr'><strong>praedicatorum</strong></span> 
     </span>
    </p>
   </div>
   <div class='ocr_carea' id='block_1_17' title="bbox 201 1651 1782 1711">
    <p class='ocr_par' dir='ltr' id='par_1_17' title="bbox 201 1651 1782 1711">
     <span class='ocr_line' id='line_1_17' title="bbox 201 1651 1782 1711; baseline 0.003 -5"><span class='ocrx_word' id='word_1_133' title='bbox 201 1651 513 1709; x_wconf 91' lang='lat' dir='ltr'><strong>Antichristi</strong></span> <span class='ocrx_word' id='word_1_134' title='bbox 566 1655 918 1710; x_wconf 87' lang='lat' dir='ltr'><strong>tentahuntur</strong></span> <span class='ocrx_word' id='word_1_135' title='bbox 978 1655 1045 1710; x_wconf 90' lang='lat' dir='ltr'><strong>ad</strong></span> <span class='ocrx_word' id='word_1_136' title='bbox 1116 1655 1440 1711; x_wconf 88' lang='lat' dir='ltr'><strong>cadendum.</strong></span> <span class='ocrx_word' id='word_1_137' title='bbox 1499 1654 1603 1710; x_wconf 90' lang='lat' dir='ltr'><strong>Per</strong></span> <span class='ocrx_word' id='word_1_138' title='bbox 1677 1657 1782 1711; x_wconf 90' lang='lat' dir='ltr'><strong>hoc</strong></span> 
     </span>
    </p>
   </div>
   <div class='ocr_carea' id='block_1_18' title="bbox 200 1744 1773 1818">
    <p class='ocr_par' dir='ltr' id='par_1_18' title="bbox 200 1744 1773 1818">
     <span class='ocr_line' id='line_1_18' title="bbox 200 1744 1773 1818; baseline 0.003 -19"><span class='ocrx_word' id='word_1_139' title='bbox 200 1758 326 1814; x_wconf 88' lang='lat' dir='ltr'><strong>ergo</strong></span> <span class='ocrx_word' id='word_1_140' title='bbox 364 1744 510 1815; x_wconf 90' lang='lat' dir='ltr'><strong>quod</strong></span> <span class='ocrx_word' id='word_1_141' title='bbox 543 1745 761 1812; x_wconf 86' lang='lat' dir='ltr'><strong>dicitur,</strong></span> <span class='ocrx_word' id='word_1_142' title='bbox 805 1746 851 1801; x_wconf 91' lang='lat' dir='ltr'><strong>si</strong></span> <span class='ocrx_word' id='word_1_143' title='bbox 887 1745 1004 1802; x_wconf 88' lang='lat' dir='ltr'><strong>ﬁeri</strong></span> <span class='ocrx_word' id='word_1_144' title='bbox 1046 1755 1246 1818; x_wconf 88' lang='lat' dir='ltr'><strong>potest,</strong></span> <span class='ocrx_word' id='word_1_145' title='bbox 1291 1749 1397 1804; x_wconf 91' lang='lat' dir='ltr'><strong>hoc</strong></span> <span class='ocrx_word' id='word_1_146' title='bbox 1433 1749 1773 1818; x_wconf 81' lang='lat' dir='ltr'><strong>exprimitur,</strong></span> 
     </span>
    </p>
   </div>
   <div class='ocr_carea' id='block_1_19' title="bbox 1886 545 3462 616">
    <p class='ocr_par' dir='ltr' id='par_1_19' title="bbox 1886 545 3462 616">
     <span class='ocr_line' id='line_1_19' title="bbox 1886 545 3462 616; baseline 0.003 -16"><span class='ocrx_word' id='word_1_147' title='bbox 1886 561 2006 600; x_wconf 90' lang='lat' dir='ltr'><strong>rum</strong></span> <span class='ocrx_word' id='word_1_148' title='bbox 2040 546 2303 616; x_wconf 86' lang='lat' dir='ltr'><strong>propheta</strong></span> <span class='ocrx_word' id='word_1_149' title='bbox 2350 545 2533 613; x_wconf 71' lang='lat' dir='ltr'><strong>fuerit,</strong></span> <span class='ocrx_word' id='word_1_150' title='bbox 2580 553 2640 600; x_wconf 93' lang='lat' dir='ltr'><strong>ut</strong></span> <span class='ocrx_word' id='word_1_151' title='bbox 2685 545 2868 600; x_wconf 84' lang='lat' dir='ltr'><strong>audita</strong></span> <span class='ocrx_word' id='word_1_152' title='bbox 2914 545 3321 616; x_wconf 72' lang='lat' dir='ltr'><strong>praedicatione,</strong></span> <span class='ocrx_word' id='word_1_153' title='bbox 3366 556 3462 604; x_wconf 88' lang='lat' dir='ltr'><strong>aut</strong></span> 
     </span>
    </p>
   </div>
   <div class='ocr_carea' id='block_1_20' title="bbox 1881 635 3462 708">
    <p class='ocr_par' dir='ltr' id='par_1_20' title="bbox 1881 635 3462 708">
     <span class='ocr_line' id='line_1_20' title="bbox 1881 635 3462 708; baseline 0.004 -17"><span class='ocrx_word' id='word_1_154' title='bbox 1881 635 2220 706; x_wconf 82' lang='lat' dir='ltr'><strong>adjuvantur,</strong></span> <span class='ocrx_word' id='word_1_155' title='bbox 2243 645 2305 692; x_wconf 92' lang='lat' dir='ltr'><strong>ut</strong></span> <span class='ocrx_word' id='word_1_156' title='bbox 2330 644 2580 708; x_wconf 79' lang='lat' dir='ltr'><strong>surgant,</strong></span> <span class='ocrx_word' id='word_1_157' title='bbox 2604 643 2700 692; x_wconf 88' lang='lat' dir='ltr'><strong>aut</strong></span> <span class='ocrx_word' id='word_1_158' title='bbox 2717 635 2798 694; x_wconf 87' lang='lat' dir='ltr'><strong>sic</strong></span> <span class='ocrx_word' id='word_1_159' title='bbox 2822 636 3175 706; x_wconf 87' lang='lat' dir='ltr'><strong>damnentur,</strong></span> <span class='ocrx_word' id='word_1_160' title='bbox 3201 646 3264 694; x_wconf 87' lang='lat' dir='ltr'><strong>ut</strong></span> <span class='ocrx_word' id='word_1_161' title='bbox 3295 649 3462 697; x_wconf 60' lang='lat' dir='ltr'><strong>excu-</strong></span> 
     </span>
    </p>
   </div>
   <div class='ocr_carea' id='block_1_21' title="bbox 1883 728 3390 785">
    <p class='ocr_par' dir='ltr' id='par_1_21' title="bbox 1883 728 3390 785">
     <span class='ocr_line' id='line_1_21' title="bbox 1883 728 3390 785; baseline 0.002 -1"><span class='ocrx_word' id='word_1_162' title='bbox 1883 728 2094 785; x_wconf 86' lang='lat' dir='ltr'><strong>satione</strong></span> <span class='ocrx_word' id='word_1_163' title='bbox 2117 739 2362 785; x_wconf 86' lang='lat' dir='ltr'><strong>careant.</strong></span> <span class='ocrx_word' id='word_1_164' title='bbox 3387 753 3390 756; x_wconf 61' lang='grc'><strong>’</strong></span> 
     </span>
    </p>
   </div>
   <div class='ocr_carea' id='block_1_22' title="bbox 1960 820 3463 898">
    <p class='ocr_par' dir='ltr' id='par_1_22' title="bbox 1960 820 3463 898">
     <span class='ocr_line' id='line_1_22' title="bbox 1960 820 3463 898; baseline 0.006 -24"><span class='ocrx_word' id='word_1_165' title='bbox 1960 839 1980 873; x_wconf 75' lang='grc' dir='ltr'>ι</span> <span class='ocrx_word' id='word_1_166' title='bbox 2034 820 2116 876; x_wconf 91' lang='lat' dir='ltr'><strong>Tu</strong></span> <span class='ocrx_word' id='word_1_167' title='bbox 2154 837 2310 893; x_wconf 84' lang='lat' dir='ltr'><strong>ergo,</strong></span> <span class='ocrx_word' id='word_1_168' title='bbox 2357 821 2434 877; x_wconf 86' lang='lat' dir='ltr'><strong>ﬁli</strong></span> <span class='ocrx_word' id='word_1_169' title='bbox 2474 822 2734 892; x_wconf 86' lang='lat' dir='ltr'><strong>hominis,</strong></span> <span class='ocrx_word' id='word_1_170' title='bbox 2778 837 2846 880; x_wconf 91' lang='lat' dir='ltr'><strong>ne</strong></span> <span class='ocrx_word' id='word_1_171' title='bbox 2891 823 3086 881; x_wconf 83' lang='lat' dir='ltr'><strong>timeas</strong></span> <span class='ocrx_word' id='word_1_172' title='bbox 3127 839 3244 892; x_wconf 88' lang='lat' dir='ltr'><strong>eos,</strong></span> <span class='ocrx_word' id='word_1_173' title='bbox 3285 839 3463 898; x_wconf 85' lang='lat' dir='ltr'><strong>neque</strong></span> 
     </span>
    </p>
   </div>
   <div class='ocr_carea' id='block_1_23' title="bbox 1887 917 3464 988">
    <p class='ocr_par' dir='ltr' id='par_1_23' title="bbox 1887 917 3464 988">
     <span class='ocr_line' id='line_1_23' title="bbox 1887 917 3464 988; baseline 0.005 -22"><span class='ocrx_word' id='word_1_174' title='bbox 1887 933 1909 966; x_wconf 73' lang='grc' dir='ltr'><strong><em>ι</em></strong></span> <span class='ocrx_word' id='word_1_175' title='bbox 1937 929 2216 970; x_wconf 88' lang='lat' dir='ltr'><strong>sermones</strong></span> <span class='ocrx_word' id='word_1_176' title='bbox 2261 929 2452 972; x_wconf 91' lang='lat' dir='ltr'><strong>eorum</strong></span> <span class='ocrx_word' id='word_1_177' title='bbox 2495 925 2708 972; x_wconf 87' lang='lat' dir='ltr'><strong>metuas</strong></span> <span class='ocrx_word' id='word_1_178' title='bbox 2729 957 2746 983; x_wconf 91' lang='lat'><strong>,</strong></span> <span class='ocrx_word' id='word_1_179' title='bbox 2797 917 3054 988; x_wconf 90' lang='lat' dir='ltr'><strong>quoniam</strong></span> <span class='ocrx_word' id='word_1_180' title='bbox 3105 917 3368 974; x_wconf 86' lang='lat' dir='ltr'><strong>increduli</strong></span> <span class='ocrx_word' id='word_1_181' title='bbox 3407 926 3464 974; x_wconf 88' lang='lat' dir='ltr'><strong>et</strong></span> 
     </span>
    </p>
   </div>
   <div class='ocr_carea' id='block_1_24' title="bbox 1885 1011 3461 1084">
    <p class='ocr_par' dir='ltr' id='par_1_24' title="bbox 1885 1011 3461 1084">
     <span class='ocr_line' id='line_1_24' title="bbox 1885 1011 3461 1084; baseline 0.003 -21"><span class='ocrx_word' id='word_1_182' title='bbox 1885 1028 1910 1062; x_wconf 67' lang='grc' dir='ltr'><em>ς</em></span> <span class='ocrx_word' id='word_1_183' title='bbox 1934 1011 2286 1067; x_wconf 89' lang='lat' dir='ltr'><strong>subversores</strong></span> <span class='ocrx_word' id='word_1_184' title='bbox 2307 1019 2434 1068; x_wconf 88' lang='lat' dir='ltr'><strong>sunt</strong></span> <span class='ocrx_word' id='word_1_185' title='bbox 2460 1020 2639 1068; x_wconf 86' lang='lat' dir='ltr'><strong>tecum</strong></span> <span class='ocrx_word' id='word_1_186' title='bbox 2672 1030 2687 1067; x_wconf 90' lang='lat'><strong>:</strong></span> <span class='ocrx_word' id='word_1_187' title='bbox 2714 1018 2772 1069; x_wconf 92' lang='lat' dir='ltr'><strong>et</strong></span> <span class='ocrx_word' id='word_1_188' title='bbox 2805 1025 2929 1068; x_wconf 90' lang='lat' dir='ltr'><strong>eum</strong></span> <span class='ocrx_word' id='word_1_189' title='bbox 2959 1012 3335 1084; x_wconf 79' lang='lat' dir='ltr'><strong>scorpionibus</strong></span> <span class='ocrx_word' id='word_1_190' title='bbox 3361 1013 3461 1068; x_wconf 87' lang='lat' dir='ltr'><strong>ha-</strong></span> 
     </span>
    </p>
   </div>
   <div class='ocr_carea' id='block_1_25' title="bbox 1886 1099 3465 1161">
    <p class='ocr_par' dir='ltr' id='par_1_25' title="bbox 1886 1099 3465 1161">
     <span class='ocr_line' id='line_1_25' title="bbox 1886 1099 3465 1161; baseline 0.003 -6"><span class='ocrx_word' id='word_1_191' title='bbox 1886 1119 1908 1155; x_wconf 85' lang='grc'><strong>‹</strong></span> <span class='ocrx_word' id='word_1_192' title='bbox 1939 1102 2104 1158; x_wconf 88' lang='lat' dir='ltr'><strong>bitas.</strong></span> <span class='ocrx_word' id='word_1_193' title='bbox 2133 1099 2311 1159; x_wconf 78' lang='lat' dir='ltr'><strong>Verba</strong></span> <span class='ocrx_word' id='word_1_194' title='bbox 2335 1117 2523 1160; x_wconf 88' lang='lat' dir='ltr'><strong>eorum</strong></span> <span class='ocrx_word' id='word_1_195' title='bbox 2547 1119 2616 1160; x_wconf 91' lang='lat' dir='ltr'><strong>ne</strong></span> <span class='ocrx_word' id='word_1_196' title='bbox 2638 1105 2848 1161; x_wconf 86' lang='lat' dir='ltr'><strong>timeas.</strong></span> <span class='ocrx_word' id='word_1_197' title='bbox 2876 1104 2945 1160; x_wconf 89' lang='lat' dir='ltr'><strong>Et</strong></span> <span class='ocrx_word' id='word_1_198' title='bbox 2963 1104 3144 1160; x_wconf 85' lang='lat' dir='ltr'><strong>vultus</strong></span> <span class='ocrx_word' id='word_1_199' title='bbox 3166 1119 3354 1160; x_wconf 90' lang='lat' dir='ltr'><strong>eorum</strong></span> <span class='ocrx_word' id='word_1_200' title='bbox 3395 1119 3465 1161; x_wconf 85' lang='lat' dir='ltr'><strong>ne</strong></span> 
     </span>
    </p>
   </div>
   <div class='ocr_carea' id='block_1_26' title="bbox 1887 1193 3461 1270">
    <p class='ocr_par' dir='ltr' id='par_1_26' title="bbox 1887 1193 3461 1270">
     <span class='ocr_line' id='line_1_26' title="bbox 1887 1193 3461 1270; baseline 0.003 -22"><span class='ocrx_word' id='word_1_201' title='bbox 1887 1211 1911 1248; x_wconf 73' lang='grc' dir='ltr'>ι</span> <span class='ocrx_word' id='word_1_202' title='bbox 1941 1193 2218 1262; x_wconf 82' lang='lat' dir='ltr'><strong>formides,</strong></span> <span class='ocrx_word' id='word_1_203' title='bbox 2247 1195 2371 1266; x_wconf 90' lang='lat' dir='ltr'><strong>quia</strong></span> <span class='ocrx_word' id='word_1_204' title='bbox 2398 1196 2590 1252; x_wconf 89' lang='lat' dir='ltr'><strong>domus</strong></span> <span class='ocrx_word' id='word_1_205' title='bbox 2615 1212 2944 1268; x_wconf 79' lang='lat' dir='ltr'><strong>exasperans</strong></span> <span class='ocrx_word' id='word_1_206' title='bbox 2963 1206 3066 1265; x_wconf 89' lang='lat' dir='ltr'><strong>est,</strong></span> <span class='ocrx_word' id='word_1_207' title='bbox 3089 1218 3108 1250; x_wconf 72' lang='grc' dir='ltr'><strong><em>ι</em></strong></span> <span class='ocrx_word' id='word_1_208' title='bbox 3137 1205 3243 1254; x_wconf 89' lang='lat' dir='ltr'><strong>etc.</strong></span> <span class='ocrx_word' id='word_1_209' title='bbox 3260 1196 3461 1270; x_wconf 52' lang='lat' dir='ltr'><strong>(Eiet)</strong></span> 
     </span>
    </p>
   </div>
   <div class='ocr_carea' id='block_1_27' title="bbox 1880 1282 3464 1360">
    <p class='ocr_par' dir='ltr' id='par_1_27' title="bbox 1880 1282 3464 1360">
     <span class='ocr_line' id='line_1_27' title="bbox 1880 1282 3464 1360; baseline 0.002 -18"><span class='ocrx_word' id='word_1_210' title='bbox 1880 1282 2035 1344; x_wconf 88' lang='lat' dir='ltr'><strong>Licet</strong></span> <span class='ocrx_word' id='word_1_211' title='bbox 2079 1288 2214 1343; x_wconf 89' lang='lat' dir='ltr'><strong>dura</strong></span> <span class='ocrx_word' id='word_1_212' title='bbox 2249 1288 2459 1344; x_wconf 88' lang='lat' dir='ltr'><strong>cervice</strong></span> <span class='ocrx_word' id='word_1_213' title='bbox 2497 1289 2606 1345; x_wconf 89' lang='lat' dir='ltr'><strong>sint</strong></span> <span class='ocrx_word' id='word_1_214' title='bbox 2637 1298 2694 1349; x_wconf 92' lang='lat' dir='ltr'><strong>et</strong></span> <span class='ocrx_word' id='word_1_215' title='bbox 2719 1292 2882 1347; x_wconf 88' lang='lat' dir='ltr'><strong>corde</strong></span> <span class='ocrx_word' id='word_1_216' title='bbox 2916 1290 3253 1360; x_wconf 89' lang='lat' dir='ltr'><strong>indomabili,</strong></span> <span class='ocrx_word' id='word_1_217' title='bbox 3283 1300 3464 1347; x_wconf 87' lang='lat' dir='ltr'><strong>tamen</strong></span> 
     </span>
    </p>
   </div>
   <div class='ocr_carea' id='block_1_28' title="bbox 1880 1377 3465 1453">
    <p class='ocr_par' dir='ltr' id='par_1_28' title="bbox 1880 1377 3465 1453">
     <span class='ocr_line' id='line_1_28' title="bbox 1880 1377 3465 1453; baseline 0.004 -21"><span class='ocrx_word' id='word_1_218' title='bbox 1880 1391 2004 1432; x_wconf 87' lang='lat' dir='ltr'><strong>mea</strong></span> <span class='ocrx_word' id='word_1_219' title='bbox 2047 1387 2176 1434; x_wconf 88' lang='lat' dir='ltr'><strong>sunt</strong></span> <span class='ocrx_word' id='word_1_220' title='bbox 2215 1377 2441 1434; x_wconf 80' lang='lat' dir='ltr'><strong>fortiora</strong></span> <span class='ocrx_word' id='word_1_221' title='bbox 2471 1391 2764 1452; x_wconf 84' lang='lat' dir='ltr'><strong>praecepta,</strong></span> <span class='ocrx_word' id='word_1_222' title='bbox 2821 1397 2920 1438; x_wconf 90' lang='lat' dir='ltr'><strong>nec</strong></span> <span class='ocrx_word' id='word_1_223' title='bbox 2958 1390 3013 1438; x_wconf 90' lang='lat' dir='ltr'><strong>te</strong></span> <span class='ocrx_word' id='word_1_224' title='bbox 3036 1392 3194 1453; x_wconf 87' lang='lat' dir='ltr'><strong>putes</strong></span> <span class='ocrx_word' id='word_1_225' title='bbox 3219 1397 3340 1439; x_wconf 87' lang='lat' dir='ltr'><strong>esse</strong></span> <span class='ocrx_word' id='word_1_226' title='bbox 3369 1383 3465 1438; x_wconf 89' lang='lat' dir='ltr'><strong>de-</strong></span> 
     </span>
    </p>
   </div>
   <div class='ocr_carea' id='block_1_29' title="bbox 1880 1469 3464 1544">
    <p class='ocr_par' dir='ltr' id='par_1_29' title="bbox 1880 1469 3464 1544">
     <span class='ocr_line' id='line_1_29' title="bbox 1880 1469 3464 1544; baseline 0.001 -19"><span class='ocrx_word' id='word_1_227' title='bbox 1880 1475 2098 1539; x_wconf 83' lang='lat' dir='ltr'><strong>ceptum</strong></span> <span class='ocrx_word' id='word_1_228' title='bbox 2147 1469 2193 1525; x_wconf 91' lang='lat' dir='ltr'><strong>si</strong></span> <span class='ocrx_word' id='word_1_229' title='bbox 2239 1471 2475 1527; x_wconf 86' lang='lat' dir='ltr'><strong>mittaris</strong></span> <span class='ocrx_word' id='word_1_230' title='bbox 2522 1473 2590 1527; x_wconf 90' lang='lat' dir='ltr'><strong>ad</strong></span> <span class='ocrx_word' id='word_1_231' title='bbox 2617 1487 2744 1539; x_wconf 89' lang='lat' dir='ltr'><strong>eos,</strong></span> <span class='ocrx_word' id='word_1_232' title='bbox 2773 1474 2864 1544; x_wconf 90' lang='lat' dir='ltr'><strong>qui</strong></span> <span class='ocrx_word' id='word_1_233' title='bbox 2904 1481 2960 1529; x_wconf 92' lang='lat' dir='ltr'><strong>te</strong></span> <span class='ocrx_word' id='word_1_234' title='bbox 2998 1473 3304 1544; x_wconf 87' lang='lat' dir='ltr'><strong>loquentem</strong></span> <span class='ocrx_word' id='word_1_235' title='bbox 3353 1475 3464 1529; x_wconf 80' lang='lat' dir='ltr'><strong>non</strong></span> 
     </span>
    </p>
   </div>
   <div class='ocr_carea' id='block_1_30' title="bbox 1883 1561 3466 1635">
    <p class='ocr_par' dir='ltr' id='par_1_30' title="bbox 1883 1561 3466 1635">
     <span class='ocr_line' id='line_1_30' title="bbox 1883 1561 3466 1635; baseline 0.003 -20"><span class='ocrx_word' id='word_1_236' title='bbox 1883 1561 2119 1616; x_wconf 89' lang='lat' dir='ltr'><strong>audiant.</strong></span> <span class='ocrx_word' id='word_1_237' title='bbox 2169 1561 2312 1617; x_wconf 86' lang='lat' dir='ltr'><strong>Ecce</strong></span> <span class='ocrx_word' id='word_1_238' title='bbox 2337 1563 2572 1633; x_wconf 68' lang='lat' dir='ltr'><strong>prmdico</strong></span> <span class='ocrx_word' id='word_1_239' title='bbox 2599 1565 2698 1620; x_wconf 85' lang='lat' dir='ltr'><strong>tibi</strong></span> <span class='ocrx_word' id='word_1_240' title='bbox 2725 1565 2868 1635; x_wconf 91' lang='lat' dir='ltr'><strong>quod</strong></span> <span class='ocrx_word' id='word_1_241' title='bbox 2910 1565 3201 1629; x_wconf 89' lang='lat' dir='ltr'><strong>insaniant,</strong></span> <span class='ocrx_word' id='word_1_242' title='bbox 3241 1574 3297 1620; x_wconf 88' lang='lat' dir='ltr'><strong>et</strong></span> <span class='ocrx_word' id='word_1_243' title='bbox 3335 1579 3466 1621; x_wconf 89' lang='lat' dir='ltr'><strong>con-</strong></span> 
     </span>
    </p>
   </div>
   <div class='ocr_carea' id='block_1_31' title="bbox 1881 1653 3465 1724">
    <p class='ocr_par' dir='ltr' id='par_1_31' title="bbox 1881 1653 3465 1724">
     <span class='ocr_line' id='line_1_31' title="bbox 1881 1653 3465 1724; baseline 0.002 -18"><span class='ocrx_word' id='word_1_244' title='bbox 1881 1661 2172 1723; x_wconf 77' lang='lat' dir='ltr'><strong>gregemur</strong></span> <span class='ocrx_word' id='word_1_245' title='bbox 2195 1654 2481 1709; x_wconf 86' lang='lat' dir='ltr'><strong>adversum</strong></span> <span class='ocrx_word' id='word_1_246' title='bbox 2510 1663 2567 1710; x_wconf 86' lang='lat' dir='ltr'><strong>te</strong></span> <span class='ocrx_word' id='word_1_247' title='bbox 2593 1662 2650 1710; x_wconf 88' lang='lat' dir='ltr'><strong>et</strong></span> <span class='ocrx_word' id='word_1_248' title='bbox 2685 1655 3024 1712; x_wconf 89' lang='lat' dir='ltr'><strong>circumdent</strong></span> <span class='ocrx_word' id='word_1_249' title='bbox 3047 1665 3119 1724; x_wconf 91' lang='lat' dir='ltr'><strong>te,</strong></span> <span class='ocrx_word' id='word_1_250' title='bbox 3150 1656 3356 1711; x_wconf 90' lang='lat' dir='ltr'><strong>nullum</strong></span> <span class='ocrx_word' id='word_1_251' title='bbox 3386 1653 3465 1711; x_wconf 44' lang='lat' dir='ltr'><strong>cf;</strong></span> 
     </span>
    </p>
   </div>
   <div class='ocr_carea' id='block_1_32' title="bbox 1880 1744 3466 1822">
    <p class='ocr_par' dir='ltr' id='par_1_32' title="bbox 1880 1744 3466 1822">
     <span class='ocr_line' id='line_1_32' title="bbox 1880 1744 3466 1822; baseline 0.004 -23"><span class='ocrx_word' id='word_1_252' title='bbox 1880 1744 2086 1817; x_wconf 83' lang='lat' dir='ltr'><strong>fugium</strong></span> <span class='ocrx_word' id='word_1_253' title='bbox 2135 1747 2230 1802; x_wconf 92' lang='lat' dir='ltr'><strong>tibi</strong></span> <span class='ocrx_word' id='word_1_254' title='bbox 2270 1747 2659 1819; x_wconf 87' lang='lat' dir='ltr'><strong>relinquentes.</strong></span> <span class='ocrx_word' id='word_1_255' title='bbox 2705 1749 2819 1806; x_wconf 87' lang='lat' dir='ltr'><strong>Hoc</strong></span> <span class='ocrx_word' id='word_1_256' title='bbox 2861 1759 3040 1806; x_wconf 90' lang='lat' dir='ltr'><strong>autem</strong></span> <span class='ocrx_word' id='word_1_257' title='bbox 3088 1750 3308 1817; x_wconf 84' lang='lat' dir='ltr'><strong>facient,</strong></span> <span class='ocrx_word' id='word_1_258' title='bbox 3335 1751 3466 1822; x_wconf 89' lang='lat' dir='ltr'><strong>quia</strong></span> 
     </span>
    </p>
   </div>
   <div class='ocr_carea' id='block_1_33' title="bbox 198 1829 3464 1930">
    <p class='ocr_par' dir='ltr' id='par_1_33' title="bbox 198 1829 3464 1930">
     <span class='ocr_line' id='line_1_33' title="bbox 198 1829 3464 1930; baseline 0.002 -41"><span class='ocrx_word' id='word_1_259' title='bbox 198 1836 339 1906; x_wconf 86' lang='lat' dir='ltr'><strong>quod</strong></span> <span class='ocrx_word' id='word_1_260' title='bbox 381 1837 536 1893; x_wconf 88' lang='lat' dir='ltr'><strong>electi</strong></span> <span class='ocrx_word' id='word_1_261' title='bbox 568 1837 622 1892; x_wconf 90' lang='lat' dir='ltr'><strong>in</strong></span> <span class='ocrx_word' id='word_1_262' title='bbox 644 1838 807 1894; x_wconf 89' lang='lat' dir='ltr'><strong>corde</strong></span> <span class='ocrx_word' id='word_1_263' title='bbox 836 1840 1223 1906; x_wconf 89' lang='lat' dir='ltr'><strong>tentabuntur;</strong></span> <span class='ocrx_word' id='word_1_264' title='bbox 1258 1849 1454 1896; x_wconf 89' lang='lat' dir='ltr'><strong>nutant</strong></span> <span class='ocrx_word' id='word_1_265' title='bbox 1480 1842 1648 1907; x_wconf 84' lang='lat' dir='ltr'><strong>enim,</strong></span> <span class='ocrx_word' id='word_1_266' title='bbox 1676 1841 1772 1898; x_wconf 74' lang='lat' dir='ltr'><strong>sed</strong></span> <span class='ocrx_word' id='word_1_267' title='bbox 1799 1829 1849 1891; x_wconf 87' lang='lat' dir='ltr'><strong>B</strong></span> <span class='ocrx_word' id='word_1_268' title='bbox 1876 1835 2138 1892; x_wconf 88' lang='lat' dir='ltr'><strong>increduli</strong></span> <span class='ocrx_word' id='word_1_269' title='bbox 2155 1846 2303 1905; x_wconf 91' lang='lat' dir='ltr'><strong>sunt,</strong></span> <span class='ocrx_word' id='word_1_270' title='bbox 2326 1846 2382 1894; x_wconf 92' lang='lat' dir='ltr'><strong>et</strong></span> <span class='ocrx_word' id='word_1_271' title='bbox 2414 1838 2510 1895; x_wconf 89' lang='lat' dir='ltr'><strong>Dei</strong></span> <span class='ocrx_word' id='word_1_272' title='bbox 2540 1839 2767 1909; x_wconf 87' lang='lat' dir='ltr'><strong>imperia</strong></span> <span class='ocrx_word' id='word_1_273' title='bbox 2795 1848 3222 1897; x_wconf 87' lang='lat' dir='ltr'><strong>contemnentes.</strong></span> <span class='ocrx_word' id='word_1_274' title='bbox 3257 1840 3464 1930; x_wconf 44' lang='lat' dir='ltr'><strong>(Greg)</strong></span> 
     </span>
    </p>
   </div>
   <div class='ocr_carea' id='block_1_34' title="bbox 196 1929 1772 2006">
    <p class='ocr_par' dir='ltr' id='par_1_34' title="bbox 196 1929 1772 2006">
     <span class='ocr_line' id='line_1_34' title="bbox 196 1929 1772 2006; baseline 0.006 -25"><span class='ocrx_word' id='word_1_275' title='bbox 196 1942 302 1982; x_wconf 88' lang='lat' dir='ltr'><strong>non</strong></span> <span class='ocrx_word' id='word_1_276' title='bbox 330 1929 548 1984; x_wconf 92' lang='lat' dir='ltr'><strong>cadunt.</strong></span> <span class='ocrx_word' id='word_1_277' title='bbox 587 1930 729 1986; x_wconf 90' lang='lat' dir='ltr'><strong>Deus</strong></span> <span class='ocrx_word' id='word_1_278' title='bbox 756 1946 887 2003; x_wconf 87' lang='lat' dir='ltr'><strong>ergo</strong></span> <span class='ocrx_word' id='word_1_279' title='bbox 917 1932 1054 1988; x_wconf 89' lang='lat' dir='ltr'><strong>dicit</strong></span> <span class='ocrx_word' id='word_1_280' title='bbox 1083 1952 1101 1984; x_wconf 74' lang='grc' dir='ltr'>ι</span> <span class='ocrx_word' id='word_1_281' title='bbox 1131 1933 1176 1988; x_wconf 90' lang='lat' dir='ltr'><strong>si</strong></span> <span class='ocrx_word' id='word_1_282' title='bbox 1214 1933 1333 1988; x_wconf 88' lang='lat' dir='ltr'><strong>ﬁeri</strong></span> <span class='ocrx_word' id='word_1_283' title='bbox 1361 1941 1562 2004; x_wconf 90' lang='lat' dir='ltr'><strong>potest,</strong></span> <span class='ocrx_word' id='word_1_284' title='bbox 1594 1954 1612 1988; x_wconf 73' lang='grc' dir='ltr'><strong>ι</strong></span> <span class='ocrx_word' id='word_1_285' title='bbox 1647 1936 1772 2006; x_wconf 88' lang='lat' dir='ltr'><strong>quia</strong></span> 
     </span>
    </p>
   </div>
   <div class='ocr_carea' id='block_1_35' title="bbox 199 2019 1776 2108">
    <p class='ocr_par' dir='ltr' id='par_1_35' title="bbox 199 2019 1776 2108">
     <span class='ocr_line' id='line_1_35' title="bbox 199 2019 1776 2108; baseline 0.008 -36"><span class='ocrx_word' id='word_1_286' title='bbox 199 2019 554 2089; x_wconf 87' lang='lat' dir='ltr'><strong>trepidabunt,</strong></span> <span class='ocrx_word' id='word_1_287' title='bbox 583 2029 638 2076; x_wconf 94' lang='lat' dir='ltr'><strong>et</strong></span> <span class='ocrx_word' id='word_1_288' title='bbox 663 2031 848 2079; x_wconf 89' lang='lat' dir='ltr'><strong>tamen</strong></span> <span class='ocrx_word' id='word_1_289' title='bbox 874 2025 1127 2081; x_wconf 88' lang='lat' dir='ltr'><strong>dicuntur</strong></span> <span class='ocrx_word' id='word_1_290' title='bbox 1163 2025 1346 2091; x_wconf 89' lang='lat' dir='ltr'><strong>electi,</strong></span> <span class='ocrx_word' id='word_1_291' title='bbox 1377 2028 1506 2097; x_wconf 86' lang='lat' dir='ltr'><strong>quia</strong></span> <span class='ocrx_word' id='word_1_292' title='bbox 1548 2043 1776 2108; x_wconf 72' lang='lat' dir='ltr'><strong>uenea-</strong></span> 
     </span>
    </p>
   </div>
   <div class='ocr_carea' id='block_1_36' title="bbox 197 2110 1775 2186">
    <p class='ocr_par' dir='ltr' id='par_1_36' title="bbox 197 2110 1775 2186">
     <span class='ocr_line' id='line_1_36' title="bbox 197 2110 1775 2186; baseline 0.008 -21"><span class='ocrx_word' id='word_1_293' title='bbox 197 2110 342 2166; x_wconf 85' lang='lat' dir='ltr'><strong>dunt.</strong></span> <span class='ocrx_word' id='word_1_294' title='bbox 373 2113 648 2170; x_wconf 89' lang='lat' dir='ltr'><strong>Dubitatio</strong></span> <span class='ocrx_word' id='word_1_295' title='bbox 697 2115 880 2186; x_wconf 87' lang='lat' dir='ltr'><strong>itaque</strong></span> <span class='ocrx_word' id='word_1_296' title='bbox 923 2118 1192 2174; x_wconf 90' lang='lat' dir='ltr'><strong>sermonis</strong></span> <span class='ocrx_word' id='word_1_297' title='bbox 1223 2134 1254 2174; x_wconf 92' lang='lat' dir='ltr'><strong>a</strong></span> <span class='ocrx_word' id='word_1_298' title='bbox 1289 2119 1536 2186; x_wconf 90' lang='lat' dir='ltr'><strong>Domino,</strong></span> <span class='ocrx_word' id='word_1_299' title='bbox 1580 2122 1633 2177; x_wconf 90' lang='lat' dir='ltr'><strong>in</strong></span> <span class='ocrx_word' id='word_1_300' title='bbox 1661 2121 1775 2178; x_wconf 82' lang='lat' dir='ltr'><strong>ele-</strong></span> 
     </span>
    </p>
   </div>
   <div class='ocr_carea' id='block_1_37' title="bbox 195 2201 1777 2279">
    <p class='ocr_par' dir='ltr' id='par_1_37' title="bbox 195 2201 1777 2279">
     <span class='ocr_line' id='line_1_37' title="bbox 195 2201 1777 2279; baseline 0.009 -23"><span class='ocrx_word' id='word_1_301' title='bbox 195 2201 294 2257; x_wconf 90' lang='lat' dir='ltr'><strong>ctis</strong></span> <span class='ocrx_word' id='word_1_302' title='bbox 319 2204 571 2273; x_wconf 83' lang='lat' dir='ltr'><strong>exprimit</strong></span> <span class='ocrx_word' id='word_1_303' title='bbox 600 2207 1013 2276; x_wconf 88' lang='lat' dir='ltr'><strong>trepidationem</strong></span> <span class='ocrx_word' id='word_1_304' title='bbox 1036 2209 1262 2276; x_wconf 90' lang='lat' dir='ltr'><strong>mentis;</strong></span> <span class='ocrx_word' id='word_1_305' title='bbox 1290 2225 1426 2279; x_wconf 90' lang='lat' dir='ltr'><strong>quos</strong></span> <span class='ocrx_word' id='word_1_306' title='bbox 1449 2210 1653 2269; x_wconf 90' lang='lat' dir='ltr'><strong>electos</strong></span> <span class='ocrx_word' id='word_1_307' title='bbox 1674 2227 1777 2269; x_wconf 90' lang='lat' dir='ltr'><strong>no-</strong></span> 
     </span>
    </p>
   </div>
   <div class='ocr_carea' id='block_1_38' title="bbox 195 2291 1776 2375">
    <p class='ocr_par' dir='ltr' id='par_1_38' title="bbox 195 2291 1776 2375">
     <span class='ocr_line' id='line_1_38' title="bbox 195 2291 1776 2375; baseline 0.008 -29"><span class='ocrx_word' id='word_1_308' title='bbox 195 2291 378 2358; x_wconf 90' lang='lat' dir='ltr'><strong>minat,</strong></span> <span class='ocrx_word' id='word_1_309' title='bbox 410 2295 536 2362; x_wconf 89' lang='lat' dir='ltr'><strong>quia</strong></span> <span class='ocrx_word' id='word_1_310' title='bbox 563 2297 742 2352; x_wconf 89' lang='lat' dir='ltr'><strong>cernit</strong></span> <span class='ocrx_word' id='word_1_311' title='bbox 792 2299 934 2368; x_wconf 90' lang='lat' dir='ltr'><strong>quod</strong></span> <span class='ocrx_word' id='word_1_312' title='bbox 968 2299 1025 2353; x_wconf 91' lang='lat' dir='ltr'><strong>in</strong></span> <span class='ocrx_word' id='word_1_313' title='bbox 1066 2299 1170 2354; x_wconf 91' lang='lat' dir='ltr'><strong>ﬁde</strong></span> <span class='ocrx_word' id='word_1_314' title='bbox 1195 2309 1250 2355; x_wconf 94' lang='lat' dir='ltr'><strong>et</strong></span> <span class='ocrx_word' id='word_1_315' title='bbox 1278 2301 1422 2358; x_wconf 85' lang='lat' dir='ltr'><strong>bono</strong></span> <span class='ocrx_word' id='word_1_316' title='bbox 1458 2317 1623 2373; x_wconf 91' lang='lat' dir='ltr'><strong>opere</strong></span> <span class='ocrx_word' id='word_1_317' title='bbox 1651 2317 1776 2375; x_wconf 90' lang='lat' dir='ltr'><strong>per-</strong></span> 
     </span>
    </p>
   </div>
   <div class='ocr_carea' id='block_1_39' title="bbox 194 2383 1770 2467">
    <p class='ocr_par' dir='ltr' id='par_1_39' title="bbox 194 2383 1770 2467">
     <span class='ocr_line' id='line_1_39' title="bbox 194 2383 1770 2467; baseline 0.01 -29"><span class='ocrx_word' id='word_1_318' title='bbox 194 2383 401 2440; x_wconf 88' lang='lat' dir='ltr'><strong>sistant.</strong></span> <span class='ocrx_word' id='word_1_319' title='bbox 431 2385 584 2442; x_wconf 87' lang='lat' dir='ltr'><strong>Unde</strong></span> <span class='ocrx_word' id='word_1_320' title='bbox 609 2389 700 2444; x_wconf 92' lang='lat' dir='ltr'><strong>hic</strong></span> <span class='ocrx_word' id='word_1_321' title='bbox 728 2405 945 2461; x_wconf 91' lang='lat' dir='ltr'><strong>quoque</strong></span> <span class='ocrx_word' id='word_1_322' title='bbox 973 2393 1202 2448; x_wconf 88' lang='lat' dir='ltr'><strong>dicitur:</strong></span> <span class='ocrx_word' id='word_1_323' title='bbox 1230 2413 1248 2445; x_wconf 84' lang='grc'><strong><em>‹</em></strong></span> <span class='ocrx_word' id='word_1_324' title='bbox 1280 2394 1338 2450; x_wconf 91' lang='lat' dir='ltr'><strong>Si</strong></span> <span class='ocrx_word' id='word_1_325' title='bbox 1360 2395 1498 2452; x_wconf 86' lang='lat' dir='ltr'><strong>forte</strong></span> <span class='ocrx_word' id='word_1_326' title='bbox 1528 2397 1770 2467; x_wconf 87' lang='lat' dir='ltr'><strong>audiant,</strong></span> 
     </span>
    </p>
   </div>
   <div class='ocr_carea' id='block_1_40' title="bbox 191 2476 1814 2555">
    <p class='ocr_par' dir='ltr' id='par_1_40' title="bbox 191 2476 1814 2555">
     <span class='ocr_line' id='line_1_40' title="bbox 191 2476 1814 2555; baseline 0.01 -26"><span class='ocrx_word' id='word_1_327' title='bbox 191 2485 247 2530; x_wconf 89' lang='lat' dir='ltr'><strong>et</strong></span> <span class='ocrx_word' id='word_1_328' title='bbox 275 2476 318 2532; x_wconf 93' lang='lat' dir='ltr'><strong>si</strong></span> <span class='ocrx_word' id='word_1_329' title='bbox 339 2476 477 2534; x_wconf 83' lang='lat' dir='ltr'><strong>forte</strong></span> <span class='ocrx_word' id='word_1_330' title='bbox 499 2479 802 2550; x_wconf 88' lang='lat' dir='ltr'><strong>quiescant.</strong></span> <span class='ocrx_word' id='word_1_331' title='bbox 830 2502 848 2535; x_wconf 75' lang='grc' dir='ltr'><strong><em>ι</em></strong></span> <span class='ocrx_word' id='word_1_332' title='bbox 869 2482 974 2539; x_wconf 89' lang='lat' dir='ltr'><strong>Per</strong></span> <span class='ocrx_word' id='word_1_333' title='bbox 995 2483 1096 2540; x_wconf 92' lang='lat' dir='ltr'><strong>hoc</strong></span> <span class='ocrx_word' id='word_1_334' title='bbox 1116 2485 1260 2539; x_wconf 91' lang='lat' dir='ltr'><strong>enim</strong></span> <span class='ocrx_word' id='word_1_335' title='bbox 1282 2487 1424 2555; x_wconf 90' lang='lat' dir='ltr'><strong>quod</strong></span> <span class='ocrx_word' id='word_1_336' title='bbox 1445 2487 1664 2555; x_wconf 91' lang='lat' dir='ltr'><strong>dicitur,</strong></span> <span class='ocrx_word' id='word_1_337' title='bbox 1684 2489 1774 2544; x_wconf 71' lang='lat' dir='ltr'><strong>«Si</strong></span> <span class='ocrx_word' id='word_1_338' title='bbox 1811 2545 1814 2550; x_wconf 79' lang='grc'><strong>,</strong></span> 
     </span>
    </p>
   </div>
   <div class='ocr_carea' id='block_1_41' title="bbox 191 2568 1772 2648">
    <p class='ocr_par' dir='ltr' id='par_1_41' title="bbox 191 2568 1772 2648">
     <span class='ocr_line' id='line_1_41' title="bbox 191 2568 1772 2648; baseline 0.009 -27"><span class='ocrx_word' id='word_1_339' title='bbox 191 2568 347 2634; x_wconf 80' lang='lat' dir='ltr'><strong>forte,</strong></span> <span class='ocrx_word' id='word_1_340' title='bbox 373 2571 498 2640; x_wconf 91' lang='lat' dir='ltr'><strong>quia</strong></span> <span class='ocrx_word' id='word_1_341' title='bbox 521 2587 588 2627; x_wconf 82' lang='lat' dir='ltr'><strong>ex</strong></span> <span class='ocrx_word' id='word_1_342' title='bbox 604 2588 800 2644; x_wconf 87' lang='lat' dir='ltr'><strong>magna</strong></span> <span class='ocrx_word' id='word_1_343' title='bbox 821 2574 1165 2631; x_wconf 88' lang='lat' dir='ltr'><strong>multitudine</strong></span> <span class='ocrx_word' id='word_1_344' title='bbox 1188 2579 1343 2646; x_wconf 90' lang='lat' dir='ltr'><strong>pauci</strong></span> <span class='ocrx_word' id='word_1_345' title='bbox 1372 2579 1608 2635; x_wconf 88' lang='lat' dir='ltr'><strong>audituri</strong></span> <span class='ocrx_word' id='word_1_346' title='bbox 1623 2589 1772 2648; x_wconf 88' lang='lat' dir='ltr'><strong>sunt,</strong></span> 
     </span>
    </p>
   </div>
   <div class='ocr_carea' id='block_1_42' title="bbox 191 2659 1772 2741">
    <p class='ocr_par' dir='ltr' id='par_1_42' title="bbox 191 2659 1772 2741">
     <span class='ocr_line' id='line_1_42' title="bbox 191 2659 1772 2741; baseline 0.01 -29"><span class='ocrx_word' id='word_1_347' title='bbox 191 2659 608 2718; x_wconf 90' lang='lat' dir='ltr'><strong>demonstratur.</strong></span> <span class='ocrx_word' id='word_1_348' title='bbox 624 2664 729 2720; x_wconf 90' lang='lat' dir='ltr'><strong>Per</strong></span> <span class='ocrx_word' id='word_1_349' title='bbox 752 2667 1141 2724; x_wconf 83' lang='lat' dir='ltr'><strong>dubitationem</strong></span> <span class='ocrx_word' id='word_1_350' title='bbox 1165 2685 1295 2740; x_wconf 81' lang='lat' dir='ltr'><strong>ergo</strong></span> <span class='ocrx_word' id='word_1_351' title='bbox 1321 2685 1631 2727; x_wconf 89' lang='lat' dir='ltr'><strong>sermonum</strong></span> <span class='ocrx_word' id='word_1_352' title='bbox 1653 2674 1772 2741; x_wconf 90' lang='lat' dir='ltr'><strong>Dei,</strong></span> 
     </span>
    </p>
   </div>
   <div class='ocr_carea' id='block_1_43' title="bbox 189 2751 1773 2828">
    <p class='ocr_par' dir='ltr' id='par_1_43' title="bbox 189 2751 1773 2828">
     <span class='ocr_line' id='line_1_43' title="bbox 189 2751 1773 2828; baseline 0.009 -24"><span class='ocrx_word' id='word_1_353' title='bbox 189 2751 318 2821; x_wconf 89' lang='lat' dir='ltr'><strong>quid</strong></span> <span class='ocrx_word' id='word_1_354' title='bbox 346 2753 681 2823; x_wconf 86' lang='lat' dir='ltr'><strong>signiﬁcatur</strong></span> <span class='ocrx_word' id='word_1_355' title='bbox 703 2756 846 2811; x_wconf 90' lang='lat' dir='ltr'><strong>aliud</strong></span> <span class='ocrx_word' id='word_1_356' title='bbox 869 2758 970 2813; x_wconf 89' lang='lat' dir='ltr'><strong>nisi</strong></span> <span class='ocrx_word' id='word_1_357' title='bbox 995 2760 1239 2828; x_wconf 88' lang='lat' dir='ltr'><strong>paucitas</strong></span> <span class='ocrx_word' id='word_1_358' title='bbox 1262 2762 1605 2817; x_wconf 89' lang='lat' dir='ltr'><strong>auditorum?</strong></span> <span class='ocrx_word' id='word_1_359' title='bbox 1630 2763 1773 2819; x_wconf 88' lang='lat' dir='ltr'><strong>Pen-</strong></span> 
     </span>
    </p>
   </div>
   <div class='ocr_carea' id='block_1_44' title="bbox 187 2848 1778 2916">
    <p class='ocr_par' dir='ltr' id='par_1_44' title="bbox 187 2848 1778 2916">
     <span class='ocr_line' id='line_1_44' title="bbox 187 2848 1778 2916; baseline 0.009 -21"><span class='ocrx_word' id='word_1_360' title='bbox 187 2856 392 2907; x_wconf 90' lang='lat' dir='ltr'><strong>semus,</strong></span> <span class='ocrx_word' id='word_1_361' title='bbox 416 2859 565 2916; x_wconf 81' lang='lat' dir='ltr'><strong>rogo,</strong></span> <span class='ocrx_word' id='word_1_362' title='bbox 596 2861 716 2915; x_wconf 77' lang='lat' dir='ltr'><strong>quae</strong></span> <span class='ocrx_word' id='word_1_363' title='bbox 743 2848 920 2902; x_wconf 88' lang='lat' dir='ltr'><strong>virtus</strong></span> <span class='ocrx_word' id='word_1_364' title='bbox 944 2849 1015 2904; x_wconf 86' lang='lat' dir='ltr'><strong>sit</strong></span> <span class='ocrx_word' id='word_1_365' title='bbox 1046 2851 1100 2904; x_wconf 91' lang='lat' dir='ltr'><strong>in</strong></span> <span class='ocrx_word' id='word_1_366' title='bbox 1129 2851 1234 2906; x_wconf 89' lang='lat' dir='ltr'><strong>hoc</strong></span> <span class='ocrx_word' id='word_1_367' title='bbox 1267 2852 1532 2908; x_wconf 90' lang='lat' dir='ltr'><strong>Dominiei</strong></span> <span class='ocrx_word' id='word_1_368' title='bbox 1571 2870 1778 2911; x_wconf 86' lang='lat' dir='ltr'><strong>sermo-</strong></span> 
     </span>
    </p>
   </div>
   <div class='ocr_carea' id='block_1_45' title="bbox 186 2932 1778 3013">
    <p class='ocr_par' dir='ltr' id='par_1_45' title="bbox 186 2932 1778 3013">
     <span class='ocr_line' id='line_1_45' title="bbox 186 2932 1778 3013; baseline 0.011 -28"><span class='ocrx_word' id='word_1_369' title='bbox 186 2932 273 2987; x_wconf 87' lang='lat' dir='ltr'><strong>nis</strong></span> <span class='ocrx_word' id='word_1_370' title='bbox 293 2932 505 3000; x_wconf 72' lang='lat' dir='ltr'><strong>ell‘ectu,</strong></span> <span class='ocrx_word' id='word_1_371' title='bbox 529 2944 590 2990; x_wconf 90' lang='lat' dir='ltr'><strong>ut</strong></span> <span class='ocrx_word' id='word_1_372' title='bbox 609 2937 772 3005; x_wconf 87' lang='lat' dir='ltr'><strong>dicat,</strong></span> <span class='ocrx_word' id='word_1_373' title='bbox 795 2958 814 2991; x_wconf 74' lang='grc' dir='ltr'>ι</span> <span class='ocrx_word' id='word_1_374' title='bbox 838 2939 895 2994; x_wconf 90' lang='lat' dir='ltr'><strong>Si</strong></span> <span class='ocrx_word' id='word_1_375' title='bbox 917 2940 1058 2996; x_wconf 84' lang='lat' dir='ltr'><strong>forte</strong></span> <span class='ocrx_word' id='word_1_376' title='bbox 1076 2941 1160 2998; x_wconf 88' lang='lat' dir='ltr'><strong>vel</strong></span> <span class='ocrx_word' id='word_1_377' title='bbox 1189 2942 1292 3013; x_wconf 90' lang='lat' dir='ltr'><strong>ipsi</strong></span> <span class='ocrx_word' id='word_1_378' title='bbox 1315 2945 1558 3011; x_wconf 90' lang='lat' dir='ltr'><strong>audiant,</strong></span> <span class='ocrx_word' id='word_1_379' title='bbox 1583 2964 1603 2998; x_wconf 80' lang='grc'>›</span> <span class='ocrx_word' id='word_1_380' title='bbox 1621 2947 1778 3003; x_wconf 87' lang='lat' dir='ltr'><strong>nobis</strong></span> 
     </span>
    </p>
   </div>
   <div class='ocr_carea' id='block_1_46' title="bbox 185 3029 1776 3106">
    <p class='ocr_par' dir='ltr' id='par_1_46' title="bbox 185 3029 1776 3106">
     <span class='ocr_line' id='line_1_46' title="bbox 185 3029 1776 3106; baseline 0.009 -23"><span class='ocrx_word' id='word_1_381' title='bbox 185 3029 292 3084; x_wconf 86' lang='lat' dir='ltr'><strong>hoc</strong></span> <span class='ocrx_word' id='word_1_382' title='bbox 315 3038 501 3099; x_wconf 89' lang='lat' dir='ltr'><strong>aperte</strong></span> <span class='ocrx_word' id='word_1_383' title='bbox 546 3033 700 3100; x_wconf 91' lang='lat' dir='ltr'><strong>dicit,</strong></span> <span class='ocrx_word' id='word_1_384' title='bbox 730 3035 855 3105; x_wconf 90' lang='lat' dir='ltr'><strong>quia</strong></span> <span class='ocrx_word' id='word_1_385' title='bbox 895 3034 1103 3103; x_wconf 86' lang='lat' dir='ltr'><strong>aﬁlicti,</strong></span> <span class='ocrx_word' id='word_1_386' title='bbox 1135 3037 1366 3104; x_wconf 85' lang='lat' dir='ltr'><strong>obsessi,</strong></span> <span class='ocrx_word' id='word_1_387' title='bbox 1404 3039 1616 3106; x_wconf 79' lang='lat' dir='ltr'><strong>inclusi,</strong></span> <span class='ocrx_word' id='word_1_388' title='bbox 1654 3056 1776 3096; x_wconf 91' lang='lat' dir='ltr'><strong>om-</strong></span> 
     </span>
    </p>
   </div>
   <div class='ocr_carea' id='block_1_47' title="bbox 185 3122 1772 3202">
    <p class='ocr_par' dir='ltr' id='par_1_47' title="bbox 185 3122 1772 3202">
     <span class='ocr_line' id='line_1_47' title="bbox 185 3122 1772 3202; baseline 0.008 -26"><span class='ocrx_word' id='word_1_389' title='bbox 185 3122 297 3187; x_wconf 89' lang='lat' dir='ltr'><strong>nia,</strong></span> <span class='ocrx_word' id='word_1_390' title='bbox 328 3138 450 3193; x_wconf 73' lang='lat' dir='ltr'><strong>qute</strong></span> <span class='ocrx_word' id='word_1_391' title='bbox 480 3124 536 3178; x_wconf 90' lang='lat' dir='ltr'><strong>in</strong></span> <span class='ocrx_word' id='word_1_392' title='bbox 560 3126 667 3182; x_wconf 90' lang='lat' dir='ltr'><strong>hoc</strong></span> <span class='ocrx_word' id='word_1_393' title='bbox 685 3128 886 3183; x_wconf 91' lang='lat' dir='ltr'><strong>mundo</strong></span> <span class='ocrx_word' id='word_1_394' title='bbox 908 3128 1220 3196; x_wconf 87' lang='lat' dir='ltr'><strong>habuimus,</strong></span> <span class='ocrx_word' id='word_1_395' title='bbox 1250 3130 1392 3185; x_wconf 90' lang='lat' dir='ltr'><strong>bona</strong></span> <span class='ocrx_word' id='word_1_396' title='bbox 1416 3131 1772 3202; x_wconf 88' lang='lat' dir='ltr'><strong>perdidimus,</strong></span> 
     </span>
    </p>
   </div>
   <div class='ocr_carea' id='block_1_48' title="bbox 1874 1925 3462 2000">
    <p class='ocr_par' dir='ltr' id='par_1_48' title="bbox 1874 1925 3462 2000">
     <span class='ocr_line' id='line_1_48' title="bbox 1874 1925 3462 2000; baseline 0.003 -20"><span class='ocrx_word' id='word_1_397' title='bbox 1874 1925 2030 1982; x_wconf 89' lang='lat' dir='ltr'><strong>Patet</strong></span> <span class='ocrx_word' id='word_1_398' title='bbox 2053 1928 2121 1983; x_wconf 91' lang='lat' dir='ltr'><strong>ad</strong></span> <span class='ocrx_word' id='word_1_399' title='bbox 2154 1941 2314 1997; x_wconf 89' lang='lat' dir='ltr'><strong>quam</strong></span> <span class='ocrx_word' id='word_1_400' title='bbox 2340 1943 2622 2000; x_wconf 84' lang='lat' dir='ltr'><strong>perversos</strong></span> <span class='ocrx_word' id='word_1_401' title='bbox 2646 1930 2700 1984; x_wconf 92' lang='lat' dir='ltr'><strong>in</strong></span> <span class='ocrx_word' id='word_1_402' title='bbox 2723 1931 3161 2000; x_wconf 76' lang='lat' dir='ltr'><strong>praedicationem</strong></span> <span class='ocrx_word' id='word_1_403' title='bbox 3209 1925 3462 1996; x_wconf 87' lang='lat' dir='ltr'><strong>mittitur,</strong></span> 
     </span>
    </p>
   </div>
   <div class='ocr_carea' id='block_1_49' title="bbox 1876 2017 3466 2092">
    <p class='ocr_par' dir='ltr' id='par_1_49' title="bbox 1876 2017 3466 2092">
     <span class='ocr_line' id='line_1_49' title="bbox 1876 2017 3466 2092; baseline 0.004 -22"><span class='ocrx_word' id='word_1_404' title='bbox 1876 2017 2059 2086; x_wconf 92' lang='lat' dir='ltr'><strong>quine</strong></span> <span class='ocrx_word' id='word_1_405' title='bbox 2099 2017 2291 2074; x_wconf 87' lang='lat' dir='ltr'><strong>timeat</strong></span> <span class='ocrx_word' id='word_1_406' title='bbox 2345 2029 2742 2075; x_wconf 91' lang='lat' dir='ltr'><strong>eommonetur.</strong></span> <span class='ocrx_word' id='word_1_407' title='bbox 2787 2019 2856 2075; x_wconf 88' lang='lat' dir='ltr'><strong>Et</strong></span> <span class='ocrx_word' id='word_1_408' title='bbox 2899 2021 3024 2091; x_wconf 89' lang='lat' dir='ltr'><strong>quia</strong></span> <span class='ocrx_word' id='word_1_409' title='bbox 3065 2020 3217 2092; x_wconf 89' lang='lat' dir='ltr'><strong>pravi</strong></span> <span class='ocrx_word' id='word_1_410' title='bbox 3263 2021 3466 2092; x_wconf 90' lang='lat' dir='ltr'><strong>quique</strong></span> 
     </span>
    </p>
   </div>
   <div class='ocr_carea' id='block_1_50' title="bbox 1874 2105 3466 2181">
    <p class='ocr_par' dir='ltr' id='par_1_50' title="bbox 1874 2105 3466 2181">
     <span class='ocr_line' id='line_1_50' title="bbox 1874 2105 3466 2181; baseline 0.002 -17"><span class='ocrx_word' id='word_1_411' title='bbox 1874 2105 2015 2164; x_wconf 79' lang='lat' dir='ltr'><strong>bona</strong></span> <span class='ocrx_word' id='word_1_412' title='bbox 2055 2108 2154 2164; x_wconf 87' lang='lat' dir='ltr'><strong>sibi</strong></span> <span class='ocrx_word' id='word_1_413' title='bbox 2197 2109 2546 2180; x_wconf 86' lang='lat' dir='ltr'><strong>loquentibus</strong></span> <span class='ocrx_word' id='word_1_414' title='bbox 2569 2111 2672 2165; x_wconf 92' lang='lat' dir='ltr'><strong>alia</strong></span> <span class='ocrx_word' id='word_1_415' title='bbox 2713 2111 2896 2181; x_wconf 89' lang='lat' dir='ltr'><strong>iniqua</strong></span> <span class='ocrx_word' id='word_1_416' title='bbox 2925 2111 3133 2166; x_wconf 85' lang='lat' dir='ltr'><strong>faciunt</strong></span> <span class='ocrx_word' id='word_1_417' title='bbox 3205 2120 3260 2167; x_wconf 91' lang='lat' dir='ltr'><strong>et</strong></span> <span class='ocrx_word' id='word_1_418' title='bbox 3289 2112 3466 2167; x_wconf 88' lang='lat' dir='ltr'><strong>adhuc</strong></span> 
     </span>
    </p>
   </div>
   <div class='ocr_carea' id='block_1_51' title="bbox 1875 2200 3469 2274">
    <p class='ocr_par' dir='ltr' id='par_1_51' title="bbox 1875 2200 3469 2274">
     <span class='ocr_line' id='line_1_51' title="bbox 1875 2200 3469 2274; baseline 0.003 -19"><span class='ocrx_word' id='word_1_419' title='bbox 1875 2200 1980 2256; x_wconf 88' lang='lat' dir='ltr'><strong>alia</strong></span> <span class='ocrx_word' id='word_1_420' title='bbox 2004 2201 2298 2268; x_wconf 86' lang='lat' dir='ltr'><strong>minantur,</strong></span> <span class='ocrx_word' id='word_1_421' title='bbox 2325 2211 2548 2273; x_wconf 91' lang='lat' dir='ltr'><strong>propter</strong></span> <span class='ocrx_word' id='word_1_422' title='bbox 2567 2202 2658 2258; x_wconf 90' lang='lat' dir='ltr'><strong>illa</strong></span> <span class='ocrx_word' id='word_1_423' title='bbox 2689 2219 2811 2274; x_wconf 72' lang='lat' dir='ltr'><strong>qum</strong></span> <span class='ocrx_word' id='word_1_424' title='bbox 2840 2203 3044 2258; x_wconf 83' lang='lat' dir='ltr'><strong>faciunt</strong></span> <span class='ocrx_word' id='word_1_425' title='bbox 3065 2203 3260 2258; x_wconf 90' lang='lat' dir='ltr'><strong>dicitur</strong></span> <span class='ocrx_word' id='word_1_426' title='bbox 3284 2221 3298 2256; x_wconf 90' lang='lat'><strong>:</strong></span> <span class='ocrx_word' id='word_1_427' title='bbox 3335 2220 3354 2253; x_wconf 71' lang='grc' dir='ltr'>ι</span> <span class='ocrx_word' id='word_1_428' title='bbox 3389 2201 3469 2258; x_wconf 85' lang='lat' dir='ltr'><strong>Ne</strong></span> 
     </span>
    </p>
   </div>
   <div class='ocr_carea' id='block_1_52' title="bbox 1875 2292 3466 2366">
    <p class='ocr_par' dir='ltr' id='par_1_52' title="bbox 1875 2292 3466 2366">
     <span class='ocr_line' id='line_1_52' title="bbox 1875 2292 3466 2366; baseline -0.001 -16"><span class='ocrx_word' id='word_1_429' title='bbox 1875 2295 2070 2351; x_wconf 87' lang='lat' dir='ltr'><strong>timeas</strong></span> <span class='ocrx_word' id='word_1_430' title='bbox 2109 2309 2224 2350; x_wconf 87' lang='lat' dir='ltr'><strong>eos.</strong></span> <span class='ocrx_word' id='word_1_431' title='bbox 2256 2314 2277 2347; x_wconf 75' lang='grc' dir='ltr'><strong><em>ι</em></strong></span> <span class='ocrx_word' id='word_1_432' title='bbox 2312 2295 2381 2350; x_wconf 90' lang='lat' dir='ltr'><strong>Et</strong></span> <span class='ocrx_word' id='word_1_433' title='bbox 2405 2304 2627 2366; x_wconf 87' lang='lat' dir='ltr'><strong>propter</strong></span> <span class='ocrx_word' id='word_1_434' title='bbox 2649 2296 2754 2351; x_wconf 92' lang='lat' dir='ltr'><strong>hoc</strong></span> <span class='ocrx_word' id='word_1_435' title='bbox 2779 2297 2922 2366; x_wconf 89' lang='lat' dir='ltr'><strong>quod</strong></span> <span class='ocrx_word' id='word_1_436' title='bbox 2954 2295 3235 2350; x_wconf 91' lang='lat' dir='ltr'><strong>minantur</strong></span> <span class='ocrx_word' id='word_1_437' title='bbox 3271 2292 3466 2364; x_wconf 83' lang='lat' dir='ltr'><strong>adjun-</strong></span> 
     </span>
    </p>
   </div>
   <div class='ocr_carea' id='block_1_53' title="bbox 1878 2385 3466 2458">
    <p class='ocr_par' dir='ltr' id='par_1_53' title="bbox 1878 2385 3466 2458">
     <span class='ocr_line' id='line_1_53' title="bbox 1878 2385 3466 2458; baseline 0.001 -17"><span class='ocrx_word' id='word_1_438' title='bbox 1878 2387 2024 2458; x_wconf 91' lang='lat' dir='ltr'><strong>gitur</strong></span> <span class='ocrx_word' id='word_1_439' title='bbox 2051 2405 2063 2441; x_wconf 92' lang='lat'><strong>:</strong></span> <span class='ocrx_word' id='word_1_440' title='bbox 2094 2405 2111 2436; x_wconf 77' lang='grc' dir='ltr'>ι</span> <span class='ocrx_word' id='word_1_441' title='bbox 2140 2385 2329 2456; x_wconf 86' lang='lat' dir='ltr'><strong>Neque</strong></span> <span class='ocrx_word' id='word_1_442' title='bbox 2352 2401 2631 2442; x_wconf 91' lang='lat' dir='ltr'><strong>sermones</strong></span> <span class='ocrx_word' id='word_1_443' title='bbox 2655 2401 2844 2443; x_wconf 89' lang='lat' dir='ltr'><strong>eorum</strong></span> <span class='ocrx_word' id='word_1_444' title='bbox 2862 2394 3093 2444; x_wconf 90' lang='lat' dir='ltr'><strong>metuas.</strong></span> <span class='ocrx_word' id='word_1_445' title='bbox 3119 2407 3139 2440; x_wconf 74' lang='grc' dir='ltr'><strong><em>ι</em></strong></span> <span class='ocrx_word' id='word_1_446' title='bbox 3165 2385 3271 2444; x_wconf 63' lang='grc' dir='ltr'>’νει</span> <span class='ocrx_word' id='word_1_447' title='bbox 3294 2395 3466 2455; x_wconf 91' lang='lat' dir='ltr'><strong>certe,</strong></span> 
     </span>
    </p>
   </div>
   <div class='ocr_carea' id='block_1_54' title="bbox 1877 2479 3468 2552">
    <p class='ocr_par' dir='ltr' id='par_1_54' title="bbox 1877 2479 3468 2552">
     <span class='ocr_line' id='line_1_54' title="bbox 1877 2479 3468 2552; baseline 0.002 -19"><span class='ocrx_word' id='word_1_448' title='bbox 1877 2480 2004 2549; x_wconf 85' lang='lat' dir='ltr'><strong>quia</strong></span> <span class='ocrx_word' id='word_1_449' title='bbox 2030 2481 2249 2550; x_wconf 88' lang='lat' dir='ltr'><strong>reprobi</strong></span> <span class='ocrx_word' id='word_1_450' title='bbox 2271 2489 2327 2536; x_wconf 91' lang='lat' dir='ltr'><strong>et</strong></span> <span class='ocrx_word' id='word_1_451' title='bbox 2349 2479 2491 2534; x_wconf 90' lang='lat' dir='ltr'><strong>mala</strong></span> <span class='ocrx_word' id='word_1_452' title='bbox 2534 2479 2692 2536; x_wconf 89' lang='lat' dir='ltr'><strong>bonis</strong></span> <span class='ocrx_word' id='word_1_453' title='bbox 2727 2480 2996 2552; x_wconf 90' lang='lat' dir='ltr'><strong>ingerunt,</strong></span> <span class='ocrx_word' id='word_1_454' title='bbox 3029 2489 3086 2538; x_wconf 88' lang='lat' dir='ltr'><strong>et</strong></span> <span class='ocrx_word' id='word_1_455' title='bbox 3108 2495 3297 2537; x_wconf 91' lang='lat' dir='ltr'><strong>eorum</strong></span> <span class='ocrx_word' id='word_1_456' title='bbox 3322 2497 3468 2536; x_wconf 88' lang='lat' dir='ltr'><strong>sem-</strong></span> 
     </span>
    </p>
   </div>
   <div class='ocr_carea' id='block_1_55' title="bbox 1877 2573 3470 2644">
    <p class='ocr_par' dir='ltr' id='par_1_55' title="bbox 1877 2573 3470 2644">
     <span class='ocr_line' id='line_1_55' title="bbox 1877 2573 3470 2644; baseline -0.002 -15"><span class='ocrx_word' id='word_1_457' title='bbox 1877 2588 1976 2642; x_wconf 89' lang='lat' dir='ltr'><strong>per</strong></span> <span class='ocrx_word' id='word_1_458' title='bbox 2003 2575 2218 2630; x_wconf 89' lang='lat' dir='ltr'><strong>actibus</strong></span> <span class='ocrx_word' id='word_1_459' title='bbox 2261 2574 2538 2644; x_wconf 80' lang='lat' dir='ltr'><strong>derogant,</strong></span> <span class='ocrx_word' id='word_1_460' title='bbox 2581 2573 2853 2644; x_wconf 89' lang='lat' dir='ltr'><strong>Pr0pheta</strong></span> <span class='ocrx_word' id='word_1_461' title='bbox 2894 2573 3093 2630; x_wconf 89' lang='lat' dir='ltr'><strong>missus</strong></span> <span class='ocrx_word' id='word_1_462' title='bbox 3147 2574 3470 2628; x_wconf 90' lang='lat' dir='ltr'><strong>admonetur</strong></span> 
     </span>
    </p>
   </div>
   <div class='ocr_carea' id='block_1_56' title="bbox 1877 2665 3470 2737">
    <p class='ocr_par' dir='ltr' id='par_1_56' title="bbox 1877 2665 3470 2737">
     <span class='ocr_line' id='line_1_56' title="bbox 1877 2665 3470 2737; baseline -0.001 -16"><span class='ocrx_word' id='word_1_463' title='bbox 1877 2682 1949 2722; x_wconf 88' lang='lat' dir='ltr'><strong>ne</strong></span> <span class='ocrx_word' id='word_1_464' title='bbox 1983 2683 2172 2724; x_wconf 89' lang='lat' dir='ltr'><strong>eorum</strong></span> <span class='ocrx_word' id='word_1_465' title='bbox 2214 2667 2302 2723; x_wconf 90' lang='lat' dir='ltr'><strong>vel</strong></span> <span class='ocrx_word' id='word_1_466' title='bbox 2345 2667 2720 2724; x_wconf 89' lang='lat' dir='ltr'><strong>crudelitatem</strong></span> <span class='ocrx_word' id='word_1_467' title='bbox 2750 2675 2988 2733; x_wconf 89' lang='lat' dir='ltr'><strong>metuat,</strong></span> <span class='ocrx_word' id='word_1_468' title='bbox 3033 2665 3118 2721; x_wconf 89' lang='lat' dir='ltr'><strong>vel</strong></span> <span class='ocrx_word' id='word_1_469' title='bbox 3147 2665 3310 2722; x_wconf 91' lang='lat' dir='ltr'><strong>verba</strong></span> <span class='ocrx_word' id='word_1_470' title='bbox 3347 2683 3470 2737; x_wconf 81' lang='lat' dir='ltr'><strong>per—</strong></span> 
     </span>
    </p>
   </div>
   <div class='ocr_carea' id='block_1_57' title="bbox 1880 2758 3466 2830">
    <p class='ocr_par' dir='ltr' id='par_1_57' title="bbox 1880 2758 3466 2830">
     <span class='ocr_line' id='line_1_57' title="bbox 1880 2758 3466 2830; baseline -0.001 -18"><span class='ocrx_word' id='word_1_471' title='bbox 1880 2759 2148 2814; x_wconf 89' lang='lat' dir='ltr'><strong>timescat.</strong></span> <span class='ocrx_word' id='word_1_472' title='bbox 2201 2759 2260 2814; x_wconf 90' lang='lat' dir='ltr'><strong>In</strong></span> <span class='ocrx_word' id='word_1_473' title='bbox 2307 2760 2412 2814; x_wconf 89' lang='lat' dir='ltr'><strong>hoc</strong></span> <span class='ocrx_word' id='word_1_474' title='bbox 2458 2760 2640 2830; x_wconf 90' lang='lat' dir='ltr'><strong>itaque</strong></span> <span class='ocrx_word' id='word_1_475' title='bbox 2691 2761 2835 2830; x_wconf 92' lang='lat' dir='ltr'><strong>quod</strong></span> <span class='ocrx_word' id='word_1_476' title='bbox 2874 2759 3096 2824; x_wconf 91' lang='lat' dir='ltr'><strong>dicitur,</strong></span> <span class='ocrx_word' id='word_1_477' title='bbox 3147 2774 3210 2812; x_wconf 84' lang='lat' dir='ltr'><strong>ne</strong></span> <span class='ocrx_word' id='word_1_478' title='bbox 3260 2758 3466 2823; x_wconf 83' lang='lat' dir='ltr'><strong>timeas,</strong></span> 
     </span>
    </p>
   </div>
   <div class='ocr_carea' id='block_1_58' title="bbox 1877 2852 3469 2924">
    <p class='ocr_par' dir='ltr' id='par_1_58' title="bbox 1877 2852 3469 2924">
     <span class='ocr_line' id='line_1_58' title="bbox 1877 2852 3469 2924; baseline 0 -19"><span class='ocrx_word' id='word_1_479' title='bbox 1877 2853 2154 2921; x_wconf 71' lang='lat' dir='ltr'><strong>pr0phet2e</strong></span> <span class='ocrx_word' id='word_1_480' title='bbox 2205 2853 2366 2908; x_wconf 89' lang='lat' dir='ltr'><strong>datur</strong></span> <span class='ocrx_word' id='word_1_481' title='bbox 2405 2854 2703 2909; x_wconf 86' lang='lat' dir='ltr'><strong>auctoritas</strong></span> <span class='ocrx_word' id='word_1_482' title='bbox 2746 2852 3170 2924; x_wconf 67' lang='lat' dir='ltr'><strong>praedicationis.</strong></span> <span class='ocrx_word' id='word_1_483' title='bbox 3232 2852 3299 2906; x_wconf 91' lang='lat' dir='ltr'><strong>Et</strong></span> <span class='ocrx_word' id='word_1_484' title='bbox 3342 2852 3469 2920; x_wconf 88' lang='lat' dir='ltr'><strong>quia</strong></span> 
     </span>
    </p>
   </div>
   <div class='ocr_carea' id='block_1_59' title="bbox 1880 2942 3466 3015">
    <p class='ocr_par' dir='ltr' id='par_1_59' title="bbox 1880 2942 3466 3015">
     <span class='ocr_line' id='line_1_59' title="bbox 1880 2942 3466 3015; baseline 0.001 -19"><span class='ocrx_word' id='word_1_485' title='bbox 1880 2956 2072 2996; x_wconf 89' lang='lat' dir='ltr'><strong>omnes</strong></span> <span class='ocrx_word' id='word_1_486' title='bbox 2107 2942 2197 3012; x_wconf 90' lang='lat' dir='ltr'><strong>qui</strong></span> <span class='ocrx_word' id='word_1_487' title='bbox 2236 2945 2290 2996; x_wconf 91' lang='lat' dir='ltr'><strong>in</strong></span> <span class='ocrx_word' id='word_1_488' title='bbox 2324 2943 2435 2998; x_wconf 92' lang='lat' dir='ltr'><strong>Deo</strong></span> <span class='ocrx_word' id='word_1_489' title='bbox 2467 2943 2696 2999; x_wconf 85' lang='lat' dir='ltr'><strong>vivimus</strong></span> <span class='ocrx_word' id='word_1_490' title='bbox 2737 2959 2940 3015; x_wconf 83' lang='lat' dir='ltr'><strong>organa</strong></span> <span class='ocrx_word' id='word_1_491' title='bbox 2978 2943 3224 3001; x_wconf 86' lang='lat' dir='ltr'><strong>veritatis</strong></span> <span class='ocrx_word' id='word_1_492' title='bbox 3259 2957 3466 3008; x_wconf 89' lang='lat' dir='ltr'><strong>sumus,</strong></span> 
     </span>
    </p>
   </div>
   <div class='ocr_carea' id='block_1_60' title="bbox 1882 3025 3480 3104">
    <p class='ocr_par' dir='ltr' id='par_1_60' title="bbox 1882 3025 3480 3104">
     <span class='ocr_line' id='line_1_60' title="bbox 1882 3025 3480 3104; baseline 0.001 -19"><span class='ocrx_word' id='word_1_493' title='bbox 1882 3039 1942 3086; x_wconf 89' lang='lat' dir='ltr'><strong>ut</strong></span> <span class='ocrx_word' id='word_1_494' title='bbox 1964 3046 2105 3102; x_wconf 77' lang='lat' dir='ltr'><strong>saepe</strong></span> <span class='ocrx_word' id='word_1_495' title='bbox 2129 3047 2228 3104; x_wconf 92' lang='lat' dir='ltr'><strong>per</strong></span> <span class='ocrx_word' id='word_1_496' title='bbox 2255 3033 2421 3088; x_wconf 86' lang='lat' dir='ltr'><strong>alium</strong></span> <span class='ocrx_word' id='word_1_497' title='bbox 2441 3034 2574 3087; x_wconf 90' lang='lat' dir='ltr'><strong>mihi</strong></span> <span class='ocrx_word' id='word_1_498' title='bbox 2593 3075 2608 3100; x_wconf 89' lang='lat'><strong>,</strong></span> <span class='ocrx_word' id='word_1_499' title='bbox 2655 3047 2798 3104; x_wconf 67' lang='lat' dir='ltr'><strong>saepe</strong></span> <span class='ocrx_word' id='word_1_500' title='bbox 2824 3049 2954 3088; x_wconf 92' lang='lat' dir='ltr'><strong>vero</strong></span> <span class='ocrx_word' id='word_1_501' title='bbox 2981 3043 3038 3089; x_wconf 91' lang='lat' dir='ltr'><strong>et</strong></span> <span class='ocrx_word' id='word_1_502' title='bbox 3064 3034 3186 3089; x_wconf 92' lang='lat' dir='ltr'><strong>aliis</strong></span> <span class='ocrx_word' id='word_1_503' title='bbox 3216 3025 3480 3104; x_wconf 87' lang='lat' dir='ltr'><strong>loquatur</strong></span> 
     </span>
    </p>
   </div>
   <div class='ocr_carea' id='block_1_61' title="bbox 1883 3123 3469 3193">
    <p class='ocr_par' dir='ltr' id='par_1_61' title="bbox 1883 3123 3469 3193">
     <span class='ocr_line' id='line_1_61' title="bbox 1883 3123 3469 3193; baseline 0.001 -16"><span class='ocrx_word' id='word_1_504' title='bbox 1883 3138 1982 3193; x_wconf 91' lang='lat' dir='ltr'><strong>per</strong></span> <span class='ocrx_word' id='word_1_505' title='bbox 2007 3139 2095 3180; x_wconf 89' lang='lat' dir='ltr'><strong>me</strong></span> <span class='ocrx_word' id='word_1_506' title='bbox 2123 3142 2136 3178; x_wconf 90' lang='lat'><strong>:</strong></span> <span class='ocrx_word' id='word_1_507' title='bbox 2169 3125 2248 3180; x_wconf 90' lang='lat' dir='ltr'><strong>sic</strong></span> <span class='ocrx_word' id='word_1_508' title='bbox 2287 3124 2443 3180; x_wconf 90' lang='lat' dir='ltr'><strong>nobis</strong></span> <span class='ocrx_word' id='word_1_509' title='bbox 2470 3123 2595 3179; x_wconf 91' lang='lat' dir='ltr'><strong>boni</strong></span> <span class='ocrx_word' id='word_1_510' title='bbox 2626 3125 2779 3179; x_wconf 80' lang='lat' dir='ltr'><strong>verbi</strong></span> <span class='ocrx_word' id='word_1_511' title='bbox 2808 3125 2988 3180; x_wconf 89' lang='lat' dir='ltr'><strong>inesse</strong></span> <span class='ocrx_word' id='word_1_512' title='bbox 3031 3124 3330 3180; x_wconf 90' lang='lat' dir='ltr'><strong>auctoritas</strong></span> <span class='ocrx_word' id='word_1_513' title='bbox 3371 3125 3469 3179; x_wconf 90' lang='lat' dir='ltr'><strong>de-</strong></span> 
     </span>
    </p>
   </div>
   <div class='ocr_carea' id='block_1_62' title="bbox 183 3199 3484 3294">
    <p class='ocr_par' dir='ltr' id='par_1_62' title="bbox 183 3199 3484 3294">
     <span class='ocr_line' id='line_1_62' title="bbox 183 3199 3484 3294; baseline 0 -21"><span class='ocrx_word' id='word_1_514' title='bbox 183 3214 350 3269; x_wconf 82' lang='lat' dir='ltr'><strong>urbes</strong></span> <span class='ocrx_word' id='word_1_515' title='bbox 383 3223 587 3281; x_wconf 84' lang='lat' dir='ltr'><strong>erutas,</strong></span> <span class='ocrx_word' id='word_1_516' title='bbox 612 3232 800 3274; x_wconf 88' lang='lat' dir='ltr'><strong>eversa</strong></span> <span class='ocrx_word' id='word_1_517' title='bbox 821 3228 1022 3287; x_wconf 89' lang='lat' dir='ltr'><strong>castra,</strong></span> <span class='ocrx_word' id='word_1_518' title='bbox 1065 3199 1431 3293; x_wconf 65' lang='lat' dir='ltr'><strong>depopulatos</strong></span> <span class='ocrx_word' id='word_1_519' title='bbox 1446 3239 1626 3294; x_wconf 83' lang='lat' dir='ltr'><strong>agros,</strong></span> <span class='ocrx_word' id='word_1_520' title='bbox 1659 3199 1774 3280; x_wconf 46' lang='lat' dir='ltr'><strong>sur?</strong></span> <span class='ocrx_word' id='word_1_521' title='bbox 1801 3199 1848 3264; x_wconf 63' lang='grc' dir='ltr'><strong>(ἶ</strong></span> <span class='ocrx_word' id='word_1_522' title='bbox 1877 3218 1990 3285; x_wconf 80' lang='lat' dir='ltr'><strong>bet,</strong></span> <span class='ocrx_word' id='word_1_523' title='bbox 2020 3227 2081 3274; x_wconf 92' lang='lat' dir='ltr'><strong>ut</strong></span> <span class='ocrx_word' id='word_1_524' title='bbox 2115 3219 2161 3274; x_wconf 90' lang='lat' dir='ltr'><strong>is</strong></span> <span class='ocrx_word' id='word_1_525' title='bbox 2196 3219 2289 3290; x_wconf 90' lang='lat' dir='ltr'><strong>qui</strong></span> <span class='ocrx_word' id='word_1_526' title='bbox 2313 3227 2512 3289; x_wconf 67' lang='lat' dir='ltr'><strong>prmest</strong></span> <span class='ocrx_word' id='word_1_527' title='bbox 2547 3220 2692 3275; x_wconf 89' lang='lat' dir='ltr'><strong>dicat</strong></span> <span class='ocrx_word' id='word_1_528' title='bbox 2741 3228 2888 3275; x_wconf 89' lang='lat' dir='ltr'><strong>recta</strong></span> <span class='ocrx_word' id='word_1_529' title='bbox 2932 3219 3120 3284; x_wconf 87' lang='lat' dir='ltr'><strong>libere,</strong></span> <span class='ocrx_word' id='word_1_530' title='bbox 3189 3228 3244 3275; x_wconf 93' lang='lat' dir='ltr'><strong>et</strong></span> <span class='ocrx_word' id='word_1_531' title='bbox 3288 3219 3336 3274; x_wconf 89' lang='lat' dir='ltr'><strong>is</strong></span> <span class='ocrx_word' id='word_1_532' title='bbox 3375 3209 3484 3289; x_wconf 83' lang='lat' dir='ltr'><strong>qui</strong></span> 
     </span>
    </p>
   </div>
   <div class='ocr_carea' id='block_1_63' title="bbox 183 3302 1775 3386">
    <p class='ocr_par' dir='ltr' id='par_1_63' title="bbox 183 3302 1775 3386">
     <span class='ocr_line' id='line_1_63' title="bbox 183 3302 1775 3386; baseline 0.01 -29"><span class='ocrx_word' id='word_1_533' title='bbox 183 3302 361 3361; x_wconf 82' lang='lat' dir='ltr'><strong>fossas</strong></span> <span class='ocrx_word' id='word_1_534' title='bbox 392 3306 666 3365; x_wconf 89' lang='lat' dir='ltr'><strong>Ecclesias</strong></span> <span class='ocrx_word' id='word_1_535' title='bbox 688 3311 939 3368; x_wconf 80' lang='lat' dir='ltr'><strong>vidimus.</strong></span> <span class='ocrx_word' id='word_1_536' title='bbox 977 3313 1047 3368; x_wconf 88' lang='lat' dir='ltr'><strong>Et</strong></span> <span class='ocrx_word' id='word_1_537' title='bbox 1089 3322 1266 3370; x_wconf 88' lang='lat' dir='ltr'><strong>tamen</strong></span> <span class='ocrx_word' id='word_1_538' title='bbox 1307 3315 1484 3370; x_wconf 87' lang='lat' dir='ltr'><strong>adhuc</strong></span> <span class='ocrx_word' id='word_1_539' title='bbox 1517 3326 1775 3386; x_wconf 90' lang='lat' dir='ltr'><strong>parentes</strong></span> 
     </span>
    </p>
   </div>
   <div class='ocr_carea' id='block_1_64' title="bbox 183 3405 1770 3482">
    <p class='ocr_par' dir='ltr' id='par_1_64' title="bbox 183 3405 1770 3482">
     <span class='ocr_line' id='line_1_64' title="bbox 183 3405 1770 3482; baseline 0.009 -26"><span class='ocrx_word' id='word_1_540' title='bbox 183 3413 403 3460; x_wconf 86' lang='lat' dir='ltr'><strong>nostros</strong></span> <span class='ocrx_word' id='word_1_541' title='bbox 433 3406 501 3460; x_wconf 88' lang='lat' dir='ltr'><strong>ad</strong></span> <span class='ocrx_word' id='word_1_542' title='bbox 529 3405 847 3478; x_wconf 87' lang='lat' dir='ltr'><strong>iniquitates</strong></span> <span class='ocrx_word' id='word_1_543' title='bbox 876 3410 1173 3480; x_wconf 87' lang='lat' dir='ltr'><strong>sequimur,</strong></span> <span class='ocrx_word' id='word_1_544' title='bbox 1201 3413 1270 3467; x_wconf 91' lang='lat' dir='ltr'><strong>ab</strong></span> <span class='ocrx_word' id='word_1_545' title='bbox 1297 3427 1485 3468; x_wconf 90' lang='lat' dir='ltr'><strong>eorum</strong></span> <span class='ocrx_word' id='word_1_546' title='bbox 1513 3413 1770 3482; x_wconf 88' lang='lat' dir='ltr'><strong>elatione,</strong></span> 
     </span>
    </p>
   </div>
   <div class='ocr_carea' id='block_1_65' title="bbox 182 3499 1777 3576">
    <p class='ocr_par' dir='ltr' id='par_1_65' title="bbox 182 3499 1777 3576">
     <span class='ocr_line' id='line_1_65' title="bbox 182 3499 1777 3576; baseline 0.008 -26"><span class='ocrx_word' id='word_1_547' title='bbox 182 3511 350 3566; x_wconf 88' lang='lat' dir='ltr'><strong>quam</strong></span> <span class='ocrx_word' id='word_1_548' title='bbox 385 3499 640 3566; x_wconf 90' lang='lat' dir='ltr'><strong>vidimus,</strong></span> <span class='ocrx_word' id='word_1_549' title='bbox 679 3515 787 3557; x_wconf 90' lang='lat' dir='ltr'><strong>non</strong></span> <span class='ocrx_word' id='word_1_550' title='bbox 819 3511 1110 3558; x_wconf 90' lang='lat' dir='ltr'><strong>mutamur.</strong></span> <span class='ocrx_word' id='word_1_551' title='bbox 1143 3505 1209 3559; x_wconf 90' lang='lat' dir='ltr'><strong>Et</strong></span> <span class='ocrx_word' id='word_1_552' title='bbox 1254 3506 1330 3560; x_wconf 90' lang='lat' dir='ltr'><strong>illi</strong></span> <span class='ocrx_word' id='word_1_553' title='bbox 1377 3507 1592 3576; x_wconf 86' lang='lat' dir='ltr'><strong>quidem</strong></span> <span class='ocrx_word' id='word_1_554' title='bbox 1630 3509 1777 3565; x_wconf 91' lang='lat' dir='ltr'><strong>inter</strong></span> 
     </span>
    </p>
   </div>
   <div class='ocr_carea' id='block_1_66' title="bbox 184 3590 1776 3670">
    <p class='ocr_par' dir='ltr' id='par_1_66' title="bbox 184 3590 1776 3670">
     <span class='ocr_line' id='line_1_66' title="bbox 184 3590 1776 3670; baseline 0.008 -28"><span class='ocrx_word' id='word_1_555' title='bbox 184 3590 406 3658; x_wconf 83' lang='lat' dir='ltr'><strong>gaudia,</strong></span> <span class='ocrx_word' id='word_1_556' title='bbox 440 3607 540 3648; x_wconf 90' lang='lat' dir='ltr'><strong>nos</strong></span> <span class='ocrx_word' id='word_1_557' title='bbox 571 3607 722 3661; x_wconf 83' lang='lat' dir='ltr'><strong>vero,</strong></span> <span class='ocrx_word' id='word_1_558' title='bbox 751 3595 894 3664; x_wconf 86' lang='lat' dir='ltr'><strong>quod</strong></span> <span class='ocrx_word' id='word_1_559' title='bbox 937 3604 1021 3651; x_wconf 88' lang='lat' dir='ltr'><strong>est</strong></span> <span class='ocrx_word' id='word_1_560' title='bbox 1049 3597 1285 3668; x_wconf 86' lang='lat' dir='ltr'><strong>gravius,</strong></span> <span class='ocrx_word' id='word_1_561' title='bbox 1317 3606 1372 3652; x_wconf 93' lang='lat' dir='ltr'><strong>et</strong></span> <span class='ocrx_word' id='word_1_562' title='bbox 1402 3598 1542 3654; x_wconf 89' lang='lat' dir='ltr'><strong>inter</strong></span> <span class='ocrx_word' id='word_1_563' title='bbox 1567 3599 1776 3670; x_wconf 83' lang='lat' dir='ltr'><strong>ﬂagella</strong></span> 
     </span>
    </p>
   </div>
   <div class='ocr_carea' id='block_1_67' title="bbox 182 3683 1778 3761">
    <p class='ocr_par' dir='ltr' id='par_1_67' title="bbox 182 3683 1778 3761">
     <span class='ocr_line' id='line_1_67' title="bbox 182 3683 1778 3761; baseline 0.007 -26"><span class='ocrx_word' id='word_1_564' title='bbox 182 3694 496 3750; x_wconf 90' lang='lat' dir='ltr'><strong>peccamus.</strong></span> <span class='ocrx_word' id='word_1_565' title='bbox 525 3683 634 3740; x_wconf 88' lang='lat' dir='ltr'><strong>Sed</strong></span> <span class='ocrx_word' id='word_1_566' title='bbox 660 3699 788 3741; x_wconf 90' lang='lat' dir='ltr'><strong>ecce</strong></span> <span class='ocrx_word' id='word_1_567' title='bbox 814 3687 1154 3757; x_wconf 89' lang='lat' dir='ltr'><strong>omnipotens</strong></span> <span class='ocrx_word' id='word_1_568' title='bbox 1181 3688 1322 3744; x_wconf 84' lang='lat' dir='ltr'><strong>Deus</strong></span> <span class='ocrx_word' id='word_1_569' title='bbox 1362 3689 1675 3761; x_wconf 88' lang='lat' dir='ltr'><strong>iniquitates</strong></span> <span class='ocrx_word' id='word_1_570' title='bbox 1690 3690 1778 3759; x_wconf 85' lang='lat' dir='ltr'><strong>ju-</strong></span> 
     </span>
    </p>
   </div>
   <div class='ocr_carea' id='block_1_68' title="bbox 183 3772 1776 3853">
    <p class='ocr_par' dir='ltr' id='par_1_68' title="bbox 183 3772 1776 3853">
     <span class='ocr_line' id='line_1_68' title="bbox 183 3772 1776 3853; baseline 0.007 -27"><span class='ocrx_word' id='word_1_571' title='bbox 183 3772 395 3839; x_wconf 89' lang='lat' dir='ltr'><strong>dicans,</strong></span> <span class='ocrx_word' id='word_1_572' title='bbox 413 3773 528 3844; x_wconf 88' lang='lat' dir='ltr'><strong>jam</strong></span> <span class='ocrx_word' id='word_1_573' title='bbox 544 3777 754 3847; x_wconf 91' lang='lat' dir='ltr'><strong>priores</strong></span> <span class='ocrx_word' id='word_1_574' title='bbox 777 3787 994 3834; x_wconf 89' lang='lat' dir='ltr'><strong>nostros</strong></span> <span class='ocrx_word' id='word_1_575' title='bbox 1016 3780 1256 3846; x_wconf 90' lang='lat' dir='ltr'><strong>abstulit,</strong></span> <span class='ocrx_word' id='word_1_576' title='bbox 1279 3778 1396 3848; x_wconf 89' lang='lat' dir='ltr'><strong>jam</strong></span> <span class='ocrx_word' id='word_1_577' title='bbox 1425 3782 1492 3836; x_wconf 92' lang='lat' dir='ltr'><strong>ad</strong></span> <span class='ocrx_word' id='word_1_578' title='bbox 1510 3782 1776 3853; x_wconf 86' lang='lat' dir='ltr'><strong>judicium</strong></span> 
     </span>
    </p>
   </div>
   <div class='ocr_carea' id='block_1_69' title="bbox 180 3865 1779 3943">
    <p class='ocr_par' dir='ltr' id='par_1_69' title="bbox 180 3865 1779 3943">
     <span class='ocr_line' id='line_1_69' title="bbox 180 3865 1779 3943; baseline 0.008 -27"><span class='ocrx_word' id='word_1_579' title='bbox 180 3865 424 3932; x_wconf 89' lang='lat' dir='ltr'><strong>vocavit,</strong></span> <span class='ocrx_word' id='word_1_580' title='bbox 473 3882 573 3921; x_wconf 91' lang='lat' dir='ltr'><strong>nos</strong></span> <span class='ocrx_word' id='word_1_581' title='bbox 614 3868 790 3922; x_wconf 89' lang='lat' dir='ltr'><strong>adhuc</strong></span> <span class='ocrx_word' id='word_1_582' title='bbox 829 3869 896 3924; x_wconf 91' lang='lat' dir='ltr'><strong>ad</strong></span> <span class='ocrx_word' id='word_1_583' title='bbox 924 3870 1299 3939; x_wconf 83' lang='lat' dir='ltr'><strong>paenitentiam</strong></span> <span class='ocrx_word' id='word_1_584' title='bbox 1329 3880 1634 3943; x_wconf 75' lang='lat' dir='ltr'><strong>exspectat,</strong></span> <span class='ocrx_word' id='word_1_585' title='bbox 1679 3889 1779 3929; x_wconf 91' lang='lat' dir='ltr'><strong>nos</strong></span> 
     </span>
    </p>
   </div>
   <div class='ocr_carea' id='block_1_70' title="bbox 178 3954 1778 4034">
    <p class='ocr_par' dir='ltr' id='par_1_70' title="bbox 178 3954 1778 4034">
     <span class='ocr_line' id='line_1_70' title="bbox 178 3954 1778 4034; baseline 0.006 -26"><span class='ocrx_word' id='word_1_586' title='bbox 178 3954 252 4009; x_wconf 90' lang='lat' dir='ltr'><strong>ad</strong></span> <span class='ocrx_word' id='word_1_587' title='bbox 279 3958 665 4012; x_wconf 83' lang='lat' dir='ltr'><strong>revertendum</strong></span> <span class='ocrx_word' id='word_1_588' title='bbox 710 3959 962 4026; x_wconf 89' lang='lat' dir='ltr'><strong>sustinet,</strong></span> <span class='ocrx_word' id='word_1_589' title='bbox 1006 3971 1062 4015; x_wconf 91' lang='lat' dir='ltr'><strong>et</strong></span> <span class='ocrx_word' id='word_1_590' title='bbox 1101 3963 1194 4032; x_wconf 90' lang='lat' dir='ltr'><strong>qui</strong></span> <span class='ocrx_word' id='word_1_591' title='bbox 1238 3963 1293 4017; x_wconf 90' lang='lat' dir='ltr'><strong>in</strong></span> <span class='ocrx_word' id='word_1_592' title='bbox 1330 3962 1434 4019; x_wconf 90' lang='lat' dir='ltr'><strong>illis</strong></span> <span class='ocrx_word' id='word_1_593' title='bbox 1467 3963 1584 4033; x_wconf 85' lang='lat' dir='ltr'><strong>jam</strong></span> <span class='ocrx_word' id='word_1_594' title='bbox 1628 3963 1778 4034; x_wconf 90' lang='lat' dir='ltr'><strong>judi-</strong></span> 
     </span>
    </p>
   </div>
   <div class='ocr_carea' id='block_1_71' title="bbox 177 4047 1780 4126">
    <p class='ocr_par' dir='ltr' id='par_1_71' title="bbox 177 4047 1780 4126">
     <span class='ocr_line' id='line_1_71' title="bbox 177 4047 1780 4126; baseline 0.005 -25"><span class='ocrx_word' id='word_1_595' title='bbox 177 4047 332 4102; x_wconf 89' lang='lat' dir='ltr'><strong>cium</strong></span> <span class='ocrx_word' id='word_1_596' title='bbox 367 4048 635 4115; x_wconf 80' lang='lat' dir='ltr'><strong>exereuit,</strong></span> <span class='ocrx_word' id='word_1_597' title='bbox 665 4049 824 4105; x_wconf 91' lang='lat' dir='ltr'><strong>nobis</strong></span> <span class='ocrx_word' id='word_1_598' title='bbox 850 4066 961 4105; x_wconf 83' lang='lat' dir='ltr'><strong>suae</strong></span> <span class='ocrx_word' id='word_1_599' title='bbox 987 4051 1263 4121; x_wconf 84' lang='lat' dir='ltr'><strong>patientiae</strong></span> <span class='ocrx_word' id='word_1_600' title='bbox 1309 4054 1780 4126; x_wconf 78' lang='lat' dir='ltr'><strong>longanimitatetn</strong></span> 
     </span>
    </p>
   </div>
   <div class='ocr_carea' id='block_1_72' title="bbox 169 4135 1779 4215">
    <p class='ocr_par' dir='ltr' id='par_1_72' title="bbox 169 4135 1779 4215">
     <span class='ocr_line' id='line_1_72' title="bbox 169 4135 1779 4215; baseline 0.002 -21"><span class='ocrx_word' id='word_1_601' title='bbox 169 4135 476 4211; x_wconf 84' lang='lat' dir='ltr'><strong>prorogat,</strong></span> <span class='ocrx_word' id='word_1_602' title='bbox 497 4153 600 4194; x_wconf 88' lang='lat' dir='ltr'><strong>nec</strong></span> <span class='ocrx_word' id='word_1_603' title='bbox 621 4156 745 4195; x_wconf 90' lang='lat' dir='ltr'><strong>cum</strong></span> <span class='ocrx_word' id='word_1_604' title='bbox 771 4142 974 4198; x_wconf 88' lang='lat' dir='ltr'><strong>nostris</strong></span> <span class='ocrx_word' id='word_1_605' title='bbox 997 4143 1271 4212; x_wconf 90' lang='lat' dir='ltr'><strong>prioribus</strong></span> <span class='ocrx_word' id='word_1_606' title='bbox 1299 4147 1518 4215; x_wconf 89' lang='lat' dir='ltr'><strong>perdat,</strong></span> <span class='ocrx_word' id='word_1_607' title='bbox 1551 4145 1779 4201; x_wconf 89' lang='lat' dir='ltr'><strong>dicens:</strong></span> 
     </span>
    </p>
   </div>
   <div class='ocr_carea' id='block_1_73' title="bbox 183 4229 1778 4309">
    <p class='ocr_par' dir='ltr' id='par_1_73' title="bbox 183 4229 1778 4309">
     <span class='ocr_line' id='line_1_73' title="bbox 183 4229 1778 4309; baseline 0.006 -25"><span class='ocrx_word' id='word_1_608' title='bbox 183 4251 202 4282; x_wconf 72' lang='grc' dir='ltr'><strong>ε</strong></span> <span class='ocrx_word' id='word_1_609' title='bbox 245 4231 311 4286; x_wconf 90' lang='lat' dir='ltr'><strong>Si</strong></span> <span class='ocrx_word' id='word_1_610' title='bbox 355 4229 499 4288; x_wconf 83' lang='lat' dir='ltr'><strong>forte</strong></span> <span class='ocrx_word' id='word_1_611' title='bbox 540 4233 625 4288; x_wconf 90' lang='lat' dir='ltr'><strong>vel</strong></span> <span class='ocrx_word' id='word_1_612' title='bbox 671 4234 772 4305; x_wconf 91' lang='lat' dir='ltr'><strong>ipsi</strong></span> <span class='ocrx_word' id='word_1_613' title='bbox 813 4235 1053 4302; x_wconf 90' lang='lat' dir='ltr'><strong>audiant,</strong></span> <span class='ocrx_word' id='word_1_614' title='bbox 1106 4245 1161 4291; x_wconf 93' lang='lat' dir='ltr'><strong>et</strong></span> <span class='ocrx_word' id='word_1_615' title='bbox 1201 4238 1246 4292; x_wconf 90' lang='lat' dir='ltr'><strong>si</strong></span> <span class='ocrx_word' id='word_1_616' title='bbox 1289 4238 1428 4293; x_wconf 87' lang='lat' dir='ltr'><strong>forte</strong></span> <span class='ocrx_word' id='word_1_617' title='bbox 1476 4239 1778 4309; x_wconf 88' lang='lat' dir='ltr'><strong>quiescant,</strong></span> 
     </span>
    </p>
   </div>
   <div class='ocr_carea' id='block_1_74' title="bbox 172 4323 1781 4398">
    <p class='ocr_par' dir='ltr' id='par_1_74' title="bbox 172 4323 1781 4398">
     <span class='ocr_line' id='line_1_74' title="bbox 172 4323 1781 4398; baseline 0.006 -21"><span class='ocrx_word' id='word_1_618' title='bbox 172 4323 313 4393; x_wconf 86' lang='lat' dir='ltr'><strong>quia</strong></span> <span class='ocrx_word' id='word_1_619' title='bbox 346 4325 540 4380; x_wconf 90' lang='lat' dir='ltr'><strong>domus</strong></span> <span class='ocrx_word' id='word_1_620' title='bbox 583 4341 918 4398; x_wconf 80' lang='lat' dir='ltr'><strong>exasperans</strong></span> <span class='ocrx_word' id='word_1_621' title='bbox 961 4337 1064 4383; x_wconf 88' lang='lat' dir='ltr'><strong>est.</strong></span> <span class='ocrx_word' id='word_1_622' title='bbox 1105 4347 1123 4378; x_wconf 73' lang='grc' dir='ltr'><strong><em>ι</em></strong></span> <span class='ocrx_word' id='word_1_623' title='bbox 1165 4328 1354 4384; x_wconf 90' lang='lat' dir='ltr'><strong>Omnis</strong></span> <span class='ocrx_word' id='word_1_624' title='bbox 1394 4330 1576 4386; x_wconf 88' lang='lat' dir='ltr'><strong>anima</strong></span> <span class='ocrx_word' id='word_1_625' title='bbox 1613 4332 1781 4387; x_wconf 90' lang='lat' dir='ltr'><strong>etiam</strong></span> 
     </span>
    </p>
   </div>
   <div class='ocr_carea' id='block_1_75' title="bbox 169 4419 1781 4493">
    <p class='ocr_par' dir='ltr' id='par_1_75' title="bbox 169 4419 1781 4493">
     <span class='ocr_line' id='line_1_75' title="bbox 169 4419 1781 4493; baseline 0.003 -21"><span class='ocrx_word' id='word_1_626' title='bbox 169 4427 308 4488; x_wconf 90' lang='lat' dir='ltr'><strong>post</strong></span> <span class='ocrx_word' id='word_1_627' title='bbox 359 4427 637 4488; x_wconf 88' lang='lat' dir='ltr'><strong>acceptam</strong></span> <span class='ocrx_word' id='word_1_628' title='bbox 683 4419 846 4475; x_wconf 87' lang='lat' dir='ltr'><strong>ﬁdem</strong></span> <span class='ocrx_word' id='word_1_629' title='bbox 889 4419 942 4473; x_wconf 90' lang='lat' dir='ltr'><strong>in</strong></span> <span class='ocrx_word' id='word_1_630' title='bbox 982 4421 1338 4490; x_wconf 88' lang='lat' dir='ltr'><strong>perversitate</strong></span> <span class='ocrx_word' id='word_1_631' title='bbox 1385 4437 1482 4478; x_wconf 90' lang='lat' dir='ltr'><strong>sua</strong></span> <span class='ocrx_word' id='word_1_632' title='bbox 1525 4430 1618 4478; x_wconf 88' lang='lat' dir='ltr'><strong>aut</strong></span> <span class='ocrx_word' id='word_1_633' title='bbox 1658 4438 1781 4493; x_wconf 89' lang='lat' dir='ltr'><strong>per-</strong></span> 
     </span>
    </p>
   </div>
   <div class='ocr_carea' id='block_1_76' title="bbox 172 4511 1774 4584">
    <p class='ocr_par' dir='ltr' id='par_1_76' title="bbox 172 4511 1774 4584">
     <span class='ocr_line' id='line_1_76' title="bbox 172 4511 1774 4584; baseline 0.004 -21"><span class='ocrx_word' id='word_1_634' title='bbox 172 4524 414 4564; x_wconf 46' lang='lat' dir='ltr'><strong>I‘uanens</strong></span> <span class='ocrx_word' id='word_1_635' title='bbox 452 4519 546 4564; x_wconf 86' lang='lat' dir='ltr'><strong>aut</strong></span> <span class='ocrx_word' id='word_1_636' title='bbox 591 4520 873 4567; x_wconf 89' lang='lat' dir='ltr'><strong>revertens</strong></span> <span class='ocrx_word' id='word_1_637' title='bbox 917 4511 1108 4568; x_wconf 90' lang='lat' dir='ltr'><strong>domus</strong></span> <span class='ocrx_word' id='word_1_638' title='bbox 1156 4527 1485 4584; x_wconf 82' lang='lat' dir='ltr'><strong>exasperans</strong></span> <span class='ocrx_word' id='word_1_639' title='bbox 1531 4522 1774 4571; x_wconf 89' lang='lat' dir='ltr'><strong>vocatur.</strong></span> 
     </span>
    </p>
   </div>
   <div class='ocr_carea' id='block_1_77' title="bbox 1877 3308 3470 3375">
    <p class='ocr_par' dir='ltr' id='par_1_77' title="bbox 1877 3308 3470 3375">
     <span class='ocr_line' id='line_1_77' title="bbox 1877 3308 3470 3375; baseline 0.002 -12"><span class='ocrx_word' id='word_1_640' title='bbox 1877 3309 2083 3375; x_wconf 76' lang='lat' dir='ltr'><strong>Subest,</strong></span> <span class='ocrx_word' id='word_1_641' title='bbox 2124 3308 2329 3365; x_wconf 82' lang='lat' dir='ltr'><strong>inferre</strong></span> <span class='ocrx_word' id='word_1_642' title='bbox 2359 3309 2498 3364; x_wconf 86' lang='lat' dir='ltr'><strong>bona</strong></span> <span class='ocrx_word' id='word_1_643' title='bbox 2539 3309 2812 3365; x_wconf 85' lang='lat' dir='ltr'><strong>humiliter</strong></span> <span class='ocrx_word' id='word_1_644' title='bbox 2845 3323 2954 3364; x_wconf 93' lang='lat' dir='ltr'><strong>non</strong></span> <span class='ocrx_word' id='word_1_645' title='bbox 2986 3317 3220 3365; x_wconf 91' lang='lat' dir='ltr'><strong>recuset.</strong></span> <span class='ocrx_word' id='word_1_646' title='bbox 3257 3309 3470 3367; x_wconf 83' lang='lat' dir='ltr'><strong>Bonum</strong></span> 
     </span>
    </p>
   </div>
   <div class='ocr_carea' id='block_1_78' title="bbox 1879 3402 3470 3475">
    <p class='ocr_par' dir='ltr' id='par_1_78' title="bbox 1879 3402 3470 3475">
     <span class='ocr_line' id='line_1_78' title="bbox 1879 3402 3470 3475; baseline -0.002 -15"><span class='ocrx_word' id='word_1_647' title='bbox 1879 3405 2026 3461; x_wconf 86' lang='lat' dir='ltr'><strong>enim</strong></span> <span class='ocrx_word' id='word_1_648' title='bbox 2069 3404 2213 3475; x_wconf 91' lang='lat' dir='ltr'><strong>quod</strong></span> <span class='ocrx_word' id='word_1_649' title='bbox 2239 3403 2430 3475; x_wconf 90' lang='lat' dir='ltr'><strong>majori</strong></span> <span class='ocrx_word' id='word_1_650' title='bbox 2465 3419 2494 3456; x_wconf 89' lang='lat' dir='ltr'><strong>a</strong></span> <span class='ocrx_word' id='word_1_651' title='bbox 2523 3403 2732 3458; x_wconf 91' lang='lat' dir='ltr'><strong>minore</strong></span> <span class='ocrx_word' id='word_1_652' title='bbox 2772 3402 2988 3469; x_wconf 91' lang='lat' dir='ltr'><strong>dicitur,</strong></span> <span class='ocrx_word' id='word_1_653' title='bbox 3039 3410 3169 3458; x_wconf 91' lang='lat' dir='ltr'><strong>tunc</strong></span> <span class='ocrx_word' id='word_1_654' title='bbox 3195 3417 3323 3458; x_wconf 90' lang='lat' dir='ltr'><strong>vere</strong></span> <span class='ocrx_word' id='word_1_655' title='bbox 3371 3403 3470 3458; x_wconf 89' lang='lat' dir='ltr'><strong>bo-</strong></span> 
     </span>
    </p>
   </div>
   <div class='ocr_carea' id='block_1_79' title="bbox 1878 3493 3467 3563">
    <p class='ocr_par' dir='ltr' id='par_1_79' title="bbox 1878 3493 3467 3563">
     <span class='ocr_line' id='line_1_79' title="bbox 1878 3493 3467 3563; baseline -0.003 -11"><span class='ocrx_word' id='word_1_656' title='bbox 1878 3513 2007 3552; x_wconf 91' lang='lat' dir='ltr'><strong>num</strong></span> <span class='ocrx_word' id='word_1_657' title='bbox 2028 3504 2132 3563; x_wconf 91' lang='lat' dir='ltr'><strong>est,</strong></span> <span class='ocrx_word' id='word_1_658' title='bbox 2159 3495 2205 3552; x_wconf 89' lang='lat' dir='ltr'><strong>si</strong></span> <span class='ocrx_word' id='word_1_659' title='bbox 2238 3494 2517 3551; x_wconf 88' lang='lat' dir='ltr'><strong>humiliter</strong></span> <span class='ocrx_word' id='word_1_660' title='bbox 2542 3495 2771 3550; x_wconf 88' lang='lat' dir='ltr'><strong>dicatur.</strong></span> <span class='ocrx_word' id='word_1_661' title='bbox 2805 3493 2943 3549; x_wconf 87' lang='lat' dir='ltr'><strong>Nam</strong></span> <span class='ocrx_word' id='word_1_662' title='bbox 2966 3495 3011 3550; x_wconf 87' lang='lat' dir='ltr'><strong>si</strong></span> <span class='ocrx_word' id='word_1_663' title='bbox 3040 3495 3309 3551; x_wconf 92' lang='lat' dir='ltr'><strong>rectitudo</strong></span> <span class='ocrx_word' id='word_1_664' title='bbox 3339 3509 3467 3550; x_wconf 89' lang='lat' dir='ltr'><strong>seu-</strong></span> 
     </span>
    </p>
   </div>
   <div class='ocr_carea' id='block_1_80' title="bbox 1878 3587 3469 3659">
    <p class='ocr_par' dir='ltr' id='par_1_80' title="bbox 1878 3587 3469 3659">
     <span class='ocr_line' id='line_1_80' title="bbox 1878 3587 3469 3659; baseline -0.001 -14"><span class='ocrx_word' id='word_1_665' title='bbox 1878 3590 2046 3646; x_wconf 90' lang='lat' dir='ltr'><strong>tiendi</strong></span> <span class='ocrx_word' id='word_1_666' title='bbox 2073 3588 2435 3644; x_wconf 90' lang='lat' dir='ltr'><strong>humilitatem</strong></span> <span class='ocrx_word' id='word_1_667' title='bbox 2461 3588 2713 3659; x_wconf 91' lang='lat' dir='ltr'><strong>loquendi</strong></span> <span class='ocrx_word' id='word_1_668' title='bbox 2734 3587 3052 3658; x_wconf 90' lang='lat' dir='ltr'><strong>perdiderit,</strong></span> <span class='ocrx_word' id='word_1_669' title='bbox 3080 3588 3322 3643; x_wconf 90' lang='lat' dir='ltr'><strong>radicem</strong></span> <span class='ocrx_word' id='word_1_670' title='bbox 3345 3604 3469 3643; x_wconf 90' lang='lat' dir='ltr'><strong>sen-</strong></span> 
     </span>
    </p>
   </div>
   <div class='ocr_carea' id='block_1_81' title="bbox 1880 3681 3466 3753">
    <p class='ocr_par' dir='ltr' id='par_1_81' title="bbox 1880 3681 3466 3753">
     <span class='ocr_line' id='line_1_81' title="bbox 1880 3681 3466 3753; baseline 0.001 -16"><span class='ocrx_word' id='word_1_671' title='bbox 1880 3697 1971 3737; x_wconf 88' lang='lat' dir='ltr'><strong>sus</strong></span> <span class='ocrx_word' id='word_1_672' title='bbox 2001 3681 2056 3736; x_wconf 91' lang='lat' dir='ltr'><strong>in</strong></span> <span class='ocrx_word' id='word_1_673' title='bbox 2087 3695 2240 3737; x_wconf 87' lang='lat' dir='ltr'><strong>ramo</strong></span> <span class='ocrx_word' id='word_1_674' title='bbox 2286 3681 2481 3753; x_wconf 76' lang='lat' dir='ltr'><strong>linguae</strong></span> <span class='ocrx_word' id='word_1_675' title='bbox 2515 3681 2746 3737; x_wconf 88' lang='lat' dir='ltr'><strong>vitiavit.</strong></span> <span class='ocrx_word' id='word_1_676' title='bbox 2779 3682 2935 3749; x_wconf 83' lang='lat' dir='ltr'><strong>Quod</strong></span> <span class='ocrx_word' id='word_1_677' title='bbox 2965 3682 3217 3738; x_wconf 89' lang='lat' dir='ltr'><strong>videlicet</strong></span> <span class='ocrx_word' id='word_1_678' title='bbox 3249 3683 3466 3749; x_wconf 90' lang='lat' dir='ltr'><strong>vitium,</strong></span> 
     </span>
    </p>
   </div>
   <div class='ocr_carea' id='block_1_82' title="bbox 1873 3773 3468 3844">
    <p class='ocr_par' dir='ltr' id='par_1_82' title="bbox 1873 3773 3468 3844">
     <span class='ocr_line' id='line_1_82' title="bbox 1873 3773 3468 3844; baseline 0.001 -16"><span class='ocrx_word' id='word_1_679' title='bbox 1873 3774 1988 3844; x_wconf 91' lang='lat' dir='ltr'><strong>jam</strong></span> <span class='ocrx_word' id='word_1_680' title='bbox 2014 3789 2122 3830; x_wconf 90' lang='lat' dir='ltr'><strong>non</strong></span> <span class='ocrx_word' id='word_1_681' title='bbox 2148 3789 2217 3830; x_wconf 82' lang='lat' dir='ltr'><strong>ex</strong></span> <span class='ocrx_word' id='word_1_682' title='bbox 2241 3789 2417 3840; x_wconf 91' lang='lat' dir='ltr'><strong>ramo,</strong></span> <span class='ocrx_word' id='word_1_683' title='bbox 2462 3773 2556 3830; x_wconf 91' lang='lat' dir='ltr'><strong>sed</strong></span> <span class='ocrx_word' id='word_1_684' title='bbox 2604 3791 2671 3830; x_wconf 81' lang='lat' dir='ltr'><strong>ex</strong></span> <span class='ocrx_word' id='word_1_685' title='bbox 2698 3774 2883 3830; x_wconf 90' lang='lat' dir='ltr'><strong>radice</strong></span> <span class='ocrx_word' id='word_1_686' title='bbox 2925 3783 3027 3831; x_wconf 91' lang='lat' dir='ltr'><strong>est.</strong></span> <span class='ocrx_word' id='word_1_687' title='bbox 3063 3774 3202 3842; x_wconf 85' lang='lat' dir='ltr'><strong>Quia</strong></span> <span class='ocrx_word' id='word_1_688' title='bbox 3236 3775 3339 3830; x_wconf 88' lang='lat' dir='ltr'><strong>nisi</strong></span> <span class='ocrx_word' id='word_1_689' title='bbox 3372 3790 3468 3830; x_wconf 91' lang='lat' dir='ltr'><strong>cor</strong></span> 
     </span>
    </p>
   </div>
   <div class='ocr_carea' id='block_1_83' title="bbox 1880 3867 3471 3940">
    <p class='ocr_par' dir='ltr' id='par_1_83' title="bbox 1880 3867 3471 3940">
     <span class='ocr_line' id='line_1_83' title="bbox 1880 3867 3471 3940; baseline 0.001 -17"><span class='ocrx_word' id='word_1_690' title='bbox 1880 3869 2304 3935; x_wconf 90' lang='lat' dir='ltr'><strong>intumesceret,</strong></span> <span class='ocrx_word' id='word_1_691' title='bbox 2370 3869 2549 3940; x_wconf 80' lang='lat' dir='ltr'><strong>lingua</strong></span> <span class='ocrx_word' id='word_1_692' title='bbox 2617 3869 2842 3925; x_wconf 91' lang='lat' dir='ltr'><strong>minime</strong></span> <span class='ocrx_word' id='word_1_693' title='bbox 2907 3868 3230 3940; x_wconf 89' lang='lat' dir='ltr'><strong>superbiret.</strong></span> <span class='ocrx_word' id='word_1_694' title='bbox 3287 3867 3471 3924; x_wconf 79' lang='lat' dir='ltr'><strong>[nesse</strong></span> 
     </span>
    </p>
   </div>
   <div class='ocr_carea' id='block_1_84' title="bbox 1881 3959 3470 4030">
    <p class='ocr_par' dir='ltr' id='par_1_84' title="bbox 1881 3959 3470 4030">
     <span class='ocr_line' id='line_1_84' title="bbox 1881 3959 3470 4030; baseline -0.001 -15"><span class='ocrx_word' id='word_1_695' title='bbox 1881 3971 2009 4030; x_wconf 84' lang='lat' dir='ltr'><strong>ergo</strong></span> <span class='ocrx_word' id='word_1_696' title='bbox 2038 3960 2208 4030; x_wconf 85' lang='lat' dir='ltr'><strong>priori</strong></span> <span class='ocrx_word' id='word_1_697' title='bbox 2230 3961 2298 4015; x_wconf 88' lang='lat' dir='ltr'><strong>ad</strong></span> <span class='ocrx_word' id='word_1_698' title='bbox 2325 3960 2652 4030; x_wconf 90' lang='lat' dir='ltr'><strong>loquendum</strong></span> <span class='ocrx_word' id='word_1_699' title='bbox 2682 3959 2900 4015; x_wconf 89' lang='lat' dir='ltr'><strong>humilis</strong></span> <span class='ocrx_word' id='word_1_700' title='bbox 2928 3962 3250 4026; x_wconf 87' lang='lat' dir='ltr'><strong>auctoritas,</strong></span> <span class='ocrx_word' id='word_1_701' title='bbox 3289 3961 3470 4016; x_wconf 89' lang='lat' dir='ltr'><strong>inesse</strong></span> 
     </span>
    </p>
   </div>
   <div class='ocr_carea' id='block_1_85' title="bbox 1881 4051 3468 4109">
    <p class='ocr_par' dir='ltr' id='par_1_85' title="bbox 1881 4051 3468 4109">
     <span class='ocr_line' id='line_1_85' title="bbox 1881 4051 3468 4109; baseline 0.003 -6"><span class='ocrx_word' id='word_1_702' title='bbox 1881 4061 2061 4104; x_wconf 85' lang='lat' dir='ltr'><strong>autem</strong></span> <span class='ocrx_word' id='word_1_703' title='bbox 2108 4051 2304 4105; x_wconf 90' lang='lat' dir='ltr'><strong>minori</strong></span> <span class='ocrx_word' id='word_1_704' title='bbox 2343 4051 2515 4107; x_wconf 88' lang='lat' dir='ltr'><strong>libera</strong></span> <span class='ocrx_word' id='word_1_705' title='bbox 2558 4052 2837 4106; x_wconf 89' lang='lat' dir='ltr'><strong>humilitas</strong></span> <span class='ocrx_word' id='word_1_706' title='bbox 2875 4053 3052 4108; x_wconf 91' lang='lat' dir='ltr'><strong>debet.</strong></span> <span class='ocrx_word' id='word_1_707' title='bbox 3099 4055 3468 4109; x_wconf 89' lang='lat' dir='ltr'><strong>Discernenda</strong></span> 
     </span>
    </p>
   </div>
   <div class='ocr_carea' id='block_1_86' title="bbox 1882 4142 3472 4213">
    <p class='ocr_par' dir='ltr' id='par_1_86' title="bbox 1882 4142 3472 4213">
     <span class='ocr_line' id='line_1_86' title="bbox 1882 4142 3472 4213; baseline 0.001 -17"><span class='ocrx_word' id='word_1_708' title='bbox 1882 4156 2011 4213; x_wconf 81' lang='lat' dir='ltr'><strong>ergo</strong></span> <span class='ocrx_word' id='word_1_709' title='bbox 2055 4155 2268 4211; x_wconf 90' lang='lat' dir='ltr'><strong>semper</strong></span> <span class='ocrx_word' id='word_1_710' title='bbox 2305 4151 2432 4197; x_wconf 89' lang='lat' dir='ltr'><strong>sunt</strong></span> <span class='ocrx_word' id='word_1_711' title='bbox 2470 4142 2692 4197; x_wconf 90' lang='lat' dir='ltr'><strong>libertas</strong></span> <span class='ocrx_word' id='word_1_712' title='bbox 2719 4150 2774 4197; x_wconf 89' lang='lat' dir='ltr'><strong>et</strong></span> <span class='ocrx_word' id='word_1_713' title='bbox 2802 4143 3075 4213; x_wconf 90' lang='lat' dir='ltr'><strong>superbia,</strong></span> <span class='ocrx_word' id='word_1_714' title='bbox 3113 4144 3390 4200; x_wconf 91' lang='lat' dir='ltr'><strong>humilitas</strong></span> <span class='ocrx_word' id='word_1_715' title='bbox 3415 4153 3472 4200; x_wconf 89' lang='lat' dir='ltr'><strong>et</strong></span> 
     </span>
    </p>
   </div>
   <div class='ocr_carea' id='block_1_87' title="bbox 1883 4234 3470 4308">
    <p class='ocr_par' dir='ltr' id='par_1_87' title="bbox 1883 4234 3470 4308">
     <span class='ocr_line' id='line_1_87' title="bbox 1883 4234 3470 4308; baseline 0.003 -19"><span class='ocrx_word' id='word_1_716' title='bbox 1883 4235 2066 4300; x_wconf 89' lang='lat' dir='ltr'><strong>timor,</strong></span> <span class='ocrx_word' id='word_1_717' title='bbox 2110 4248 2180 4288; x_wconf 90' lang='lat' dir='ltr'><strong>ne</strong></span> <span class='ocrx_word' id='word_1_718' title='bbox 2217 4242 2310 4289; x_wconf 86' lang='lat' dir='ltr'><strong>aut</strong></span> <span class='ocrx_word' id='word_1_719' title='bbox 2339 4235 2506 4291; x_wconf 89' lang='lat' dir='ltr'><strong>timor</strong></span> <span class='ocrx_word' id='word_1_720' title='bbox 2549 4234 2934 4302; x_wconf 89' lang='lat' dir='ltr'><strong>humilitatem,</strong></span> <span class='ocrx_word' id='word_1_721' title='bbox 2981 4245 3075 4292; x_wconf 92' lang='lat' dir='ltr'><strong>aut</strong></span> <span class='ocrx_word' id='word_1_722' title='bbox 3110 4252 3169 4293; x_wconf 90' lang='lat' dir='ltr'><strong>se</strong></span> <span class='ocrx_word' id='word_1_723' title='bbox 3214 4238 3470 4308; x_wconf 89' lang='lat' dir='ltr'><strong>superbia</strong></span> 
     </span>
    </p>
   </div>
   <div class='ocr_carea' id='block_1_88' title="bbox 1880 4323 3470 4398">
    <p class='ocr_par' dir='ltr' id='par_1_88' title="bbox 1880 4323 3470 4398">
     <span class='ocr_line' id='line_1_88' title="bbox 1880 4323 3470 4398; baseline 0.002 -20"><span class='ocrx_word' id='word_1_724' title='bbox 1880 4324 2186 4380; x_wconf 89' lang='lat' dir='ltr'><strong>libertatem</strong></span> <span class='ocrx_word' id='word_1_725' title='bbox 2225 4323 2411 4395; x_wconf 84' lang='lat' dir='ltr'><strong>ﬁngat.</strong></span> <span class='ocrx_word' id='word_1_726' title='bbox 2453 4325 2706 4380; x_wconf 87' lang='lat' dir='ltr'><strong>Ezechiel</strong></span> <span class='ocrx_word' id='word_1_727' title='bbox 2741 4327 2923 4396; x_wconf 90' lang='lat' dir='ltr'><strong>itaque</strong></span> <span class='ocrx_word' id='word_1_728' title='bbox 2965 4326 3092 4398; x_wconf 89' lang='lat' dir='ltr'><strong>quia</strong></span> <span class='ocrx_word' id='word_1_729' title='bbox 3139 4342 3247 4383; x_wconf 90' lang='lat' dir='ltr'><strong>non</strong></span> <span class='ocrx_word' id='word_1_730' title='bbox 3294 4326 3470 4384; x_wconf 89' lang='lat' dir='ltr'><strong>solum</strong></span> 
     </span>
    </p>
   </div>
   <div class='ocr_carea' id='block_1_89' title="bbox 1880 4416 3470 4488">
    <p class='ocr_par' dir='ltr' id='par_1_89' title="bbox 1880 4416 3470 4488">
     <span class='ocr_line' id='line_1_89' title="bbox 1880 4416 3470 4488; baseline 0 -15"><span class='ocrx_word' id='word_1_731' title='bbox 1880 4417 2102 4488; x_wconf 90' lang='lat' dir='ltr'><strong>populo,</strong></span> <span class='ocrx_word' id='word_1_732' title='bbox 2143 4416 2238 4472; x_wconf 91' lang='lat' dir='ltr'><strong>sed</strong></span> <span class='ocrx_word' id='word_1_733' title='bbox 2279 4418 2443 4472; x_wconf 90' lang='lat' dir='ltr'><strong>etiam</strong></span> <span class='ocrx_word' id='word_1_734' title='bbox 2482 4417 2787 4473; x_wconf 88' lang='lat' dir='ltr'><strong>senioribus</strong></span> <span class='ocrx_word' id='word_1_735' title='bbox 2827 4417 2974 4488; x_wconf 91' lang='lat' dir='ltr'><strong>loqui</strong></span> <span class='ocrx_word' id='word_1_736' title='bbox 3021 4418 3360 4487; x_wconf 88' lang='lat' dir='ltr'><strong>mittebatur,</strong></span> <span class='ocrx_word' id='word_1_737' title='bbox 3401 4435 3470 4473; x_wconf 89' lang='lat' dir='ltr'><strong>ne</strong></span> 
     </span>
    </p>
   </div>
   <div class='ocr_carea' id='block_1_90' title="bbox 1883 4510 3470 4577">
    <p class='ocr_par' dir='ltr' id='par_1_90' title="bbox 1883 4510 3470 4577">
     <span class='ocr_line' id='line_1_90' title="bbox 1883 4510 3470 4577; baseline 0 -13"><span class='ocrx_word' id='word_1_738' title='bbox 1883 4510 2162 4571; x_wconf 89' lang='lat' dir='ltr'><strong>incautum</strong></span> <span class='ocrx_word' id='word_1_739' title='bbox 2203 4511 2453 4567; x_wconf 90' lang='lat' dir='ltr'><strong>timorem</strong></span> <span class='ocrx_word' id='word_1_740' title='bbox 2484 4510 2850 4566; x_wconf 89' lang='lat' dir='ltr'><strong>humilitatem</strong></span> <span class='ocrx_word' id='word_1_741' title='bbox 2889 4511 3156 4577; x_wconf 88' lang='lat' dir='ltr'><strong>crederet,</strong></span> <span class='ocrx_word' id='word_1_742' title='bbox 3190 4521 3248 4565; x_wconf 90' lang='lat' dir='ltr'><strong>ut</strong></span> <span class='ocrx_word' id='word_1_743' title='bbox 3279 4512 3470 4566; x_wconf 87' lang='lat' dir='ltr'><strong>timere</strong></span> 
     </span>
    </p>
   </div>
   <div class='ocr_carea' id='block_1_91' title="bbox 169 4577 3469 4677">
    <p class='ocr_par' dir='ltr' id='par_1_91' title="bbox 169 4577 3469 4677">
     <span class='ocr_line' id='line_1_91' title="bbox 169 4577 3469 4677; baseline -0 -23"><span class='ocrx_word' id='word_1_744' title='bbox 169 4601 322 4668; x_wconf 83' lang='lat' dir='ltr'><strong>Quia</strong></span> <span class='ocrx_word' id='word_1_745' title='bbox 345 4616 470 4656; x_wconf 90' lang='lat' dir='ltr'><strong>eum</strong></span> <span class='ocrx_word' id='word_1_746' title='bbox 491 4617 653 4672; x_wconf 91' lang='lat' dir='ltr'><strong>quem</strong></span> <span class='ocrx_word' id='word_1_747' title='bbox 687 4618 786 4672; x_wconf 90' lang='lat' dir='ltr'><strong>per</strong></span> <span class='ocrx_word' id='word_1_748' title='bbox 813 4602 976 4658; x_wconf 90' lang='lat' dir='ltr'><strong>ﬁdem</strong></span> <span class='ocrx_word' id='word_1_749' title='bbox 1009 4577 1343 4675; x_wconf 75' lang='lat' dir='ltr'><strong>susceperat,</strong></span> <span class='ocrx_word' id='word_1_750' title='bbox 1395 4605 1604 4677; x_wconf 90' lang='lat' dir='ltr'><strong>repellit</strong></span> <span class='ocrx_word' id='word_1_751' title='bbox 1647 4623 1676 4660; x_wconf 93' lang='lat' dir='ltr'><strong>a</strong></span> <span class='ocrx_word' id='word_1_752' title='bbox 1720 4622 1778 4662; x_wconf 92' lang='lat' dir='ltr'><strong>se</strong></span> <span class='ocrx_word' id='word_1_753' title='bbox 1802 4577 1861 4639; x_wconf 79' lang='lat' dir='ltr'><strong>D</strong></span> <span class='ocrx_word' id='word_1_754' title='bbox 1882 4617 1989 4657; x_wconf 90' lang='lat' dir='ltr'><strong>non</strong></span> <span class='ocrx_word' id='word_1_755' title='bbox 2021 4602 2217 4658; x_wconf 90' lang='lat' dir='ltr'><strong>debeat</strong></span> <span class='ocrx_word' id='word_1_756' title='bbox 2243 4609 2636 4665; x_wconf 91' lang='lat' dir='ltr'><strong>commonetur,</strong></span> <span class='ocrx_word' id='word_1_757' title='bbox 2667 4601 2792 4655; x_wconf 85' lang='lat' dir='ltr'><strong>dum</strong></span> <span class='ocrx_word' id='word_1_758' title='bbox 2834 4599 3035 4654; x_wconf 88' lang='lat' dir='ltr'><strong>dicitur</strong></span> <span class='ocrx_word' id='word_1_759' title='bbox 3062 4618 3074 4652; x_wconf 92' lang='lat'>:</span> <span class='ocrx_word' id='word_1_760' title='bbox 3112 4619 3130 4649; x_wconf 73' lang='grc' dir='ltr'>ι</span> <span class='ocrx_word' id='word_1_761' title='bbox 3169 4599 3246 4654; x_wconf 83' lang='grc' dir='ltr'>Νε</span> <span class='ocrx_word' id='word_1_762' title='bbox 3277 4599 3469 4654; x_wconf 83' lang='lat' dir='ltr'><strong>timeas</strong></span> 
     </span>
    </p>
   </div>
   <div class='ocr_carea' id='block_1_92' title="bbox 167 4693 1781 4763">
    <p class='ocr_par' dir='ltr' id='par_1_92' title="bbox 167 4693 1781 4763">
     <span class='ocr_line' id='line_1_92' title="bbox 167 4693 1781 4763; baseline 0.004 -16"><span class='ocrx_word' id='word_1_763' title='bbox 167 4693 374 4763; x_wconf 83' lang='lat' dir='ltr'><strong>pravis</strong></span> <span class='ocrx_word' id='word_1_764' title='bbox 417 4694 660 4749; x_wconf 87' lang='lat' dir='ltr'><strong>moribus</strong></span> <span class='ocrx_word' id='word_1_765' title='bbox 690 4694 1050 4750; x_wconf 88' lang='lat' dir='ltr'><strong>habitatorem</strong></span> <span class='ocrx_word' id='word_1_766' title='bbox 1078 4697 1268 4752; x_wconf 88' lang='lat' dir='ltr'><strong>Deum.</strong></span> <span class='ocrx_word' id='word_1_767' title='bbox 1317 4696 1453 4752; x_wconf 88' lang='lat' dir='ltr'><strong>Nam</strong></span> <span class='ocrx_word' id='word_1_768' title='bbox 1479 4698 1672 4754; x_wconf 89' lang='lat' dir='ltr'><strong>domus</strong></span> <span class='ocrx_word' id='word_1_769' title='bbox 1702 4699 1781 4753; x_wconf 88' lang='lat' dir='ltr'><strong>in-</strong></span> 
     </span>
    </p>
   </div>
   <div class='ocr_carea' id='block_1_93' title="bbox 165 4785 1780 4861">
    <p class='ocr_par' dir='ltr' id='par_1_93' title="bbox 165 4785 1780 4861">
     <span class='ocr_line' id='line_1_93' title="bbox 165 4785 1780 4861; baseline 0.004 -21"><span class='ocrx_word' id='word_1_770' title='bbox 165 4785 524 4840; x_wconf 87' lang='lat' dir='ltr'><strong>habitabitur</strong></span> <span class='ocrx_word' id='word_1_771' title='bbox 544 4801 575 4840; x_wconf 90' lang='lat' dir='ltr'><strong>a</strong></span> <span class='ocrx_word' id='word_1_772' title='bbox 604 4787 842 4842; x_wconf 91' lang='lat' dir='ltr'><strong>domino.</strong></span> <span class='ocrx_word' id='word_1_773' title='bbox 877 4786 935 4841; x_wconf 88' lang='lat' dir='ltr'><strong>Si</strong></span> <span class='ocrx_word' id='word_1_774' title='bbox 961 4802 1090 4858; x_wconf 83' lang='lat' dir='ltr'><strong>ergo</strong></span> <span class='ocrx_word' id='word_1_775' title='bbox 1115 4790 1328 4854; x_wconf 90' lang='lat' dir='ltr'><strong>domus,</strong></span> <span class='ocrx_word' id='word_1_776' title='bbox 1355 4806 1524 4859; x_wconf 90' lang='lat' dir='ltr'><strong>quare</strong></span> <span class='ocrx_word' id='word_1_777' title='bbox 1553 4807 1780 4861; x_wconf 81' lang='lat' dir='ltr'><strong>exaspe-</strong></span> 
     </span>
    </p>
   </div>
   <div class='ocr_carea' id='block_1_94' title="bbox 1882 4689 3468 4761">
    <p class='ocr_par' dir='ltr' id='par_1_94' title="bbox 1882 4689 3468 4761">
     <span class='ocr_line' id='line_1_94' title="bbox 1882 4689 3468 4761; baseline -0.004 -11"><span class='ocrx_word' id='word_1_778' title='bbox 1882 4711 1996 4751; x_wconf 90' lang='lat' dir='ltr'><strong>eos.</strong></span> <span class='ocrx_word' id='word_1_779' title='bbox 2033 4715 2053 4748; x_wconf 77' lang='grc' dir='ltr'><strong><em>ι</em></strong></span> <span class='ocrx_word' id='word_1_780' title='bbox 2086 4695 2166 4750; x_wconf 82' lang='lat' dir='ltr'><strong>Ac</strong></span> <span class='ocrx_word' id='word_1_781' title='bbox 2193 4709 2262 4748; x_wconf 90' lang='lat' dir='ltr'><strong>ne</strong></span> <span class='ocrx_word' id='word_1_782' title='bbox 2286 4693 2427 4749; x_wconf 85' lang='lat' dir='ltr'><strong>forte</strong></span> <span class='ocrx_word' id='word_1_783' title='bbox 2469 4689 2834 4760; x_wconf 85' lang='lat' dir='ltr'><strong>derogationis</strong></span> <span class='ocrx_word' id='word_1_784' title='bbox 2866 4703 3054 4744; x_wconf 88' lang='lat' dir='ltr'><strong>eorum</strong></span> <span class='ocrx_word' id='word_1_785' title='bbox 3094 4691 3257 4744; x_wconf 90' lang='lat' dir='ltr'><strong>verba</strong></span> <span class='ocrx_word' id='word_1_786' title='bbox 3295 4692 3468 4761; x_wconf 89' lang='lat' dir='ltr'><strong>perti-</strong></span> 
     </span>
    </p>
   </div>
   <div class='ocr_carea' id='block_1_95' title="bbox 1882 4780 3471 4856">
    <p class='ocr_par' dir='ltr' id='par_1_95' title="bbox 1882 4780 3471 4856">
     <span class='ocr_line' id='line_1_95' title="bbox 1882 4780 3471 4856; baseline -0.005 -14"><span class='ocrx_word' id='word_1_787' title='bbox 1882 4795 2110 4853; x_wconf 88' lang='lat' dir='ltr'><strong>mescat,</strong></span> <span class='ocrx_word' id='word_1_788' title='bbox 2157 4785 2467 4856; x_wconf 74' lang='lat' dir='ltr'><strong>adiungitur</strong></span> <span class='ocrx_word' id='word_1_789' title='bbox 2498 4801 2512 4837; x_wconf 89' lang='lat'><strong>:</strong></span> <span class='ocrx_word' id='word_1_790' title='bbox 2556 4801 2574 4833; x_wconf 84' lang='grc'><strong>‹</strong></span> <span class='ocrx_word' id='word_1_791' title='bbox 2606 4780 2792 4850; x_wconf 87' lang='lat' dir='ltr'><strong>Neque</strong></span> <span class='ocrx_word' id='word_1_792' title='bbox 2822 4795 3099 4836; x_wconf 91' lang='lat' dir='ltr'><strong>sermones</strong></span> <span class='ocrx_word' id='word_1_793' title='bbox 3127 4795 3315 4836; x_wconf 89' lang='lat' dir='ltr'><strong>eorum</strong></span> <span class='ocrx_word' id='word_1_794' title='bbox 3357 4797 3471 4835; x_wconf 89' lang='lat' dir='ltr'><strong>me-</strong></span> 
     </span>
    </p>
   </div>
   <div class='ocr_carea' id='block_1_96' title="bbox 162 4871 3468 4952">
    <p class='ocr_par' dir='ltr' id='par_1_96' title="bbox 162 4871 3468 4952">
     <span class='ocr_line' id='line_1_96' title="bbox 162 4871 3468 4952; baseline -0.002 -21"><span class='ocrx_word' id='word_1_795' title='bbox 162 4892 338 4942; x_wconf 86' lang='lat' dir='ltr'><strong>rans,</strong></span> <span class='ocrx_word' id='word_1_796' title='bbox 375 4877 423 4932; x_wconf 87' lang='lat' dir='ltr'><strong>si</strong></span> <span class='ocrx_word' id='word_1_797' title='bbox 454 4891 585 4933; x_wconf 89' lang='lat' dir='ltr'><strong>vero</strong></span> <span class='ocrx_word' id='word_1_798' title='bbox 614 4891 965 4948; x_wconf 81' lang='lat' dir='ltr'><strong>exasperans,</strong></span> <span class='ocrx_word' id='word_1_799' title='bbox 1006 4895 1177 4952; x_wconf 88' lang='lat' dir='ltr'><strong>quare</strong></span> <span class='ocrx_word' id='word_1_800' title='bbox 1208 4881 1422 4946; x_wconf 90' lang='lat' dir='ltr'><strong>domus,</strong></span> <span class='ocrx_word' id='word_1_801' title='bbox 1451 4897 1571 4952; x_wconf 65' lang='lat' dir='ltr'><strong>qua:</strong></span> <span class='ocrx_word' id='word_1_802' title='bbox 1592 4882 1778 4952; x_wconf 89' lang='lat' dir='ltr'><strong>utique</strong></span> <span class='ocrx_word' id='word_1_803' title='bbox 1882 4888 2024 4934; x_wconf 90' lang='lat' dir='ltr'><strong>tuas.</strong></span> <span class='ocrx_word' id='word_1_804' title='bbox 2049 4897 2067 4931; x_wconf 87' lang='grc'><strong>›</strong></span> <span class='ocrx_word' id='word_1_805' title='bbox 2104 4877 2215 4933; x_wconf 87' lang='lat' dir='ltr'><strong>Cur</strong></span> <span class='ocrx_word' id='word_1_806' title='bbox 2239 4885 2422 4931; x_wconf 88' lang='lat' dir='ltr'><strong>autem</strong></span> <span class='ocrx_word' id='word_1_807' title='bbox 2468 4873 2679 4945; x_wconf 80' lang='lat' dir='ltr'><strong>linguas</strong></span> <span class='ocrx_word' id='word_1_808' title='bbox 2726 4873 3098 4944; x_wconf 85' lang='lat' dir='ltr'><strong>derogantium</strong></span> <span class='ocrx_word' id='word_1_809' title='bbox 3141 4871 3332 4926; x_wconf 89' lang='lat' dir='ltr'><strong>timere</strong></span> <span class='ocrx_word' id='word_1_810' title='bbox 3361 4889 3468 4926; x_wconf 86' lang='lat' dir='ltr'><strong>non</strong></span> 
     </span>
    </p>
   </div>
   <div class='ocr_carea' id='block_1_97' title="bbox 151 4963 3467 5042">
    <p class='ocr_par' dir='ltr' id='par_1_97' title="bbox 151 4963 3467 5042">
     <span class='ocr_line' id='line_1_97' title="bbox 151 4963 3467 5042; baseline -0.001 -20"><span class='ocrx_word' id='word_1_811' title='bbox 151 4967 290 5037; x_wconf 86' lang='lat' dir='ltr'><strong>jam</strong></span> <span class='ocrx_word' id='word_1_812' title='bbox 324 4983 436 5024; x_wconf 89' lang='lat' dir='ltr'><strong>non</strong></span> <span class='ocrx_word' id='word_1_813' title='bbox 460 4969 873 5036; x_wconf 86' lang='lat' dir='ltr'><strong>inhabitabitur,</strong></span> <span class='ocrx_word' id='word_1_814' title='bbox 904 4971 998 5026; x_wconf 90' lang='lat' dir='ltr'><strong>sed</strong></span> <span class='ocrx_word' id='word_1_815' title='bbox 1029 4972 1242 5038; x_wconf 90' lang='lat' dir='ltr'><strong>domus,</strong></span> <span class='ocrx_word' id='word_1_816' title='bbox 1275 4973 1401 5042; x_wconf 91' lang='lat' dir='ltr'><strong>quia</strong></span> <span class='ocrx_word' id='word_1_817' title='bbox 1451 4974 1504 5028; x_wconf 90' lang='lat' dir='ltr'><strong>in</strong></span> <span class='ocrx_word' id='word_1_818' title='bbox 1541 4989 1603 5029; x_wconf 83' lang='lat' dir='ltr'><strong>ea</strong></span> <span class='ocrx_word' id='word_1_819' title='bbox 1635 4975 1778 5031; x_wconf 89' lang='lat' dir='ltr'><strong>Deus</strong></span> <span class='ocrx_word' id='word_1_820' title='bbox 1882 4972 2094 5037; x_wconf 89' lang='lat' dir='ltr'><strong>debeat,</strong></span> <span class='ocrx_word' id='word_1_821' title='bbox 2120 4970 2284 5025; x_wconf 91' lang='lat' dir='ltr'><strong>etiam</strong></span> <span class='ocrx_word' id='word_1_822' title='bbox 2308 4983 2470 5024; x_wconf 90' lang='lat' dir='ltr'><strong>causa</strong></span> <span class='ocrx_word' id='word_1_823' title='bbox 2499 4965 2863 5038; x_wconf 72' lang='lat' dir='ltr'><strong>subiungitur,</strong></span> <span class='ocrx_word' id='word_1_824' title='bbox 2896 4980 3020 5020; x_wconf 90' lang='lat' dir='ltr'><strong>cum</strong></span> <span class='ocrx_word' id='word_1_825' title='bbox 3062 4963 3308 5033; x_wconf 89' lang='lat' dir='ltr'><strong>protinus</strong></span> <span class='ocrx_word' id='word_1_826' title='bbox 3337 4964 3467 5021; x_wconf 88' lang='lat' dir='ltr'><strong>sub-</strong></span> 
     </span>
    </p>
   </div>
   <div class='ocr_carea' id='block_1_98' title="bbox 157 5053 3470 5136">
    <p class='ocr_par' dir='ltr' id='par_1_98' title="bbox 157 5053 3470 5136">
     <span class='ocr_line' id='line_1_98' title="bbox 157 5053 3470 5136; baseline -0.002 -20"><span class='ocrx_word' id='word_1_827' title='bbox 157 5075 276 5130; x_wconf 83' lang='lat' dir='ltr'><strong>per</strong></span> <span class='ocrx_word' id='word_1_828' title='bbox 321 5059 490 5115; x_wconf 82' lang='lat' dir='ltr'><strong>ﬁdem</strong></span> <span class='ocrx_word' id='word_1_829' title='bbox 529 5061 780 5117; x_wconf 89' lang='lat' dir='ltr'><strong>habitare</strong></span> <span class='ocrx_word' id='word_1_830' title='bbox 820 5072 1078 5133; x_wconf 86' lang='lat' dir='ltr'><strong>coeperat.</strong></span> <span class='ocrx_word' id='word_1_831' title='bbox 1124 5065 1466 5135; x_wconf 80' lang='lat' dir='ltr'><strong>Exasperans</strong></span> <span class='ocrx_word' id='word_1_832' title='bbox 1507 5081 1636 5124; x_wconf 86' lang='lat' dir='ltr'><strong>vero</strong></span> <span class='ocrx_word' id='word_1_833' title='bbox 1669 5078 1774 5136; x_wconf 89' lang='lat' dir='ltr'><strong>est,</strong></span> <span class='ocrx_word' id='word_1_834' title='bbox 1881 5063 2144 5118; x_wconf 85' lang='lat' dir='ltr'><strong>infertur:</strong></span> <span class='ocrx_word' id='word_1_835' title='bbox 2171 5059 2480 5128; x_wconf 74' lang='lat' dir='ltr'><strong>«Quoniam</strong></span> <span class='ocrx_word' id='word_1_836' title='bbox 2501 5056 2763 5114; x_wconf 90' lang='lat' dir='ltr'><strong>increduli</strong></span> <span class='ocrx_word' id='word_1_837' title='bbox 2791 5063 2846 5112; x_wconf 91' lang='lat' dir='ltr'><strong>et</strong></span> <span class='ocrx_word' id='word_1_838' title='bbox 2871 5053 3222 5110; x_wconf 88' lang='lat' dir='ltr'><strong>subversores</strong></span> <span class='ocrx_word' id='word_1_839' title='bbox 3245 5062 3368 5108; x_wconf 89' lang='lat' dir='ltr'><strong>sunt</strong></span> <span class='ocrx_word' id='word_1_840' title='bbox 3391 5061 3470 5109; x_wconf 88' lang='lat' dir='ltr'><strong>te-</strong></span> 
     </span>
    </p>
   </div>
   <div class='ocr_carea' id='block_1_99' title="bbox 156 5143 3510 5232">
    <p class='ocr_par' dir='ltr' id='par_1_99' title="bbox 156 5143 3510 5232">
     <span class='ocr_line' id='line_1_99' title="bbox 156 5143 3510 5232; baseline -0.002 -24"><span class='ocrx_word' id='word_1_841' title='bbox 156 5152 311 5222; x_wconf 84' lang='lat' dir='ltr'><strong>quia</strong></span> <span class='ocrx_word' id='word_1_842' title='bbox 349 5153 419 5208; x_wconf 83' lang='lat' dir='ltr'><strong>ab</strong></span> <span class='ocrx_word' id='word_1_843' title='bbox 441 5167 508 5209; x_wconf 89' lang='lat' dir='ltr'><strong>ea</strong></span> <span class='ocrx_word' id='word_1_844' title='bbox 533 5155 718 5224; x_wconf 88' lang='lat' dir='ltr'><strong>pravis</strong></span> <span class='ocrx_word' id='word_1_845' title='bbox 744 5155 989 5212; x_wconf 86' lang='lat' dir='ltr'><strong>moribus</strong></span> <span class='ocrx_word' id='word_1_846' title='bbox 1015 5157 1202 5228; x_wconf 88' lang='lat' dir='ltr'><strong>pulsus</strong></span> <span class='ocrx_word' id='word_1_847' title='bbox 1230 5160 1381 5225; x_wconf 82' lang='lat' dir='ltr'><strong>exiit,</strong></span> <span class='ocrx_word' id='word_1_848' title='bbox 1407 5168 1469 5215; x_wconf 91' lang='lat' dir='ltr'><strong>ut</strong></span> <span class='ocrx_word' id='word_1_849' title='bbox 1489 5176 1658 5216; x_wconf 89' lang='lat' dir='ltr'><strong>vacua</strong></span> <span class='ocrx_word' id='word_1_850' title='bbox 1686 5177 1773 5217; x_wconf 85' lang='lat' dir='ltr'><strong>re-</strong></span> <span class='ocrx_word' id='word_1_851' title='bbox 1881 5172 2024 5221; x_wconf 91' lang='lat' dir='ltr'><strong>cum,</strong></span> <span class='ocrx_word' id='word_1_852' title='bbox 2043 5163 2096 5210; x_wconf 88' lang='lat' dir='ltr'><strong>et</strong></span> <span class='ocrx_word' id='word_1_853' title='bbox 2112 5169 2236 5210; x_wconf 92' lang='lat' dir='ltr'><strong>eum</strong></span> <span class='ocrx_word' id='word_1_854' title='bbox 2256 5151 2630 5223; x_wconf 89' lang='lat' dir='ltr'><strong>scorpionibus</strong></span> <span class='ocrx_word' id='word_1_855' title='bbox 2651 5149 2886 5204; x_wconf 88' lang='lat' dir='ltr'><strong>habitas.</strong></span> <span class='ocrx_word' id='word_1_856' title='bbox 2911 5166 2930 5198; x_wconf 85' lang='grc'><strong>›</strong></span> <span class='ocrx_word' id='word_1_857' title='bbox 2951 5143 3150 5218; x_wconf 72' lang='grc' dir='ltr'><strong>(Πίον.)</strong></span> <span class='ocrx_word' id='word_1_858' title='bbox 3168 5143 3468 5217; x_wconf 89' lang='lat' dir='ltr'><strong>Unusquis-</strong></span> <span class='ocrx_word' id='word_1_859' title='bbox 3506 5229 3510 5232; x_wconf 18' lang='lat'>.</span> 
     </span>
    </p>
   </div>
   <div class='ocr_carea' id='block_1_100' title="bbox 156 5238 3468 5326">
    <p class='ocr_par' dir='ltr' id='par_1_100' title="bbox 156 5238 3468 5326">
     <span class='ocr_line' id='line_1_100' title="bbox 156 5238 3468 5326; baseline -0.002 -24"><span class='ocrx_word' id='word_1_860' title='bbox 156 5257 430 5314; x_wconf 84' lang='lat' dir='ltr'><strong>maneat,</strong></span> <span class='ocrx_word' id='word_1_861' title='bbox 472 5263 634 5318; x_wconf 86' lang='lat' dir='ltr'><strong>quam</strong></span> <span class='ocrx_word' id='word_1_862' title='bbox 672 5251 825 5319; x_wconf 90' lang='lat' dir='ltr'><strong>prius</strong></span> <span class='ocrx_word' id='word_1_863' title='bbox 866 5251 1109 5307; x_wconf 64' lang='lat' dir='ltr'><strong>caelestis</strong></span> <span class='ocrx_word' id='word_1_864' title='bbox 1144 5253 1478 5311; x_wconf 89' lang='lat' dir='ltr'><strong>inhabitator</strong></span> <span class='ocrx_word' id='word_1_865' title='bbox 1513 5256 1774 5326; x_wconf 89' lang='lat' dir='ltr'><strong>replebat.</strong></span> <span class='ocrx_word' id='word_1_866' title='bbox 1880 5266 1986 5320; x_wconf 91' lang='lat' dir='ltr'><strong>que</strong></span> <span class='ocrx_word' id='word_1_867' title='bbox 2012 5264 2111 5319; x_wconf 91' lang='lat' dir='ltr'><strong>pro</strong></span> <span class='ocrx_word' id='word_1_868' title='bbox 2156 5247 2399 5303; x_wconf 89' lang='lat' dir='ltr'><strong>moribus</strong></span> <span class='ocrx_word' id='word_1_869' title='bbox 2426 5244 2540 5300; x_wconf 88' lang='lat' dir='ltr'><strong>suis</strong></span> <span class='ocrx_word' id='word_1_870' title='bbox 2584 5243 2809 5298; x_wconf 88' lang='lat' dir='ltr'><strong>sortitur</strong></span> <span class='ocrx_word' id='word_1_871' title='bbox 2829 5239 3167 5304; x_wconf 85' lang='lat' dir='ltr'><strong>vocabulum,</strong></span> <span class='ocrx_word' id='word_1_872' title='bbox 3199 5238 3393 5295; x_wconf 91' lang='lat' dir='ltr'><strong>scribis</strong></span> <span class='ocrx_word' id='word_1_873' title='bbox 3413 5247 3468 5296; x_wconf 86' lang='lat' dir='ltr'><strong>et</strong></span> 
     </span>
    </p>
   </div>
   <div class='ocr_carea' id='block_1_101' title="bbox 155 5329 3465 5417">
    <p class='ocr_par' dir='ltr' id='par_1_101' title="bbox 155 5329 3465 5417">
     <span class='ocr_line' id='line_1_101' title="bbox 155 5329 3465 5417; baseline -0.003 -20"><span class='ocrx_word' id='word_1_874' title='bbox 155 5341 342 5398; x_wconf 84' lang='lat' dir='ltr'><strong>Unde</strong></span> <span class='ocrx_word' id='word_1_875' title='bbox 394 5341 561 5397; x_wconf 87' lang='lat' dir='ltr'><strong>etiam</strong></span> <span class='ocrx_word' id='word_1_876' title='bbox 611 5343 753 5398; x_wconf 91' lang='lat' dir='ltr'><strong>sicut</strong></span> <span class='ocrx_word' id='word_1_877' title='bbox 789 5342 1049 5399; x_wconf 80' lang='lat' dir='ltr'><strong>Veritatis</strong></span> <span class='ocrx_word' id='word_1_878' title='bbox 1074 5359 1208 5401; x_wconf 91' lang='lat' dir='ltr'><strong>voce</strong></span> <span class='ocrx_word' id='word_1_879' title='bbox 1256 5349 1626 5417; x_wconf 85' lang='lat' dir='ltr'><strong>cognovimus,</strong></span> <span class='ocrx_word' id='word_1_880' title='bbox 1682 5364 1777 5405; x_wconf 89' lang='lat' dir='ltr'><strong>ne-</strong></span> <span class='ocrx_word' id='word_1_881' title='bbox 1879 5341 2171 5398; x_wconf 65' lang='lat' dir='ltr'><strong>Pharisazis</strong></span> <span class='ocrx_word' id='word_1_882' title='bbox 2195 5339 2430 5395; x_wconf 88' lang='lat' dir='ltr'><strong>dicitur:</strong></span> <span class='ocrx_word' id='word_1_883' title='bbox 2465 5356 2483 5388; x_wconf 89' lang='grc'>‹</span> <span class='ocrx_word' id='word_1_884' title='bbox 2505 5333 2796 5392; x_wconf 86' lang='lat' dir='ltr'><strong>Generatio</strong></span> <span class='ocrx_word' id='word_1_885' title='bbox 2816 5333 3176 5402; x_wconf 49' lang='lat' dir='ltr'><strong>viperarum»</strong></span> <span class='ocrx_word' id='word_1_886' title='bbox 3197 5329 3465 5386; x_wconf 81' lang='lat' dir='ltr'><strong>EtdeHe-</strong></span> 
     </span>
    </p>
   </div>
   <div class='ocr_carea' id='block_1_102' title="bbox 155 5421 3460 5508">
    <p class='ocr_par' dir='ltr' id='par_1_102' title="bbox 155 5421 3460 5508">
     <span class='ocr_line' id='line_1_102' title="bbox 155 5421 3460 5508; baseline -0.004 -18"><span class='ocrx_word' id='word_1_887' title='bbox 155 5435 486 5507; x_wconf 84' lang='lat' dir='ltr'><strong>quissimus</strong></span> <span class='ocrx_word' id='word_1_888' title='bbox 539 5435 762 5507; x_wconf 88' lang='lat' dir='ltr'><strong>spiritus</strong></span> <span class='ocrx_word' id='word_1_889' title='bbox 794 5450 919 5491; x_wconf 92' lang='lat' dir='ltr'><strong>cum</strong></span> <span class='ocrx_word' id='word_1_890' title='bbox 967 5443 1172 5506; x_wconf 89' lang='lat' dir='ltr'><strong>septem</strong></span> <span class='ocrx_word' id='word_1_891' title='bbox 1219 5436 1337 5493; x_wconf 87' lang='lat' dir='ltr'><strong>aliis</strong></span> <span class='ocrx_word' id='word_1_892' title='bbox 1388 5440 1626 5508; x_wconf 90' lang='lat' dir='ltr'><strong>rediens,</strong></span> <span class='ocrx_word' id='word_1_893' title='bbox 1676 5441 1775 5497; x_wconf 88' lang='lat' dir='ltr'><strong>do-</strong></span> <span class='ocrx_word' id='word_1_894' title='bbox 1881 5438 2033 5504; x_wconf 91' lang='lat' dir='ltr'><strong>rode,</strong></span> <span class='ocrx_word' id='word_1_895' title='bbox 2049 5421 3460 5508; x_wconf 70' lang='lat' dir='ltr'><strong>quiversipelliserat:tlteetdieitevulpihuic(Luc.</strong></span> 
     </span>
    </p>
   </div>
   <div class='ocr_carea' id='block_1_103' title="bbox 154 5515 3508 5601">
    <p class='ocr_par' dir='ltr' id='par_1_103' title="bbox 154 5515 3508 5601">
     <span class='ocr_line' id='line_1_103' title="bbox 154 5515 3508 5601; baseline -0.005 -17"><span class='ocrx_word' id='word_1_896' title='bbox 154 5545 334 5585; x_wconf 83' lang='lat' dir='ltr'><strong>mum</strong></span> <span class='ocrx_word' id='word_1_897' title='bbox 359 5530 538 5601; x_wconf 85' lang='lat' dir='ltr'><strong>scopis</strong></span> <span class='ocrx_word' id='word_1_898' title='bbox 563 5530 878 5586; x_wconf 88' lang='lat' dir='ltr'><strong>mundatam</strong></span> <span class='ocrx_word' id='word_1_899' title='bbox 899 5529 1128 5595; x_wconf 89' lang='lat' dir='ltr'><strong>invenit,</strong></span> <span class='ocrx_word' id='word_1_900' title='bbox 1144 5530 1272 5599; x_wconf 91' lang='lat' dir='ltr'><strong>quia</strong></span> <span class='ocrx_word' id='word_1_901' title='bbox 1299 5541 1584 5588; x_wconf 90' lang='lat' dir='ltr'><strong>mentema</strong></span> <span class='ocrx_word' id='word_1_902' title='bbox 1606 5534 1779 5589; x_wconf 86' lang='lat' dir='ltr'><strong>virtu-</strong></span> <span class='ocrx_word' id='word_1_903' title='bbox 1882 5529 2037 5600; x_wconf 80' lang='lat' dir='ltr'><strong>xm).</strong></span> <span class='ocrx_word' id='word_1_904' title='bbox 2075 5548 2094 5580; x_wconf 84' lang='grc'><strong>›</strong></span> <span class='ocrx_word' id='word_1_905' title='bbox 2130 5525 2199 5581; x_wconf 91' lang='lat' dir='ltr'><strong>Et</strong></span> <span class='ocrx_word' id='word_1_906' title='bbox 2232 5521 2714 5596; x_wconf 63' lang='lat' dir='ltr'><strong>pseudoprophetm</strong></span> <span class='ocrx_word' id='word_1_907' title='bbox 2739 5519 2793 5572; x_wconf 92' lang='lat' dir='ltr'><strong>in</strong></span> <span class='ocrx_word' id='word_1_908' title='bbox 2837 5517 2941 5571; x_wconf 91' lang='lat' dir='ltr'><strong>hoc</strong></span> <span class='ocrx_word' id='word_1_909' title='bbox 2973 5516 3161 5572; x_wconf 91' lang='lat' dir='ltr'><strong>eodem</strong></span> <span class='ocrx_word' id='word_1_910' title='bbox 3202 5515 3462 5587; x_wconf 88' lang='lat' dir='ltr'><strong>propheta</strong></span> <span class='ocrx_word' id='word_1_911' title='bbox 3505 5593 3508 5596; x_wconf 8' lang='grc' dir='ltr'><strong><em>ἢ</em></strong></span> 
     </span>
    </p>
   </div>
   <div class='ocr_carea' id='block_1_104' title="bbox 157 5605 3464 5710">
    <p class='ocr_par' dir='ltr' id='par_1_104' title="bbox 157 5605 3464 5710">
     <span class='ocr_line' id='line_1_104' title="bbox 157 5605 3464 5710; baseline -0.006 -31"><span class='ocrx_word' id='word_1_912' title='bbox 157 5622 583 5679; x_wconf 84' lang='lat' dir='ltr'><strong>tibus‘alienam</strong></span> <span class='ocrx_word' id='word_1_913' title='bbox 599 5623 788 5692; x_wconf 87' lang='lat' dir='ltr'><strong>replet.</strong></span> <span class='ocrx_word' id='word_1_914' title='bbox 815 5621 1111 5692; x_wconf 88' lang='lat' dir='ltr'><strong>Sequitur:</strong></span> <span class='ocrx_word' id='word_1_915' title='bbox 1150 5640 1169 5672; x_wconf 89' lang='grc'><strong><em>‹</em></strong></span> <span class='ocrx_word' id='word_1_916' title='bbox 1201 5621 1270 5677; x_wconf 91' lang='lat' dir='ltr'><strong>Et</strong></span> <span class='ocrx_word' id='word_1_917' title='bbox 1308 5623 1482 5678; x_wconf 90' lang='lat' dir='ltr'><strong>scient</strong></span> <span class='ocrx_word' id='word_1_918' title='bbox 1513 5625 1637 5693; x_wconf 88' lang='lat' dir='ltr'><strong>quia</strong></span> <span class='ocrx_word' id='word_1_919' title='bbox 1659 5643 1782 5696; x_wconf 88' lang='lat' dir='ltr'><strong>pro—</strong></span> <span class='ocrx_word' id='word_1_920' title='bbox 1882 5623 2134 5694; x_wconf 89' lang='lat' dir='ltr'><strong>vulpibus</strong></span> <span class='ocrx_word' id='word_1_921' title='bbox 2182 5623 2584 5689; x_wconf 88' lang='lat' dir='ltr'><strong>comparantur.</strong></span> <span class='ocrx_word' id='word_1_922' title='bbox 2637 5611 2897 5710; x_wconf 47' lang='lat' dir='ltr'><strong>Etnnunc</strong></span> <span class='ocrx_word' id='word_1_923' title='bbox 2942 5611 3104 5710; x_wconf 70' lang='lat' dir='ltr'><strong>corde</strong></span> <span class='ocrx_word' id='word_1_924' title='bbox 3153 5605 3464 5710; x_wconf 75' lang='lat' dir='ltr'><strong>indomabili</strong></span> 
     </span>
    </p>
   </div>
   <div class='ocr_carea' id='block_1_105' title="bbox 152 5697 3466 5789">
    <p class='ocr_par' dir='ltr' id='par_1_105' title="bbox 152 5697 3466 5789">
     <span class='ocr_line' id='line_1_105' title="bbox 152 5697 3466 5789; baseline -0.006 -17"><span class='ocrx_word' id='word_1_925' title='bbox 152 5719 353 5789; x_wconf 81' lang='lat' dir='ltr'><strong>pheta</strong></span> <span class='ocrx_word' id='word_1_926' title='bbox 385 5716 548 5771; x_wconf 85' lang='lat' dir='ltr'><strong>fuerit</strong></span> <span class='ocrx_word' id='word_1_927' title='bbox 573 5716 630 5770; x_wconf 91' lang='lat' dir='ltr'><strong>in</strong></span> <span class='ocrx_word' id='word_1_928' title='bbox 656 5716 836 5772; x_wconf 88' lang='lat' dir='ltr'><strong>medio</strong></span> <span class='ocrx_word' id='word_1_929' title='bbox 861 5730 1071 5771; x_wconf 88' lang='lat' dir='ltr'><strong>eorum.</strong></span> <span class='ocrx_word' id='word_1_930' title='bbox 1097 5734 1115 5768; x_wconf 74' lang='grc' dir='ltr'><strong><em>ι</em></strong></span> <span class='ocrx_word' id='word_1_931' title='bbox 1147 5714 1300 5770; x_wconf 80' lang='lat' dir='ltr'><strong>Malis</strong></span> <span class='ocrx_word' id='word_1_932' title='bbox 1327 5714 1467 5769; x_wconf 88' lang='lat' dir='ltr'><strong>scire</strong></span> <span class='ocrx_word' id='word_1_933' title='bbox 1502 5715 1670 5771; x_wconf 91' lang='lat' dir='ltr'><strong>bonos</strong></span> <span class='ocrx_word' id='word_1_934' title='bbox 1692 5725 1785 5772; x_wconf 90' lang='lat' dir='ltr'><strong>aut</strong></span> <span class='ocrx_word' id='word_1_935' title='bbox 1885 5713 2200 5783; x_wconf 89' lang='lat' dir='ltr'><strong>scorpiones</strong></span> <span class='ocrx_word' id='word_1_936' title='bbox 2244 5723 2364 5765; x_wconf 89' lang='lat' dir='ltr'><strong>esse</strong></span> <span class='ocrx_word' id='word_1_937' title='bbox 2389 5708 2662 5762; x_wconf 90' lang='lat' dir='ltr'><strong>dicuntur.</strong></span> <span class='ocrx_word' id='word_1_938' title='bbox 2699 5703 2853 5762; x_wconf 87' lang='lat' dir='ltr'><strong>Unde</strong></span> <span class='ocrx_word' id='word_1_939' title='bbox 2890 5714 2944 5758; x_wconf 93' lang='lat' dir='ltr'><strong>et</strong></span> <span class='ocrx_word' id='word_1_940' title='bbox 2973 5703 3026 5758; x_wconf 90' lang='lat' dir='ltr'><strong>in</strong></span> <span class='ocrx_word' id='word_1_941' title='bbox 3051 5697 3339 5769; x_wconf 88' lang='lat' dir='ltr'><strong>Evangelio</strong></span> <span class='ocrx_word' id='word_1_942' title='bbox 3367 5697 3466 5789; x_wconf 12' lang='lat' dir='ltr'><strong>ile-</strong></span> 
     </span>
    </p>
   </div>
   <div class='ocr_carea' id='block_1_106' title="bbox 152 5788 3468 5880">
    <p class='ocr_par' dir='ltr' id='par_1_106' title="bbox 152 5788 3468 5880">
     <span class='ocr_line' id='line_1_106' title="bbox 152 5788 3468 5880; baseline -0.008 -11"><span class='ocrx_word' id='word_1_943' title='bbox 152 5788 240 5869; x_wconf 79' lang='lat' dir='ltr'><strong>ad</strong></span> <span class='ocrx_word' id='word_1_944' title='bbox 267 5806 608 5879; x_wconf 86' lang='lat' dir='ltr'><strong>adjutorium</strong></span> <span class='ocrx_word' id='word_1_945' title='bbox 652 5807 845 5865; x_wconf 87' lang='lat' dir='ltr'><strong>salutis</strong></span> <span class='ocrx_word' id='word_1_946' title='bbox 873 5807 1172 5879; x_wconf 85' lang='lat' dir='ltr'><strong>proﬁcere,</strong></span> <span class='ocrx_word' id='word_1_947' title='bbox 1208 5817 1301 5865; x_wconf 90' lang='lat' dir='ltr'><strong>aut</strong></span> <span class='ocrx_word' id='word_1_948' title='bbox 1323 5809 1391 5866; x_wconf 83' lang='lat' dir='ltr'><strong>ad</strong></span> <span class='ocrx_word' id='word_1_949' title='bbox 1417 5807 1782 5866; x_wconf 87' lang='lat' dir='ltr'><strong>testimonium</strong></span> <span class='ocrx_word' id='word_1_950' title='bbox 1887 5807 2104 5880; x_wconf 83' lang='lat' dir='ltr'><strong>gimus:</strong></span> <span class='ocrx_word' id='word_1_951' title='bbox 2136 5819 2158 5859; x_wconf 73' lang='grc' dir='ltr'>ι</span> <span class='ocrx_word' id='word_1_952' title='bbox 2189 5801 2393 5863; x_wconf 89' lang='lat' dir='ltr'><strong>Omnes</strong></span> <span class='ocrx_word' id='word_1_953' title='bbox 2439 5799 2532 5872; x_wconf 90' lang='lat' dir='ltr'><strong>qui</strong></span> <span class='ocrx_word' id='word_1_954' title='bbox 2578 5805 2701 5855; x_wconf 88' lang='lat' dir='ltr'><strong>ante</strong></span> <span class='ocrx_word' id='word_1_955' title='bbox 2740 5813 2828 5857; x_wconf 91' lang='lat' dir='ltr'><strong>me</strong></span> <span class='ocrx_word' id='word_1_956' title='bbox 2868 5801 3132 5852; x_wconf 84' lang='lat' dir='ltr'><strong>venerunt</strong></span> <span class='ocrx_word' id='word_1_957' title='bbox 3174 5790 3322 5849; x_wconf 76' lang='lat' dir='ltr'><strong>iures</strong></span> <span class='ocrx_word' id='word_1_958' title='bbox 3351 5788 3468 5845; x_wconf 85' lang='lat' dir='ltr'><strong>fue-</strong></span> 
     </span>
    </p>
   </div>
   <div class='ocr_carea' id='block_1_107' title="bbox 435 5886 1797 6000">
    <p class='ocr_par' dir='ltr' id='par_1_107' title="bbox 435 5891 889 5962">
     <span class='ocr_line' id='line_1_107' title="bbox 435 5891 889 5962; baseline 0.007 -3"><span class='ocrx_word' id='word_1_959' title='bbox 435 5891 707 5960; x_wconf 67' lang='lat' dir='ltr'><strong>Plraot.</strong></span> <span class='ocrx_word' id='word_1_960' title='bbox 752 5895 889 5962; x_wconf 77' lang='lat' dir='ltr'><strong>CX.</strong></span> 
     </span>
    </p>
   </div>
   <div class='ocr_carea' id='block_1_108' title="bbox 1881 5886 3028 6000">
    <p class='ocr_par' dir='ltr' id='par_1_108' title="bbox 2014 5886 3028 6000">
     <span class='ocr_line' id='line_1_108' title="bbox 2014 5886 3028 6000; baseline 0.006 -18"><span class='ocrx_word' id='word_1_961' title='bbox 2014 5967 2103 5987; x_wconf 43' lang='grc' dir='ltr'><strong>η,</strong></span> <span class='ocrx_word' id='word_1_962' title='bbox 2191 5977 2244 5985; x_wconf 79' lang='lat'><strong>._</strong></span> <span class='ocrx_word' id='word_1_963' title='bbox 2319 5982 2360 5987; x_wconf 80' lang='lat'><strong>..</strong></span> <span class='ocrx_word' id='word_1_964' title='bbox 2428 5979 2448 5987; x_wconf 79' lang='lat'><strong>..</strong></span> <span class='ocrx_word' id='word_1_965' title='bbox 2785 5977 2806 6000; x_wconf 82' lang='grc'><em>,</em></span> <span class='ocrx_word' id='word_1_966' title='bbox 2953 5886 3028 5950; x_wconf 65' lang='grc'><strong>18</strong></span> 
     </span>
    </p>
   </div>
   <div class='ocr_carea' id='block_1_109' title="bbox 2014 5972 2103 5987">
    <p class='ocr_par' dir='ltr' id='par_1_109' title="bbox 2014 5972 2103 5987">
     <span class='ocr_line' id='line_1_109' title="bbox 2014 5972 2103 5987; baseline 0.022 -5"><span class='ocrx_word' id='word_1_967' title='bbox 2014 5972 2074 5987; x_wconf 47' lang='grc' dir='ltr'><strong>και-ολ</strong></span> <span class='ocrx_word' id='word_1_968' title='bbox 2091 5977 2103 5984; x_wconf 72' lang='grc' dir='ltr'>ι</span> 
     </span>
    </p>
   </div>
  </div>
