3938 6360
481 380 586 436 555
1167 376 1229 432 Β.
1270 376 1522 432 ΒΑΒᾹΝΙ
1560 376 1779 433 ΗΔυΒΙ
1815 372 2133 433 ARCHIEP.

2172 372 2482 432 IDGUNT.
2504 366 2794 429 OPEIUI
2830 371 3012 428 PARS
3046 368 3114 428 ll.
3678 370 3794 428 $86

484 503 609 549 runt
631 498 687 551 et
710 490 973 556 latrones,
1016 497 1073 545 et
1099 503 1209 547 non
1238 490 1526 551 audierunt
1566 505 1663 547 eos
1696 505 1827 547 oves
1850 490 1869 564 (
1896 490 2058 546 lusu.
2087 492 2144 553 Α
2164 488 2382 545 virtutis
2416 488 2761 554 invenerint,
2796 495 2860 545 ut
2884 485 3126 557 eiloqui
3163 486 3449 547 contraria
3476 500 3601 542 non
3643 501 3797 556 pn-

482 587 557 659 x).
571 605 589 638 ι
610 585 678 645 Et
697 585 968 656 quomodo
989 598 1119 643 oves
1133 584 1357 653 perdita:
1378 585 1571 643 domus
1591 585 1755 641 Israel
1776 585 2064 653 audierunt

480 677 867 737 adversarios?
894 676 975 733 Es
1016 691 1125 746 quo
1164 676 1490 745 ostenditur,
1526 691 1620 733 eos
1663 676 1758 747 qui
1795 676 2066 733 audierint

483 772 630 826 fures
664 779 720 825 et
760 769 1001 823 latrones
1045 768 1229 822 ovium
1276 767 1599 823 vocabulum
1650 768 1968 838 perdidisse,
2009 776 2065 823 et

480 862 588 925 alia
617 860 976 931 assumpsisse
998 859 1225 919 nomina
1243 900 1258 925 ,
1302 869 1362 915 ut
1407 870 1517 917 non
1542 860 1699 929 quasi
1716 872 1861 933 oves
1886 860 2063 929 perie-

480 955 607 1018 rint,
649 952 743 1011 sed
762 951 917 1022 quasi
946 950 1167 1020 viperas,
1192 950 1379 1021 vulpes
1404 959 1459 1008 et
1495 950 1826 1020 scorpiones.
1856 946 2060 1022 (Greg.)

481 1042 726 1103 Timendi
752 1042 895 1105 enim
921 1040 1177 1107 essenthi
1201 1041 1395 1111 quibus
1417 1041 1560 1110 loqui
1583 1041 1912 1104 mittebatur,
1931 1039 1978 1095 si
2006 1039 2063 1095 in

480 1134 584 1203 ﬁde
616 1142 673 1193 et
711 1133 766 1199 in
808 1148 973 1204 opere
1019 1132 1128 1189 Dee
1152 1131 1507 1202 omnipotenti
1532 1131 1883 1201 placuissent.
1924 1130 2063 1197 Quia

478 1236 663 1293 autem
698 1225 961 1293 increduli
986 1233 1042 1280 et
1072 1225 1425 1289 subversores
1457 1234 1601 1290 sunt,
1634 1225 1686 1283 in
1722 1223 2061 1283 Sermonibus

479 1324 820 1392 derogantes,
870 1318 1095 1375 timendi
1141 1333 1248 1375 non
1279 1326 1426 1386 sunt,
1474 1318 1602 1389 quia
1640 1318 1863 1377 stultum
1908 1315 2063 1373 valde

477 1420 581 1477 est,
603 1411 650 1469 si
678 1410 786 1475 illis
806 1409 1024 1480 placere
1053 1409 1367 1479 quaerimus,
1400 1423 1537 1479 quos
1564 1423 1670 1466 non
1708 1408 1924 1480 placere
1949 1408 2061 1464 Deo

476 1513 696 1571 scimus.
747 1512 956 1569 Debent
990 1512 1136 1567 enim
1180 1511 1366 1568 haberi
1393 1511 1449 1566 in
1485 1519 1636 1566 metu
1675 1518 1732 1564 et
1757 1508 2062 1575 reverentia

470 1607 674 1677 judicia
702 1605 1008 1676 justorum,
1064 1606 1190 1675 quia
1236 1605 1479 1661 membra
1530 1603 1917 1674 omnipotentis
1965 1602 2062 1657 Dei

477 1709 621 1754 sunt.
665 1698 732 1754 Et
767 1701 873 1756 hoc
910 1699 1011 1770 ipsi
1038 1699 1094 1754 in
1123 1710 1269 1754 terra
1310 1699 1733 1769 reprehendunt,
1782 1696 1926 1766 quod
1957 1696 2064 1755 Do.-

477 1795 657 1851 minus
692 1795 981 1865 redarguet
1007 1810 1038 1849 e
1059 1795 1218 1850 ecelo.
1258 1793 1392 1848 Nam
1422 1810 1799 1864 perversomm
1837 1794 2062 1863 deroga-

474 1888 551 1951 tio
581 1886 705 1942 vitae
734 1894 935 1942 nostra:
958 1886 1278 1955 approbatio
1306 1894 1412 1951 est,
1456 1887 1581 1956 quia
1605 1885 1717 1954 jam
1753 1877 2060 1941 ostenditur

476 1995 576 2035 nos
597 1979 803 2048 aliquid
823 1978 1048 2049 iustitiae
1070 1978 1270 2033 habere
1290 2020 1304 2043 ,
1339 1978 1385 2033 si
1411 1978 1515 2033 illis
1541 1979 1827 2050 displicere
1870 1977 2062 2047 incipi-

477 2088 595 2126 mus
618 2112 632 2137 ,
668 2073 761 2142 qni
792 2087 896 2126 non
924 2071 1139 2142 placent
1180 2071 1309 2126 Deo.
1352 2070 1520 2125 Nemo
1556 2072 1755 2125 etenim
1794 2080 1971 2142 potest
2004 2072 2059 2125 in

477 2177 580 2214 una
625 2162 926 2230 eademque
971 2176 1031 2216 re
1077 2160 1434 2231 omnipotenti
1480 2161 1705 2216 Domino
1744 2172 1903 2230 atque
1941 2161 2060 2231 ejus

477 2249 724 2304 hostibus
750 2256 938 2320 gratus
964 2250 1218 2317 existere,
1254 2266 1377 2304 nam
1405 2251 1516 2305 Deo
1543 2265 1602 2305 se
1627 2251 1860 2305 amicum
1896 2251 2060 2305 dene-

474 2348 584 2411 gat,
614 2340 704 2410 qui
732 2340 852 2410 ejus
870 2340 1048 2410 placet
1074 2341 1323 2406 inimico,
1356 2350 1410 2397 et
1436 2341 1671 2396 inimicis
1694 2342 1937 2396 veritatis
1964 2342 2059 2396 ad-

471 2433 795 2497 versabitur,
837 2434 929 2502 qui
959 2434 1137 2489 eidem
1184 2434 1398 2487 veritati
1420 2435 1474 2487 in
1507 2442 1689 2487 mente
1719 2433 2054 2505 subjugatur.

474 2527 627 2584 Unde
671 2530 843 2584 sancti
882 2529 982 2585 viri
1033 2531 1085 2584 in
1114 2530 1265 2584 vocis
1301 2529 1482 2584 libera:
1523 2529 1888 2603 increpatione
1935 2546 2057 2584 suc-

474 2621 646 2685 censi,
681 2636 778 2676 eos
824 2622 893 2676 ad
934 2636 1032 2676 sua
1067 2622 1189 2676 odia
1218 2622 1457 2677 excitare
1510 2638 1616 2677 non
1644 2631 1887 2676 metuunt
1921 2636 2057 2692 quos

471 2710 640 2764 Deum
672 2727 780 2766 non
816 2712 1039 2781 diligere
1064 2721 1416 2783 cognoscunt.
1466 2712 1619 2780 Quod
1664 2715 1925 2784 propheta
1962 2729 2052 2766 ar-

472 2803 663 2856 denter
690 2805 974 2871 exhibens,
1013 2806 1244 2860 creatori
1288 2806 1526 2860 omnimn
1568 2807 1722 2875 quasi
1751 2808 1801 2859 in
1832 2820 2055 2859 munere

469 2894 664 2949 obtulit
708 2896 936 2951 dictum:
982 2917 1000 2948 ι
1045 2896 1231 2952 Nonne
1283 2898 1375 2967 qui
1416 2899 1648 2953 oderunt
1687 2907 1759 2963 te,
1804 2898 2050 2965 Domine,

467 2982 687 3041 oderam
739 2986 861 3042 illos
908 2996 964 3042 et
1005 3002 1169 3057 super
1198 2988 1445 3043 inimicos
1506 2998 1625 3042 tuos
1674 2987 2055 3043 tabescebam?

468 3072 719 3134 Perfecto
750 3078 875 3133 odio
902 3080 1123 3134 oderam
1174 3080 1293 3137 illos
1312 3121 1326 3145 ,
1371 3080 1576 3135 inimici
1604 3078 1730 3134 facti
1763 3090 1888 3136 sunt
1919 3082 2053 3136 mihi

468 3166 673 3239 (Psol.
730 3185 973 3227 suum
1008 3170 1048 3244 ).
1083 3192 1103 3225 ι
1156 3172 1235 3227 Ac
1288 3174 1334 3228 si
1382 3181 1568 3243 aperte
1616 3174 1762 3228 dicat
1813 3192 1826 3228 :
1879 3173 2053 3229 Pensa

466 3272 729 3331 quantum
780 3272 831 3323 te
884 3264 1069 3332 diligo,
1127 3266 1221 3335 qui
1264 3273 1479 3319 tuorum
1528 3266 1764 3328 hostium
1816 3268 2055 3323 excitare

467 3365 658 3411 contra
706 3370 792 3411 me
827 3356 1143 3411 inimicitias
1169 3372 1277 3411 non
1306 3359 1650 3426 pertimesco.
1702 3356 1840 3413 Justi
1871 3359 2057 3430 itaque

468 3447 609 3501 sicut
680 3447 800 3502 sine
870 3450 1181 3517 arrogantia
1236 3449 1530 3518 loquuntur
1580 3450 1867 3518 aliquando
1913 3450 2053 3506 bona

468 3550 588 3605 qua:
612 3542 801 3606 agunt,
833 3534 907 3590 ita
934 3537 1050 3591 sine
1073 3537 1187 3591 zelo
1204 3538 1429 3607 privatae
1458 3538 1641 3608 gloria:
1655 3541 2054 3597 detrahentium

469 3624 569 3681 sibi
603 3624 817 3697 linguas
841 3628 1193 3697 redarguunt,
1219 3629 1348 3698 quia
1378 3631 1537 3685 noxia
1567 3630 1879 3701 loquuntur.
1914 3633 2051 3688 Cum

468 3728 597 3769 vero
652 3715 846 3786 linguae
897 3716 1274 3787 derogantium
1309 3720 1506 3789 corrigi
1540 3730 1837 3790 nequeunt,
1865 3738 2051 3791 aequa-

470 3804 690 3859 nimiter
744 3814 871 3860 sunt
920 3822 1018 3875 per
1065 3808 1246 3867 omnia
1302 3808 1614 3874 tolerandae,
1648 3825 1750 3866 nec
1782 3812 2052 3865 obtrecta-

2080 3241 2129 3307 C

469 3895 633 3951 tionis
658 3912 841 3961 sermo
869 3897 1139 3963 timendus
1166 3908 1271 3965 est,
1301 3915 1390 3965 ue,
1417 3900 1545 3955 dum
1572 3900 1896 3972 vituperatio
1923 3918 2048 3972 per—

466 4003 748 4057 versorum
813 3990 1107 4056 metuitur,
1157 3990 1290 4046 recti
1355 3992 1539 4061 operis
1594 3992 1679 4047 via
1744 3993 2045 4049 deseratur.

470 4079 623 4137 Unde
666 4097 811 4147 nunc
846 4081 1115 4149 Ezechieli
1160 4082 1437 4153 propheta:
1475 4084 1675 4141 dicitur
1715 4102 1730 4140 ε
1776 4104 1795 4136 ‹
1826 4084 2046 4142 Sermo-

466 4188 563 4231 nes
587 4189 775 4235 eorum
800 4190 869 4241 ne
911 4184 1142 4242 metuas,
1166 4176 1292 4247 quia
1336 4176 1599 4235 increduli
1622 4186 1678 4233 et
1698 4179 2048 4236 subversores

467 4272 594 4319 sunt
655 4274 854 4321 tecum.
898 4285 918 4321 ι
971 4265 1146 4321 Minus
1196 4279 1375 4323 autem
1438 4269 1568 4323 mali
1631 4279 1845 4335 essent,
1890 4271 1939 4325 si
1990 4271 2049 4326 bi

470 4353 564 4423 qui
603 4363 730 4408 sunt
786 4354 1049 4417 increduli
1092 4370 1440 4425 perversores
1488 4359 1709 4415 minime
1761 4359 1992 4415 fuissent
2028 4378 2042 4415 :

466 4442 595 4512 quia
624 4443 767 4499 enim
806 4443 904 4513 ipsi
932 4444 1014 4499 vel
1035 4445 1271 4501 caelestis
1290 4448 1439 4519 regni
1462 4449 1706 4518 prannia,
1731 4450 1812 4503 vel
1845 4451 2046 4521 gehen-

466 4546 554 4587 nae
581 4547 700 4587 esse
729 4533 991 4605 supplicia
1019 4548 1127 4590 non
1152 4536 1382 4592 credunt
1402 4577 1416 4603 ,
1457 4539 1513 4593 in
1549 4539 1662 4597 suis
1685 4540 2046 4609 pravitatibus

470 4624 701 4690 dimissi,
725 4640 755 4685 a
784 4625 889 4681 (ide
918 4635 1151 4696 etopere
1176 4629 1339 4683 etiam
1364 4629 1499 4689 alios
1524 4605 1846 4689 subve-rtunt
1872 4642 1931 4691 ut
1956 4650 2043 4689 re-
2069 4605 2125 4666 Β

465 4736 631 4791 gnum
665 4721 808 4791 quod
836 4721 939 4791 ipsi
987 4732 1241 4793 appetere
1270 4738 1377 4779 non
1403 4724 1608 4790 volunt,
1645 4740 1745 4785 nec
1780 4727 1918 4785 alter
1958 4743 2046 4784 as-

465 4816 745 4880 sequatur.
771 4810 836 4869 lli
863 4828 1098 4882 namque
1124 4829 1247 4875 cum
1273 4816 1570 4875 teneriores
1608 4817 1872 4887 quosdam
1901 4820 2043 4877 bona

465 4900 724 4972 incipere,
751 4903 891 4963 mala
915 4902 1025 4972 jam
1054 4904 1292 4959 devitarc
1329 4909 1695 4979 cognoverint,
1732 4908 1891 4967 modo
1920 4909 2045 4963 irri-

464 4993 642 5049 dendo
671 4993 815 5065 guod
838 4995 894 5051 in
926 4996 1080 5052 etnlis
1122 4997 1474 5066 promittitur,
1515 5001 1674 5055 modo
1696 5001 2043 5072 despicienda

465 5082 610 5151 quod
641 5083 782 5153 Deus
802 5086 1144 5157 omnipotens
1174 5087 1239 5149 de
1265 5085 1460 5143 inferni
1479 5090 1753 5160 suppliciis
1779 5092 2039 5160 minatur,

358 5228 365 5239 _
466 5173 624 5231 modo
665 5174 930 5243 laudando
979 5179 1119 5235 bona
1160 5180 1506 5248 temporalia,
1553 5190 1609 5237 et
1657 5183 2041 5243 delectationes

464 5267 746 5334 pneseptis
792 5271 969 5337 oraculi
1026 5270 1218 5329 callida
1285 5274 1633 5341 persuasione
1674 5276 1998 5345 pollicieudo
2019 5318 2037 5345 ,

466 5354 753 5421 deﬂectunt
810 5371 1018 5419 mentes
1069 5363 1437 5427 innocentium
1491 5382 1788 5436 eorumque
1841 5367 2040 5433 itinera

464 5458 779 5517 pervertunt
833 5455 1144 5526 ggaudent,
1195 5457 1241 5513 si
1296 5474 1433 5527 quos
1496 5459 1771 5528 potuerint
1832 5476 1867 5515 a
1929 5461 2041 5519 vita

465 5551 720 5607 revocare
744 5583 759 5607 ,
807 5543 875 5603 ad
928 5556 1156 5605 mortem
1216 5550 1461 5617 trahere;
1516 5549 1768 5609 laetantur
1820 5552 1875 5617 in
1916 5569 2042 5623 pra-

462 5626 722 5701 vitatibus
771 5634 907 5703 suis,
960 5638 1233 5694 exsultant
1279 5649 1335 5696 et
1374 5642 1426 5705 in
1472 5641 1681 5707 alienis.
1731 5641 1828 5711 His
1873 5644 2040 5715 nimi-

465 5733 588 5783 rum
632 5738 793 5795 pinna
851 5741 949 5785 sua
1001 5744 1106 5784 non
1160 5731 1393 5798 sullicit,
1448 5734 1539 5802 qui
1596 5743 1763 5801 agunt
1814 5752 1883 5803 ne
1939 5737 2041 5803 soli

465 5811 780 5875 metimur.
824 5815 895 5873 Αι
944 5818 988 5875 si
1026 5820 1255 5889 fortasse
1281 5822 1489 5894 justum
1532 5826 1839 5898 quempiam
1873 5838 2039 5899 tanta:

2166 590 2403 647 sumant,
2450 581 2579 652 quis
2619 582 2976 643 subversores
3022 594 3145 637 esse
3184 593 3293 636 non
3338 588 3615 651 possunt,
3672 589 3791 636 sta—

2165 674 2263 730 tim
2292 673 2608 744 scorpiones
2633 673 2790 728 ﬁunt.
2828 671 3058 744 Scorpio
3100 680 3283 729 autem
3310 671 3606 744 palpando
3634 673 3794 728 ince-

2164 761 3562 831 dit,sedcaudabrit,neemordetsfscie,ssd
3624 779 3793 834 apo-

2160 854 2482 911 sterioribus
2538 860 2697 911 most
2740 872 2760 909 ς
2808 853 3126 925 scorpiones
3180 868 3315 926 ergo
3384 861 3520 910 sunt
3584 868 3790 910 emes

2160 944 2343 1004 blandi
2373 955 2430 1002 et
2461 946 2752 1015 malitiosi,
2780 948 2875 1017 qni
2895 948 3053 1004 bonis
3075 947 3295 1019 quidem
3338 947 3393 1003 in
3426 946 3643 1003 facium
3678 964 3787 1002 non

2162 1038 2457 1106 resistunt,
2507 1039 2606 1096 sed
2649 1053 2777 1096 mox
2819 1047 2879 1095 ut
2923 1040 3253 1112 recesserint
3295 1040 3599 1111 derogant,
3650 1040 3785 1095 alios

2163 1144 2301 1199 quos
2327 1130 2598 1187 valuerint
2644 1131 3002 1199 inﬂamuiant,
3050 1148 3281 1203 quasque
3324 1143 3565 1203 ponunt
3617 1137 3784 1189 noxia

2162 1220 2476 1288 immittunt,
2510 1222 2792 1281 mortifera
2834 1221 3041 1280 inferre
3079 1223 3295 1280 (ιω-ιω
3334 1239 3445 1279 non
3486 1225 3777 1280 desinunt.

2165 1310 2492 1383 Scorpiones
2529 1328 2660 1385 ergo
2696 1322 2844 1383 sunt,
2874 1316 2970 1388 qui
3002 1315 3192 1371 blandi
3234 1323 3294 1374 et
3320 1316 3539 1371 innoxii
3598 1319 3659 1371 in
3702 1318 3781 1371 fa-

2164 1402 2302 1459 ciem
2336 1404 2605 1472 videntur,
2632 1406 2729 1467 sed
2752 1415 2880 1477 post
2903 1407 3126 1463 dorsum
3158 1416 3380 1478 portant
3416 1408 3577 1463 unde
3610 1424 3777 1464 suo

2164 1509 2294 1559 num
2331 1492 2594 1564 fundant;
2626 1495 2720 1569 qui
2747 1496 2803 1555 in
2838 1496 3054 1557 occulto
3085 1495 3311 1563 feriunt,
3342 1497 3507 1570 quasi
3536 1508 3775 1557 sum

2162 1585 2396 1643 latenter
2430 1587 2673 1649 trahunt.
2714 1585 2869 1651 Unde
2910 1586 3079 1647 etiarn
3118 1601 3219 1658 per
3242 1584 3608 1647 Psalmistam
3642 1586 3775 1642 diei-

2166 1688 2254 1739 tur
2280 1696 2294 1733 :
2325 1697 2343 1730 ι
2377 1678 2865 1741 Circumdederunt
2901 1693 2993 1737 tne
3020 1678 3164 1737 sicut
3188 1693 3321 1749 apes
3346 1687 3405 1734 et
3432 1690 3770 1735 exarserant

2164 1771 2303 1827 sicut
2352 1771 2495 1843 ignis
2542 1771 2600 1829 in
2648 1771 2820 1844 spinis
2862 1771 3042 1849 (Post.
3070 1772 3261 1844 exvit).
3302 1791 3327 1826 ο
3380 1772 3534 1843 Apes
3590 1772 3653 1827 in
3682 1788 3770 1828 ore

2086 1867 2136 1928 Β
2165 1862 2271 1921 mel
2296 1862 2519 1931 habent,
2549 1863 2606 1925 in
2630 1863 2821 1925 aculeo
2848 1865 3037 1925 eandm
3062 1864 3295 1932 vulnus;
3340 1873 3401 1921 et
3432 1880 3643 1921 omnes
3684 1866 3767 1936 qui

2160 1954 2342 2026 lingua
2375 1954 2748 2023 blandiuntur,
2783 1956 2881 2015 sed
2921 1956 3157 2015 latenter
3181 1972 3252 2015 es
3274 1956 3493 2014 malitis
3538 1957 3767 2022 feriunt,

2159 2058 2288 2115 apes
2315 2054 2462 2113 sunt,
2489 2046 2618 2117 quia
2657 2046 2930 2118 loquendo
2966 2048 3307 2109 dulcedinem
3350 2049 3539 2105 mellis
3564 2063 3766 2120 pmo-

2159 2145 2316 2204 nunt,
2364 2137 2457 2195 sed
2509 2138 2719 2205 occulte
2768 2138 3016 2203 feriendo
3055 2140 3250 2201 vulnus
3296 2138 3569 2199 inferunt.
3614 2160 3635 2193 ι
3668 2139 3769 2196 Lo-

2158 2231 2343 2301 queris
2364 2230 2528 2299 verba
2557 2247 2677 2295 mea
2698 2232 2769 2291 ad
2791 2248 2911 2301 eos,
2934 2233 2983 2295 si
3010 2232 3151 2290 forte
3175 2233 3403 2291 audiant
3425 2242 3491 2288 et
3514 2233 3762 2299 timet.

2159 2321 2244 2379 vel
2274 2322 2576 2393 quiescant,
2599 2324 2857 2392 quoniam
2881 2324 3188 2385 irritaturos
3210 2332 3363 2390 sunt,
3384 2332 3500 2379 etc.
3523 2343 3544 2377 ι
3566 2323 3762 2397 (Βία.)

2157 2412 2274 2469 Non
2300 2422 2383 2471 est
2408 2429 2538 2486 ergo
2551 2416 2898 2481 cessandum,
2920 2414 3190 2477 licetsnali
3210 2415 3341 2479 sint,
3358 2416 3568 2485 quibus
3592 2416 3766 2485 loqui-

2157 2519 2300 2571 mur,
2324 2505 2478 2576 quin,
2506 2505 2800 2560 secundum
2825 2505 3142 2577 Apostolum
3164 2506 3251 2577 (Il
3276 2505 3414 2563 Tini.
3436 2508 3546 2578 ﬂ),
3566 2522 3764 2577 om.

2157 2604 2310 2673 tune,
2328 2596 2657 2667 importune,
2684 2599 2908 2654 verbum
2926 2598 3019 2658 Dei
3034 2598 3407 2667 praedicamus,
3433 2600 3762 2668 quispotest

2156 2684 2273 2741 ﬁeri
2306 2694 2363 2741 ut
2388 2695 2443 2740 et
2476 2688 2646 2743 durus
2667 2687 2972 2760 corrigatur
2998 2688 3069 2747 ad
3092 2688 3405 2754 mollitiem,
3429 2698 3489 2744 et
3518 2690 3615 2758 qui
3638 2690 3765 2744 obe-

2156 2778 2310 2837 diens
2323 2790 2407 2836 est
2427 2788 2635 2839 mutata
2662 2781 2936 2845 voluntate
2954 2797 3061 2838 non
3089 2782 3292 2838 audiat.
3310 2780 3377 2854 (ϐ
3386 2782 3524 2854 reg.)
3540 2780 3762 2837 Dicatur

2157 2884 2313 2942 ergo,
2348 2891 2367 2931 ι
2402 2872 2667 2935 increduli
2696 2882 2751 2929 et
2777 2875 3129 2931 subversores
3152 2881 3283 2930 sunt
3308 2881 3515 2937 tecum,
3548 2882 3607 2928 et
3640 2889 3761 2928 ea

2156 2964 2536 3036 scorpionibus
2576 2966 2814 3034 habitas,
2847 2986 2870 3020 ι
2914 2967 3178 3025 increduli
3210 2966 3421 3023 scilicet
3446 2967 3593 3033 Deo,
3636 2969 3761 3023 sub-

2156 3071 2407 3127 versores
2456 3074 2585 3117 vero
2636 3060 3042 3125 inﬁrmantibus
3092 3061 3379 3131 proximis,
3431 3063 3758 3132 securiores

2156 3158 2341 3215 autem
2390 3151 2557 3219 etiam
2606 3151 2841 3215 fortibus
2883 3168 2949 3211 ac
2984 3154 3241 3221 robustis,
3294 3154 3501 3225 quibus
3550 3156 3659 3211 etsi
3704 3157 3759 3210 is

2159 3238 2355 3311 tanien)
2396 3245 2779 3305 contradicere
2807 3259 2917 3309 non
2959 3256 3318 3317 praesumunt,
3347 3255 3539 3303 tamen
3568 3263 3643 3303 es
3672 3263 3763 3303 ae-

2157 3330 2301 3387 culto
2326 3332 2520 3401 vulnus
2546 3335 2917 3407 derogatienis
2943 3336 3203 3397 inferunt.
3249 3338 3530 3394 increduli
3560 3339 3761 3410 quippe

2154 3425 2317 3489 sunul
2352 3435 2407 3480 et
2430 3426 2781 3484 subversores
2815 3438 2872 3485 et
2902 3430 3219 3500 scorpiones
3245 3440 3394 3497 sunt,
3424 3432 3561 3501 quia
3588 3441 3649 3486 et
3668 3448 3761 3486 aa-

2155 3516 2268 3573 dita
2309 3532 2397 3584 ea,
2443 3534 2567 3590 qua
2597 3520 2695 3576 Dei
2730 3532 2877 3590 sunt,
2928 3538 3037 3587 non
3086 3525 3339 3591 credunt,
3372 3534 3429 3580 et
3476 3540 3580 3581 eos
3622 3542 3757 3594 quos

2155 3614 2471 3684 praevalent,
2493 3632 2523 3670 a
2545 3617 2705 3673 bonis
2724 3616 2968 3683 moribus
2988 3619 3332 3685 subvertunt,
3353 3626 3413 3671 et
3432 3633 3580 3687 quos
3598 3619 3754 3673 inﬂe—

2155 3717 2305 3762 ctere
2344 3723 2453 3763 non
2501 3708 2703 3775 valent,
2750 3710 2978 3773 occultis
3012 3710 3749 3769 machinationibusfen’nt.

2153 3803 2268 3870 Qua
2306 3804 2362 3860 in
2390 3821 2449 3859 re
2475 3806 2580 3863 hoc
2609 3820 2824 3876 quoque
2850 3806 3147 3865 notandum
3170 3816 3274 3871 est,
3306 3810 3436 3876 quia
3463 3823 3598 3865 cum
3630 3823 3754 3879 pso-

2151 3896 2329 3965 phetae
2342 3896 2560 3962 dicitur,
2581 3916 2599 3949 ι
2618 3896 2884 3953 increduli
2899 3906 2956 3953 et
2967 3900 3320 3954 subversores
3332 3908 3463 3953 sunt
3480 3909 3686 3964 tecum,
3700 3912 3752 3955 et

2154 3999 2275 4040 cum
2299 3988 2679 4057 scorpionibus
2701 3988 2934 4052 habitas,
2962 4008 2983 4040 ι
2998 3989 3155 4047 nobis
3169 3990 3569 4045 consolationis
3587 3993 3753 4046 medi

2151 4085 2460 4137 camentum
2502 4078 2800 4149 profertur,
2841 4094 2977 4149 quos
3014 4095 3159 4150 saape
3198 4082 3357 4137 tardet
3398 4083 3592 4138 vivere
3623 4085 3747 4138 dum

2150 4166 2401 4223 nolumus
2430 4182 2553 4223 cum
2583 4167 2739 4224 malis
2766 4169 3029 4227 habitare.
3079 4170 3369 4237 Querimnr
3410 4174 3624 4242 etenim
3654 4189 3747 4228 cur

2150 4272 2258 4313 non
2290 4272 2479 4315 omnes
2502 4258 2629 4314 boni
2655 4267 2801 4325 sunt,
2834 4260 2928 4330 qui
2955 4261 3238 4321 nobiscum
3266 4263 3495 4329 vivunt;
3527 4266 3577 4320 si
3604 4268 3741 4318 mla

2149 4352 2525 4420 proximorum
2573 4352 2716 4417 ferre
2769 4353 3046 4421 nolumus,
3104 4369 3293 4421 omnes
3352 4366 3584 4411 sanctos
3634 4355 3741 4424 jam

2150 4444 2347 4505 debere
2364 4461 2484 4501 esse
2506 4446 2873 4512 decernimus,
2900 4448 3027 4505 dum
3055 4463 3178 4507 esse
3204 4449 3480 4515 nolumus,
3500 4450 3653 4519 quod
3678 4466 3740 4504 ex

2148 4538 2410 4605 proximis
2435 4548 2729 4608 portemus.
2764 4539 2873 4601 Sed
2904 4542 3008 4599 hae
3026 4542 3081 4596 in
3110 4558 3170 4599 re
3197 4542 3318 4598 luce
3340 4543 3555 4598 clarius
3580 4553 3738 4614 patet.

2151 4632 2277 4687 dum
2307 4633 2478 4693 malos
2512 4643 2732 4702 portare
2761 4636 3073 4707 renuimus,
3110 4652 3273 4707 quam
3302 4636 3545 4703 multum
3571 4639 3743 4691 adhuc

2149 4730 2206 4777 et
2247 4723 2352 4794 ipsi
2392 4724 2571 4783 minus
2604 4726 2674 4781 dc
2709 4727 2855 4787 bono
2891 4728 3204 4785 habeamus.
3253 4727 3409 4799 Saepe
3446 4743 3589 4783 vero
3622 4744 3739 4783 eam

2149 4813 2218 4868 de
2243 4814 2352 4877 vita
2375 4814 2747 4884 proximorum
2784 4817 3084 4886 querimur,
3125 4826 3339 4875 mutare
3364 4816 3551 4874 locum
3582 4833 3739 4873 cona-

2148 4917 2293 4973 mur,
2327 4914 2596 4965 secretum
2648 4907 2771 4961 vitae
2821 4908 3133 4967 remotioris
3182 4908 3417 4978 eligere,
3490 4908 3738 4965 videlicet

2147 4993 2483 5065 ignorantes,
2510 4997 2635 5066 quia
2662 4998 2707 5052 si
2733 4997 2874 5059 desit
2899 4998 3142 5067 spiritus,
3172 5015 3280 5059 nou
3306 4997 3532 5068 adurat.
3559 5000 3733 5059 locus:

2149 5085 2292 5142 idem
2317 5088 2460 5143 enim
2476 5088 2613 5155 Loth
2632 5089 2699 5151 de
2723 5106 2832 5159 quo
2859 5090 3130 5158 loquimur
3151 5091 3205 5147 iu
3231 5092 3491 5150 Sodomis
3516 5103 3739 5150 unctus

2146 5180 2377 5249 exstitit,
2392 5181 2448 5235 in
2462 5191 2645 5239 monte
2656 5183 2905 5253 peccavit
2918 5178 3074 5254 (Gen.
3104 5199 3238 5243 xvui
3252 5194 3301 5241 st
3330 5184 3475 5256 us).
3488 5187 3632 5253 Quia
3643 5202 3736 5241 su-

2146 5277 2257 5325 tem
2289 5271 2408 5327 loca
2439 5282 2675 5329 mentem
2700 5289 2807 5341 non
2838 5258 3105 5341 muniunt,
3125 5276 3238 5345 ipse
3264 5277 3494 5337 humani
3522 5278 3736 5349 generis

2144 5368 2354 5437 primus
2375 5375 2603 5429 testatur
2615 5384 2835 5440 parens,
2846 5370 2940 5439 qui
2957 5379 3016 5436 et
3040 5372 3097 5431 in
3121 5371 3376 5440 paradiso
3390 5371 3614 5432 cecidit.
3626 5370 3735 5429 Sed

2146 5459 2328 5527 minus
2360 5468 2493 5517 sunt
2524 5460 2705 5525 omnia
2751 5476 2871 5530 qua:
2896 5462 3172 5532 loquimur
3194 5476 3272 5527 as
3302 5471 3491 5529 mra,
3520 5478 3652 5525 non
3686 5461 3735 5519 si

2145 5548 2299 5607 locus
2317 5552 2529 5608 salvare
2552 5552 2840 5624 potuisset,
2863 5552 3066 5620 Satana
3094 5554 3162 5621 de
3191 5553 3332 5619 nmio
3348 5568 3463 5617 non
3490 5555 3734 5619 undequ-

2148 5640 2302 5709 Unde
2320 5642 2606 5711 Psalmista
2650 5646 2851 5715 ubique
2907 5645 2964 5711 in
2999 5646 3106 5705 hoc
3155 5647 3358 5713 mundo
3402 5648 3734 5711 unum

2145 5754 2267 5794 esse
2310 5737 2673 5808 conspiciens,
2710 5740 2960 5808 quaesivit
2999 5739 3175 5803 locum
3214 5754 3321 5808 quo
3362 5737 3599 5811 fingeret,
3636 5736 3734 5793 sed

2146 5829 2266 5886 sine
2294 5831 2405 5888 Deo
2431 5829 2675 5895 invenire
2706 5846 2815 5903 non
2836 5830 3017 5902 potuit
3045 5829 3312 5897 malum
3344 5830 3522 5898 (Paul.
3550 5836 3716 5894 svnt)
