3938 6360
421 367 528 422 »5ὺ9

1057 364 1118 418 Β.
1156 360 1412 418 RABANI
1448 359 1669 418 MAURI
1702 357 2018 414 ARCHIEP.
2059 355 2366 414 MOGUNT.
2405 351 2689 412 OPERUM
2723 351 2903 407 PARS
2939 349 3005 405 ll.

3596 345 3717 399 560

429 488 538 532 tum
573 485 656 532 est
687 481 1032 534 testamento.
1064 474 1418 554 Scriptusque
1444 481 1561 528 erat
1592 482 1717 528 ante
1753 483 1811 528 et
1833 479 1996 526 retro.
2027 475 2079 535 Α
2106 469 2311 542 (Greg.)
2342 470 2570 526 Carmen
2620 467 2911 537 aliquando
2960 465 3017 518 in
3061 464 3223 528 bono,
3275 461 3586 530 aliquando
3657 460 3716 513 in

428 571 502 624 De
533 569 727 624 futuris
756 577 810 624 et
849 569 915 623 de
942 568 1252 640 praeteritis,
1285 568 1370 622 vel
1399 575 1549 622 certe
1580 567 1712 622 foris
1750 567 1804 620 in
1834 565 2000 619 histo-

429 661 521 714 ria:
542 659 746 726 littera,
771 659 938 726 intus,
969 658 1322 729 intelligentia
1345 659 1593 730 spiritali.
1613 656 1815 730 (Greg.)
1842 655 2005 710 Liber

429 758 607 806 autem
653 749 925 806 involutus
951 758 1036 805 est
1062 747 1354 819 Scriptura:
1398 765 1565 806 sacrae
1607 749 1877 819 eloquium
1906 748 2004 802 ob-

429 858 667 908 scurum,
697 844 842 913 quod
866 841 1234 912 profunditate
1272 843 1661 897 sententiarum
1691 839 2003 904 involvitur,

428 943 488 990 ut
523 949 630 988 non
677 932 832 988 facile
881 947 1073 988 sensus
1120 940 1454 1002 penetretur.
1505 932 1609 986 Sed
1664 946 1847 986 coram
1882 945 2007 1000 pro-

426 1027 589 1098 pheta
638 1024 777 1081 liber
810 1023 1151 1094 expanditur,
1196 1025 1319 1092 quia
1357 1039 1536 1078 coram
1561 1023 2008 1092 praedicatoribus

431 1114 573 1171 sacri
601 1113 803 1183 eloquii
836 1112 1140 1168 obscuritas
1173 1112 1430 1181 aperitur.
1465 1111 1765 1166 lnvolutum
1809 1112 2006 1168 librum

428 1219 621 1258 manus
662 1203 876 1258 Domini
910 1208 1249 1272 porrexerat,
1303 1215 1424 1254 cum
1469 1200 1725 1269 apostolis
1759 1199 2003 1254 dicebat:

435 1316 453 1346 ι
495 1295 682 1351 Simile
713 1295 914 1350 factum
945 1302 1027 1349 est
1080 1307 1308 1362 regnum
1350 1291 1610 1346 caelorum
1670 1291 1872 1346 homini
1914 1290 2007 1359 qui

428 1389 716 1444 seminavit
757 1388 957 1442 bonum
989 1400 1174 1441 semen
1205 1385 1262 1438 in
1307 1399 1437 1456 agro
1475 1399 1591 1438 suo.
1648 1382 1781 1438 Cum
1828 1391 2006 1437 autem

428 1480 734 1536 dormirent
777 1479 1048 1544 homines,
1078 1477 1227 1532 venit
1273 1476 1526 1531 inimicus
1571 1475 1709 1546 ejus,
1745 1483 1800 1528 et
1829 1490 2010 1544 super-

432 1572 718 1626 seminavit
765 1571 971 1625 zizania
1018 1570 1071 1624 in
1120 1568 1300 1624 medio
1352 1568 1539 1635 tritici,
1590 1577 1645 1622 et
1673 1567 1822 1623 abiit.
1875 1565 2006 1621 Cum

429 1671 612 1720 autem
648 1663 908 1719 crevisset
927 1663 1124 1727 herba,
1148 1671 1202 1718 et
1227 1661 1459 1716 fructum
1493 1661 1729 1726 fecisset,
1756 1670 1881 1716 tunc
1914 1678 2010 1732 ap-

425 1763 725 1825 paruerunt
752 1763 807 1810 et
836 1755 1078 1820 zizania;
1106 1761 1161 1809 et
1185 1762 1380 1809 caetera
1420 1751 1633 1825 (Matth.
1664 1753 1811 1825 xm).
1849 1775 1867 1805 ›
1903 1753 2009 1808 Sed

2104 564 2246 619 malo
2271 565 2377 619 diei
2398 579 2504 618 non
2526 562 2747 617 dubium
2774 569 2879 616 est.
2898 559 3036 626 Quia
3065 569 3120 613 et
3146 557 3326 612 laetum
3361 571 3622 618 carmen,
3661 563 3721 607 et

2103 654 2329 728 lugubre
2350 671 2570 711 carmen
2596 654 2777 709 dicere
2803 666 3109 723 possumus.
3135 649 3244 706 Sed
3267 664 3370 704 nos
3396 647 3722 716 Scriptura:

2105 761 2277 802 sacra:
2291 761 2448 802 usum
2470 753 2778 817 sequentes,
2797 761 2918 815 qua:
2946 759 3085 815 pene
3111 757 3328 813 semper
3347 755 3585 796 carmen
3611 755 3719 809 po-

2109 837 2307 892 nerein
2333 837 2610 906 prosperis
2629 835 2787 891 solet.
2811 835 2927 890 Hoc
2960 834 3017 888 in
3043 833 3180 898 loco,
3209 847 3310 903 pro
3335 832 3485 886 bono
3514 829 3722 901 praedi-

2103 935 2256 983 ctum
2275 941 2497 983 carmen
2519 927 2846 998 accipimus:
2879 941 3008 981 nam
3037 939 3162 980 cum
3189 925 3550 994 omnipotens
3571 922 3721 977 Dens

2104 1015 2361 1086 populum
2374 1031 2532 1070 suum
2545 1016 2614 1072 de
2626 1016 2765 1071 mari
2778 1014 2964 1069 Rubro
2974 1013 3280 1079 liberasset,
3299 1015 3579 1082 scriptum
3602 1020 3716 1067 est:

2113 1125 2133 1159 ‹
2173 1107 2324 1162 Tunc
2337 1107 2546 1179 Moyses
2576 1115 2632 1162 et
2658 1107 2754 1162 lilii
2791 1105 2956 1161 lsrael
2999 1104 3314 1160 cecinerunt
3345 1117 3593 1160 carmen
3621 1102 3722 1157 Do-

2107 1199 2256 1255 mino
2269 1198 2468 1271 (Exod.
2485 1197 2597 1267 xv).
2621 1218 2640 1251 ι
2659 1197 2728 1252 Et
2738 1213 2859 1252 cum
2877 1195 3045 1251 David
3062 1195 3349 1250 victoriam
3371 1195 3443 1250 de
3458 1195 3722 1248 hostibus

2109 1288 2348 1354 fecisset,
2393 1289 2654 1358 scriptum
2680 1297 2801 1343 est:
2836 1307 2853 1340 ε
2883 1287 3120 1343 Locutus
3146 1294 3230 1342 est
3267 1285 3444 1340 David
3475 1285 3720 1339 Domino

2109 1383 2275 1436 verba
2300 1381 2558 1436 caminis
2581 1380 2738 1452 hujus
2767 1379 2851 1452 (II
2869 1379 2995 1450 Reg.
3027 1379 3188 1451 xxu).
3227 1398 3245 1431 ι
3282 1377 3556 1434 Salomon
3589 1393 3722 1447 quo-

2112 1487 2216 1541 que
2244 1472 2358 1526 ait:
2393 1490 2412 1522 ‹
2446 1471 2673 1526 Acetum
2729 1472 2783 1524 in
2812 1472 2976 1537 nitro,
3030 1477 3086 1525 et
3111 1470 3203 1540 qui
3249 1479 3439 1525 cantat
3463 1471 3719 1524 carmina

2113 1563 2276 1618 corde
2305 1563 2540 1633 pessimo
2567 1559 2748 1633 (Prov.
2780 1561 2930 1632 xxv).
2964 1579 2984 1614 ι
3016 1561 3246 1616 Acetum
3279 1561 3487 1631 quippe
3514 1561 3568 1615 si
3597 1559 3720 1614 mit-

2115 1664 2260 1709 tatur
2291 1655 2346 1709 in
2381 1656 2606 1721 nitrum,
2631 1655 2886 1710 fervescit
2907 1655 3110 1709 nitrum
3139 1655 3390 1725 protinus
3417 1661 3477 1709 et
3500 1652 3715 1710 ebullit.

2115 1746 2184 1800 Et
2205 1760 2464 1816 perversa
2493 1762 2647 1802 mens
2674 1748 2891 1816 quando
2928 1761 3027 1817 per
3064 1747 3504 1817 increpationem
3547 1747 3719 1802 corri-

425 1844 624 1903 librum
652 1862 812 1918 quem
853 1847 1152 1902 involutum
1187 1847 1520 1913 ostenderat,
1553 1848 1824 1918 expandit,
1890 1861 2010 1901 cum
2041 1837 2088 1896 B
2115 1840 2281 1910 pitur,
2299 1854 2396 1909 per
2416 1839 2817 1910 praedicationis
2843 1839 3181 1894 dulcedinem
3209 1839 3354 1895 bona
3385 1839 3716 1897 suadentur.

425 1939 533 1994 hoc
553 1938 699 2008 quod
719 1953 817 2007 per
844 1938 1130 2012 aenigmata
1151 1938 1488 2007 loquebatur,
1505 1939 1771 2009 exposuit,
1790 1937 2004 1993 dicens:

433 2049 454 2082 ι
480 2030 585 2098 Qui
609 2030 840 2086 seminat
866 2029 1067 2085 bonum
1089 2047 1295 2097 semen,
1311 2039 1394 2086 est
1421 2030 1565 2086 ﬁlius
1593 2031 1849 2086 hominis.
1866 2017 2010 2100 Ager

429 2129 612 2176 autem
657 2129 743 2178 est
789 2121 1037 2177 mundus.
1085 2121 1296 2178 Bonum
1334 2131 1516 2177 autem
1563 2138 1768 2189 semen,
1799 2122 1854 2176 hi
1885 2130 2010 2175 sunt

432 2211 529 2266 ﬁlii
565 2212 740 2283 regni,
782 2213 990 2267 zizania
1021 2221 1199 2269 autem
1233 2212 1330 2267 ﬁlii
1381 2221 1508 2269 sunt
1540 2229 1792 2282 nequam.
1828 2211 2010 2266 Inimi-

429 2320 524 2359 cus
567 2316 768 2371 autem,
811 2307 901 2376 qui
944 2307 1234 2362 seminavit
1281 2322 1346 2361 ea
1390 2317 1474 2362 est
1518 2307 1783 2363 diabolus.
1823 2306 2012 2361 Messis

429 2411 558 2450 vero
588 2397 982 2452 consummatio
1008 2397 1188 2452 saeculi
1215 2405 1316 2452 est.
1333 2397 1599 2452 Messores
1625 2405 1806 2452 autem
1837 2397 2011 2467 angeli

429 2501 572 2546 sunt.
606 2491 759 2547 Sicut
782 2507 911 2562 ergo
935 2491 1261 2562 colliguntur
1307 2492 1516 2546 zizania
1571 2499 1624 2546 et
1653 2481 1762 2562 igni
1791 2492 2012 2546 combu-

426 2590 643 2648 runtur,
671 2584 751 2638 sic
777 2583 882 2637 erit
910 2583 966 2636 in
991 2582 1463 2636 consummatione
1507 2581 1708 2637 saeculi.
1747 2600 1766 2633 ι
1801 2581 2011 2636 involu-

426 2681 516 2726 tus
563 2672 748 2742 itaque
797 2672 934 2728 liber
982 2672 1324 2741 expanditur,
1368 2673 1582 2742 quando
1610 2672 1713 2727 hoc
1740 2673 1884 2742 quod
1916 2672 2011 2727 ob—

427 2779 586 2818 scure
631 2763 901 2833 prolatum
949 2763 1149 2830 fuerat,
1180 2779 1277 2834 per
1317 2763 1657 2820 latitudinem
1706 2765 2011 2820 intellectus

429 2853 688 2922 aperitur.
730 2853 887 2908 Hunc
929 2854 1231 2909 involutum
1275 2854 1472 2910 librum
1498 2856 1711 2912 Veritas
1739 2857 2013 2926 expandit

426 2946 642 3014 quando
666 2946 724 3001 in
749 2945 1024 3024 discipulis
1051 2948 1160 3018 egit
1187 2947 1331 3017 quod
1368 2947 1629 3017 scriptum
1655 2957 1738 3002 est
1765 2966 1776 3000 :
1811 2967 1828 2997 ι
1860 2948 2010 3004 Tunc

425 3039 639 3108 aperuit
683 3039 788 3094 illis
837 3054 1058 3095 sensum
1105 3051 1163 3093 ut
1210 3038 1576 3110 intelligerent
1615 3039 1945 3111 Scripturas.
1984 3061 2002 3092 ι

426 3130 501 3184 De
539 3146 646 3199 quo
689 3131 865 3186 adhuc
911 3131 1053 3187 libro
1098 3131 1380 3187 subditur:
1423 3150 1442 3182 ι
1480 3131 1582 3199 Qui
1626 3143 1744 3187 erat
1774 3135 2007 3203 scriptus

2115 1931 2180 1986 de
2209 1931 2550 2002 correptione
2575 1930 2635 1985 fit
2658 1931 2912 1998 deterior,
2941 1940 2996 1986 et
3025 1933 3149 1987 inde
3171 1932 3229 1986 in
3255 1934 3718 1987 murmurationis

2114 2022 2401 2094 iniquitate
2451 2024 2822 2091 succenditur,
2870 2025 3015 2080 unde
3064 2026 3251 2081 debuit
3298 2025 3369 2079 ab
3423 2027 3720 2096 iniquitate

2115 2113 2407 2182 compesci.
2450 2112 2540 2167 Va:
2568 2123 2750 2171 autem
2789 2115 2843 2170 in
2874 2115 3154 2186 Scriptura
3185 2123 3380 2170 sancta
3413 2117 3627 2186 saepius
3658 2117 3717 2171 de

2115 2211 2318 2258 :eterno
2372 2203 2520 2260 luctu
2549 2221 2712 2276 quam
2748 2207 3003 2276 praesenti
3059 2206 3196 2261 solet
3254 2206 3510 2278 intelligi.
3571 2206 3719 2262 Unde

2115 2297 2375 2368 scriptum
2406 2307 2490 2353 est
2521 2317 2536 2353 :
2575 2317 2592 2350 ι
2628 2298 2720 2354 Vae
2749 2299 2916 2370 impio
2945 2300 2998 2354 in
3027 2300 3253 2366 malum,
3282 2301 3583 2356 retributio
3610 2317 3716 2354 ma.

2116 2405 2283 2443 unum
2312 2391 2429 2462 ejus
2458 2391 2553 2448 ﬁet
2587 2395 2638 2447 ei
2664 2393 2798 2463 (Ira.
2833 2392 2937 2466 ιιι).
2971 2412 2990 2445 ι
3028 2394 3094 2448 Et
3118 2393 3320 2450 beatus
3339 2394 3446 2451 Job
3476 2395 3715 2465 loquitur

2115 2482 2302 2538 dicens
2337 2498 2351 2537 :
2391 2505 2410 2537 ‹
2450 2484 2509 2541 Si
2538 2485 2736 2555 impius
2794 2486 2967 2552 fuero,
2996 2501 3078 2540 va:
3103 2487 3241 2541 mihi
3270 2497 3388 2553 est;
3429 2488 3481 2541 si
3533 2497 3714 2541 autem

2110 2583 2312 2653 justus,
2361 2594 2471 2635 non
2522 2578 2713 2633 levabo
2745 2587 2927 2648 caput,
2975 2587 3251 2632 saturatus
3308 2577 3611 2632 alllictione
3664 2587 3713 2631 et

2116 2673 2336 2727 miseria
2368 2668 2511 2741 (Job.
2561 2668 2640 2738 ιι).
2691 2688 2710 2720 ι
2767 2667 3045 2723 Justorum
3092 2669 3236 2722 enim
3301 2667 3529 2724 aﬂlictio
3579 2678 3715 2722 tem-

2115 2763 2336 2836 poralis.
2392 2761 2483 2816 Vae
2538 2776 2668 2831 ergo
2728 2762 2873 2832 quod
2940 2761 3076 2816 dixit
3139 2776 3171 2814 a
3235 2761 3525 2830 temporali
3588 2759 3718 2815 allii-

2117 2859 2294 2914 ctione
2345 2855 2615 2921 distinxit,
2647 2855 2737 2924 qui
2770 2854 2826 2910 e't
2860 2855 3067 2926 justum
3115 2853 3494 2920 adlictionem,
3525 2864 3581 2910 et
3613 2856 3714 2908 im-

2115 2949 2263 3018 pium
2289 2963 2369 3002 vae
2400 2946 2600 3002 habere
2644 2946 2941 3018 perhibuit,
2973 2961 3071 3017 per
3110 2947 3468 3016 semetipsam
3499 2962 3713 3016 quoque

2116 3040 2331 3095 Veritas
2387 3039 2518 3094 dicit
2550 3055 2565 3093 :
2596 3057 2614 3090 ι
2651 3037 2743 3091 Vae
2782 3040 2985 3095 mundo
3033 3041 3100 3092 ab
3154 3037 3432 3094 scandalis
3494 3037 3706 3110 (Manli.

2116 3131 2294 3203 xvm).
2332 3151 2351 3184 ›
2383 3131 2452 3186 Et
2479 3149 2493 3186 :
2524 3149 2544 3183 ‹
2572 3128 2666 3186 Vae
2691 3130 2846 3186 vobis
2866 3132 2959 3200 qui
2987 3131 3196 3196 ridetis,
3229 3133 3492 3201 quoniam
3521 3130 3716 3186 ﬂebitis

423 3221 569 3276 intus
599 3231 654 3277 et
677 3221 829 3277 foris.
867 3241 885 3275 ι
917 3221 1079 3277 Liber
1108 3223 1251 3278 enim
1281 3224 1424 3278 sacri
1452 3223 1652 3293 eloquii
1703 3225 1849 3279 intus
1875 3225 2008 3279 scri-
2035 3203 2082 3267 (ἶ
2116 3222 2269 3294 (Luc.
2291 3221 2389 3295 vr).
2421 3242 2441 3275 ›
2473 3221 2570 3277 Et:
2593 3241 2611 3274 ι
2634 3222 2726 3277 Vae
2753 3224 3156 3293 praegnantibus
3184 3233 3241 3278 et
3267 3223 3711 3279 nutrientibusin

423 3321 548 3381 ptus
587 3321 672 3367 est
708 3329 806 3382 per
846 3313 1157 3383 allegoriam
1200 3315 1353 3381 foris,
1386 3330 1484 3385 per
1510 3317 1813 3371 historiam.
1859 3317 2008 3374 Intus

328 3419 329 3422 ‘
424 3419 524 3473 per
553 3403 854 3473 spiritalem
889 3405 1241 3472 intellectum,
1280 3405 1412 3461 foris
1444 3415 1625 3462 autem
1661 3423 1758 3478 per
1788 3424 2006 3463 sensum

426 3491 620 3547 litterae
686 3494 1008 3564 simplicem,
1051 3497 1225 3550 adhuc
1273 3497 1674 3553 infirmantibus
1709 3513 2008 3570 congruen-

428 3594 557 3638 tem.
589 3583 738 3640 lntus
770 3586 897 3654 quia
927 3587 1217 3642 invisibilia
1244 3590 1534 3658 promittit,
1563 3589 1695 3645 foris
1723 3591 1851 3661 quia
1883 3592 2008 3646 visi-

427 3674 558 3730 bilia
585 3683 982 3746 praeceptorum
1015 3694 1236 3734 suorum
1286 3680 1609 3736 rectitudine
1638 3682 1895 3753 diSponil.
1928 3683 2009 3737 In-

425 3775 516 3821 tus
549 3769 673 3838 quia
713 3768 953 3824 cwlestia
992 3770 1294 3840 pollicetur,
1333 3771 1466 3828 foris
1496 3781 1700 3840 autem,
1731 3775 1856 3844 quia
1900 3785 2008 3830 ter-

427 3875 563 3916 rena
615 3863 1064 3933 contemptibilia,
1120 3865 1354 3934 qualiter
1403 3867 1530 3933 sint,
1575 3867 1656 3921 vel
1707 3869 1761 3922 in
1791 3884 1891 3922 usu
1916 3870 2009 3924 ha-

428 3952 624 4019 benda,
647 3953 733 4009 vel
754 3968 822 4010 ex
845 3955 1112 4011 desiderio
1133 3955 1406 4028 fugienda,
1427 3959 1688 4028 praecipit.
1719 3958 2002 4029 Sequitur:

503 4064 522 4098 ι
555 4044 624 4100 Ει
656 4046 872 4118 scriptae
905 4057 1061 4103 erant
1099 4047 1156 4103 in
1189 4065 1254 4104 eo
1303 4049 1738 4116 lamentationes,
1785 4067 2008 4108 carmen

432 4157 450 4187 ι
490 4144 546 4191 et
569 4153 670 4193 vae.
704 4158 724 4191 ι
757 4137 940 4212 (ΗΑΒ.)
972 4138 1269 4210 Scriptura:
1299 4157 1514 4213 quoque
1545 4158 1713 4197 sacra:
1744 4143 2008 4200 lamenta-

425 4230 621 4298 tiones,
658 4247 880 4287 carmen
923 4240 980 4287 et
1021 4248 1102 4286 va:
1153 4233 1452 4288 continent.
1503 4234 1638 4301 Quia
1685 4235 1762 4290 sic
1806 4236 1873 4290 de
1914 4251 2008 4306 spe

427 4323 681 4394 gaudium
707 4324 1027 4393 praedicant,
1059 4332 1120 4376 ut
1149 4325 1202 4378 in
1231 4326 1488 4394 praesenti
1517 4334 1696 4382 tamen
1723 4341 2007 4395 pressuras

426 4423 590 4484 atque
619 4415 894 4483 angustias
941 4415 1200 4469 indicent.
1231 4417 1366 4482 Quia
1398 4417 1444 4471 si
1482 4425 1536 4472 et
1570 4419 1678 4474 illic
1705 4420 1882 4473 dulcia
1919 4436 2009 4490 ap-

423 4503 678 4574 petimus,
729 4503 878 4573 prius
929 4518 1152 4559 necesse
1212 4515 1296 4560 est
1345 4519 1402 4561 ut
1453 4523 1636 4561 amara
1691 4509 2002 4564 toleremus.

423 4596 656 4650 Carmen
681 4603 736 4650 et
757 4610 838 4650 va:
864 4594 1138 4665 discipulis
1163 4597 1491 4665 praedicabat
1510 4597 1769 4654 Dominus
1791 4601 2004 4669 quando

423 4686 680 4742 dicebat:
719 4705 737 4737 ι
777 4686 904 4741 Haec
931 4685 1144 4742 locutus
1179 4704 1297 4743 sum
1327 4689 1480 4744 vobis
1515 4697 1574 4744 ut
1611 4689 1666 4744 in
1701 4706 1788 4745 me
1814 4707 2001 4761 pacem

421 4784 688 4850 habeatis,
709 4783 763 4836 in
785 4783 986 4838 mundo
1004 4798 1312 4854 pressuram
1335 4784 1602 4839 habebitis
1625 4782 1803 4856 (Joan.
1822 4787 1951 4857 xw).
1978 4806 1996 4838 ι

421 4875 500 4930 Ac
556 4875 602 4930 si
654 4883 839 4944 aperte
892 4875 1097 4930 diceret
1134 4893 1146 4926 :
1194 4873 1277 4930 Sit
1315 4877 1469 4932 vobis
1508 4875 1576 4932 de
1616 4893 1704 4932 me
1751 4878 1998 4944 interius,

421 4969 565 5038 quod
602 4967 932 5023 consulando
961 4965 1192 5031 reficiat,
1221 4968 1346 5037 quia
1374 4969 1479 5024 erit
1513 4971 1576 5024 de
1618 4972 1816 5025 mundo
1853 4979 2001 5026 exte—

422 5062 559 5128 rius,
589 5062 732 5131 quod
769 5062 1040 5118 saeviendo
1067 5060 1305 5131 graviter
1341 5069 1570 5130 premat.
1600 5060 1772 5116 Aliter
1797 5061 2004 5117 lamen-

423 5156 653 5209 tationes
703 5155 767 5210 de
813 5155 900 5209 his
962 5153 1054 5222 qui
1112 5153 1181 5207 ad
1222 5151 1592 5222 paenitentiam
1643 5161 2004 5222 provocantur

423 5245 725 5308 continent,
777 5245 915 5299 sicut
945 5242 1164 5298 Samuel
1215 5251 1270 5296 et
1313 5243 1588 5312 apostolus
1616 5243 1816 5299 Paulus
1855 5245 2004 5313 plan-

423 5336 627 5406 gebant
653 5341 815 5403 atque
841 5334 1097 5405 lugebant
1129 5332 1255 5389 Saul
1290 5345 1344 5388 et
1365 5333 1696 5400 Corinthios,
1732 5349 1866 5402 quos
1895 5333 2001 5388 sal-

420 5443 552 5481 vare
599 5426 904 5494 cupiebant.
949 5427 1180 5483 Carmen
1230 5443 1392 5498 super
1437 5429 1542 5493 his,
1579 5427 1670 5496 qui
1714 5427 1810 5480 Dei
1855 5426 2000 5496 digni

421 5524 550 5571 sunt
609 5516 955 5580 testimonio,
1010 5525 1064 5571 et
1121 5519 1315 5586 quibus
1369 5518 1651 5572 Psalmista
1704 5519 1997 5587 praecepit:

429 5627 448 5660 ι
485 5607 716 5663 Caritate
742 5607 972 5663 Domino
1023 5612 1291 5665 canticum
1343 5627 1538 5665 novum
1592 5607 1762 5680 (Psal.
1795 5609 1938 5681 xcv).
1977 5630 1996 5658 ι

419 5700 590 5758 Porro
635 5717 716 5756 va:
779 5715 940 5772 super
990 5701 1093 5757 illis
1134 5703 1223 5772 qui
1276 5704 1490 5774 penitus
1540 5701 1915 5772 desperantur,
1949 5713 2004 5760 et

422 5801 545 5850 eum
563 5793 808 5850 venerint
831 5793 885 5850 in
915 5792 1237 5863 profundum
1261 5803 1606 5863 peccatorum
1623 5802 1992 5852 contemnunt.

2029 4559 2084 4618 D

2111 3316 2219 3371 illis
2248 3316 2439 3371 diebus
2465 3315 2618 3389 (Luc.
2652 3313 2788 3385 ιιι).
2829 3337 2848 3368 ι
2892 3316 3236 3372 Pensandum
3257 3333 3389 3390 ergo
3419 3320 3584 3374 nobis
3612 3328 3708 3383 est,

2110 3406 2378 3478 quomodo
2400 3407 2516 3462 haec
2539 3407 2641 3461 tria
2694 3407 2748 3461 in
2799 3423 2956 3464 sacro
2989 3409 3263 3464 volumine
3310 3412 3516 3481 scripta
3573 3413 3709 3466 sint:

2114 3520 2132 3552 ι
2169 3501 2628 3566 Lamentationes,
2661 3515 2901 3568 carmen,
2919 3512 2974 3556 et
2999 3517 3097 3558 vae.
3124 3522 3142 3554 ι
3161 3503 3613 3559 Lamentationes
3640 3507 3714 3559 vi-

2109 3593 2323 3658 delicet,
2337 3593 2464 3662 quia
2485 3593 2541 3647 in
2568 3608 2632 3648 eo
2654 3593 2854 3662 scripta
2876 3601 2961 3648 est
2984 3595 3303 3665 paenitentia
3324 3608 3710 3667 peccatorum;

2109 3701 2330 3742 carmen
2349 3700 2502 3752 vero,
2515 3686 2640 3756 quia
2665 3686 2735 3740 ibi
2759 3688 3176 3756 pronuntiantur
3192 3690 3386 3761 gaudia
3399 3689 3706 3758 justorum;

2108 3792 2188 3830 va:
2210 3783 2409 3841 autem,
2440 3775 2564 3845 quia
2590 3775 2699 3831 illic
2749 3793 3003 3848 expressa
3039 3790 3122 3834 est
3148 3781 3426 3836 damnatio
3451 3784 3711 3851 reprobo-

2109 3885 2248 3924 rum.
2268 3869 2339 3925 Ut
2353 3885 2480 3940 ergo
2505 3879 2724 3940 peccata
2736 3873 2946 3940 punias,
2962 3873 3079 3944 lege
3104 3889 3225 3943 quae
3245 3873 3299 3928 in
3317 3875 3424 3930 hoc
3438 3875 3712 3929 volumine

2111 3962 2310 4031 scripta
2343 3970 2469 4016 sunt
2518 3961 2774 4029 lamenta,
2816 3983 2834 4014 ‹
2865 3963 3107 4018 Scindite
3127 3965 3291 4019 corda
3312 3973 3496 4019 vestra
3527 3975 3580 4018 et
3608 3981 3709 4018 mm

2109 4052 2432 4109 vestimenta
2446 4060 2626 4108 vestra
2641 4052 2801 4124 (Ioel.
2820 4056 2904 4124 ιι).
2928 4073 2946 4106 ›
2968 4055 3034 4109 Et
3055 4071 3304 4110 rursuszc
3327 4055 3512 4111 Miseri
3541 4066 3710 4111 estote

2111 4143 2377 4214 etlugete.
2391 4142 2554 4200 Risus
2577 4153 2761 4198 vester
2782 4145 2837 4199 in
2865 4145 3067 4200 luctum
3091 4155 3356 4212 vertatur,
3374 4155 3430 4200 et
3453 4147 3707 4217 gaudium

2111 4235 2166 4288 in
2192 4249 2483 4289 mmrorem
2515 4233 2725 4306 (Iacob.
2752 4234 2846 4307 iv).
2879 4255 2898 4288 ›
2937 4235 3008 4290 Ut
3037 4245 3217 4290 autem
3248 4237 3317 4292 de
3343 4239 3708 4306 promissione

2113 4327 2295 4396 gaudii
2342 4327 2623 4395 sequentis
2649 4326 2970 4391 hilarescas,
2997 4342 3219 4382 causam
3257 4343 3554 4398 cognosce.
3586 4331 3707 4399 quia

2112 4421 2168 4474 in
2191 4419 2297 4474 hoc
2315 4418 2590 4473 volumine
2619 4419 2819 4488 scripta
2844 4427 2970 4473 sunt
2997 4419 3238 4474 carmina
3262 4419 3442 4475 laudis
3467 4429 3703 4475 aeternse.

2120 4531 2137 4563 ‹
2174 4511 2329 4566 Beati
2347 4511 2441 4580 qui
2469 4511 2714 4565 habitant
2746 4511 2798 4564 in
2827 4512 2988 4566 domo
3011 4521 3123 4577 tua,
3144 4513 3394 4579 Domine,
3427 4512 3482 4566 in
3510 4512 3704 4567 sarcula

2111 4600 2434 4656 saeculorum
2481 4601 2775 4656 laudabunt
2806 4610 2858 4656 te
2890 4601 3063 4672 (Psal.
3101 4604 3354 4671 Lxxxm).
3394 4623 3413 4655 ι
3454 4604 3522 4658 Et
3573 4605 3705 4658 sicut

2111 4709 2209 4764 per
2248 4694 2536 4764 quemdam
2583 4694 2880 4763 sapientem
2910 4697 2976 4748 de
3001 4694 3208 4749 caelesti
3236 4693 3546 4750 Jerusalem
3579 4696 3708 4750 dici-

2118 4803 2136 4835 ι
2169 4794 2255 4840 tur
2278 4802 2291 4838 :
2312 4785 2381 4840 Et
2400 4785 2576 4856 lapide
2599 4787 2835 4854 pretioso
2857 4795 2909 4840 ct
2933 4787 3132 4842 mundo
3153 4802 3344 4843 omnes
3368 4788 3566 4857 platea!
3592 4788 3705 4856 ejus

2113 4885 2446 4943 sternentur,
2474 4886 2529 4932 et
2554 4892 2649 4947 per
2693 4893 2884 4932 omnes
2929 4878 3080 4934 vicos
3129 4879 3346 4934 alleluia
3392 4881 3702 4935 cantabitur

2111 4967 2266 5040 (Tob.
2305 4968 2448 5039 xm).
2496 4987 2514 5019 ›
2584 4968 2697 5022 Hoc
2745 4969 2902 5024 nobis
2951 4984 3171 5024 carmen
3222 4970 3469 5026 celestis
3513 4972 3699 5041 patria:

2109 5061 2360 5114 nuntiare
2386 5059 2532 5113 cives
2557 5057 2674 5126 ejus
2699 5069 2980 5127 venerant,
3009 5061 3100 5130 qui
3124 5063 3476 5118 concorditer
3502 5063 3702 5117 clamav

2109 5153 2240 5206 bant
2267 5168 2280 5206 :
2313 5171 2331 5203 ‹
2363 5150 2545 5205 Gloria
2576 5151 2631 5204 in
2661 5152 2890 5208 excelsis
2920 5154 3052 5220 Deo,
3081 5164 3137 5209 et
3179 5155 3232 5208 in
3268 5164 3417 5210 terra
3466 5172 3573 5226 pax
3603 5158 3697 5210 ho-

2108 5245 2344 5299 minibus
2375 5243 2526 5298 bona:
2556 5243 2851 5299 voluntatis
2883 5244 3035 5317 (Luc.
3069 5245 3154 5316 ιι).
3196 5265 3213 5297 ι
3272 5245 3384 5301 Sed
3437 5249 3483 5300 si
3529 5249 3696 5301 adhuc

2107 5339 2361 5407 prmsenti
2414 5339 2612 5394 saeculo
2639 5350 2822 5395 mente
2869 5341 3125 5407 inhmres,
3167 5343 3210 5396 si
3258 5343 3443 5397 adhuc
3474 5345 3696 5398 terrenis

2109 5429 2478 5484 voluntatibus
2527 5429 2835 5497 delectaris,
2893 5447 3076 5486 amare
3136 5448 3240 5487 non
3299 5443 3458 5501 potes
3509 5433 3693 5505 gaudia

2109 5530 2332 5586 aeterna,
2365 5537 2486 5592 qua:
2514 5523 2686 5578 audis.
2741 5522 3016 5594 Cognosce
3044 5540 3174 5594 ergo
3202 5525 3257 5579 in
3288 5525 3394 5581 hoc
3427 5526 3695 5580 volumine

2109 5633 2183 5670 va:
2213 5615 2357 5685 quod
2385 5616 2442 5670 in
2469 5632 2534 5672 eo
2566 5618 2827 5687 scriptum
2854 5627 2956 5683 est,
2985 5628 3145 5689 atque
3184 5618 3254 5674 ab
3285 5620 3470 5674 animo
3499 5635 3596 5689 per
3626 5620 3691 5672 ti-

2107 5722 2314 5763 morem
2362 5707 2569 5777 expelle
2622 5709 2764 5776 quod
2819 5708 3018 5779 diligis,
3067 5717 3125 5763 ut
3167 5709 3346 5780 posbis
3392 5723 3463 5766 ex
3493 5705 3691 5779 judicio

2108 5810 2328 5856 carmen
2354 5813 2539 5855 amare
2565 5799 2706 5867 quod
2739 5796 2888 5866 legis.
