3938 6360
229 437 325 493 561

846 549 1074 607 CAPUT
1110 548 1196 604 Ill.

233 641 454 697 Cibatur
473 645 724 712 praplieta
740 643 1033 712 uolumine,
1057 641 1283 712 mittitur
1305 639 1375 692 ad
1396 639 1531 709 ﬁlios
1555 640 1807 692 transmi-

385 711 662 784 grationis.
707 711 847 767 Vidit
870 712 1090 783 gloriam
1113 711 1210 764 Dei
1237 712 1291 763 in
1314 725 1518 780 campo,
1541 716 1648 764 etc.

309 845 328 879 ι
357 825 426 882 Et
449 826 590 882 dixit
624 826 693 882 ad
722 824 958 882 mezFili
988 824 1241 888 hominis,
1275 824 1631 895 quodcunque
1660 823 1811 877 inve-

236 934 256 967 ι
291 915 441 970 neris
473 916 717 972 comede.
756 935 777 970 ι
817 913 1021 989 (Greg.)
1056 913 1328 984 Quidquid
1377 913 1523 968 enim
1558 913 1611 967 in
1653 927 1809 968 sacra

231 1006 512 1076 Scriptura
546 1007 822 1062 invenitur
847 1007 1115 1064 edendum
1143 1015 1247 1070 est,
1275 1005 1400 1074 quia
1425 1013 1480 1058 et
1505 1002 1619 1071 ejus
1642 1018 1810 1073 parva

231 1097 528 1166 simplicem
551 1105 882 1168 componunt
908 1097 1094 1162 vitam,
1121 1103 1176 1150 et
1195 1094 1310 1163 ejus
1341 1108 1533 1164 magna
1557 1093 1807 1148 subtilem

232 1187 503 1242 aediﬁcant
538 1188 972 1257 intelligentiam.

309 1298 329 1330 ‹
379 1279 613 1336 Comede
655 1278 903 1334 volumen
954 1279 1100 1334 istud
1141 1286 1196 1334 et
1221 1279 1376 1343 vade,
1428 1277 1650 1346 loquere
1685 1276 1811 1332 ﬁliis

237 1391 255 1424 ‹
289 1371 472 1426 Israel.
503 1391 522 1423 ι
545 1369 812 1443 (uictam)
843 1369 956 1424 Nisi
987 1379 1112 1423 ante
1145 1367 1540 1424 comederimus
1564 1375 1810 1436 apertum

229 1464 503 1528 volumen,
537 1463 733 1518 docere
765 1478 873 1517 non
907 1475 1196 1530 possumus
1239 1459 1378 1514 ﬁlios
1421 1457 1603 1513 Israel.
1652 1457 1810 1511 Deni-

229 1571 338 1626 que
383 1563 439 1610 et
463 1555 634 1609 David
677 1563 959 1626 postquam
1012 1553 1126 1623 ipse
1165 1550 1590 1606 misericordiam
1621 1563 1813 1604 conse-

229 1657 389 1701 cutus
414 1654 500 1701 est
526 1664 540 1700 :
571 1664 590 1697 ι
618 1646 854 1711 Docebo,
893 1644 1084 1716 inquit,
1137 1643 1352 1714 iniquos
1400 1643 1517 1698 vias
1569 1651 1710 1708 tuas,
1757 1649 1813 1696 et

229 1738 384 1808 impii
421 1737 489 1792 ad
516 1746 570 1791 te
598 1743 978 1792 convertentur
1007 1734 1180 1808 (Psal.
1212 1734 1287 1806 ι).
1325 1754 1343 1786 ι

309 1849 328 1882 ‹
380 1830 448 1884 Ει
489 1829 674 1901 aperui
720 1843 782 1883 os
827 1843 1028 1893 meum,
1077 1835 1132 1881 et
1175 1826 1374 1882 cibavit
1411 1841 1496 1880 me
1539 1826 1811 1882 volumine

1141 434 1487 495 COMMENT.
1525 433 1594 489 IN
1632 432 2090 490 EZECHIELEM.
2130 463 2199 473 —
2238 434 2363 488 LIB.
2404 433 2487 488 III.

1835 547 1891 608 Α
1913 542 2322 615 intelligentiam
2349 545 2490 600 sacri
2522 545 2670 599 verbi
2691 558 3078 614 praeparemus.
3129 552 3316 615 itaque
3345 552 3404 599 ut
3429 557 3497 599 au

3392 429 3497 485 562

1912 649 2100 692 vocem
2151 637 2367 692 Domini
2410 638 2669 706 propheta
2707 652 2768 692 os
2807 638 3062 708 aperuit,
3103 637 3177 691 ita
3222 638 3290 691 ad
3327 637 3498 708 spira-

1915 741 2039 782 men
2070 727 2334 782 Dominici
2358 731 2614 798 praecepti
2650 730 2828 784 cordis
2876 731 3045 784 nostri
3104 729 3373 786 desideria
3417 731 3499 785 in-

1913 819 2068 875 hiant
2094 827 2152 874 ut
2171 819 2236 875 de
2268 821 2387 875 cibo
2407 821 2534 876 vitae
2556 820 2755 890 aliquid
2781 828 3014 876 sumant.
3058 820 3162 876 Sed
3189 829 3367 876 tamen
3396 823 3501 877 hoc

1913 907 2090 979 ipsum
2114 924 2328 965 sumere
2356 919 2663 965 nostrarum
2692 911 2886 966 virium
2933 926 3040 966 non
3080 919 3182 978 est,
3232 911 3337 967 nisi
3386 911 3501 982 ipse

1911 1000 2196 1067 cibaverit,
2225 1001 2316 1071 qui
2347 1009 2406 1055 ut
2431 1004 2747 1057 comedatur
2767 1002 2948 1073 jussit.
2997 1002 3089 1057 Ille
3118 1004 3320 1058 etenim
3345 1003 3497 1059 ciba-

1910 1099 2022 1158 tur,
2052 1093 2146 1164 qui
2173 1108 2272 1164 per
2296 1109 2354 1150 se
2377 1094 2538 1150 edere
2562 1109 2669 1150 non
2692 1102 2892 1165 potest.
2918 1095 2986 1149 Et
3004 1096 3127 1165 quia
3153 1095 3219 1149 ad
3241 1095 3501 1164 capienda

1916 1185 2078 1241 verba
2109 1184 2351 1242 etelestia
2375 1186 2568 1241 idonea
2594 1193 2780 1241 nostra
2809 1186 3095 1241 inﬁrmitas
3125 1202 3228 1241 non
3257 1179 3360 1253 est,
3390 1187 3502 1256 ipse

1911 1293 2012 1334 nos
2025 1279 2189 1344 cibat,
2213 1279 2304 1350 qui
2326 1279 2481 1334 nobis
2507 1280 2562 1334 in
2587 1288 2826 1349 tempore
2842 1295 3149 1335 mensuram
3173 1279 3338 1333 tritici
3371 1288 3502 1332 tem-

1910 1378 2088 1440 perat,
2123 1380 2388 1440 quatenus
2417 1371 2471 1424 in
2507 1386 2664 1426 sacro
2694 1371 2860 1426 verbo
2895 1372 3019 1425 dum
3056 1372 3214 1424 hodie
3244 1371 3501 1441 intelligi-

1911 1474 2050 1522 mus,
2096 1461 2238 1531 quod
2269 1462 2524 1516 hesterno
2569 1463 2654 1518 die
2695 1463 3088 1528 nesciebamus,
3131 1478 3253 1517 cras
3289 1479 3504 1533 quoque

1911 1553 2450 1621 comprehendamus,
2463 1553 2604 1624 quod
2619 1555 2776 1609 hodie
2787 1556 3076 1618 nescimus,
3091 1571 3188 1624 per
3200 1556 3302 1610 divi
3313 1572 3391 1608 na:
3406 1556 3505 1610 dis-

1908 1643 2240 1711 pensationis
2269 1645 2498 1711 gratiam
2536 1645 2848 1713 quotidiano
2889 1645 3145 1698 alimento
3179 1646 3501 1699 nutriamur.

1913 1730 2265 1802 Omnipotens
2316 1735 2460 1787 enim
2515 1734 2677 1800 Deus,
2717 1737 2870 1805 quasi
2912 1737 3073 1791 toties
3113 1736 3181 1790 ad
3219 1751 3280 1791 os
3327 1737 3506 1791 cordis

1913 1824 2086 1878 nostri
2143 1840 2362 1879 manum
2410 1825 2674 1894 porrigit,
2723 1827 2932 1894 quoties
2979 1827 3135 1880 nobis
3173 1825 3504 1881 intellectum
3541 1895 3550 1902 ’

231 1938 250 1969 ι
297 1918 410 1972 illo.
441 1936 464 1970 ι
493 1919 627 1988 Ego,
660 1918 851 1987 inquit,
884 1918 1068 1987 aperui
1093 1933 1156 1972 os
1182 1931 1381 1982 meum,
1414 1917 1539 1985 quia
1566 1917 1698 1970 mihi
1729 1917 1812 1972 di-
1842 1917 1891 1977 B
1920 1917 2117 1986 aperit,
2163 1926 2218 1972 et
2264 1917 2442 1973 cibum
2490 1918 2630 1973 sacri
2672 1917 2869 1987 eloquii
2912 1919 2967 1971 in
3006 1919 3208 1973 nostris
3259 1919 3505 1973 sensibus

227 2019 375 2064 ctum
406 2018 528 2064 est:
561 2029 579 2061 ι
610 2010 772 2081 Aperi
796 2025 858 2064 os
895 2019 1062 2074 tuum,
1103 2017 1157 2066 et
1190 2010 1430 2065 comede.
1472 2029 1492 2062 ›
1531 2009 1600 2063 Ει
1626 2017 1814 2080 aperto

226 2119 346 2169 ore,
372 2103 631 2159 Dominus
660 2103 892 2174 largitus
917 2111 1003 2158 est
1031 2102 1201 2157 cibos.
1241 2101 1311 2157 Ut
1341 2101 1492 2155 initia
1519 2101 1814 2156 voluntatis

229 2197 284 2250 in
308 2195 461 2250 nobis
483 2195 612 2258 sint,
649 2202 704 2249 et
732 2193 1123 2264 perfectionem
1144 2193 1493 2248 beatitudinis
1527 2210 1556 2247 a
1587 2195 1814 2250 Domino

228 2304 652 2359 consequamur,
679 2289 774 2343 sed
803 2287 1034 2343 volentis
1065 2301 1240 2357 neque
1271 2286 1562 2352 currentis,
1593 2287 1684 2340 sed
1715 2286 1816 2340 mi-

229 2380 464 2436 serentis
488 2380 606 2436 Dei.
633 2379 890 2434 Attamen
920 2387 975 2434 et
999 2378 1137 2435 velle
1173 2386 1227 2433 et
1253 2393 1494 2442 currere,
1525 2378 1695 2432 nostri
1729 2394 1816 2431 ar-

227 2475 381 2530 bitrii
417 2482 518 2528 est.
551 2473 658 2528 Pro
691 2492 711 2526 (
746 2473 932 2542 aperui
983 2493 1001 2525 ι
1037 2471 1390 2542 Septuaginta
1423 2471 1815 2526 transtulerunt

232 2587 250 2617 ι
288 2566 518 2637 aperuit,
553 2583 572 2617 ι
621 2571 682 2619 ιιι
709 2563 1064 2618 subaudiatur
1092 2563 1256 2627 Deus,
1289 2562 1417 2630 quia
1451 2561 1565 2630 ipse
1601 2568 1655 2614 et
1686 2575 1813 2630 ape—

225 2658 344 2712 ruit
375 2673 437 2712 os
465 2657 757 2726 prophetae,
793 2663 849 2710 et
877 2655 1078 2711 cibavit
1106 2669 1248 2709 eum.
1293 2652 1498 2726 (Greg.)
1537 2651 1813 2720 Scriptura

227 2765 388 2806 sacra
435 2749 590 2804 cibus
633 2756 817 2802 noster
864 2753 919 2802 et
964 2754 1124 2816 potus
1174 2754 1274 2800 est.
1332 2744 1484 2798 Unde
1529 2744 1692 2798 etiam
1719 2760 1816 2812 per

224 2842 550 2914 prophetam
595 2841 758 2898 alium
793 2839 1051 2895 Dominus
1098 2839 1354 2903 minatur,
1385 2837 1570 2893 dicens
1598 2857 1610 2892 :
1644 2857 1661 2888 ‹
1696 2837 1816 2893 Mit-

229 2944 345 2989 tam
396 2933 591 2989 famem
625 2934 678 2988 in
707 2941 929 2998 terram,
957 2947 1065 2987 non
1103 2930 1298 2985 famem
1329 2932 1507 3001 punis,
1544 2945 1719 3000 neque
1745 2931 1818 2986 si-

224 3031 331 3084 tim
364 3043 534 3099 aquae,
566 3026 660 3082 sed
691 3027 940 3082 audiendi
985 3027 1210 3081 verbum
1237 3024 1331 3078 Dei
1380 3022 1578 3094 (Amos.
1614 3023 1752 3094 vm).
1791 3043 1810 3074 ι

223 3123 333 3192 Qui
360 3138 506 3194 ergo,
541 3123 816 3177 subtracto
843 3136 942 3176 suo
971 3120 1202 3190 eloquio,
1233 3118 1376 3174 fame
1401 3133 1465 3173 ac
1495 3117 1582 3172 siti
1615 3133 1713 3172 nos
1742 3116 1818 3172 di-

223 3216 305 3270 cit
332 3214 512 3278 atteri,
559 3214 688 3282 quia
722 3211 838 3280 ejus
878 3211 1041 3267 verba
1071 3220 1127 3266 et
1153 3211 1305 3265 cibus
1354 3218 1540 3264 noster
1567 3216 1622 3263 et
1655 3217 1816 3279 potus

223 3308 343 3362 sint
369 3306 722 3360 demonstrat.
777 3303 883 3359 Sed
912 3303 1206 3356 notandum
1246 3300 1387 3370 quod
1423 3299 1712 3368 aliquando
1743 3298 1818 3352 ci-
1845 3284 1888 3345 C

221 3399 354 3464 bus,
385 3397 673 3468 aliquando
698 3404 856 3468 potus
892 3403 1034 3450 sunt.
1087 3395 1144 3448 In
1172 3395 1335 3449 rebus
1363 3392 1505 3447 enim
1535 3392 1816 3448 obscurio-

222 3492 398 3554 ribus,
428 3504 548 3560 qua:
583 3487 810 3557 intelligi
839 3493 1112 3556 nequeunt
1141 3485 1242 3539 nisi
1272 3491 1628 3554 exponuntur,
1658 3498 1815 3537 sacra

223 3580 513 3650 Scriptura
545 3579 698 3634 cibus
725 3585 832 3643 est,
881 3577 1008 3646 quia
1041 3575 1302 3646 quidquid
1332 3575 1620 3644 exponitur
1649 3583 1709 3629 ut
1735 3575 1817 3628 in-

225 3670 524 3742 telligatur,
551 3669 706 3740 quasi
732 3668 1005 3723 manditur
1028 3674 1086 3720 ut
1108 3665 1388 3737 glutiatur.
1420 3664 1475 3718 In
1504 3667 1666 3719 rebus
1688 3680 1817 3720 vero

225 3763 588 3833 apertioribus
611 3769 770 3831 potus
794 3777 810 3816 :
837 3767 1024 3830 potum
1061 3757 1206 3812 enim
1236 3772 1345 3811 non
1372 3757 1678 3811 mandendo
1708 3755 1818 3826 glu-

230 3858 416 3910 timus.
448 3853 734 3926 Apertiora
772 3868 899 3924 ergo
928 3852 1181 3907 mandata
1208 3851 1468 3916 bibimus,
1498 3850 1626 3921 quia
1654 3851 1817 3906 etiam

229 3964 342 4003 non
399 3948 642 4018 exposita
695 3945 995 4013 intelligere
1037 3945 1300 3999 valemus.
1371 3943 1480 4000 Pro
1531 3959 1596 3999 eo
1637 3952 1819 3998 autem

229 4041 377 4111 quod
399 4039 566 4094 multa
580 4037 829 4092 Ezechiel
855 4037 1114 4106 propheta
1135 4037 1366 4091 obscura
1393 4045 1552 4104 atque
1567 4035 1820 4104 perplexa

232 4130 522 4184 auditurus
567 4136 725 4192 erat,
777 4140 1119 4195 nequaquam
1164 4127 1214 4180 ei
1252 4127 1318 4180 de
1356 4140 1513 4180 sacro
1549 4126 1822 4180 volumine

233 4221 436 4276 dicitur
460 4220 605 4284 bibe,
629 4218 719 4273 sed
740 4237 758 4270 ι
781 4217 1022 4275 comede.
1048 4236 1066 4269 ›
1094 4216 1171 4272 Ac
1202 4217 1248 4272 si
1276 4218 1547 4272 diceretur
1575 4217 1822 4271 :Pertra-

231 4321 346 4378 cta,
387 4311 642 4379 intellige,
676 4311 729 4365 id
757 4317 858 4375 est,
891 4310 1040 4379 prius
1079 4309 1273 4364 mande
1321 4316 1375 4363 et
1414 4316 1540 4362 tunc
1587 4307 1819 4378 degluti;

230 4404 331 4461 sed
357 4403 409 4457 in
437 4403 616 4457 verbis
643 4402 718 4457 ita
747 4404 889 4457 sacri
919 4401 1117 4470 eloquii
1149 4402 1250 4457 iste
1271 4402 1427 4458 debet
1460 4400 1620 4455 studii
1652 4401 1822 4456 nostri

228 4493 366 4550 ordo
398 4493 623 4558 servari,
650 4502 711 4547 ut
731 4492 848 4548 haec
869 4492 992 4547 ideo
1020 4507 1428 4563 cognoscamus,
1457 4501 1724 4562 quatenus
1755 4492 1820 4546 de

230 4587 515 4657 iniquitate
544 4595 729 4641 nostra
754 4587 1080 4656 compuncti,
1115 4594 1504 4656 cognoscentes
1535 4585 1677 4639 mala
1700 4600 1820 4655 qum

1916 2009 2102 2062 mittit.
2146 2007 2300 2063 Cibat
2337 2026 2466 2080 ergo
2507 2026 2605 2064 nos
2645 2010 2915 2064 volumine
2945 2025 3066 2064 cum
3102 2025 3318 2064 sensum
3350 2011 3506 2064 nobis

1916 2103 2199 2173 scripturae
2228 2118 2338 2157 suae
2371 2103 2732 2174 dispensando
2758 2103 2953 2172 aperit,
2987 2113 3042 2157 et
3069 2101 3185 2171 ejus
3225 2102 3506 2158 dulcedine

1915 2202 2138 2250 nostras
2173 2194 2528 2265 cogitationes
2573 2193 2762 2263 replet.
2805 2193 2958 2248 Unde
2986 2202 3041 2248 et
3079 2193 3362 2248 subditur:

1993 2304 2011 2336 ‹
2039 2286 2107 2339 Et
2156 2285 2291 2340 dixit
2331 2286 2400 2340 ad
2437 2300 2523 2340 me
2548 2303 2560 2339 :
2587 2285 2689 2338 Fili
2727 2285 2993 2350 hominis,
3030 2293 3223 2340 venter
3257 2293 3382 2341 tuus
3417 2301 3508 2340 co-

1921 2397 1939 2429 ‹
1967 2379 2172 2442 medet,
2210 2385 2266 2432 et
2297 2377 2506 2432 viscera
2545 2385 2635 2431 tua
2677 2377 3032 2447 replebuntur
3079 2377 3352 2432 volumine
3404 2378 3508 2432 isto

1922 2489 1940 2523 ε
1968 2472 2110 2541 quod
2150 2486 2249 2542 ego
2284 2471 2351 2526 do
2391 2471 2505 2536 tibi,
2540 2491 2558 2522 ι
2604 2480 2707 2525 ειε.
2740 2468 2942 2542 (Hier.)
2966 2471 3234 2542 Principia
3259 2471 3508 2526 lectionis

1881 2555 1883 2557 ’
1916 2571 1969 2619 ει
1995 2563 2256 2631 simplicis
2269 2562 2510 2617 historiae
2525 2578 2650 2618 esus
2677 2562 2966 2618 voluminis
3003 2571 3106 2618 est.
3126 2563 3350 2630 Quando
3379 2577 3509 2618 vero

1917 2657 2133 2711 assidua
2183 2657 2533 2711 meditatione
2582 2657 2637 2710 in
2678 2656 2954 2711 memoriae
3007 2656 3260 2712 thesauro
3310 2657 3510 2710 librum

1914 2749 2129 2803 Domini
2173 2748 2608 2813 condiderimus,
2661 2748 2916 2819 impletur
2964 2748 3280 2819 spiritaliter
3322 2756 3512 2803 venter

1914 2847 2119 2905 noster,
2150 2846 2204 2892 et
2233 2847 2545 2894 saturantur
2566 2840 2798 2904 viscera,
2824 2848 2883 2894 ut
2907 2841 3202 2896 habeamus
3229 2856 3352 2896 cum
3383 2856 3510 2910 apo-

1916 2931 2054 2985 stolo
2098 2929 2265 2984 Paulo
2307 2931 2516 2985 viscera
2558 2931 2966 2998 misericordiae,
3015 2943 3068 2988 et
3111 2932 3400 3004 impleatur
3423 2933 3512 2989 ille

1915 3029 2105 3075 venter
2132 3021 2198 3074 de
2234 3036 2341 3089 quo
2363 3020 2626 3076 Jeremias
2665 3023 2936 3092 loquitur:
2970 3042 2988 3075 ‹
3023 3023 3282 3078 Ventrem
3307 3039 3507 3090 meum,

1915 3125 2160 3172 ventrem
2195 3131 2372 3171 meum
2397 3132 2495 3185 ego
2529 3117 2706 3182 doleo,
2738 3125 2793 3170 et
2823 3133 3015 3174 sensus
3036 3121 3215 3175 cordis
3242 3121 3348 3174 mei
3377 3136 3509 3174 con-

1919 3210 2138 3264 turbant
2165 3225 2270 3263 me.
2307 3229 2325 3260 ›
2369 3206 2571 3280 (Greg.)
2598 3208 2655 3262 In
2691 3223 2844 3264 sacro
2881 3209 3094 3281 eloquio
3123 3226 3510 3280 nonnunquam

1921 3310 2110 3356 venter
2131 3315 2232 3370 pro
2254 3308 2433 3354 mente
2471 3301 2598 3370 poni
2627 3301 2921 3355 consuevit.
2963 3301 3115 3357 Unde
3148 3309 3203 3357 et
3236 3317 3334 3372 per
3361 3301 3513 3357 Jerc-

1919 3394 2085 3449 miam
2113 3393 2350 3448 dicitur:
2387 3410 2403 3441 ι
2436 3392 2691 3447 Ventrem
2720 3408 2900 3447 meum
2924 3392 3080 3447 doleo
3104 3391 3318 3464 (Jerem.
3359 3393 3451 3466 IV),
3487 3413 3506 3448 ι

1919 3486 2063 3556 quod
2092 3485 2220 3556 quia
2244 3485 2310 3540 de
2337 3483 2564 3554 spiritali
2594 3492 2650 3538 et
2683 3500 2788 3539 non
2829 3499 3089 3555 corporeo
3132 3494 3316 3541 ventre
3363 3488 3514 3542 dixe-

1920 3585 2026 3640 rat,
2057 3575 2342 3645 adjunxit:
2373 3592 2391 3624 ‹
2425 3573 2628 3629 Sensus
2647 3575 2828 3630 cordis
2854 3576 2958 3630 mei
2982 3577 3286 3631 conturbati
3311 3585 3456 3632 sunt.
3488 3597 3507 3628 ι

1921 3668 2106 3740 Neque
2143 3669 2286 3723 enim
2324 3669 2390 3724 ad
2427 3669 2654 3724 salutem
2698 3670 2879 3740 populi
2909 3669 3236 3740 pertinebat,
3289 3671 3334 3725 si
3381 3687 3510 3741 pro—

1920 3763 2081 3831 pheta
2111 3769 2357 3816 ventrem
2380 3776 2699 3831 corporeum
2739 3777 2798 3817 se
2836 3760 3017 3817 dolere
3049 3763 3388 3830 praedicaret,
3419 3763 3516 3818 sed

1920 3864 2164 3911 ventrem
2191 3855 2382 3920 doluit,
2424 3854 2516 3924 qui
2554 3854 2753 3910 mentis
2793 3852 3138 3909 aﬁlicﬁonem
3175 3855 3363 3910 sensit.
3407 3855 3514 3910 Sed

1920 3961 2021 4000 cur
2057 3946 2362 4016 exemplum
2402 3947 2678 4015 propheta:
2725 3944 3050 4015 proferimus
3102 3962 3224 4001 cum
3270 3947 3516 4002 testimo-

1920 4038 2068 4092 nium
2098 4039 2310 4092 Domini
2342 4038 2581 4107 apertius
2621 4038 2952 4093 habeamus?
2975 4037 3043 4092 Et
3065 4053 3286 4094 necesse
3313 4048 3396 4094 est
3431 4048 3512 4104 ut,

1923 4144 2046 4183 cum
2066 4144 2164 4198 per
2197 4131 2544 4196 semetipsam
2578 4128 2793 4182 Veritas
2833 4129 3092 4197 loquitur,
3135 4131 3514 4198 prophetale-

1922 4224 2082 4284 ceat,
2131 4218 2258 4288 quia
2307 4219 2533 4273 lucerna
2573 4217 2876 4273 claritatem
2922 4232 3028 4273 non
3069 4219 3234 4274 habet
3281 4219 3333 4273 in
3376 4221 3509 4276 sole.

1920 4311 2013 4365 Ait
2035 4311 2182 4366 enim
2208 4328 2221 4364 :
2251 4328 2270 4362 ‹
2300 4309 2402 4378 Qui
2432 4311 2602 4366 credit
2637 4311 2690 4366 in
2720 4326 2827 4376 me,
2864 4311 3006 4366 sicut
3037 4312 3173 4368 dixit
3207 4311 3510 4386 Scriptura,

1921 4401 2143 4457 ﬁumina
2163 4402 2229 4456 de
2251 4410 2441 4458 ventre
2466 4403 2582 4473 ejus
2604 4401 2772 4458 ﬂuent
2801 4418 2955 4474 aqua:
2974 4403 3110 4460 vivae
3131 4402 3309 4478 (Joan.
3340 4407 3458 4478 vn).
3485 4427 3506 4460 ι

1923 4495 2060 4564 Quia
2097 4497 2242 4550 enim
2278 4497 2344 4551 de
2381 4504 2565 4553 mente
2603 4496 2842 4552 ﬁdelium
2869 4501 3511 4571 sanctae.pmdicationes

1921 4589 2183 4658 deﬂuunt,
2215 4591 2369 4660 quasi
2396 4591 2463 4647 de
2482 4599 2672 4645 ventre
2708 4591 3043 4646 credentium
3084 4607 3237 4664 aquae
3257 4596 3393 4649 vivae
3421 4596 3512 4650 de-

229 4678 484 4744 fecimus,
516 4679 766 4742 vitemus,
794 4693 864 4732 ne
891 4677 994 4731 alia
1020 4678 1299 4740 faciamus,
1325 4687 1386 4732 ut
1429 4694 1550 4734 cum
1587 4679 1701 4748 jam
1749 4693 1815 4732 ex
1842 4657 1894 4716 Ῑ)
1919 4691 2144 4738 currunt
2185 4681 2424 4737 ﬂumina.
2476 4682 2694 4737 Ventris
2729 4689 2910 4736 autem
2947 4683 3177 4748 viscera,
3222 4685 3350 4752 quid
3387 4696 3514 4740 sunt

230 4783 428 4838 magno
461 4783 562 4823 usu
595 4767 959 4838 laerymarum
1002 4768 1067 4822 de
1107 4775 1456 4837 peccatorum
1499 4769 1818 4823 remissione

229 4859 459 4931 coeperit
483 4874 602 4915 esse
628 4858 841 4922 ﬁducia,
862 4873 960 4928 per
979 4857 1142 4913 verba
1162 4857 1280 4924 Dei,
1306 4873 1426 4930 quae
1447 4857 1816 4929 intelligimus,

231 4950 302 5004 ad
324 4951 489 5004 vitam
517 4964 730 5020 quoque
762 4948 896 5004 alios
934 4949 1234 5003 trahamus.
1279 4949 1364 5003 Ad
1400 4949 1504 5004 hoc
1551 4950 1698 5004 enim
1737 4951 1819 5005 in-

233 5041 524 5108 telligenda
547 5049 674 5097 sunt
701 5047 761 5094 ut
788 5040 946 5096 nobis
985 5040 1213 5109 prosint,
1242 5047 1298 5094 et
1324 5040 1623 5095 intentione
1661 5042 1819 5111 spiri-

233 5135 330 5189 tali
388 5132 508 5187 aliis
564 5131 929 5190 conferantur.
991 5131 1144 5188 Unde
1201 5132 1341 5187 bene
1385 5145 1530 5186 nunc
1574 5133 1813 5189 dicitur:

240 5244 258 5277 ι
289 5223 527 5281 Comede
564 5223 813 5280 volumen
835 5224 1001 5290 istud,
1033 5230 1090 5280 et
1111 5223 1316 5280 vadens
1338 5223 1560 5294 loquere
1585 5226 1652 5279 ad
1681 5225 1818 5280 ﬁlios

231 5316 422 5373 Israel.
455 5336 474 5369 ›
527 5315 605 5370 Ac
635 5316 680 5370 si
717 5316 769 5370 ei
807 5316 873 5370 de
910 5329 1066 5371 sacro
1104 5315 1226 5371 cibo
1261 5314 1550 5381 diceretur,
1587 5315 1819 5371 Comede

234 5417 293 5464 et
318 5423 499 5480 pasce,
527 5417 772 5464 saturare
795 5415 850 5462 et
873 5415 1078 5472 eructa,
1121 5407 1306 5477 accipe
1343 5416 1398 5463 et
1432 5422 1645 5478 sparge,
1684 5424 1815 5464 con-

238 5499 444 5556 fortare
471 5506 526 5553 et
547 5498 753 5553 labora.
791 5495 1096 5552 Notandum
1131 5498 1274 5566 quod
1309 5498 1571 5567 propheta
1598 5498 1820 5568 subjun-

239 5592 318 5663 git
345 5591 531 5646 dicens
557 5609 570 5644 :
609 5609 628 5641 ‹
657 5589 724 5644 Ει
751 5590 936 5660 aperui
962 5605 1024 5643 os
1053 5602 1232 5643 meum
1252 5630 1266 5655 ,
1301 5595 1358 5644 et
1380 5590 1576 5645 cibavit
1607 5606 1693 5646 me
1725 5607 1820 5647 vo-

240 5683 442 5739 lumine
462 5682 571 5738 illo.
599 5703 619 5736 ι
663 5681 736 5738 Os
762 5684 817 5738 in
845 5683 1006 5738 corde
1035 5697 1154 5737 esse
1178 5681 1316 5735 alius
1354 5683 1613 5752 propheta
1656 5691 1820 5738 testa-

243 5783 350 5839 tur,
383 5773 567 5830 dicens
596 5792 608 5828 :
646 5792 663 5825 ι
686 5773 852 5829 Labia
877 5774 1057 5829 dolosa
1087 5773 1142 5827 in
1166 5774 1349 5838 corde,
1386 5785 1440 5826 et
1469 5774 1628 5828 corde
1655 5773 1819 5830 locuti

246 5873 372 5921 sunt
396 5865 555 5920 mala.
590 5883 608 5916 ι
660 5864 733 5922 0s
771 5881 899 5935 ergo
936 5866 1207 5935 aperimus
1243 5865 1460 5935 quando
1498 5881 1714 5921 sensum
1751 5868 1817 5922 ad

1921 4775 2085 4839 aliud,
2115 4774 2219 4827 nisi
2257 4772 2453 4827 mentis
2478 4771 2711 4836 interna,
2736 4772 2789 4826 id
2815 4779 2917 4838 est,
2939 4781 3087 4828 recta
3109 4774 3358 4841 intentio,
3387 4792 3511 4832 san-

1922 4870 2069 4918 ctum
2112 4861 2459 4927 desiderium,
2505 4860 2725 4916 humilis
2769 4861 2837 4916 ad
2881 4860 3075 4929 Deum,
3114 4863 3202 4932 pia
3231 4865 3299 4920 ad
3323 4868 3509 4937 proxi-

1922 4969 2072 5008 mum
2098 4952 2378 5008 voluntas?
2425 4952 2579 5008 Unde
2619 4962 2768 5009 recte
2803 4969 2948 5009 nunc
2976 4955 3175 5010 dicitur
3207 4973 3221 4986 ·
3260 4973 3281 5008 ι
3308 4957 3512 5014 Venter

1923 5053 2048 5100 tuus
2092 5045 2338 5100 comedet
2381 5052 2437 5099 et
2486 5044 2698 5100 viscera
2746 5053 2840 5100 tua
2893 5043 3264 5116 replebuntur.
3293 5067 3315 5102 ι
3369 5047 3505 5117 Quia

1923 5151 2046 5191 cum
2089 5150 2242 5190 mens
2281 5143 2465 5191 nostra
2513 5134 2768 5208 pabulum
2803 5136 3049 5191 veritatis
3088 5140 3378 5209 acceperit,
3422 5141 3509 5195 in-

1925 5235 2076 5282 terna
2105 5212 2289 5282 nostra
2316 5227 2432 5298 jam
2466 5242 2572 5284 non
2599 5243 2768 5283 vacua
2799 5237 3102 5295 remanent,
3131 5231 3227 5286 sed
3252 5231 3510 5288 alimento

1924 5316 2049 5371 vitae
2078 5317 2361 5373 satiantur.
2409 5319 2491 5373 Ad
2529 5327 2769 5373 veterem
2801 5319 2995 5389 quippe
3029 5320 3301 5377 hominem
3343 5326 3510 5393 perti-

1924 5415 2018 5462 net
2037 5416 2358 5479 przesentem
2379 5408 2637 5463 mundum
2662 5423 2926 5477 quaerere,
2953 5410 3262 5466 transitoria
3291 5413 3358 5468 de
3381 5429 3510 5471 con-

1925 5500 2270 5569 cupiscentiis
2308 5515 2512 5566 amare,
2547 5508 2782 5555 mentem
2818 5500 2875 5553 in
2923 5483 3232 5573 superbiam
3277 5505 3507 5576 erigere,

1921 5593 2240 5662 patientiam
2275 5607 2382 5648 non
2423 5593 2643 5658 habere,
2686 5607 2755 5648 ex
2788 5592 2974 5650 dolore
3015 5596 3235 5652 maritim
3277 5597 3342 5652 de
3382 5613 3511 5668 pro-

1922 5685 2054 5738 ximi
2089 5685 2303 5740 laesione
2343 5685 2604 5754 cogitare,
2645 5701 2741 5741 sua
2787 5687 3150 5760 indigentibus
3199 5705 3306 5744 non
3353 5691 3505 5758 dare,

1919 5784 2081 5846 atque
2105 5775 2168 5830 ad
2193 5777 2648 5846 multiplicandum
2670 5778 2842 5832 aliena
2859 5794 3120 5849 quaerere,
3142 5781 3345 5836 nullum
3371 5796 3508 5851 pure

1919 5876 2141 5938 propter
2152 5868 2320 5923 Deum
2334 5868 2573 5940 diligere,
2589 5870 2898 5926 inimicitias
2912 5871 3144 5928 inimicis
3167 5873 3413 5940 reddere,
3438 5874 3506 5932 de
