3938 6360
433 350 537 410 567

1065 349 1127 407 B.
1165 348 1418 409 MBAN!
1454 348 1675 409 MAURI
1711 349 2034 409 ARCHIEP.
2066 348 2376 409 MOGUNT.
2413 349 2696 408 OPERUM
2730 351 2912 409 PARS
2945 351 2991 408 Il

3605 348 3722 406 568

432 463 881 536 Ephpheta,quod
892 470 976 520 est
989 464 1554 536 adaperire.Etstatim
1569 470 1773 535 apertae
1783 472 1910 520 sunt
1923 479 2015 519 au-
2037 466 2093 529 Α
2113 470 2467 519 contemnens
2494 464 2704 543 rapitur
2729 480 2762 519 a
2788 464 3003 535 spiritu,
3031 472 3086 521 et
3109 465 3258 522 audit
3280 474 3404 536 post
3430 477 3496 520 se
3520 479 3728 522 vocem

432 573 543 624 res,
562 566 618 612 et
639 557 874 613 solutum
885 564 970 612 est
981 556 1253 612 vinculum
1267 557 1461 626 linguae
1474 556 1610 627 ejus,
1624 563 1680 610 et
1690 555 2010 624 loquebatur

431 658 598 708 recte.
623 669 642 704 ι
680 649 835 718 Quod
859 662 989 704 vero
1011 649 1077 703 ad
1099 647 1626 716 transmigrationem
1638 647 1820 718 populi
1832 649 2014 704 admo-

430 744 662 800 nendam
674 741 934 812 propheta
950 740 1200 805 mittitur,
1216 755 1323 794 non
1337 740 1508 795 solum
1522 754 1587 794 ea
1604 737 2012 809 transmigratio

428 832 589 888 debet
617 831 866 902 intelligi,
905 845 1024 900 qua:
1063 828 1178 898 ejus
1211 829 1391 900 populi
1419 839 1536 884 erat
1565 830 1619 884 in
1646 843 1892 897 corpore,
1917 827 2012 883 sed

428 922 614 987 etiam,
631 935 750 991 quae
761 919 904 975 facta
926 918 1104 986 fuerat
1120 919 1173 974 in
1187 928 1384 974 mente.
1407 919 1488 974 Ab
1502 917 1800 973 Jerusalem
1814 917 2012 988 quippe

431 1011 500 1066 ad
549 1009 900 1080 Babyloniam
956 1017 1198 1064 venerat.
1249 1009 1318 1064 Et
1361 1008 1491 1079 quid
1539 1006 1860 1074 Jerusalem,
1903 1007 2009 1063 nisi

434 1100 573 1154 visio
604 1099 791 1170 pacis?
817 1097 954 1164 Quid
982 1097 1300 1169 Babylonia,
1329 1097 1433 1151 nisi
1466 1097 1709 1152 confusio
1742 1097 2010 1167 interpre-

432 1190 614 1244 tatur?
652 1189 906 1259 Quisquis
938 1202 1068 1244 vero
1095 1204 1126 1242 a
1152 1188 1317 1242 rectis
1343 1188 1598 1258 operibus
1642 1188 1696 1242 in
1741 1187 2011 1258 perversis

432 1279 643 1336 actibus
665 1281 832 1346 cadit,
855 1278 1070 1349 quando
1106 1293 1139 1333 a
1161 1279 1304 1334 bono
1332 1279 1510 1334 studio
1537 1279 1606 1333 ad
1632 1278 1764 1333 vitia
1793 1277 2008 1345 defluit,

431 1371 589 1440 quasi
618 1371 686 1425 ab
715 1368 1014 1426 Jerusalem
1057 1369 1127 1424 ad
1167 1368 1473 1442 Babyloniae
1518 1370 1794 1425 civitatem
1838 1371 2006 1425 venit.

427 1461 652 1516 Culmen
684 1461 830 1517 enim
868 1461 1023 1516 bonae
1046 1460 1511 1530 contemplationis
1537 1461 1806 1527 deseruit,
1847 1470 2010 1532 atque

427 1548 480 1602 in
513 1546 988 1619 transmigratione
1011 1546 1341 1604 confusionis
1379 1546 1527 1602 latet.
1555 1547 1706 1615 Quod
1739 1547 1844 1604 illis
1869 1563 2011 1618 sazpe

430 1638 566 1694 solet
608 1640 846 1705 evenire,
887 1638 981 1708 qui
1021 1654 1144 1694 cum
1182 1639 1324 1694 bona
1371 1646 1550 1710 agant,
1586 1640 1639 1694 in
1675 1641 1762 1696 his
1801 1641 1868 1696 de
1913 1656 2010 1696 sua

425 1730 625 1785 virtute
674 1728 992 1802 gloriantur.
1043 1728 1196 1786 Unde
1242 1728 1558 1794 Psalmista,
1609 1745 1679 1785 ne
1723 1746 1754 1785 a
1801 1731 2009 1787 visione

2110 546 2483 608 cummotionis
2510 569 2736 625 magnae,
2762 556 3162 626 prateritorum
3177 555 3543 622 obliviscens,
3572 565 3636 610 et
3670 558 3724 611 in

2109 642 2346 698 futurum
2380 659 2440 700 se
2484 644 2783 700 extendens
2803 685 2818 711 ,
2848 653 2907 700 ut
2935 646 3277 701 inimicorum
3306 647 3549 700 insidias
3595 655 3727 715 post

2109 742 2317 806 tergum
2363 736 2708 805 relinqueret.
2740 736 2868 791 Tale
2892 738 3022 807 quid
3045 746 3100 791 et
3133 737 3188 791 in
3234 735 3423 792 Exodo
3477 736 3724 807 legimus

2110 823 2308 895 (Exod.
2340 826 2472 899 xtv),
2504 826 2719 897 quando
2745 826 2956 882 Pharao
2981 835 3036 881 et
3065 827 3239 882 omnis
3266 827 3557 882 exercitus
3586 827 3715 897 ejus

2108 916 2536 987 persequebatur
2563 917 2749 983 Israel,
2782 928 2836 972 et
2871 917 3094 989 angelus
3140 918 3195 972 in
3240 918 3510 972 columna
3553 917 3721 972 nubis

2111 1008 2348 1064 deseruit
2377 1008 2559 1079 priora
2587 1001 2916 1074 castrorum,
2943 1009 3198 1077 venitque
3229 1018 3354 1078 post
3381 1017 3637 1078 tergum,
3667 1019 3720 1063 et

2110 1107 2224 1157 tota
2252 1109 2413 1156 nocte
2443 1102 2592 1156 stetit
2639 1101 2779 1156 inter
2805 1100 2967 1155 lsrael
2996 1109 3050 1154 et
3076 1100 3383 1173 Egyptios,
3409 1109 3474 1154 ut
3505 1109 3720 1171 perter-

2109 1192 2231 1248 ritis
2273 1192 2618 1256 adversariis,
2655 1191 2864 1247 audiret
2905 1190 3088 1246 Israel.
3129 1211 3147 1242 ‹
3189 1191 3491 1248 Benedicta
3544 1191 3716 1260 gloria

2107 1281 2323 1338 Domini
2344 1283 2410 1337 de
2431 1283 2551 1337 loco
2571 1297 2690 1337 suo.
2719 1301 2737 1334 ι
2763 1281 2940 1337 Locus
2962 1291 3143 1337 autem
3159 1283 3371 1337 Domini
3397 1291 3488 1338 est
3511 1284 3716 1349 omnis,

2109 1373 2166 1427 in
2215 1373 2411 1443 quibus
2455 1373 2749 1443 hospitium
2792 1372 3031 1439 invenit,
3083 1381 3175 1426 aut
3203 1381 3353 1427 certe
3385 1372 3547 1426 ﬁlius
3569 1372 3716 1427 locus

2107 1466 2302 1538 patris,
2339 1466 2481 1521 sicut
2507 1473 2561 1520 et
2585 1474 2742 1535 pater
2765 1464 2914 1520 locus
2953 1475 3038 1519 est
3066 1463 3186 1529 ﬁlii,
3217 1465 3436 1521 dicente
3474 1464 3714 1520 Domino

2111 1555 2389 1612 Salvatore
2435 1574 2447 1610 :
2500 1575 2518 1608 (
2553 1556 2665 1626 Ego
2711 1556 2764 1609 in
2793 1555 2972 1620 Patre,
3004 1564 3059 1610 et
3098 1556 3264 1611 Pater
3293 1557 3348 1610 in
3380 1572 3475 1610 me
3528 1555 3709 1628 (Iona.

2111 1648 2224 1720 xxv)
2265 1668 2310 1702 ι.
2361 1647 2477 1703 Hoc
2520 1647 2662 1702 idem
2715 1647 2982 1723 significat
3030 1652 3085 1701 et
3114 1645 3367 1701 Micha‘as
3429 1665 3442 1698 :
3509 1665 3528 1696 ‹
3581 1645 3712 1699 Ecce

2113 1740 2371 1796 Dominus
2393 1739 2701 1812 egredietur
2730 1741 2795 1793 de
2821 1739 2941 1793 loco
2973 1754 3090 1803 suo,
3133 1746 3190 1791 et
3216 1736 3525 1792 descendet
3553 1752 3710 1806 super

425 1821 594 1890 pacis,
623 1822 679 1876 id
695 1829 800 1888 est,
828 1836 860 1874 a
883 1821 1041 1876 bonis
1065 1820 1276 1876 actibus
1300 1819 1544 1889 captivus
1565 1820 1632 1876 ad
1655 1821 2006 1893 Babyloniam
2033 1821 2083 1882 B
2110 1831 2323 1887 excelsa
2372 1839 2550 1887 terrae.
2603 1829 2670 1885 Et
2732 1830 3214 1885 commovebuntur
3272 1837 3494 1883 montes
3552 1843 3712 1898 super

425 1913 736 1984 emigraret,
767 1914 994 1968 Domino
1019 1907 1328 1984 supplicans
1353 1913 1484 1969 dicit
1510 1931 1522 1967 :
1555 1933 1574 1965 ‹
1601 1911 1828 1982 Adjutor
1851 1928 2004 1970 meus

423 2019 532 2058 non
555 2005 852 2077 emigrabo.
892 2025 911 2058 ι
949 2004 1008 2059 Si
1030 2005 1174 2060 enim
1203 2005 1259 2059 in
1289 2021 1348 2061 se
1373 2005 1698 2073 conﬁderet,
1729 2020 1761 2060 a
1778 2005 2005 2076 justitia:

425 2098 678 2169 operibus
709 2100 947 2156 cadendo
993 2101 1296 2172 migrasset.
1325 2099 1432 2156 Sed
1467 2115 1640 2171 neque
1679 2101 1768 2167 hi,
1811 2101 1904 2172 qui
1935 2101 2002 2156 ab

425 2199 572 2247 statu
590 2194 929 2249 rectitudinis
958 2193 1014 2248 in
1039 2209 1204 2264 prava
1233 2194 1442 2250 actione
1459 2194 1792 2258 ceciderunt,
1809 2193 2001 2263 despe-

424 2285 578 2340 randi
603 2294 746 2352 sunt,
779 2285 907 2356 quia
935 2292 1081 2343 recte
1096 2287 1358 2356 propheta
1380 2286 1447 2340 ad
1470 2285 2003 2356 transmigrationem

423 2373 732 2445 Babyloniae
757 2376 1011 2443 mittitur,
1032 2384 1087 2431 et
1106 2392 1203 2447 per
1221 2377 1539 2447 prOphetam
1559 2373 1723 2428 alium
1746 2374 2003 2430 Dominus

425 2464 555 2518 dicit
598 2482 610 2518 :
643 2462 713 2518 Et
740 2465 923 2521 venies
960 2480 1132 2535 usque
1176 2465 1243 2518 ad
1292 2464 1620 2534 Babylonem
1646 2504 1661 2530 ,
1697 2463 1771 2519 ibi
1807 2463 2004 2519 libera-

421 2553 588 2608 beris.
622 2552 777 2625 Saepe
799 2555 967 2622 enim,
995 2555 1085 2624 qui
1111 2563 1396 2624 postquam
1422 2554 1475 2607 in
1507 2552 1819 2609 confusione
1846 2554 2005 2609 vitio-

423 2659 546 2698 rum
575 2643 854 2711 ceciderit,
891 2645 1218 2700 erubescens
1245 2643 1386 2698 mala
1413 2658 1532 2713 quae
1553 2644 1901 2714 perpetravit,
1935 2645 2004 2700 ad

421 2735 796 2804 paenitentiam
847 2737 1032 2803 redit,
1085 2753 1250 2808 seque
1301 2752 1334 2791 a
1383 2738 1497 2793 suis
1562 2736 1801 2807 lapsibus
1866 2737 2004 2792 bene

424 2827 652 2884 vivendo
681 2830 856 2902 erigit.
896 2829 1036 2898 Quid
1066 2845 1196 2903 ergo
1223 2830 1354 2896 iste,
1390 2829 1495 2886 nisi
1523 2843 1697 2899 usque
1732 2829 1802 2884 ad
1829 2828 2004 2900 Baby-

423 2919 598 2975 lonem
627 2922 797 2990 venit,
818 2930 874 2978 et
899 2923 975 2978 ibi
995 2922 1288 2979 liberatus?
1314 2922 1416 2990 Qui
1435 2930 1721 2993 postquam
1747 2920 2002 2976 confusus

419 3020 598 3066 mente
642 3026 896 3082 perversa
937 3012 1301 3084 perpetravit,
1353 3013 1469 3068 hzec
1516 3013 1632 3083 ipsa
1674 3012 2001 3067 erubescens

419 3101 582 3168 mala,
605 3118 725 3174 quae
749 3102 898 3171 fecit,
930 3119 989 3160 se
1009 3113 1196 3161 contra
1219 3119 1277 3160 se
1300 3104 1476 3175 erigit,
1493 3104 1701 3159 etbene
1723 3101 2000 3174 operando

421 3197 488 3252 ad
517 3205 714 3254 statum
740 3200 1083 3256 rectitudinis
1113 3200 1273 3255 redit.
1307 3199 1601 3270 Sequitur:

439 3317 446 3324 -
497 3309 516 3343 ι
551 3291 621 3347 Et
661 3293 898 3363 loqueris
924 3303 982 3349 et
1003 3292 1154 3349 dices
1178 3295 1246 3348 ad
1273 3307 1388 3348 eos.
1431 3292 1556 3347 Haec
1584 3291 1714 3348 dicit
1741 3291 2002 3348 Dominus

429 3403 447 3434 ι
467 3382 629 3450 Deus,
649 3385 694 3439 si
717 3383 856 3438 forte
877 3385 1096 3440 audiant
1114 3394 1170 3440 et
1189 3386 1490 3455 quiescant.
1518 3403 1536 3436 ι
1556 3383 1780 3451 Quoties
1806 3383 2001 3439 divinis

422 3475 648 3531 vocibus
670 3473 955 3531 difﬁcultas
978 3477 1228 3531 audiendi
1256 3477 1538 3547 repetitur,
1561 3482 1622 3529 ut
1641 3475 1873 3541 dicatur,
1895 3492 1914 3524 ι
1942 3473 2000 3528 Si

422 3567 562 3622 forte
588 3567 828 3632 audiant,
862 3586 882 3618 ι
917 3566 1045 3637 quid
1065 3566 1210 3623 aliud
1230 3583 1394 3638 quam
1420 3565 1787 3638 transmigrati
1815 3565 2001 3635 populi

422 3655 620 3712 duritia
641 3657 986 3726 designatur?
1003 3654 1064 3712 In
1086 3658 1280 3728 quibus
1299 3657 1478 3714 verbis
1491 3672 1686 3730 magna
1709 3663 1792 3711 est
1813 3665 2001 3710 nostra

425 3749 740 3817 consolatio,
771 3750 898 3820 quia
923 3751 969 3807 si
993 3750 1332 3822 omnipotens
1361 3750 1504 3806 Deus
1530 3751 1850 3821 prophetam
1875 3749 2002 3802 mit-

421 3850 542 3896 tens
585 3843 652 3898 ad
693 3857 1009 3914 perversum
1038 3843 1292 3914 populum
1335 3844 1499 3898 verba
1546 3859 1644 3898 sua
1678 3842 1997 3908 denuntiat,

424 3930 636 3988 difﬁcile
691 3933 878 3989 audire
902 3975 916 4000 ,
959 3950 1057 3990 cur
1083 3949 1183 3990 nos
1219 3935 1402 3990 miseri
1448 3935 1857 4000 contristamur,
1905 3949 2002 3988 cur

422 4040 564 4097 saepe
605 4042 637 4081 a
672 4025 932 4084 fratribus
964 4027 1020 4083 in
1059 4036 1245 4084 nostra
1288 4028 1652 4084 admonitione
1697 4028 1999 4084 contemni-

419 4117 576 4174 mur?
586 4117 722 4174 Nam
737 4120 933 4176 crebro
945 4119 1312 4192 delinquentes
1327 4119 1671 4191 alloquimur,
1688 4118 2002 4190 frequenter

420 4208 765 4278 increpamus
783 4249 799 4275 ,
827 4225 969 4282 saepe
996 4226 1119 4267 cum
1145 4211 1227 4268 eis
1251 4209 1461 4266 blandis
1503 4210 1844 4266 sermonibus
1884 4210 1999 4280 agi-

422 4316 563 4367 mus,
587 4310 644 4356 et
666 4311 851 4357 tamen
877 4301 922 4356 si
945 4303 1082 4358 alter
1109 4303 1278 4368 audit,
1301 4303 1439 4358 alter
1459 4301 1648 4358 audire
1677 4302 1995 4368 contemnit,

421 4391 558 4445 alter
584 4406 652 4446 ex
677 4398 832 4461 parte
856 4391 1080 4445 verbum
1103 4391 1496 4453 exhortationis
1539 4390 1798 4460 suscipit,
1832 4399 1886 4445 et
1933 4405 2000 4446 ex

418 4491 576 4553 parte
600 4483 844 4552 recipere
870 4493 1107 4547 recusat,
1122 4481 1198 4536 ita
1227 4491 1285 4536 ut
1305 4481 1546 4552 quotidie
1567 4481 1779 4550 impleri
1813 4481 1999 4536 videa-

419 4586 542 4626 mus
569 4571 674 4628 hoc
691 4571 834 4642 quod
868 4585 968 4642 per
995 4572 1313 4642 prophetam
1344 4572 1509 4627 alium
1530 4580 1720 4627 narrat
1740 4573 2000 4629 Dominus

420 4675 540 4732 qua:
561 4659 752 4718 fecerit
779 4661 974 4728 iratus,
1003 4676 1124 4717 cum
1154 4661 1314 4718 dicit:
1350 4681 1368 4713 ‹
1389 4660 1507 4716 Plui
1535 4675 1699 4732 super
1721 4661 1998 4718 civitatem

417 4767 604 4818 unam,
625 4760 682 4808 et
703 4767 866 4824 super
891 4752 1116 4809 alteram
1146 4753 1421 4808 civitatem
1441 4767 1550 4808 non
1577 4752 1707 4823 plui.
1738 4752 1872 4809 Pars
1890 4769 1999 4810 una

416 4846 686 4918 compluta
712 4854 812 4912 est,
849 4853 904 4902 et
925 4861 1052 4916 pars
1079 4861 1199 4916 quae
1224 4845 1494 4917 compluta
1517 4859 1625 4902 non
1651 4853 1755 4914 est,
1776 4845 1938 4901 aruit.
1970 4865 1990 4899 ι

416 4939 552 4994 Cum
597 4939 743 4996 enim
789 4946 988 4995 sanctae
1042 4939 1434 4997 exhortationis
1479 4939 1643 4994 verba
1687 4940 1794 4996 alia
1841 4953 1997 4995 mens

417 5031 662 5101 suscipit,
701 5030 804 5085 alia
835 5032 1112 5101 suscipere
1143 5039 1388 5100 recusat,
1427 5046 1593 5103 super
1615 5047 1778 5088 unam
1801 5031 1993 5088 civita-

416 5125 525 5173 tem
554 5119 810 5175 Dominus
833 5119 990 5190 pluit,
1022 5128 1077 5175 et
1105 5128 1262 5190 supet
1303 5121 1526 5176 alteram
1555 5137 1662 5178 non
1694 5121 1850 5192 pluit.

495 5227 514 5260 ι
552 5207 621 5263 Et
646 5213 934 5282 assumpsit
952 5227 1040 5267 me
1067 5213 1308 5281 spiritus.
1331 5212 1401 5266 Et
1421 5213 1597 5268 audivi
1637 5221 1760 5284 post
1787 5227 1873 5267 me
1898 5227 1996 5267 vo-

428 5317 447 5351 ι
484 5314 605 5354 cem
636 5302 1010 5358 commotionis
1036 5317 1264 5373 magnai.
1286 5302 1574 5360 Benedicta
1589 5304 1756 5375 gloria
1783 5303 1996 5358 Domini

425 5408 444 5442 ι
478 5383 550 5444 'de
573 5387 693 5444 loco
704 5403 822 5446 suo.
834 5409 854 5444 ι
874 5400 979 5446 etc.
1005 5390 1204 5465 (Ηὶεν.)
1219 5392 1381 5460 Deus,
1403 5392 1469 5447 de
1484 5409 1590 5462 quo
1605 5393 1865 5462 scriptum
1881 5400 1961 5448 est
1980 5410 1994 5447 :

425 5496 446 5530 ι
479 5477 775 5534 Assnmens
799 5489 1110 5536 mansuetos
1136 5483 1414 5549 Dominus,
1464 5483 1581 5553 ipse
1610 5485 1902 5554 assumpsit
1942 5493 1998 5540 et

417 5568 763 5642 prophetam,
793 5570 886 5640 qui
914 5585 1022 5625 non
1051 5580 1167 5628 erat
1196 5573 1249 5628 in
1268 5588 1450 5637 carne,
1481 5574 1577 5629 sed
1605 5573 1659 5627 in
1687 5574 1877 5643 spiritu
1898 5615 1912 5640 ,
1943 5583 1997 5630 et

421 5660 700 5717 ambulans
722 5661 775 5716 in
798 5662 1014 5734 spiritu,
1037 5666 1216 5720 carnis
1235 5681 1400 5738 opera
1424 5681 1535 5721 non
1577 5666 1854 5735 implebat,
1886 5669 1996 5737 spi-

421 5752 558 5807 ritus
607 5751 750 5806 enim
779 5751 876 5807 Dei
927 5759 1046 5808 erat
1085 5753 1142 5808 in
1175 5769 1256 5810 eo.
1299 5755 1659 5821 Quamobrem
1691 5763 1746 5810 et
1775 5762 1992 5812 terrena

2112 1938 2262 1988 eum,
2299 1929 2356 1977 et
2378 1920 2544 1977 valles
2569 1921 2846 1976 tabescent
2877 1922 3017 1976 sicut
3053 1935 3176 1976 cera
3205 1936 3236 1975 a
3270 1920 3412 1977 facie
3437 1922 3631 1992 ignis,
3664 1931 3708 1977 et

2111 2018 2252 2073 sicut
2299 2031 2438 2086 aqua
2487 2031 2606 2086 quae
2656 2015 2895 2070 defertur
2945 2016 2998 2071 in
3040 2032 3280 2087 praeceps
3325 2016 3526 2088 (Hicin.
3581 2018 3646 2087 ι).
3689 2039 3704 2070 ι

2109 2109 2479 2166 Descendente
2502 2108 2645 2163 enim
2673 2108 2898 2163 Domino
2920 2107 3221 2177 Salvatore,
3241 2117 3295 2164 et
3319 2111 3711 2180 pmiiciscente

2110 2199 2177 2254 de
2195 2198 2380 2266 Patre,
2409 2199 2620 2254 excelsa
2645 2207 2820 2264 terrae,
2851 2208 3170 2272 montesque
3193 2203 3450 2256 commoti
3476 2213 3638 2268 sunt,
3660 2213 3708 2257 et

2110 2287 2367 2345 inferiora
2393 2288 2609 2343 vallium
2641 2289 2949 2359 liquefacta.
2978 2289 3166 2347 Potest
3187 2292 3338 2347 locus
3365 2309 3492 2348 esse
3522 2295 3709 2364 gloria:

2109 2379 2322 2433 Domini
2348 2420 2362 2444 ,
2415 2386 2468 2432 et
2495 2378 2587 2432 lux
2616 2379 3038 2447 inaccessibilis,
3088 2382 3154 2436 de
3182 2397 3288 2450 qua
3318 2391 3373 2436 et
3406 2383 3708 2452 Apostolus

2110 2467 2371 2538 loquitur.
2403 2487 2421 2519 ‹
2451 2466 2551 2534 Qui
2575 2469 2722 2524 solus
2741 2468 2902 2524 habet
2927 2470 3409 2536 immortalitatem,
3441 2483 3497 2527 et.
3525 2474 3707 2530 lucem

2108 2558 2320 2613 habitat
2371 2558 2816 2615 inaccessibilem.
2856 2579 2875 2611 ›
2914 2560 3140 2628 Quando
3168 2564 3446 2633 prreterita
3491 2565 3703 2636 judicia

2109 2647 2322 2704 Domini
2369 2648 2548 2703 animo
2583 2648 2930 2716 revolvimus,
2979 2650 3282 2706 audivimus
3326 2666 3523 2707 vocem
3586 2665 3708 2724 post

2110 2747 2321 2808 tergum
2365 2738 2746 2795 commotionis
2769 2754 3008 2811 magnae;
3056 2741 3270 2810 quando
3300 2741 3488 2796 futura
3542 2745 3709 2799 corde

2109 2829 2458 2897 meditamur,
2485 2830 2702 2885 auditur
2725 2845 2828 2885 vox
2853 2831 2920 2885 de
2943 2831 3232 2902 prioribus,
3256 2840 3311 2887 et
3344 2847 3417 2888 ex
3466 2834 3557 2890 his
3588 2850 3707 2904 qua

2109 2929 2233 2976 ante
2260 2930 2405 2977 sunt.
2432 2919 2634 2994 (Greg.)
2657 2921 2796 2989 Quid
2823 2923 3050 2988 esthoc,
3074 2925 3216 2995 quod
3241 2927 3530 2995 prepheta,
3564 2935 3708 2996 post-

2107 3025 2271 3082 quam
2307 3013 2375 3067 ad
2406 3013 2932 3084 transmigrationem
2961 3012 3192 3069 filiorum
3219 3015 3402 3084 populi
3435 3017 3696 3085 mittitur,

2106 3118 2294 3160 vocem
2335 3111 2456 3176 post
2502 3119 2560 3161 se
2602 3120 2810 3176 magnae
2834 3105 3212 3161 commotionis
3237 3106 3467 3172 audivit,
3521 3109 3706 3164 dicen-

2026 3177 2072 3242 (ἶ
2104 3203 2214 3252 tem
2245 3213 2258 3250 :
2292 3213 2311 3247 ί
2345 3195 2636 3253 Benedicta
2661 3197 2829 3267 gloria
2858 3195 3072 3254 Domini
3102 3198 3166 3252 de
3198 3197 3314 3252 loco
3342 3199 3480 3253 suo?
3516 3221 3536 3252 ι
3563 3199 3706 3256 Con-

2102 3302 2293 3343 versus
2330 3288 2527 3360 quippe
2573 3289 2639 3344 ad
2681 3296 2992 3358 peccatores
3034 3289 3342 3360 Babylonia:
3381 3288 3608 3357 fuerat,
3648 3301 3702 3346 et

2103 3392 2294 3434 vocem
2317 3378 2502 3450 gloriae
2525 3379 2740 3436 Domini
2762 3380 2829 3434 de
2855 3379 2975 3436 loco
2997 3394 3096 3434 suo
3119 3386 3243 3450 post
3269 3389 3483 3452 tergum
3514 3382 3708 3438 audie-

2102 3472 2217 3528 bat.
2271 3471 2446 3528 Locus
2500 3473 2643 3528 enim
2675 3472 2890 3528 Domini
2937 3471 3265 3539 Jerusalem,
3315 3474 3371 3528 id
3417 3483 3527 3541 est,
3560 3476 3704 3530 visio

2104 3565 2277 3634 pacis,
2309 3564 2436 3634 quia
2482 3564 2736 3620 nimirum
2767 3565 2931 3619 corda
2973 3563 3063 3620 illa
3108 3565 3292 3622 vident
3319 3580 3382 3620 ea
3436 3582 3561 3636 qua:
3607 3569 3704 3624 Dei

2105 3663 2252 3722 sunt,
2281 3670 2400 3724 qua:
2423 3655 2489 3710 ad
2511 3655 3037 3724 transmigrationem
3065 3654 3394 3726 Babyloniae,
3417 3656 3477 3711 id
3500 3665 3608 3723 est,
3635 3661 3700 3712 ad

2104 3747 2440 3803 confusionis
2454 3747 2607 3815 vitia,
2630 3763 2737 3803 non
2765 3748 3117 3803 descendunt.
3147 3748 3223 3804 Ibi
3251 3750 3395 3804 enim
3426 3751 3700 3807 inhabitat

2103 3838 2267 3903 Deus,
2305 3837 2396 3893 ubi
2424 3852 2553 3893 vera
2574 3854 2680 3910 pax
2709 3839 2988 3908 quaeritur,
3022 3839 3250 3896 internae
3272 3843 3699 3912 contemplatio-

2104 3930 2190 3985 nis
2211 3930 2379 4002 gloria
2403 3942 2634 3985 amatur.
2651 3930 2785 3985 Nam
2801 3931 2894 4001 qui
2910 3931 2978 3986 ad
2992 3934 3406 4002 perversitatem
3431 3935 3697 4002 defluunt,

2104 4021 2255 4077 locus
2275 4021 2370 4076 Dei
2399 4035 2519 4078 esse
2541 4030 2911 4078 contemnunt.
2952 4022 3126 4079 Locus
3154 4023 3339 4094 gloriae
3369 4024 3469 4079 Dei
3501 4035 3585 4080 est
3616 4027 3702 4083 vel

2104 4123 2294 4170 sancta
2323 4131 2550 4187 quaeque
2575 4115 2778 4181 anima,
2802 4116 2888 4172 vel
2908 4117 3281 4187 unusquisque
3302 4118 3358 4172 in
3382 4117 3700 4175 coelestibus

2102 4222 2428 4278 permanens
2465 4208 2739 4279 angelicus
2765 4209 3010 4278 spiritus,
3057 4217 3113 4265 et
3141 4209 3314 4281 gloria
3363 4211 3584 4265 Domini
3637 4211 3698 4266 de

2104 4299 2222 4355 loco
2249 4316 2345 4355 suo
2371 4300 2733 4366 benedicitur,
2767 4315 2889 4354 cum
2919 4299 3003 4355 vel
3031 4301 3100 4354 ab
3129 4300 3317 4355 electis
3347 4299 3694 4368 hominibus,

2102 4393 2249 4448 vela
2293 4394 2497 4449 sanctis
2550 4393 2755 4463 angelis
2795 4394 3008 4448 auctori
3035 4394 3279 4449 omnium
3322 4393 3447 4448 laus
3496 4402 3696 4450 aeterna

2103 4494 2372 4541 cantatur.
2418 4483 2476 4539 ln
2527 4501 2593 4541 co
2618 4501 2786 4556 ergo,
2836 4487 2981 4557 quod
3019 4485 3153 4554 justi
3204 4486 3272 4543 de
3310 4490 3695 4544 convertendis

2104 4575 2483 4646 peccatoribus
2503 4575 2761 4646 cogitant,
2785 4575 2910 4645 quia
2924 4589 3114 4631 eorum
3135 4576 3267 4630 vitia
3291 4578 3694 4635 considerando

2105 4666 2174 4720 ad
2200 4663 2444 4720 carnales
2485 4672 2639 4720 actus
2683 4663 2896 4720 oculum
2921 4663 3155 4731 ducunt,
3184 4666 3340 4735 quasi
3366 4667 3436 4721 ad
3467 4666 3694 4739 Babylo-

2104 4753 2250 4809 niam
2274 4753 2572 4809 intendant.
2610 4752 2714 4821 Qui
2743 4761 2922 4808 tamen
2946 4767 3048 4824 pro
3083 4763 3224 4809 statu
3265 4770 3382 4810 sua:
3404 4757 3691 4812 rectitudi—

2103 4842 2212 4909 nis,
2240 4843 2365 4912 quia
2387 4843 2442 4898 in
2463 4843 2677 4898 laudem
2719 4843 2814 4898 Dei
2838 4845 2978 4900 bona
3005 4853 3319 4900 sanctorum
3343 4847 3694 4903 considerare

2103 4945 2381 5001 nunquam
2419 4931 2689 4995 desinunt,
2723 4934 2972 5002 quamvis
3016 4949 3116 5005 per
3159 4935 3550 5008 cogitationem
3587 4939 3692 4996 alio

2101 5021 2415 5086 intendant,
2468 5023 2622 5091 quasi
2669 5030 2792 5091 post
2821 5036 2880 5077 se
2926 5024 3110 5094 gloriae
3145 5025 3360 5080 Domini
3389 5041 3586 5084 vocem
3625 5030 3692 5083 ab

2103 5111 2466 5178 Hierusalem,
2497 5113 2551 5167 id
2593 5123 2696 5179 est,
2741 5113 2808 5170 de
2832 5114 2952 5170 loco
2987 5131 3088 5172 suo
3130 5116 3378 5172 audiunt.
3423 5118 3570 5186 Quid
3609 5127 3694 5174 est

2102 5219 2251 5276 ergo,
2280 5205 2422 5275 quod
2451 5212 2573 5274 post
2601 5219 2660 5260 se
2685 5205 2947 5275 propheta
2978 5221 3168 5263 vocem
3207 5209 3418 5264 audivit
3456 5225 3694 5266 commo-

2105 5297 2266 5353 tionis
2294 5313 2502 5368 magnae
2520 5338 2534 5363 ,
2562 5297 2669 5352 nisi
2697 5298 2839 5367 quod
2868 5306 2991 5368 post
3015 5314 3322 5356 sermonem
3351 5301 3694 5372 praedicatio-

2102 5389 2217 5455 nis,
2256 5389 2345 5456 qui
2375 5388 2435 5442 ﬁt
2463 5389 2530 5444 ad
2572 5389 2734 5445 corda
2759 5391 3120 5460 peccantium,
3149 5391 3385 5448 lamenta
3424 5394 3692 5463 paeniten-

2103 5483 2236 5537 tium
2266 5483 2601 5553 sequuntur?
2651 5482 2900 5539 Perversi
2925 5484 3069 5538 enim
3101 5486 3320 5556 quippe,
3353 5487 3485 5541 dum
3523 5502 3688 5556 prava

2101 5581 2286 5645 agunt,
2314 5583 2365 5630 el
2395 5590 2427 5629 a
2468 5573 2629 5644 justis
2656 5585 2806 5631 recta
2832 5591 2936 5631 non
2969 5577 3213 5643 audiunt,
3243 5580 3495 5634 nesciunt
3529 5592 3690 5648 quam

2101 5669 2210 5724 sint
2221 5669 2402 5738 gravia
2416 5684 2536 5739 quae
2552 5670 2916 5737 committunt,
2934 5678 3096 5741 atque
3109 5687 3173 5725 ex
3191 5672 3305 5741 ipsa
3321 5689 3420 5728 sua
3435 5675 3692 5747 ignoran-

2098 5757 2174 5811 tia
2221 5757 2276 5812 in
2323 5773 2422 5814 suo
2451 5768 2669 5828 stupore
2695 5759 2873 5814 securi
2895 5768 3046 5826 sunt,
3075 5769 3130 5816 et
3145 5759 3394 5829 iacentes
3426 5763 3480 5818 in
3510 5760 3687 5825 culpis
