3938 6360
1748 266 1788 288 ὥ
1807 269 1814 273 .

156 364 296 426 569
1167 355 1520 420 COMMENT.
1563 355 2126 418 IN'EZECHIEL'EM.
2163 389 2233 402 --
2267 359 2397 418 LIB.
2439 346 2525 419 Ill.
2561 368 2563 370 ·
2664 369 2668 376 ·
2703 362 2706 366 '
3365 369 3474 430 57o

160 483 344 558 quasi
379 479 618 539 molliter
643 480 1012 552 requiescunt,
1041 479 1182 536 sicut
1211 478 1277 534 de
1304 479 1536 549 quodam
1581 492 1775 548 pecca-
1803 475 2167 548 A‘rum,legit
2185 486 2239 532 et
2253 481 2616 551 recognoscit,
2631 481 3289 556 quiaintrorsusredieus,
3309 487 3468 546 intel-

158 585 308 634 tore
332 583 388 632 et
414 589 608 632 securo
633 574 830 646 populo
856 574 1054 630 dicitur
1085 589 1098 626 :
1131 571 1417 642 Requievit
1463 572 1516 626 in
1561 569 1770 627 fecibus
1872 566 1991 638 ligit
2011 569 2154 638 quod
2178 568 2309 624 foris
2337 571 2506 626 audit.
2523 573 2686 628 Aliud
2702 589 2935 646 namque
2959 585 3042 632 est
3060 579 3461 652 eleemosynam

158 671 320 736 suis,
337 670 462 742 quia
483 684 710 725 securus
724 667 894 737 jacuit
919 666 972 722 in
993 665 1250 736 peccatis.
1275 663 1408 719 Cum
1430 679 1560 718 vero
1581 663 1769 718 audire
1871 672 1938 714 ex
1960 669 2226 731 praecepto
2250 661 2451 728 facere,
2476 670 2639 734 atque
2662 664 2805 719 aliud
2835 663 2908 720 ex'
2925 665 3209 724 charitate.
3229 670 3307 725 Ex
3324 687 3464 741 prae-

154 763 424 835 perversi
445 763 670 819 verbum
680 758 1082 832 praedicationis
1095 757 1378 828 coeperint,
1395 771 1514 827 quae
1527 757 1768 826 sintsup-
1871 761 2026 823 cepto
2041 755 2185 809 enim
2208 754 2390 811 facere
2416 757 2617 812 bonum
2645 759 3019 815 inchoantium
3046 770 3151 829 est,
3178 779 3242 819 ex
3273 766 3457 821 chari-

155 855 341 926 plicia
375 859 575 909 aeterna
607 866 935 924 cognoscere
955 892 971 918 ,
1014 849 1110 922 qui
1138 857 1314 906 terror
1335 848 1525 920 judicii
1549 889 1563 916 ,
1600 863 1766 918 quam
1869 853 1980 901 tate
2007 853 2186 900 autem
2207 847 2406 901 bonum
2423 846 2604 903 facere
2623 849 3118 922 perfectorum,qui
3146 869 3253 909 non
3281 855 3455 913 solum

156 948 396 1006 subtilis
422 947 752 1004 examinatio
777 947 846 1002 de
896 944 1124 1016 singulis
1155 944 1460 1015 quibusque
1486 941 1728 1013 peccatis
1745 981 1761 1006 ,

155 1041 324 1096 illico
347 1039 787 1102 contremiscunt,
818 1037 1116 1108 implentur
1144 1035 1435 1109 gemitibus
1459 1075 1474 1101 ,
1499 1040 1676 1088 etnon
1702 1045 1762 1086 se

154 1131 514 1205 capientibus
540 1130 788 1202 suspiriis
814 1128 1128 1192 anxiantur,
1156 1135 1318 1198 atque
1339 1139 1535 1197 magno
1557 1138 1760 1194 pavore

152 1223 447 1289 concussi,
494 1222 547 1277 in
577 1221 726 1277 luctu
751 1229 806 1276 et
828 1219 1045 1275 fletibus
1076 1226 1386 1288 erumpunt.
1429 1217 1760 1286 Prophetam

150 1329 303 1386 ergo
333 1328 436 1368 vox
476 1328 684 1383 magnae
713 1311 1094 1368 commotionis
1137 1310 1415 1380 sequitur,
1463 1309 1590 1378 quia
1636 1314 1762 1378 post

147 1408 396 1462 verbum
430 1405 850 1477 pmdicationis,
880 1417 1268 1460 conversurum
1300 1410 1462 1472 atque
1487 1401 1760 1472 paeniten-

149 1497 308 1552 tium
337 1496 513 1552 luctus
557 1495 867 1550 audiuntur.
899 1493 1002 1560 Qui
1032 1493 1178 1548 enim
1222 1492 1373 1562 prius
1417 1491 1584 1560 quieti
1607 1489 1758 1558 jace-

145 1588 300 1642 bant
344 1588 399 1643 in
435 1586 682 1653 vulnere,
725 1586 858 1641 tacti
899 1585 1239 1656 postmodum
1283 1599 1446 1638 manu
1475 1583 1757 1638 medicinae

144 1695 292 1734 cum
321 1678 510 1734 dolore
544 1679 768 1734 redeunt
813 1678 879 1732 ad
909 1677 1155 1732 salutem.
1189 1674 1296 1731 Sed
1332 1675 1460 1746 quid
1487 1691 1589 1730 vox
1638 1675 1754 1745 ipsa

140 1770 317 1824 dicat
346 1771 646 1826 audiamus.
684 1790 701 1822 ι
738 1769 1028 1824 Benedicta
1057 1767 1226 1840 gloria
1269 1767 1487 1823 Domini
1530 1767 1598 1822 de
1634 1767 1753 1824 loco

1868 936 1995 1005 quia
2012 933 2251 1003 jubetur,
2272 936 2493 1004 faciunt,
2514 939 2608 994 sed
2623 941 2787 995 etiam
2805 941 3034 1014 diligunt
3048 941 3296 1002 faciendo
3310 948 3456 1018 quod

1858 1024 2097 1094 jubetur.
2146 1026 2284 1082 Hinc
2331 1038 2414 1084 est
2441 1029 2585 1083 enim
2623 1031 2766 1100 quod
2809 1032 2864 1087 in
2892 1047 3088 1104 magna
3116 1034 3316 1091 virtute
3356 1053 3457 1108 per

1862 1117 2209 1174 Psalmistam
2235 1120 2434 1175 dicitur
2460 1139 2472 1175 :
2510 1140 2528 1173 ι
2560 1120 2693 1177 Vide
2719 1124 2844 1192 quia
2871 1125 3126 1181 mandata
3149 1133 3242 1182 tua
3267 1127 3450 1197 dilexi,

1863 1208 2130 1277 Domine,
2199 1211 2253 1264 in
2292 1219 2383 1264 tua
2429 1211 2805 1269 misericordia
2855 1214 3069 1271 viviﬁca
3119 1231 3205 1272 me
3264 1215 3447 1289 (Psal.

1862 1303 2072 1376 cxvm).
2129 1324 2149 1358 ι
2187 1304 2277 1360 Sic
2305 1305 2396 1375 qui
2441 1307 2710 1362 castitatis
2749 1306 2955 1363 bonum
3002 1310 3058 1364 in
3088 1325 3186 1365 suo
3226 1327 3451 1383 corpore

1860 1397 2126 1463 custodit,
2179 1405 2366 1452 contra
2395 1397 2731 1454 luxuriantes
2762 1400 2876 1455 zelo
2912 1402 3248 1468 accenditur,
3282 1412 3340 1458 ut
3383 1406 3450 1460 ab

1860 1488 2214 1545 immunditia:
2242 1491 2470 1546 maculis
2499 1491 2800 1562 expientur.
2849 1493 2915 1547 Et
2959 1508 3101 1565 saepe
3128 1495 3253 1549 dum
3286 1511 3449 1566 quos-

1859 1572 1986 1635 dam
2020 1581 2074 1634 in
2106 1581 2349 1653 lapsibus
2385 1583 2610 1649 invenit,
2652 1584 2904 1651 edomat,
2951 1583 3139 1656 afﬂigit
3179 1595 3341 1656 atque
3380 1589 3448 1644 ad

1857 1671 2134 1727 castitatis
2162 1673 2482 1728 munditiam
2513 1674 2815 1746 restringit.
2850 1673 3015 1753 Cujus
3044 1677 3090 1730 si
3125 1676 3265 1732 forte
3292 1693 3450 1734 mens

1857 1764 1924 1819 de
1966 1764 2310 1821 immunditia
2330 1766 2558 1822 luxuriae
2600 1768 2764 1823 fuerit
2785 1778 3023 1837 tentata,
3055 1786 3123 1826 ex
3154 1772 3270 1842 ipso
3293 1773 3448 1828 docet

141 1876 284 1916 suo.
338 1881 358 1913 ι
401 1861 580 1918 Locus
619 1861 762 1919 enim
807 1861 1028 1933 maligni
1072 1861 1296 1932 spiritus
1338 1859 1556 1916 fuerant
1589 1862 1752 1916 corda
1781 1840 1830 1901 Β
1860 1856 1979 1912 zelo
2003 1873 2112 1929 quo
2142 1858 2276 1914 alios
2303 1861 2559 1926 correxit,
2591 1862 2937 1933 semetipsam
2964 1840 3216 1920 convenit
3242 1876 3295 1920 et
3323 1882 3446 1921 eru-

142 1953 534 2023 peccantium,
562 1953 657 2010 sed
681 1969 803 2009 cum
835 1953 1187 2022 sibimetipsis
1210 1953 1334 2008 irati
1363 1967 1460 2024 per
1487 1953 1754 2024 poeniten-

143 2046 294 2100 tiam
345 2046 571 2102 redeunt
613 2047 683 2103 ad
702 2047 892 2112 vitam,
934 2047 1120 2119 gloria:
1148 2047 1362 2102 Domini
1408 2048 1559 2103 locus
1598 2048 1746 2115 fiunt,

135 2139 266 2208 jam
299 2153 359 2193 se
387 2148 576 2194 contra
605 2153 664 2194 se
715 2139 952 2210 erigunt,
979 2137 1094 2207 jam
1119 2138 1453 2209 paenitentia:
1493 2139 1751 2212 lacrymis

144 2233 520 2303 insequuntur
547 2232 708 2299 mala,
743 2248 863 2302 qua:
887 2233 1296 2287 commiserunt.
1329 2231 1457 2288 Inde
1478 2249 1607 2305 ergo
1656 2249 1752 2288 au-

145 2323 308 2378 ditur
335 2323 639 2378 benedictio
665 2323 846 2394 gloriae
875 2324 929 2377 in
952 2322 1112 2379 laude
1144 2323 1270 2390 Dei,
1303 2325 1446 2379 unde
1470 2325 1622 2395 prius
1662 2341 1751 2382 so-

144 2416 328 2471 nabat
355 2415 627 2471 Creatoris
663 2414 862 2485 injuria
905 2416 972 2471 de
1017 2431 1199 2470 amore
1228 2416 1512 2486 praesentis
1541 2417 1745 2486 saeculi,

144 2518 203 2563 et
231 2508 404 2564 corda
436 2508 814 2579 poenitentium
841 2508 975 2562 fiunt
995 2509 1109 2579 jam
1141 2509 1370 2564 Domino
1409 2509 1559 2564 locus
1587 2525 1746 2578 suus,

143 2616 273 2671 quae
302 2601 456 2670 prius
484 2601 540 2655 in
568 2601 808 2672 peccatis
835 2601 1032 2670 posita,
1072 2601 1292 2658 fuerunt
1319 2602 1472 2658 locus
1515 2603 1744 2661 alienus.

143 2693 241 2748 De:
257 2691 460 2762 quibus
489 2691 666 2746 adhuc
692 2693 940 2748 subditur
965 2711 978 2746 :

220 2867 238 2900 ε
263 2849 338 2904 Et
349 2863 532 2905 vocem
549 2848 753 2905 alarum
768 2849 1079 2905 animalium
1089 2849 1508 2922 percutientium
1521 2850 1749 2907 alteram

146 2963 164 2993 ι
204 2941 277 2995 ad
305 2941 558 3009 alteram,
583 2950 690 2997 etc.
726 2962 745 2994 ι
778 2941 1000 2998 Audivit
1029 2949 1152 3014 post
1182 2957 1242 2999 se
1268 2944 1532 3013 propheta
1555 2958 1747 2999 vocem

140 3035 538 3092 commotiouis
563 3050 791 3108 magnae.
824 3035 971 3106 quia,
999 3035 1140 3090 sicut
1164 3035 1367 3091 dictum
1396 3046 1498 3103 est,
1521 3037 1748 3092 verbum

136 3129 563 3200 pnedicantium
594 3117 771 3184 luctus
809 3128 1190 3200 pmnitentium
1221 3128 1489 3198 sequitur.
1527 3127 1748 3184 Audivit

1855 1949 2027 2005 bescit
2075 1952 2352 2007 immunda
2408 1954 2678 2024 cogitare,
2732 1971 2850 2024 qua:
2894 1970 2952 2010 se
2993 1957 3049 2011 in
3101 1957 3220 2012 aliis
3256 1958 3447 2013 recolit

1856 2043 2179 2098 correxisse.
2211 2044 2268 2098 In
2292 2045 2393 2099 hoc
2414 2059 2542 2116 ergo
2569 2044 2651 2099 ala
2677 2045 2819 2100 alam
2845 2048 3099 2116 percutit,
3127 2048 3251 2103 dum
3274 2048 3446 2104 virtus

1852 2136 2109 2192 virtutem
2136 2137 2335 2207 pulsat,
2355 2146 2408 2193 et
2433 2139 2501 2194 ab
2522 2138 2862 2194 immunditia
2886 2139 3139 2194 custodit.
3169 2138 3265 2194 Sin
3292 2155 3441 2207 vero,

1853 2239 1912 2284 ut
1924 2230 2132 2302 praefati
2153 2247 2356 2297 sumus,
2377 2231 2613 2286 vicissim
2631 2246 2689 2287 se
2702 2232 2800 2286 alis
2815 2231 2928 2286 suis
2945 2230 3199 2285 animalia
3218 2230 3440 2300 feriunt,

1853 2333 1908 2379 et
1937 2323 2020 2378 ala
2043 2324 2215 2379 altera
2247 2326 2313 2379 ad
2335 2323 2559 2379 alteram
2581 2325 2721 2380 alam
2745 2325 3047 2396 percutitur
3068 2323 3400 2395 singulorum
3424 2340 3439 2379 :

1853 2416 2012 2489 hujus
2040 2431 2254 2487 quoque
2285 2415 2664 2486 descriptionis
2697 2416 2960 2488 largiente
2991 2415 3220 2470 Domino
3249 2430 3441 2470 sensus

1849 2517 2018 2579 patet.
2049 2507 2188 2576 Quid
2218 2517 2453 2580 estergo
2476 2510 2618 2579 quod
2641 2509 2757 2563 haec
2779 2517 3011 2579 pennata
3040 2507 3294 2562 animalia
3327 2507 3441 2562 alas

1851 2603 2080 2657 alteram
2113 2602 2182 2656 ad
2224 2601 2450 2656 alteram
2480 2601 2715 2667 feriunt,
2740 2601 2847 2656 nisi
2878 2599 3021 2672 quod
3047 2616 3236 2656 omnes
3265 2599 3440 2655 sancti

1849 2709 1910 2749 se
1941 2695 2170 2750 invicem
2201 2695 2315 2751 suis
2335 2694 2629 2750 virtutibus
2677 2702 2936 2765 tangunt,
2971 2701 3026 2750 et
3056 2707 3174 2748 sese
3215 2692 3282 2747 ad
3313 2706 3440 2761 pro-

1849 2795 2068 2842 vectum
2091 2786 2332 2841 excitant
2355 2801 2423 2842 ex
2462 2786 2897 2842 consideratione
2941 2785 3160 2840 virtutis
3206 2784 3437 2840 alienae?

1848 2879 1969 2936 Non
1994 2880 2140 2935 enim
2167 2880 2260 2934 uni
2290 2880 2492 2934 dantur
2515 2878 2720 2944 omnia,
2749 2891 2817 2933 ne
2843 2878 2899 2932 in
2927 2877 3238 2949 superbiam
3263 2876 3438 2932 elatus

1849 2973 2028 3037 cadat,
2077 2970 2173 3027 sed
2222 2972 2348 3026 huic
2392 2971 2552 3026 datur
2579 2969 2722 3040 quod
2767 2969 2866 3024 tibi
2893 2984 3002 3023 non
3041 2969 3222 3034 datur,
3258 2976 3312 3022 et
3340 2968 3435 3024 tibi

1849 3062 2010 3118 datur
2049 3059 2192 3130 quod
2225 3059 2302 3114 illi
2351 3059 2671 3128 denegatur,
2714 3067 2775 3114 ut
2821 3059 2947 3113 dum
2994 3059 3099 3113 iste
3128 3058 3438 3114 considerat

1847 3153 2050 3208 bonum
2079 3151 2221 3222 quod
2271 3151 2480 3217 habes,
2530 3159 2586 3205 et
2616 3151 2730 3221 ipse
2772 3166 2878 3205 non
2924 3149 3107 3214 habet,
3141 3157 3194 3204 te
3237 3149 3337 3204 sibi
3381 3151 3436 3206 in

136 3231 361 3318 POSt_Se
385 3238 574 3318 vcem
603 3221 808 3318 a‘lamm
837 3220 1171 3318 aflimalium’
1202 3221 1329 3292 quia
1351 3236 1418 3276 ex
1446 3221 1564 3292 ipso
1591 3221 1736 3276 luet"
1767 3221 1812 3285 C
1845 3220 2450 3318 cogitationeprzeferat.
2475 3243 2544 3297 Et
2565 3220 2800 3306 rursum,
2827 3242 2954 3296 dum
2977 3249 3034 3296 tu
3061 3241 3259 3297 habere
3285 3241 3434 3298 illum

138 3314 531 3388 pmnitentium
555 3313 805 3369 oriuntur
830 3313 1058 3368 virtutes
1087 3321 1400 3369 sanctorum
1425 3354 1442 3380 ,
1483 3321 1540 3369 ut
1590 3323 1738 3370 tanto

138 3408 326 3482 magis
353 3408 409 3462 in
460 3414 650 3463 sancta
694 3405 908 3462 actione
938 3405 1244 3475 proﬁciant,
1291 3413 1496 3477 quanto
1524 3421 1585 3463 se
1613 3414 1739 3463 ante

138 3500 518 3573 cognitionem
561 3499 686 3553 vitae
724 3497 975 3568 nequiter
999 3497 1176 3569 egisse
1214 3500 1598 3554 meminerunt.
1629 3498 1738 3554 Sed

139 3605 224 3651 est
251 3597 314 3650 in
341 3595 426 3650 his
451 3595 635 3651 verbis
675 3608 867 3667 magna
913 3592 1209 3658 dubitatio,
1243 3593 1370 3663 quia
1414 3608 1523 3647 non
1552 3600 1740 3662 aperte

138 3703 238 3758 per
268 3691 593 3760 prophetam
618 3689 836 3756 dicitur,
867 3696 1051 3743 utrum
1081 3688 1505 3758 unumquodque
1535 3686 1737 3741 animal

137 3782 256 3836 alas
280 3796 411 3837 suas
436 3782 491 3836 in
517 3781 821 3852 semetipsis
842 3782 1131 3852 percutiat,
1153 3797 1222 3836 an
1244 3789 1394 3836 certe
1414 3783 1531 3837 haec
1546 3782 1737 3837 eadem

139 3883 337 3930 sancta
366 3874 622 3929 animalia
649 3873 749 3929 alis
775 3875 888 3928 suis
914 3890 972 3928 se
998 3874 1234 3930 vicissim
1262 3873 1488 3941 feriant,
1515 3883 1577 3930 ut
1621 3874 1738 3930 alas

137 3970 313 4041 hujus
338 3970 595 4035 alterum,
612 3977 668 4024 et
687 3967 802 4022 alas
828 3967 1050 4022 alterius
1077 3968 1221 4024 istud
1249 3978 1452 4040 tangat.
1482 3968 1589 4024 Sed
1610 3970 1737 4039 quia

134 4064 471 4134 plerumque
514 4063 570 4116 in
611 4075 770 4116 sacro
807 4059 1022 4130 eloquio
1086 4059 1204 4114 idco
1256 4059 1457 4131 aliquid
1507 4061 1738 4115 obscure

134 4157 369 4221 dicitur,
397 4163 453 4209 et
487 4155 833 4224 dispensante
864 4151 1186 4207 mirabiliter
1209 4153 1319 4208 Deo
1365 4152 1738 4222 multipliciter

133 4259 473 4319 exponatur,
518 4262 618 4303 nos
649 4256 879 4317 utraque
900 4260 1171 4316 exponere
1211 4245 1476 4316 largiente
1509 4245 1738 4308 Domino

140 4343 428 4398 debemus.
450 4338 603 4412 Smpe
621 4340 762 4395 enim
787 4340 900 4395 alas
923 4340 1238 4395 animalium
1259 4340 1486 4395 virtutes
1502 4339 1738 4396 diximus

143 4451 271 4491 esse
309 4442 641 4500 sanctorum,
673 4435 942 4503 quomodo
967 4448 1096 4504 ergo
1140 4433 1563 4504 unumquodque
1613 4433 1734 4488 ani-

145 4527 254 4582 mal
286 4526 400 4582 alas
423 4541 550 4583 suas
570 4527 852 4582 excutiens
880 4525 1105 4581 alteram
1127 4527 1196 4582 ad
1221 4525 1447 4582 alteram
1473 4525 1728 4597 percutit,

146 4623 254 4677 nisi
283 4623 427 4692 quod
455 4628 641 4690 aperte
679 4619 839 4675 datur
868 4619 1092 4688 intelligi
1143 4619 1290 4690 quia,
1322 4619 1367 4674 si
1399 4627 1586 4675 sancta
1617 4622 1733 4675 ani-

147 4712 314 4767 malia
340 4709 624 4776 efﬁcimur,
648 4711 820 4766 virtus
836 4709 1091 4764 virtutem
1114 4709 1169 4762 in
1184 4710 1341 4763 nobis
1361 4711 1586 4774 excitat,
1605 4712 1733 4764 dum

148 4823 255 4863 una
281 4807 508 4862 alteram
537 4805 604 4859 ad
640 4803 1029 4874 perfectionem
1049 4801 1264 4872 pulsat?
1292 4801 1429 4856 Ecce
1464 4801 1608 4856 enim
1637 4803 1734 4856 ba-

149 4902 242 4957 bet
282 4903 404 4971 quis
450 4900 601 4955 verbi
644 4898 739 4954 Dei
781 4895 1097 4960 scientiam,
1147 4903 1308 4965 atque
1351 4909 1452 4964 per
1487 4893 1732 4949 eamdem

151 4992 432 5048 scientiam
459 4991 648 5054 discit,
680 4998 739 5044 ut
769 4988 976 5043 viscera
1000 4987 1162 5042 etiam
1195 4985 1583 5040 misericordiae
1635 4986 1733 5041 ha-

150 5083 304 5148 beat,
326 5096 422 5152 per
450 5081 732 5136 scientiam
757 5080 954 5149 quippe
979 5077 1128 5134 verbi
1163 5077 1258 5131 Dei
1283 5077 1508 5132 didicit:
1544 5095 1562 5127 ι
1600 5078 1735 5133 Date

155 5175 570 5246 cleemosynam,
617 5190 745 5230 ecce
773 5174 952 5228 omnia
997 5172 1193 5228 munda
1223 5178 1352 5226 sunt
1398 5172 1551 5227 vobis
1579 5170 1730 5243 (Luc.

157 5266 253 5340 ιι).
288 5287 308 5320 ι
357 5266 490 5322 Cum
514 5265 626 5336 jam
656 5282 776 5322 esse
814 5263 1122 5318 misericors
1147 5262 1201 5318 in
1239 5263 1595 5333 eleemosynis
1619 5276 1734 5318 cae-

155 5358 315 5429 perit,
344 5359 507 5413 verba
535 5363 733 5413 sanctae
755 5347 1097 5408 auctoritatis
1126 5351 1274 5423 legit,
1304 5360 1359 5408 et
1385 5353 1644 5423 quidquid
1678 5353 1733 5411 in

160 5449 236 5504 eis
265 5452 330 5506 de
362 5446 736 5504 misericordia
769 5444 986 5508 dicitur,
1014 5442 1236 5496 uberius
1269 5456 1366 5510 per
1388 5443 1734 5512 experimen-

162 5548 268 5597 tum
300 5541 567 5612 intelligit.
598 5539 673 5595 lbi
697 5539 840 5594 enim
865 5537 1128 5608 scriptum
1154 5543 1236 5590 est
1277 5553 1291 5590 :
1331 5553 1350 5586 ‹
1391 5535 1555 5591 Pater
1585 5553 1733 5594 eram

163 5649 452 5705 pauperum
470 5631 611 5705 (Job.
633 5629 809 5702 xxxx).
834 5649 853 5683 ι
878 5629 1032 5696 Quod
1053 5628 1283 5684 fortasse
1308 5635 1468 5680 antea
1498 5627 1730 5700 legebat,

163 5734 214 5779 et
239 5726 568 5796 praeteribat,
587 5725 678 5780 sed
691 5737 815 5779 cum
843 5722 897 5776 in
922 5721 1038 5790 ejus
1053 5719 1213 5776 corde
1227 5719 1340 5790 jam
1355 5719 1733 5778 misericordia

166 5818 572 5881 cmperitmitari
593 5824 863 5884 naturam,
895 5814 1022 5886 quid
1049 5814 1120 5870 sit
1139 5821 1348 5884 patrem
1378 5827 1499 5870 esse
1521 5829 1728 5885 paupe-

1759 4585 1813 4645 D

1843 3337 2136 3408 conspicis,
2186 3335 2329 3406 quod
2354 3336 2469 3406 ipse
2496 3350 2605 3390 non
2630 3333 2816 3398 habes,
2848 3341 2900 3388 te
2924 3333 2999 3387 illi
3029 3334 3082 3387 in
3115 3343 3204 3387 tua
3232 3335 3436 3404 cogita-

1841 3433 1989 3488 tione
2015 3438 2331 3501 postponas,
2362 3436 2417 3483 et
2444 3427 2540 3482 ﬁat
2564 3427 2708 3499 quod
2755 3425 3013 3496 scriptum
3058 3432 3142 3479 est
3167 3443 3179 3479 :
3215 3444 3233 3476 ‹
3264 3425 3434 3495 Supe-

1840 3523 2013 3579 riores
2045 3521 2147 3577 sibi
2175 3521 2408 3576 invicem
2435 3519 2766 3574 arbitrantes
2793 3534 2806 3584 ;
2840 3536 2856 3567 ι
2883 3524 2946 3570 ut
2979 3515 3125 3572 enim
3159 3531 3332 3586 pauca
3364 3531 3431 3571 ex

1839 3614 2026 3669 multis
2059 3613 2270 3682 loquar,
2296 3612 2386 3666 isti
2414 3612 2567 3665 mirae
2589 3608 2932 3665 abstinentiae
2954 3608 3126 3662 virtus
3151 3607 3428 3674 tribuitur,

1840 3715 1895 3761 ct
1920 3714 2102 3760 tamen
2123 3705 2345 3760 verbum
2370 3703 2611 3758 scientia:
2634 3717 2741 3757 non
2758 3701 2940 3755 habet.
2964 3698 3045 3754 llli
3072 3702 3229 3755 datur
3254 3715 3434 3754 sermo

1840 3797 2099 3861 scientiae,
2129 3805 2184 3851 et
2209 3804 2387 3849 tamen
2416 3794 2671 3848 virtutem
2695 3790 2951 3864 perfectae
2975 3790 3315 3846 abstinentim
3341 3788 3433 3843 ad-

1839 3888 2175 3960 prehendere
2214 3894 2444 3942 conalur
2472 3893 2526 3940 et
2573 3900 2682 3940 non
2725 3883 2887 3938 valet.
2914 3881 3051 3937 Huic
3089 3882 3310 3937 libertas
3335 3883 3432 3936 tri-

1837 3978 2025 4035 buitur
2067 3977 2246 4044 vocis,
2297 3984 2358 4031 ut
2413 3974 2687 4048 oppressis
2734 3974 3037 4043 quibusque
3071 3973 3432 4044 protectiouis

1839 4069 2092 4125 solatium
2114 4068 2459 4139 impendens,
2491 4065 2558 4120 ad
2586 4063 2956 4120 defensionem
2997 4064 3220 4133 justitiaa
3263 4065 3430 4121 libere

1838 4159 2132 4228 loquatur;
2179 4157 2274 4211 sed
2326 4166 2509 4209 tamen
2560 4153 2735 4209 adhuc
2770 4153 2938 4208 multa
2979 4153 3034 4207 in
3076 4155 3180 4209 hoc
3228 4154 3430 4210 mundo
3513 4170 3516 4174 '

1838 4250 2143 4322 possidens,
2181 4248 2490 4319 relinquere
2519 4246 2702 4304 omnia
2737 4244 2852 4300 vult
2895 4253 2950 4301 et
2993 4260 3098 4300 non
3137 4245 3301 4300 valet.
3349 4245 3428 4302 Illi

1838 4341 2103 4412 verojam
2153 4342 2336 4398 datum
2384 4348 2467 4396 est
2513 4340 2696 4396 omnia
2724 4349 2939 4396 terrena
2985 4339 3323 4410 relinquere,
3370 4347 3430 4395 ut

1837 4435 1976 4490 nihil
2001 4435 2054 4489 in
2079 4435 2185 4490 hoc
2213 4433 2415 4488 mundo
2442 4432 2625 4504 cupiat
2653 4432 2875 4498 habere,
2919 4432 3015 4486 sed
3043 4442 3222 4488 tamen
3253 4433 3430 4490 adhuc

1836 4528 2218 4584 auctoritatem
2257 4526 2408 4582 vocis
2451 4533 2639 4580 contra
2692 4532 2981 4596 peccantes
3030 4540 3275 4596 quosque
3319 4543 3427 4582 non

1839 4621 2122 4692 praesumit
2145 4633 2423 4685 exercere,
2452 4627 2506 4674 et
2535 4616 2626 4687 qui
2670 4616 2791 4671 ideo
2810 4616 2932 4687 plus
2957 4613 3104 4686 loqui
3131 4616 3300 4670 libere
3335 4617 3427 4670 de-

1839 4711 1978 4776 buit,
2007 4711 2135 4780 quia
2158 4709 2272 4780 jam
2304 4725 2412 4762 non
2446 4709 2609 4762 habet
2635 4707 2777 4759 unde
2806 4705 2858 4758 in
2887 4706 2990 4759 hoc
3017 4707 3218 4760 mundo
3244 4713 3426 4760 tenea-
3477 4779 3480 4782 g

1837 4811 1946 4867 tur,
1978 4799 2124 4870 loqui
2151 4807 2341 4854 contra
2383 4787 2518 4852 alios
2546 4796 2714 4850 libere
2739 4802 2978 4861 recusat,
3011 4812 3079 4850 ne
3111 4798 3278 4867 ipsam
3304 4798 3425 4854 vitae

1838 4907 1948 4946 suae
1975 4889 2210 4960 quietem
2237 4888 2445 4958 perdat.
2491 4885 2583 4941 Isti
2613 4886 2784 4941 virtus
2834 4888 3131 4958 prophetiae
3154 4889 3278 4943 data
3319 4897 3420 4956 est,

1838 4980 2009 5036 multa
2038 4979 2183 5050 jam,
2232 4994 2351 5050 quae
2395 4986 2623 5034 ventura
2652 4986 2776 5033 sunt
2798 4977 3077 5050 praevidet,
3120 4977 3213 5034 sed
3242 4987 3422 5036 tamen

1838 5071 2121 5143 praesentis
2162 5069 2396 5141 proximi
2441 5069 2816 5140 aegritudinem
2875 5059 3214 5142 conspiciens
3261 5079 3423 5142 atque

1839 5164 2194 5236 compatiens,
2220 5179 2325 5218 non
2358 5162 2501 5217 valet
2523 5178 2735 5218 curare.
2759 5161 2839 5216 llli
2866 5162 2989 5216 data
3011 5170 3096 5217 est
3124 5164 3420 5220 curationis

1837 5257 2031 5329 gratia,
2063 5265 2226 5326 atque
2271 5271 2301 5309 a
2329 5269 2555 5325 corpore
2599 5253 2831 5325 proximi
2862 5252 3167 5308 molestiam
3197 5271 3315 5326 quae
3365 5256 3419 5310 in

1835 5349 2095 5421 praesenti
2135 5355 2218 5403 est
2257 5346 2597 5402 orationibus
2637 5343 2870 5414 repellit,
2921 5343 3016 5398 sed
3066 5352 3243 5400 tamen
3291 5346 3421 5416 quid

1837 5443 2074 5514 seipsum
2117 5441 2276 5513 paulo
2315 5449 2438 5512 post
2485 5447 2744 5508 sequatur
2770 5437 3002 5510 ignorat.
3054 5438 3186 5495 Mira
3237 5441 3420 5512 itaque

1837 5535 2236 5606 dispensatione
2260 5533 2603 5602 omnipotens
2625 5531 2766 5585 Deus
2793 5529 2873 5586 sic
2895 5530 2949 5585 in
2971 5531 3158 5588 electis
3187 5534 3298 5589 suis
3321 5550 3418 5590 sua

1837 5628 1976 5682 dona
2012 5627 2306 5698 diSpensat,
2343 5632 2404 5679 ut
2425 5631 2481 5679 et
2508 5622 2596 5677 isti
2649 5622 2740 5677 det
2778 5621 2921 5692 quod
2960 5621 3036 5678 illi
3075 5624 3334 5696 denegat,
3365 5633 3420 5681 et

1837 5723 1992 5778 alteri
2028 5723 2201 5793 majus
2227 5722 2368 5792 quod
2397 5719 2552 5776 alteri
2568 5721 2746 5776 minus
2767 5721 2987 5786 tribuat,
3006 5731 3272 5792 quatenus
3291 5728 3419 5778 dum

1835 5816 1919 5871 vel
1948 5815 2050 5870 iste
2073 5815 2274 5870 habere
2297 5813 2444 5868 illum
2474 5813 2761 5884 conspicit,
2779 5814 2921 5882 quod
2948 5814 3062 5886 ipse
3091 5829 3198 5869 non
3228 5815 3418 5879 habet,
