3938 6360
482 386 583 464 irit

1117 405 1178 461 Β.
1219 382 1477 459 narraui
1510 382 1729 459 iitum
1765 384 2086 459 tuemur.
2126 382 2439 460 necum.
2479 379 2767 458 errauit
2802 399 2982 455 rans
3019 401 3084 457 ιι.

480 525 568 584 vel
597 524 685 583 ille
722 522 869 584 hunc
895 524 1073 597 majus
1098 522 1373 595 accepisse
1399 524 1735 593 considerat,
1786 527 1930 599 quod
1960 525 2063 581 sibi
2089 510 2145 589 Α
2166 524 2472 598 plangimus
2502 524 2645 580 mala
2691 524 2814 596 qua!
2837 518 3085 580 Dicimus.
3114 502 3243 580 Post
3270 521 3469 581 meo
3492 520 3644 579 Vﬂo
3670 522 3781 578 εὕ-

480 619 660 676 minus
681 620 874 677 adesse
893 622 1105 691 pensat,
1134 617 1274 673 dona
1298 616 1390 671 Dei
1420 615 1557 671 alter
1584 617 1636 671 in
1659 618 1855 684 altero,
1882 617 1935 673 id
1957 624 2062 684 est,

479 702 719 771 vicissim
750 729 938 769 omnes
963 708 1322 776 admirentur,
1354 704 1516 781 atque
1532 710 1600 766 ex
1626 712 1729 768 hac
1751 711 1865 782 ipsa
1894 710 2064 765 adiui-

480 807 689 861 ratione
715 786 1027 873 bumilietur
1050 801 1186 858 alter
1213 786 1391 869 alteri,
1421 810 1476 856 et
1498 818 1659 874 quem
1683 794 1828 857 videt
1862 800 2063 857 habere

480 880 624 967 quod
658 911 763 949 non
794 888 988 960 habet,
1020 892 1145 949 eum
1188 894 1371 949 divino
1409 891 1608 963 iudicio
1650 888 1751 947 sibi
1782 888 2062 963 praelatum

476 980 648 1060 putet.
678 970 794 1042 Alis
832 1001 963 1058 ergo
997 986 1111 1041 suis
1164 1000 1220 1041 se
1248 984 1488 1040 vicissim
1532 984 1784 1038 animalia
1827 974 2058 1048 feriunt,

482 1086 606 1134 cum
636 1085 835 1134 sanctae
885 1086 1095 1131 mentes
1122 1076 1346 1133 alternis
1386 1092 1444 1130 se
1473 1075 1763 1130 virtutibus
1801 1081 2059 1143 tangunt,

479 1178 535 1225 et
565 1154 831 1240 tangendo
874 1168 1137 1232 escitant,
1192 1176 1352 1238 atque
1386 1166 1625 1221 excitata
1653 1165 1718 1219 ad
1746 1170 2061 1247 provectum

478 1261 679 1316 volant.
710 1259 815 1317 Sed
842 1256 981 1316 inter
1007 1261 1123 1316 hzec
1152 1259 1427 1315 sciendum
1453 1268 1537 1313 est
1562 1258 1710 1329 quia,
1736 1259 1875 1314 sicut
1903 1254 2060 1313 electi

483 1344 684 1429 quique
716 1357 820 1413 hoc
848 1372 1065 1427 semper
1094 1354 1147 1410 in
1196 1354 1316 1409 aliis
1346 1354 1654 1419 attendunt,
1694 1352 1836 1423 quod
1867 1368 1899 1407 a
1952 1350 2061 1406 Deo

478 1447 672 1503 melius
698 1455 1024 1518 acceperunt
1049 1462 1211 1518 quam
1237 1445 1359 1516 ipsi,
1386 1453 1549 1501 uteos
1571 1444 1671 1500 sibi
1688 1444 1740 1498 in
1756 1445 2061 1515 cognitione

478 1537 769 1609 praeferant
811 1538 976 1610 seque
1013 1532 1119 1593 illis
1149 1538 1203 1592 in
1244 1536 1549 1593 humilitate
1588 1530 1958 1603 substernant,
1983 1537 2059 1591 ita

475 1631 828 1704 reproborum
866 1641 1076 1688 mentes
1103 1646 1379 1703 nunquam
1411 1628 1754 1685 considerant
1774 1626 1902 1699 quid
1924 1626 2060 1682 alter

474 1722 599 1777 boni
621 1721 867 1793 amplius,
891 1728 1052 1793 quam
1080 1721 1217 1795 ipse,
1245 1704 1338 1777 sed
1363 1719 1491 1795 quid
1512 1720 1637 1775 boni
1665 1720 1779 1790 ipse
1805 1718 2057 1789 amplius,

474 1830 633 1886 quam
658 1796 795 1871 alter
813 1807 1029 1879 habeat,
1053 1830 1227 1885 neque
1248 1821 1502 1884 pensant,
1528 1830 1647 1884 qua:
1668 1812 1808 1867 bona
1838 1812 2059 1882 spiritus

2165 618 2285 701 sum
2305 625 2362 674 et
2388 610 2653 686 rotarum,
2681 618 2914 675 secunda
2944 612 3238 675 commotio
3258 626 3362 685 est,
3385 616 3527 673 eum
3554 618 3787 701 magn

2162 698 2378 766 fletibus
2422 709 2716 780 quaerimus
2757 707 3001 765 cmiéStia
3042 711 3204 776 bona,
3252 714 3376 780 quae’
3429 698 3775 766 ηδίῧιίηε.

2165 798 2307 856 Ecce
2337 799 2503 861 enim,
2531 797 2658 869 quia
2685 798 2827 854 intra
2860 798 3102 856 sanctam
3129 790 3435 857 Beclcsiam
3482 799 3561 855 de
3590 800 3779 854 multis

2165 888 2410 965 patribus
2431 888 2689 945 virtutum
2713 887 2959 962 extémpla
2987 890 3390 963 coghbséllﬂus,
3424 890 3529 961 qui
3565 890 3777 945 alarm

2163 982 2400 1039 sonitum
2450 980 2690 1051 quotidie
2739 980 3007 1049 audimus,
3048 982 3172 1054 quia
3209 983 3417 1054 ubique
3449 988 3631 1038 sacra
3670 983 3780 1036 elo-

2164 1072 2288 1143 quia
2329 1078 2643 1143 personant,
2674 1072 2830 1141 quasi
2862 1077 3106 1127 rotarum
3146 1073 3377 1128 vocibus
3427 1073 3771 1128 excitarunt.

2163 1160 2231 1218 Et
2256 1162 2379 1232 quia
2407 1176 2503 1231 per
2524 1164 2713 1217 eadem
2741 1174 2897 1217 sacra
2924 1162 3138 1232 eloquia
3191 1165 3258 1218 ad
3286 1172 3553 1219 amorem
3606 1166 3773 1217 nostri

2163 1244 2457 1306 conditoris
2486 1250 2863 1319 accendimur,
2916 1251 3102 1324 magni
3144 1250 3376 1309 fervoris
3430 1253 3672 1325 ignibus
3698 1268 3774 1307 ar-

2164 1343 2352 1400 dentes
2399 1360 2521 1402 esse
2560 1360 2658 1403 nos
2706 1346 2861 1419 longe
2905 1348 3083 1403 adhuc
3125 1349 3192 1403 ab
3236 1349 3656 1419 omnipotentis

2162 1435 2302 1491 facie
2345 1434 2674 1510 plangimus.
2718 1437 2851 1494 Post
2877 1439 3112 1509 primam
3140 1455 3269 1511 ergo
3296 1446 3495 1495 vocem
3531 1454 3771 1494 mnino-

2163 1526 2327 1583 tiouis
2367 1543 2575 1597 magna:
2625 1530 2890 1599 Sequitur,
2944 1530 3071 1598 quia
3117 1530 3243 1583 dum
3291 1536 3645 1585 testamenta
3690 1531 3771 1585 Dei

2162 1614 2217 1669 in
2242 1631 2370 1671 aure
2397 1618 2576 1673 cordis
2605 1632 2799 1674 sonare
2827 1620 3111 1690 cmperint,
3150 1620 3495 1675 audientium
3552 1621 3771 1690 spiritus

2162 1722 2229 1763 ex
2252 1723 2435 1766 amore
2458 1716 2819 1781 compunctus
2851 1712 2919 1768 ad
2939 1712 3178 1770 lamenta
3211 1722 3633 1770 commovetm.

2238 1840 2257 1871 ι
2294 1812 2527 1893 Spiritus
2554 1839 2768 1897 quoque
2790 1824 2988 1881 levavit
3017 1842 3132 1892 me,
3166 1836 3221 1881 et
3238 1829 3553 1898 assumpsit
3590 1840 3697 1889 me,
3723 1836 3769 1883 et

473 1874 612 1961 alter
637 1906 926 1977 acceperit,
951 1874 1162 1974 et'ipsis
1186 1874 1383 1968 desint,
1414 1904 1506 1958 sed
1532 1874 1649 1973 qua:
1680 1903 1817 1958 bona
1844 1900 1975 1972 ipsis
2006 1909 2061 1957 et
2087 1874 2136 1941 Β
2171 1929 2189 1963 ι
2224 1874 2587 1969 θιήἰιεηιπυέ
2602 1874 3058 1988 inindigiiatione
3085 1874 3309 1988 spiritus
3332 1874 3470 1973 mei.
3518 1936 3542 1971 ι
3576 1874 3767 1990 (lieni

476 2014 597 2070 quin
619 1998 760 2052 mala
792 1996 973 2051 adsint
1002 1994 1179 2050 alteri.
1206 1995 1271 2050 Et
1293 1998 1413 2049 cum
1442 1995 1785 2066 omnipotens
1812 1992 1958 2049 Deus
1999 1990 2064 2047 ad

473 2090 579 2145 hoc
632 2088 857 2160 singulis
899 2089 1126 2144 virtutes
1171 2082 1408 2153 dividat,
1440 2094 1499 2141 ut
1528 2080 1759 2141 alterum
1805 2085 1963 2141 alteri
2009 2085 2062 2140 in

474 2179 802 2251 cogitatione
858 2170 1142 2243 humiliet,
1195 2174 1264 2232 ad
1314 2178 1417 2233 hoc
1476 2178 1690 2248 reprobi
1741 2178 2066 2249 pertrahunt

471 2269 690 2335 bonum,
716 2266 858 2342 quod
886 2276 1228 2342 acceperunt,
1246 2278 1306 2324 ut
1330 2283 1474 2325 exeo
1514 2269 1567 2323 in
1585 2269 1817 2324 elatione
1833 2269 2064 2339 perdan-

471 2372 580 2429 tur,
614 2363 740 2418 dum
773 2379 985 2433 semper
1016 2362 1364 2417 considerant
1388 2362 1528 2416 bona
1571 2376 1692 2430 quae
1715 2361 1812 2430 ipsi
1839 2359 2060 2424 habent,

471 2469 525 2514 et
564 2460 654 2514 alii
683 2477 788 2516 non
820 2460 1037 2516 habent.
1062 2460 1128 2515 Et
1156 2464 1431 2529 nunquam
1466 2458 1800 2528 perpendere
1844 2454 2065 2512 student

470 2561 672 2622 quanta
698 2544 836 2608 bona
862 2553 949 2608 alii
983 2542 1246 2618 habeant,
1272 2563 1327 2608 et
1355 2553 1454 2623 ipsi
1486 2568 1595 2607 non
1619 2553 1873 2607 habeant.
1904 2548 2060 2620 Quod

472 2658 602 2715 ergo
632 2644 814 2697 divina
840 2640 1085 2715 pietasin
1101 2653 1450 2716 augmentum
1468 2642 1703 2715 disponit
1720 2634 2061 2709 humilitatis,

470 2734 574 2793 lioc
605 2734 811 2790 luentes
844 2735 1085 2806 reprobte
1132 2736 1185 2790 in
1231 2736 1581 2807 augmentum
1613 2745 1830 2792 vertunt
1873 2735 2063 2792 elatio-

471 2827 577 2891 nis,
600 2835 654 2881 et
677 2843 744 2882 ex
768 2826 1082 2883 diversitate
1108 2832 1387 2884 munerum
1412 2845 1441 2883 a
1464 2827 1608 2883 bono
1623 2824 1904 2893 deﬁciunt,
1920 2816 2064 2884 unde

471 2933 716 2973 crescere
758 2917 813 2971 in
860 2916 1184 2972 hdmilitatis
1210 2918 1353 2973 bono
1384 2904 1705 2972 debuerunt.
1754 2915 2015 2988 Sequitur
2044 2920 2057 2971 ξ

552 3028 570 3061 ι
606 3010 673 3064 Et
698 3026 886 3066 vocem
918 3020 1158 3066 rotarum
1189 3012 1529 3082 sequentium
1561 3013 1815 3069 animalia
1835 3055 1849 3080 ,
1879 3021 1934 3070 et
1962 3024 2059 3068 vo-

477 3121 495 3152 ι
530 3117 649 3158 cem
677 3090 1062 3161 cominotionis
1098 3119 1324 3175 magnae.
1363 3125 1382 3157 ι
1423 3102 1480 3159 1η
1514 3106 1645 3160 rotis
1677 3106 1817 3161 sacri
1862 3105 2061 3177 eloquii

467 3186 814 3251 Testamenta
846 3194 1049 3267 signari
1074 3195 1326 3268 superius
1350 3195 1606 3252 diximus.
1638 3196 1751 3252 Vox
1785 3196 1949 3270 igitur
1976 3200 2065 3255 i‘o-

467 3292 644 3340 tarum
675 3295 760 3342 est
790 3302 970 3343 sermo
993 3290 1462 3343 testamentorum.
1492 3285 1622 3343 Post
1644 3290 1831 3345 vocem
1880 3291 2064 3363 itaque

469 3380 679 3434 alarum
710 3379 1026 3435 animalium
1055 3380 1273 3434 auditur
1295 3381 1459 3437 etiam
1487 3394 1591 3437 vox
1622 3389 1863 3437 rotarum
1888 3425 1902 3446 ,
1938 3385 2063 3455 quia

468 3474 878 3544 prtedicantium
928 3480 1182 3537 sermone
1210 3468 1464 3547 suscepto
1493 3474 1621 3531 dum
1664 3476 1893 3534 virtutes
1939 3486 2065 3535 san-

475 3572 689 3623 ctorum
719 3564 786 3621 ad
816 3564 1011 3621 altiora
1042 3558 1251 3637 agenda
1282 3552 1519 3633 evolant,
1536 3583 1702 3639 seque
1728 3569 1971 3626 vicissim
1994 3572 2062 3627 ad

470 3668 782 3730 provectum
806 3660 1049 3731 pulsant,
1086 3670 1288 3716 sanctae
1309 3646 1566 3717 Ecclesia:
1605 3664 1779 3718 status
1813 3663 2060 3734 erigitur,

471 3761 534 3807 ut
560 3766 659 3825 per
702 3753 1016 3813 universum
1068 3754 1330 3813 mundum
1372 3769 1653 3809 sacrorum
1713 3756 2063 3811 testamento-

472 3859 595 3899 rum
632 3844 839 3915 paginze
867 3844 1135 3912 legantur.
1192 3840 1403 3916 Ubique
1445 3845 1645 3901 etenim
1669 3844 1783 3918 jam
1812 3854 2061 3904 sanctum

472 3935 854 4008 Evangelium,
884 3922 1083 4008 ubique
1108 3930 1495 4008 Apostolorum
1531 3937 1701 4004 dicta,
1740 3936 1939 4009 ubique
1976 3940 2061 3995 lex

471 4035 527 4082 et
555 4027 829 4098 prophetat
875 4037 1093 4083 sonant.
1143 4025 1272 4091 Post
1306 4025 1515 4083 alarum
1560 4044 1692 4100 ergo
1734 4046 1928 4085 sonum
1955 4032 2061 4089 vox

470 4127 714 4175 rotarum
769 4117 1034 4190 sequitur,
1086 4120 1211 4191 quia
1259 4128 1383 4191 post
1432 4130 1748 4177 sanctorum
1799 4123 2059 4179 miracula

469 4212 633 4267 verba
655 4212 797 4268 sacri
822 4212 1023 4282 eloquii
1048 4213 1194 4273 intra
1216 4223 1460 4269 sanctam
1482 4214 1784 4271 Ecclesiam
1815 4214 1985 4271 libere
2007 4212 2062 4272 et

469 4306 700 4362 libenter
743 4306 1078 4371 audiuntur;
1106 4314 1393 4378 quae‘rotte
1432 4308 1689 4364 animalia
1735 4310 2058 4379 sequuntur,

470 4395 779 4465 quia,sicut
800 4395 1050 4464 superius
1081 4394 1286 4457 dictum
1309 4405 1415 4461 est,
1449 4407 1736 4470 postquam
1765 4400 1821 4454 in
1855 4399 2060 4456 honore

470 4488 624 4542 venit
641 4487 751 4542 vita
765 4496 1096 4554 sanctorum,
1120 4476 1428 4547 veneranda
1451 4507 1667 4564 quoque
1687 4501 2060 4564 apparuerunt

2163 2001 2458 2074 Postquam
2485 2006 2727 2063 elevatus
2751 2012 2781 2061 a
2804 2007 2992 2079 spiritu
3024 2017 3127 2074 est,
3164 2008 3217 2064 et
3241 2014 3573 2079 assumptus
3600 2002 3674 2063 ab
3693 2022 3767 2075 eo,

2166 2102 2295 2149 tunc
2325 2095 2378 2149 in
2406 2095 2770 2167 indignatione
2798 2100 2853 2153 et
2880 2099 3242 2154 amaritudine
3263 2100 3501 2171 spiritus
3531 2100 3626 2155 sui
3651 2101 3771 2156 abiit

2164 2188 2272 2257 q'no
2304 2185 2601 2255 ferebatur,
2628 2190 2933 2263 intelligens
2960 2193 3384 2265 indignationem
3416 2182 3547 2261 Dei,
3579 2192 3769 2264 etquid

2166 2276 2497 2348 signiﬁcaret
2526 2280 2665 2335 visio
2696 2290 2876 2337 mente
2921 2292 3298 2353 pertractans,
3346 2285 3470 2341 sive
3525 2288 3769 2342 sublimis

2165 2372 2282 2443 ipso
2310 2368 2534 2443 spiritus
2559 2374 2640 2428 sui
2694 2376 2900 2446 impetu
2950 2375 3506 2449 ferebatur,ctiplens
3556 2379 3645 2435 ire
3673 2396 3767 2449 quo

2163 2462 2424 2518 Dominus
2447 2462 2767 2533 imperabat,
2803 2467 3053 2535 spiritum
3080 2476 3260 2524 autem
3291 2468 3440 2538 ejus,
3462 2480 3578 2525 non
3608 2470 3771 2541 Spiri-

2165 2561 2277 2607 tum
2318 2560 2568 2608 sanctum
2591 2597 2606 2621 ,
2655 2556 2747 2611 sed
2777 2558 3027 2626 spiritum
3059 2558 3331 2626 hominis,
3376 2560 3767 2632 intelligamus.

2165 2644 2232 2699 de
2256 2654 2365 2714 quo
2414 2645 2469 2700 in
2507 2640 2693 2701 multis
2744 2647 2881 2703 locis
2908 2650 3106 2705 dicitur
3149 2651 3204 2706 in
3231 2648 3371 2707 lsaia
3422 2670 3441 2706 :
3498 2650 3585 2707 De
3634 2664 3771 2707 nocte

2165 2736 2431 2806 consurgit
2452 2738 2670 2807 spiritus
2696 2755 2841 2795 meus
2865 2742 2934 2794 ad
2955 2738 3183 2806 ie,Deus
3200 2738 3338 2813 (Isti.
3358 2742 3542 2812 XXVI).
3574 2742 3769 2799 Trans-

2164 2826 2445 2909 ferturque
2490 2832 2786 2901 propheta,
2836 2849 2971 2902 non,
3018 2843 3075 2891 ut
3117 2836 3341 2908 quidam
3379 2839 3692 2895 aestimant.
3721 2840 3765 2893 in

2163 2920 2377 2991 spiritu,
2393 2922 2487 2977 sed
2509 2922 2562 2977 in
2587 2923 2702 2994 ipso
2723 2928 2975 2995 corpore,
2993 2927 3138 2998 quod
3161 2936 3215 2982 et
3241 2929 3307 2983 de
3332 2910 3763 2998 Habacucjuxta

2166 3000 2592 3070 Theodotionem
2610 2998 2837 3088 legimus
2859 3016 3022 3089 (Dan.
3055 3018 3187 3091 xiv).
3208 3008 3418 3093 (Creg.)
3448 3019 3566 3076 Cur
3596 3022 3692 3093 qui
3718 3037 3770 3076 se

2167 3115 2503 3177 assumptum
2519 3108 2630 3178 jam
2657 3125 2687 3163 a
2712 3111 2906 3182 spiritu
2923 3110 3156 3195 dixerat,
3191 3112 3393 3169 iterum
3417 3112 3705 3169 elevatum
3724 3123 3770 3169 et

2092 3234 2137 3307 α
2169 3207 2503 3307 assumptum
2520 3203 2739 3261 narrat?
2755 3201 2859 3257 Sed
2878 3203 2944 3258 ad
2966 3204 3159 3261 altiora
3174 3220 3327 3261 mens
3350 3202 3767 3277 praedicandum

2167 3289 2409 3359 prolicit,
2434 3294 2557 3347 cuin
2585 3309 2683 3364 per
2709 3309 2802 3350 eos
2824 3310 3015 3351 sensus
3044 3295 3381 3352 audientium
3419 3296 3495 3351 ad
3527 3301 3771 3369 omnipo-

2172 3383 2332 3438 tentis
2348 3383 2442 3439 Dei
2472 3374 2799 3442 desiderium
2838 3397 3226 3449 commovetur.
3276 3385 3387 3444 Sed
3412 3390 3769 3461 quaerendum

2164 3483 2247 3530 est
2262 3476 2439 3541 nobis,
2460 3491 2583 3531 cum
2605 3477 2827 3547 spiritus
2842 3468 3076 3541 mentem
3102 3496 3209 3534 non
3231 3474 3410 3535 elevet
3430 3479 3544 3535 nisi
3564 3497 3769 3537 assum-

2162 3566 2354 3635 pserit,
2371 3582 2470 3622 cur
2488 3568 2641 3639 prius
2660 3587 2679 3620 ι
2701 3568 2934 3625 elevavit
2953 3588 2971 3621 ι
2988 3562 3403 3641 etpostmodum
3421 3570 3638 3629 dicitur
3660 3593 3678 3623 ε
3700 3586 3773 3627 as-

2165 3642 2368 3713 sumit:
2394 3678 2413 3711 »
2441 3660 2538 3714 sed
2576 3659 2680 3715 hoc
2712 3654 2831 3715 loco
2865 3680 2881 3712 ι
2903 3654 3233 3731 assumpsiti
3263 3661 3475 3717 dictum
3508 3670 3619 3727 est,
3653 3679 3771 3719 conc

2163 3758 2372 3804 stanter
2388 3750 2578 3805 tenuit.
2606 3750 2742 3806 Nam
2767 3748 2894 3807 sunt
2910 3746 3150 3808 nonnulli
3166 3769 3303 3824 quos
3325 3752 3515 3810 elevat
3531 3757 3770 3829 spiritus,

2165 3836 2259 3895 sed
2293 3856 2399 3894 non
2429 3841 2685 3906 assumit,
2712 3846 2944 3911 querum
2971 3848 3027 3897 et
3056 3841 3369 3900 intellectus
3400 3842 3475 3900 ad
3507 3846 3767 3915 spiritalia

2162 3928 2378 3996 emicat,
2405 3931 2497 3988 sed
2517 3938 2696 3989 tamen
2716 3934 2826 3989 vita
2850 3935 2904 3989 in
2933 3934 3092 3991 factis
3120 3936 3434 3993 carnalibus
3454 3948 3767 4005 remanens,

2162 4041 2268 4081 non
2287 4025 2801 4083 cordatintellectui.
2815 4026 3035 4084 Balaam
3051 4032 3269 4101 quoque
3283 4028 3484 4105 (Mm.
3504 4034 3671 4099 xiiii)
3685 4038 3771 4103 per

2161 4116 2460 4189 prophetiae
2486 4119 2737 4189 spiritum
2770 4119 3012 4178 elevatus
3039 4129 3179 4188 erat,
3203 4118 3303 4178 s‘e‘d
3328 4128 3769 4196 assmriptusnon

2161 4221 2297 4278 erat,
2313 4212 2437 4285 quia
2463 4221 2517 4267 et
2542 4215 2808 4269 veraciter
2829 4215 3002 4285 potuit
3023 4215 3181 4286 longe
3203 4226 3327 4286 pOSt
3350 4213 3547 4272 fututa
3569 4219 3767 4290 [inistii-

2161 4320 2307 4366 cere,
2340 4315 2395 4360 et
2426 4313 2604 4360 tamen
2635 4322 2665 4361 a
2712 4307 2943 4362 terrenis
2972 4306 3263 4363 desideriis
3308 4312 3561 4363 mentem
3608 4308 3767 4364 noluit

2161 4412 2440 4468 separare,
2458 4397 2552 4455 sed
2579 4398 2706 4469 quia
2736 4399 2999 4470 propheta
3026 4407 3246 4455 sanctus
3263 4399 3505 4455 scientia
3534 4402 3768 4457 elevatis

2159 4496 2262 4556 est,
2290 4498 2346 4545 et
2370 4489 2478 4544 vita
2506 4488 2712 4561 pariter
2761 4492 3092 4563 assumptus,
3137 4493 3251 4563 jam
3277 4493 3462 4564 qualis
3491 4493 3555 4549 in
3584 4494 3769 4566 prai-

472 4578 781 4636 hominibus
800 4580 1013 4651 eloquia
1030 4584 1599 4649 testamentormn,vel
1618 4593 1764 4639 certe
1790 4594 1923 4640 rota:
1940 4585 2058 4639 ani-
2084 4608 2143 4671 Π
2166 4582 2383 4638 catione
2439 4590 2627 4654 pergat
2659 4582 2961 4671 audiamus.
2998 4592 3017 4634 ἀ
3049 4582 3117 4638 Et
3156 4582 3265 4638 abii
3295 4598 3531 4640 amarus
3556 4585 3611 4640 in
3638 4582 3769 4639 indi-

472 4675 633 4733 malia
646 4684 965 4747 sequuntur,
977 4678 1102 4749 quia
1117 4678 1169 4733 in
1182 4686 1496 4734 sanctorum
1508 4678 1726 4736 Patrum
1743 4680 1851 4736 vita
1865 4696 2057 4749 cogno-

470 4768 673 4823 scimus
698 4767 826 4838 quid
859 4768 911 4822 in
939 4783 1108 4823 sacrae
1133 4768 1431 4839 Scriptura:
1464 4756 1737 4825 volumine
1755 4771 2056 4843 intelligere

470 4861 784 4916 debeamus.
837 4860 1055 4916 Illorum
1104 4864 1303 4932 quippe
1348 4864 1505 4920 nobis
1549 4865 1692 4920 actio
1735 4866 1911 4937 aperit
1952 4866 2057 4922 hoc

469 4955 612 5026 quod
654 4956 707 5008 in
755 4954 870 5011 suis
918 4952 1395 5026 praedicationibus
1439 4958 1635 5028 pagina
1700 4966 2053 5015 testamento-
2090 5002 2101 5009 .

473 5061 588 5100 rum
618 5046 766 5100 dicit.
800 5044 905 5100 Sed
933 5045 1285 5115 quaerendum
1316 5047 1471 5102 nobis
1496 5057 1579 5103 est
1616 5064 1737 5115 cur,
1768 5060 2052 5121 postquam

473 5139 721 5207 superius
743 5139 950 5194 dictum
979 5146 1063 5193 est
1092 5178 1106 5192 .
1144 5158 1162 5189 ι
1195 5139 1391 5193 Audivi
1428 5147 1552 5209 post
1579 5156 1663 5195 me
1690 5157 1877 5196 vocem
1906 5157 2055 5197 com-

474 5229 728 5283 motionis
751 5244 980 5302 magnai,
1010 5249 1028 5282 ι
1059 5237 1180 5301 post
1201 5245 1387 5286 vocem
1412 5246 1626 5301 quoque
1655 5230 1864 5286 alarum
1892 5230 2056 5302 atque

475 5327 715 5374 rotarum
736 5322 1003 5387 subditur,
1032 5340 1050 5371 ι
1074 5330 1131 5377 et
1154 5337 1343 5378 vocem
1364 5323 1744 5378 eommotionis
1764 5339 1997 5396 magum.
2028 5345 2050 5381 ι

476 5411 630 5479 Quod
651 5412 696 5466 si
724 5412 1012 5484 diligenter
1031 5415 1312 5486 aSpicitur,
1342 5416 1572 5471 inveniri
1596 5423 1774 5487 potest
1795 5417 1923 5485 quia
1949 5435 2053 5475 non

476 5505 649 5561 otiose
693 5505 973 5575 repetitur.
1039 5507 1164 5564 Duae
1231 5508 1429 5579 quippe
1481 5517 1608 5561 sunt
1664 5509 2058 5565 commotiones

475 5596 677 5666 quibus
737 5595 903 5651 corda
960 5607 1143 5653 nostra
1194 5607 1625 5655 commoventur.
1689 5598 1806 5655 Una
1859 5602 2061 5679 quippe

479 5690 771 5746 commotio
797 5706 865 5745 ex
894 5691 1088 5747 timore
1107 5704 1213 5759 est,
1238 5694 1406 5750 altera
1430 5710 1494 5749 ex
1528 5694 1817 5750 charitate.
1858 5695 1973 5751 Una
2001 5696 2061 5763 tit

480 5796 545 5837 ex
568 5779 713 5835 luctu
736 5782 1131 5853 ptenitentium,
1152 5784 1256 5838 alia
1279 5800 1342 5840 ex
1367 5783 1581 5841 fervore
1602 5784 1917 5841 amantium.
1935 5778 2063 5842 Post

477 5872 876 5949 pmdicationis
898 5890 1029 5949 ergo
1050 5878 1273 5932 verbum
1294 5878 1470 5951 prima
1495 5877 1786 5935 commotio
1805 5887 1909 5949 est,
1935 5894 2061 5938 cum

2166 4676 2420 4747 gnatione
2450 4674 2674 4746 spiritus
2699 4676 2827 4730 mei.
2861 4694 2880 4727 ι
2914 4666 3056 4746 Ergo
3093 4674 3183 4731 cdl
3213 4678 3355 4731 dona
3387 4678 3573 4733 sancti
3602 4675 3769 4749 Spiri-

2165 4779 2254 4824 tus
2280 4777 2588 4835 creverant,
2603 4785 2702 4825 cur
2728 4785 2947 4825 amarus
2962 4769 3146 4825 abibat
3163 4756 3189 4823 ἱ
3209 4769 3291 4824 An
3314 4782 3484 4826 omne
3513 4784 3611 4828 cor
3629 4772 3767 4842 quod

2164 4861 2307 4916 idem
2338 4862 2558 4931 spiritus
2587 4862 2832 4924 assumit,
2869 4876 3114 4916 amarum
3168 4862 3221 4916 in
3271 4862 3654 4933 indignatione
3686 4863 3764 4919 sui

2165 4952 2387 5021 spiritus
2404 4948 2567 5004 facit?
2594 4951 2743 5005 Unde
2764 4948 3044 5006 sciendum
3067 4961 3149 5007 est
3170 4953 3296 5023 quia
3322 4955 3413 5008 cui
3436 4956 3622 5009 adhuc
3637 4968 3765 5024 prb

2163 5056 2288 5098 sens
2323 5042 2432 5096 vita
2460 5040 2629 5097 dulcis
2651 5051 2755 5105 est,
2786 5044 3000 5099 etiamsi
3029 5044 3252 5099 verbum
3280 5043 3374 5098 Dei
3409 5046 3565 5115 loqui
3589 5046 3765 5101 videa-

2166 5141 2254 5187 tur
2310 5133 2478 5203 loqui,
2521 5132 2761 5188 elevatus
2812 5141 2863 5187 et
2912 5144 3223 5205 assumptus
3275 5136 3617 5205 pnedicator
3660 5153 3761 5191 non

2164 5226 2266 5281 est.
2314 5222 2543 5281 Mentem
2575 5226 2719 5281 enim
2766 5240 2926 5295 quam
2975 5224 3208 5298 Spiritus
3231 5237 3463 5283 sanctus
3488 5231 3683 5301 replet,
3710 5231 3763 5284 in

2166 5319 2577 5375 amaritudinem
2626 5319 3001 5390 temporalium
3025 5320 3385 5376 delectatitme
3431 5328 3763 5378 aeternorum

2165 5420 2489 5469 commovet.
2521 5411 2684 5465 Dulce
2713 5414 2857 5466 enim
2894 5420 2979 5467 est
3006 5418 3127 5467 esse
3178 5412 3230 5467 in
3272 5414 3442 5468 rebus
3489 5414 3763 5477 humanis,

2164 5504 2257 5561 sed
2302 5505 2351 5559 ei
2376 5503 2467 5576 qui
2491 5503 2667 5559 adhuc
2688 5503 2755 5558 de
2785 5503 3101 5560 coelestibus
3149 5505 3345 5577 gaudia
3390 5504 3547 5560 nulla
3586 5515 3767 5576 gusta-

2163 5598 2257 5662 vit,
2295 5597 2419 5671 quia
2447 5600 2648 5669 quanto
2684 5598 2861 5652 minus
2912 5600 3112 5652 teterua
3162 5594 3453 5669 intelligit,
3488 5602 3646 5654 tanta
3673 5600 3767 5653 de-

2162 5686 2466 5749 lectabilius
2491 5694 2542 5747 in
2573 5692 2960 5763 temporalibus
2989 5692 3300 5763 requiescit.
3336 5692 3408 5747 At
3434 5692 3481 5748 si
3511 5693 3640 5763 quis
3651 5692 3767 5763 iam

2163 5784 2343 5839 cordis
2394 5798 2489 5838 ore
2519 5781 2816 5853 gustaverit
2840 5796 2960 5851 qua:
2992 5781 3062 5835 sit
3088 5766 3175 5835 illa
3203 5774 3437 5837 dulcedo
3455 5780 3768 5837 citiestium

2162 5876 2533 5953 praemiorum,
2578 5874 2671 5947 qui
2719 5866 2798 5930 illi
2851 5862 3143 5946 hymnidlci
3190 5864 3513 5946 angelorttﬂl
3563 5872 3727 5929 chr?
3752 5928 3765 5939 ,
