3938 6360
132 448 227 523 5'73

1067 440 1419 520 comitem.
1453 438 1524 519 liv
1564 440 2019 522 E'ztécniELE'ri.
2053 474 2123 507 ς-
2156 442 2284 523 ns.
2323 464 2407 525 ut.

3268 466 3372 536 δτι

131 592 241 651 qua:
279 554 835 659 incomprehensibilis
853 572 990 659 visio
1009 582 1207 631 sanetae
1234 575 1532 642 Trinitatis,
1563 564 1687 632 huic
1712 566 1769 643 Α
1792 593 1934 643 nem,
1966 579 2034 634 ad
2062 578 2316 659 acervum
2338 580 2597 639 novarum
2621 583 2859 657 frugum,
2890 578 2958 641 ad
2978 580 3072 641 eos
3100 589 3189 659 qui
3221 590 3374 645 habi—

130 680 319 743 quanto
340 654 467 724 illud
489 664 639 723 dulce
662 666 741 732 iit,
768 650 909 739 quod
933 666 1077 723 intus
1103 660 1266 732 videt,
1292 675 1441 722 tanto
1471 666 1524 721 in
1544 684 1690 723 ama-

130 758 406 817 ritudinem
430 756 656 814 vertitur
682 774 842 815 omne
872 760 1014 830 quod
1036 755 1167 813 foris
1187 757 1435 813 sustinet.
1462 750 1689 812 Rixatu'r'

130 869 297 909 secum
328 852 393 906 de
437 832 521 907 his
570 846 689 922 qum
738 848 879 909 male
910 852 1084 923 egisse
1138 866 1196 905 se
1244 849 1453 917 recolit,
1476 858 1530 905 et
1559 846 1689 906 sibi-

129 943 324 1012 metipsi
371 934 615 1012 displicet
660 936 782 996 cum
828 941 877 999 ei
911 940 1024 1013 jam
1073 940 1162 997 ille
1201 941 1411 1012 placere
1441 940 1685 1012 emperit,

127 1036 206 1106 qui
230 1034 405 1088 omnia
431 1035 650 1089 creavit.
686 1015 1049 1107 Reprehendit
1071 1050 1127 1089 se
1155 1035 1219 1089 de
1253 1034 1684 1109 cogitationibus,

127 1124 414 1192 insequitur
437 1123 500 1177 de
527 1123 724 1190 verbis,
753 1132 808 1177 et
829 1122 984 1194 punit
1008 1118 1184 1178 ﬂendo
1212 1124 1278 1178 de
1304 1122 1475 1185 factis,
1503 1139 1689 1194 super-

125 1218 200 1272 nis
224 1214 408 1281 inhiat,
443 1214 652 1271 terrena
678 1215 788 1284 jam
820 1216 999 1273 omnia
1028 1212 1124 1287 per
1153 1207 1348 1271 mentis
1376 1216 1687 1286 despectum

122 1308 303 1370 calcat,
333 1304 387 1361 e't
414 1304 648 1378 quandiu
690 1305 835 1371 illud,
867 1307 1009 1378 quod
1067 1300 1355 1372 desiderat,
1394 1307 1568 1361 adhuc
1590 1322 1688 1378 per

122 1399 343 1468 speciem
368 1400 470 1453 non
503 1378 678 1462 habet,
714 1396 843 1453 fiere
873 1398 1027 1454 dulce
1054 1386 1232 1465 habet,
1263 1394 1489 1470 seseque
1514 1397 1687 1453 conti-

120 1488 232 1541 nuis
285 1487 532 1543 la‘mentis
561 1470 815 1560 aliligere,
847 1482 901 1543 et
935 1487 1061 1559 quia
1108 1489 1337 1544 necdum
1367 1494 1424 1544 se
1463 1503 1581 1543 esse
1630 1487 1685 1542 in

116 1577 284 1648 patria
319 1577 383 1633 ad
406 1582 568 1651 quam
597 1588 813 1635 creatus
838 1580 920 1635 est
938 1580 1101 1646 videt,
1128 1580 1182 1633 in
1207 1579 1365 1649 hujus
1394 1576 1518 1635 vitae
1537 1578 1683 1635 exsi-

114 1665 181 1722 lio
225 1666 361 1723 nihil
392 1671 441 1725 ei
478 1670 596 1741 plus
625 1670 768 1725 aliud
802 1686 959 1740 quam
1007 1687 1103 1726 sua
1149 1662 1453 1727 amaritudo
1487 1672 1683 1744 placet,

112 1762 432 1835 dedignatur
453 1764 648 1819 etenim
674 1762 947 1832 Sililjilctil‘e
975 1764 1382 1835 temporalibus,
1418 1772 1472 1820 et
1496 1760 1687 1820 arden-

112 1858 191 1910 ter
222 1857 459 1927 suspirat
487 1858 719 1913 mternis.
756 1842 861 1931 Sed
900 1858 1174 1914 Sciendum
1205 1867 1309 1926 est,
1338 1858 1463 1931 quia
1508 1859 1684 1915 nullus

1793 662 1910 724 tant
1933 666 2087 741 ju‘ita
2121 658 2319 729 llumen'
2345 666 2626 729 Chobarfi
2655 675 2789 731 cum
2824 691 2987 731 causa
3032 658 3276 749 exigeret
3314 687 3374 734 ut

1789 756 2031 817 indicare
2046 762 2315 822 debuisset
2333 765 2476 835 quod
2497 768 2565 822 ad
2589 767 3119 838 transmigrationem
3140 772 3368 839 veniret,

1788 848 1907 923 quae
1930 850 2142 909 dicendi
2164 855 2457 911 necessitas
2480 854 2603 924 fuit,
2629 864 2688 913 ut
2707 873 2806 928 per
2833 856 3015 931 fruges
3037 844 3214 916 locum
3242 876 3375 932 quo-

1787 936 1893 1011 qu‘e
1915 934 2262 1013 inprimeret,
2286 946 2489 1014 dicens,
2546 944 2565 998 ἕ
2593 944 2674 1003 Ad
2697 948 2947 1004 acervum
2975 948 3236 1006 novarum
3263 950 3375 1008 fru-

1786 1028 1934 1123 gum,
1960 1042 1979 1087 ι
2000 1036 2102 1090 nisi
2123 1030 2267 1107 quod
2289 1052 2429 1107 saepe
2449 1042 2546 1109 per
2562 1052 2649 1095 res
2667 1044 2721 1095 e’t
2735 1040 2850 1095 loca
2870 1040 3046 1097 Causae
3060 1042 3376 1114 signantur?

1788 1122 1941 1183 Multi
1990 1130 2186 1201 quippe
2216 1130 2466 1187 Ezechiel
2507 1130 2863 1205 prophetante
2885 1135 2999 1207 jam
3043 1136 3374 1207 captivitatis

1788 1218 1913 1275 anni
1942 1206 2308 1290 ﬁdelluxerant,
2340 1222 2500 1295 atque
2544 1234 2611 1279 ex
2661 1222 2746 1281 bis
2779 1206 2952 1299 quiin
3003 1206 3372 1299 captivitatem

1788 1302 1932 1365 du’eli
1961 1310 2207 1378 fuerant,
2237 1302 2421 1384 plures
2446 1314 2558 1384 jam
2590 1318 2645 1372 in
2690 1318 2864 1372 morte
2899 1320 3081 1375 carnis
3104 1318 3370 1386 obierant,

1787 1390 1854 1489 ad
1881 1398 2111 1489 quorum
2135 1403 2272 1460 illius
2303 1408 2563 1477 propheta
2600 1408 2745 1477 ἰοί]ϋί
2770 1410 3036 1466 veniebat.
3070 1408 3225 1468 Unde
3246 1418 3301 1466 et
3323 1413 3373 1468 ei

1787 1493 2037 1562 Superius
2057 1493 2286 1549 dicitur:
2318 1515 2337 1548 ι
2359 1496 2461 1551 Fili
2485 1494 2739 1565 hominis,
2759 1512 2856 1571 ego
2880 1502 3036 1557 mitto
3059 1509 3111 1557 te
3138 1500 3205 1558 ad
3234 1494 3372 1559 lilios

1784 1576 1969 1651 Israel,
1992 1582 2061 1640 ad
2087 1594 2273 1658 gentes
2293 1590 2665 1658 apostatrices,
2690 1592 2809 1662 q'uze
2841 1600 3179 1663 recesserunt
3206 1610 3235 1649 a
3263 1610 3371 1663 me,

1786 1668 1841 1730 et
1880 1685 2061 1747 patres
2089 1688 2275 1733 eorum
2298 1682 2633 1751 pnevaricatl
2670 1674 2794 1739 sunt
2830 1682 3045 1754 pactum
3076 1702 3255 1741 meum
3286 1702 3375 1741 us-

1787 1766 1892 1839 que
1919 1768 1972 1825 in
2011 1769 2153 1827 diem
2180 1772 2318 1828 hanc
2336 1814 2350 1838 ,
2374 1781 2430 1829 et
2457 1773 2553 1829 filii
2582 1774 2721 1830 dura
2743 1776 2954 1831 cervice
2978 1770 3034 1832 et
3062 1777 3373 1833 indomabili

1787 1852 1951 1917 corde
1978 1869 2130 1929 sunt,
2174 1865 2242 1917 ad
2275 1878 2409 1934 quos
2430 1880 2530 1936 ego
2553 1872 2606 1921 te
2630 1866 2806 1921 mitto.
2841 1885 2858 1917 ›
2888 1866 2968 1920 Ex
2995 1868 3220 1937 quibus,
3247 1869 3373 1938 quia

107 1942 219 2001 huic
264 1952 364 2017 pro
411 1946 596 2003 amore
620 1930 1000 2021 omnipotentis
1049 1934 1258 2007 Domini
1289 1968 1355 2006 ex
1382 1956 1496 2007 toto
1520 1952 1683 2007 corde
1710 1942 1757 2018 Β
1786 1952 1938 2008 multi
1973 1953 2186 2009 fuerant
2222 1930 2500 2020 credituri,
2540 1962 2702 2026 atque
2750 1972 2848 2026 per
2890 1930 3282 2012 obedientiam-
3305 1959 3374 2014 ad

108 2046 261 2110 agere
290 2040 561 2110 praevalet,
588 2040 751 2098 nisiis
776 2043 927 2114 cujus
941 2045 1178 2099 animum
1208 2042 1442 2115 Spiritus
1462 2052 1680 2100 sanctus

107 2132 472 2202 assumpserit.
508 2132 639 2187 Nam
666 2135 880 2205 quando
902 2130 1062 2191 homo
1089 2152 1154 2191 ex
1180 2134 1275 2191 sua
1313 2132 1513 2191 virtute
1540 2130 1683 2193 salii-

106 2224 207 2305 t'idt
239 2224 451 2280 terrena
479 2222 775 2297 despicere,
808 2227 1047 2284 ccclestia
1086 2245 1289 2295 amare,
1328 2244 1517 2300 parem
1558 2245 1681 2285 cum

106 2318 210 2373 Deo
241 2328 506 2388 quaerere,
532 2336 715 2376 secum
746 2322 922 2376 rixam
947 2322 1150 2389 subire,
1176 2320 1228 2377 in
1252 2323 1578 2394 cogitatione
1598 2338 1682 2378 se-

106 2400 386 2487 metipsum
418 2408 810 2480 reprehendere
839 2420 894 2468 et
919 2410 1209 2484 gemitibus
1236 2410 1464 2485 punire?
1493 2412 1682 2470 Nullus

103 2492 212 2552 lucc
237 2496 418 2569 agere,
449 2498 552 2554 nisi
594 2516 754 2571 quem
783 2496 961 2557 divina
992 2492 1163 2574 g’ratia
1194 2498 1565 2571 roboraverit,
1592 2519 1682 2558 va-

101 2578 187 2643 let.
222 2584 381 2646 Unde
404 2598 457 2645 et
487 2584 768 2669 subditur:
1194 2662 1201 2671 ‘

171 2698 189 2732 ι
227 2678 420 2736 Manus
447 2678 656 2737 Domini
677 2680 796 2738 erat
820 2678 1028 2739 mecum
1070 2676 1381 2741 conferlaiis
1407 2682 1513 2741 me.
1548 2703 1567 2738 ι
1600 2678 1683 2741 Ad

95 2768 231 2825 bona
264 2772 463 2843 quippe
514 2788 794 2843 assurgere
823 2774 1058 2849 perfecte
1086 2792 1191 2831 non
1238 2774 1545 2848 possumus,
1577 2776 1682 2832 nisi

95 2880 190 2919 nos
204 2864 431 2936 spiritus
442 2858 493 2920 et
504 2864 877 2938 praeveniendo‘
892 2867 1083 2933 elevet,
1096 2874 1151 2922 et
1166 2866 1540 2938 subsequenth
1555 2872 1683 2923 cen-

92 2956 278 3012 fortet.
296 2954 401 3013 Sed
413 2954 758 3029 quaerendum
771 2976 894 3016 cum
916 2960 1163 3032 superius
1178 2956 1241 3016 de
1256 2960 1523 3016 volumine
1541 2948 1685 3032 quod

92 3052 381 3120 acceperat
409 3038 671 3121 scriptum
702 3048 809 3117 sit,
848 3071 865 3102 ι
904 3050 970 3106 Et
995 3048 1193 3107 factum
1224 3060 1305 3106 est
1335 3050 1388 3105 in
1419 3054 1481 3107 es
1504 3060 1681 3107 meum

89 3142 241 3213 quasi
294 3136 397 3196 mel
442 3134 616 3221 dulce,
695 3140 800 3212 qua
829 3139 1039 3198 ratione
1064 3142 1407 3214 po'Stmodum
1439 3140 1636 3198 dicitUr
1665 3142 1679 3197 ἑ

87 3230 207 3285 Abii
235 3247 458 3287 amarus
487 3231 541 3287 in
575 3230 938 3306 indignatione
983 3232 1206 3305 spiritus
1240 3235 1381 3290 .mei.
1432 3235 1449 3287 ὁ
1488 3228 1679 3290 Mirum

1782 2040 2116 2101 fertilitatem
2146 2046 2273 2100 boni
2312 2046 2491 2115 operis
2522 2046 2831 2117 perventuri
2854 2088 2869 2113 ,
2904 2060 3130 2102 acervus
3158 2046 3373 2119 frugum

1780 2134 2045 2189 vocantur
2074 2150 2089 2188 :
2113 2134 2237 2205 quia
2257 2135 2402 2190 enim
2434 2135 2586 2190 bona:
2612 2134 2807 2191 animm
2825 2136 3007 2207 fruges
3042 2136 3377 2207 appellantur

1780 2224 1877 2282 Dei
1902 2226 2162 2298 prepheta
2195 2227 2331 2282 alius
2358 2226 2605 2293 testatur,
2632 2226 2821 2283 diceiis
2852 2247 2867 2283 :
2904 2245 2922 2279 ‹
2953 2228 3187 2284 Sanctus
3209 2226 3377 2284 lsrael

1781 2314 2031 2397 Domino,
2058 2317 2311 2388 primitiae
2332 2316 2546 2389 frugum
2583 2314 2701 2386 ejus
2724 2312 2861 2389 (Jer.
2892 2317 2974 2387 il).
3006 2337 3025 2371 ι

1858 2426 1881 2462 r
1912 2390 1980 2464 ﬁt
2026 2410 2139 2465 sedi
2185 2409 2277 2464 ubi
2320 2409 2399 2464 illi
2448 2408 2727 2475 sedebant,
2760 2418 2817 2465 et
2852 2409 3030 2465 mansi
3062 2408 3136 2465 ibi
3167 2416 3370 2479 septem

1788 2510 1811 2556 ι
1844 2498 2032 2559 diebus
2057 2514 2292 2559 maerens
2320 2503 2373 2558 in
2396 2503 2574 2558 medio
2606 2508 2816 2558 eorum.
2858 2510 2877 2556 ὑ
2907 2484 3211 2558 Notandum
3230 2494 3375 2573 quo‘d

1783 2588 1996 2665 captivo
2009 2593 2205 2665 populo
2215 2592 2473 2666 prepheta
2488 2592 2706 2649 sanctds
2718 2590 2915 2664 quanta
2928 2592 3300 2665 compassione
3314 2604 3374 2649 se

1784 2679 2019 2756 imputat,-
2040 2694 2336 2756 eorumque
2374 2692 2433 2742 8e
2461 2682 2784 2742 maeroribus
2804 2680 3146 2742 conseﬂeudd
3167 2692 3220 2741 et
3242 2698 3379 2741 mm.

1783 2772 1954 2833 ‘reirdd
1982 2776 2419 2849 conjtingit,quia
2447 2777 2601 2833 radix
2624 2774 2774 2833 verb'i
2801 2768 2888 2833 est
2907 2777 3080 2833 virtus
3105 2776 3306 2848 operis,
3323 2781 3378 2831 et

1784 2866 1876 2923 ille
1904 2868 2085 2923 sérmo
2116 2866 2185 2923 ab
2210 2868 2465 2923 audiente
2491 2866 2722 2923 libenter
2745 2866 3026 2939 accipitur,-
3066 2865 3158 2941 qui
3189 2882 3218 2921 a
3242 2878 3379 2937 prae;

1785 2954 2004 3013 dicaute
2016 2964 2138 3013 cum
2162 2958 2536 3028 compassione
2552 2958 2716 3012 animi
2745 2956 3035 3029 profertur.
3060 2955 3152 3012 Sic
3172 2956 3375 3011 ibt-rum

1786 3058 1913 3105 cum
1948 3048 2095 3105 fetro
2135 3048 2403 3121 jungitur,
2448 3050 2688 3119 liquatur
2731 3050 2879 3121 prius
2923 3054 2985 3105 ut
3034 3046 3377 3120 posmmdum

1785 3142 2023 3198 vicissim
2050 3157 2080 3196 a
2110 3142 2288 3213 seipse
2341 3148 2609 3199 teneatur.
2654 3140 2713 3198 Si
2748 3142 2903 3198 enim
2956 3143 3109 3213 prius
3153 3141 3377 3197 minime

1786 3234 2072 3300 mollescit,
2100 3236 2441 3306 postinodum
2486 3234 2698 3291 fortiter
2727 3240 2788 3290 se
2813 3234 3001 3289 tenere
3026 3235 3133 3289 nuli
3160 3234 3375 3289 stillicit;

87 3323 291 3395 quippe
310 3322 463 3379 valde
488 3333 589 3389 est,
616 3326 659 3380 si
687 3318 911 3381 dulcedo
940 3324 1098 3381 simul
1138 3334 1192 3380 et
1220 3310 1525 3383 amaritudo
1550 3343 1677 3383 con-
1704 3316 1750 3387 C
1782 3324 1872 3381 Sic
1916 3316 2177 3397 propheta
2206 3326 2417 3395 captivo
2438 3326 2634 3397 popqu
2676 3325 2941 3389 consedit,
2974 3331 3029 3379 et
3055 3324 3291 3379 intercus
3321 3324 3375 3378 in

84 3417 332 3471 veniant.
384 3406 489 3472 Sed
504 3412 659 3485 juxta
686 3419 1019 3491 superiorem
1044 3436 1260 3476 sensum
1290 3420 1568 3477 sciendum
1593 3430 1675 3478 est

82 3508 206 3578 quia
231 3507 325 3563 cui
353 3524 530 3563 sermo
565 3494 658 3565 Dei
682 3507 733 3563 in
761 3526 855 3565 ore
882 3506 1063 3566 cordis
1088 3510 1395 3568 dulcescere
1424 3504 1672 3585 cmperit,

81 3598 251 3679 hujus
283 3594 467 3681 procul
491 3596 652 3681 dubio
676 3598 863 3681 contra
892 3598 951 3660 Se
980 3602 1192 3663 animus
1226 3603 1531 3659 amarescit.
1557 3604 1675 3673 Quo

77 3678 251 3748 cnim’
283 3693 337 3747 in
389 3678 478 3749 illo
508 3676 777 3749 subtiliter
809 3692 988 3758 discit,
1018 3694 1252 3767 qualiter
1298 3694 1357 3749 se
1387 3692 1677 3766 reprehenn

78 3785 209 3839 dere
244 3784 458 3851 debeat,
493 3781 557 3840 eo
682 3774 868 3841 durius
907 3784 1004 3863 per
1043 3786 1456 3843 amaritudinem
1502 3784 1676 3861 ῂάὲιιίο

76 3874 275 3929 tentia:
315 3874 541 3945 castigat
566 3874 657 3950 qu’i
686 3866 832 3932 lanio
855 3870 956 3932 sibi
980 3876 1149 3949 magis
1183 3878 1450 3949 displicet,
1474 3887 1677 3952 quanto

76 3965 130 4020 in
160 3964 333 4021 εδει-ό
357 3966 626 4021 velumine
653 3960 880 4046 amplitm
906 3969 973 4022 de
1005 3967 1371 4039 omnipotente
1396 3970 1505 4025 Deo
1533 3968 1677 4025 videt

71 4060 227 4130 quod
258 4068 436 4123 amet;
465 4058 558 4113 sed
584 4058 706 4129 quia
730 4058 797 4115 ad
819 4059 919 4113 ista
942 4059 1203 4130 prolicere
1226 4077 1321 4116 sua
1346 4062 1545 4133 virtute
1567 4060 1675 4117 non

67 4150 232 4205 Valet
267 4148 452 4214 homo,
489 4152 632 4203 recte
660 4150 800 4202 nunc
851 4148 1046 4203 dicitur
1089 4169 1101 4203 :
1140 4170 1159 4200 ς
1197 4148 1384 4206 Manus
1408 4152 1549 4207 enim
1573 4151 1678 4208 Do-

63 4243 222 4301 mini
279 4234 399 4296 erat
446 4248 675 4301 mecum,
727 4232 1038 4297 confortans
1083 4242 1189 4297 me.
1229 4263 1248 4296 ι
1301 4232 1490 4301 Manus
1534 4245 1676 4300 enim

64 4330 305 4389 Domini
330 4333 382 4385 in
413 4338 571 4387 sacro
613 4316 825 4402 eloquio
850 4332 1140 4402 aliquando
1164 4334 1326 4390 etiam
1374 4332 1680 4407 unigenitus

65 4424 259 4481 Filius
283 4422 603 4494 appellatur,
633 4422 759 4494 quia
788 4426 968 4479 Omnia
1014 4432 1110 4495 p'er
1144 4425 1317 4495 ipsum
1359 4426 1499 4481 faeta
1530 4436 1675 4493 sunt,

67 4530 124 4574 et
150 4518 227 4574 de
260 4513 414 4586 cujus
438 4518 754 4572 “censihne
789 4516 884 4589 [fel
909 4500 1128 4591 Nloyseii
1159 4518 1318 4576 Pater
1336 4520 1677 4592 omnipotens

66 4612 346 4683 loquiaiii',
368 4608 580 4665 dicensi
611 4604 854 4664 (Tolla‘m
883 4608 935 4665 in
962 4612 1158 4666 C(eluin’
1188 4610 1406 4667 manum
1428 4629 1625 4667 meam.
1650 4633 1669 4665 ι

1776 3418 1955 3473 medio
1979 3432 2166 3473 eorum
2199 3418 2427 3483 exstitit,
2468 3424 2527 3471 ut
2573 3417 2697 3471 dum
2720 3424 2821 3487 per
2839 3416 3123 3471 citat-italis
3145 3416 3375 3485 gratiam

1776 3506 2185 3563 conscendendi)
2224 3522 2283 3562 se
2310 3506 2359 3562 ei
2410 3504 2711 3562 nmlliore'm
2737 3507 3004 3572 redderet,
3038 3518 3162 3562 eum
3191 3506 3375 3560 statim

1774 3599 1927 3653 verbi
1952 3595 2273 3653 fortitudine
2311 3604 2539 3652 teneret.
2599 3590 2696 3651 Sin
2742 3604 2872 3650 vero
2913 3595 3241 3651 lsraelitieus
3280 3609 3376 3664 po-

1775 3689 1956 3760 pulus,
1985 3688 2078 3757 qui
2105 3688 2297 3743 domus
2343 3696 2681 3758 exasperatis
2719 3696 2965 3753 vocatur,
3016 3688 3145 3758 quia
3186 3686 3374 3755 culpas

1776 3788 1883 3837 nee
1932 3782 2077 3837 inter
2107 3781 2314 3854 ﬂagella
2352 3783 2607 3853 cognovit
2655 3782 2804 3837 nullo
2857 3788 3089 3837 mturare
3133 3779 3373 3835 attitnum

1776 3874 2059 3944 depressit.
2093 3873 2361 3945 Propheta
2384 3875 2526 3930 inter
2552 3882 2739 3946 gentes
2762 3878 3000 3929 intereas
3034 3872 3224 3929 sedere
3251 3877 3372 3926 stu-

1776 3965 1910 4030 duit,
1936 3972 1994 4019 ut
2015 3967 2241 4020 tacendo
2262 3967 2574 4020 ostenderet
2594 3966 2727 4036 quid
2745 3966 3017 4035 inimentio
3033 3972 3256 4019 Venerat
3278 3963 3373 4018 db-

1776 4066 1919 4123 eere,
1943 4066 1999 4112 et
2017 4057 2330 4127 priusquam
2354 4058 2521 4112 verba
2540 4050 2745 4113 laeeret
2766 4059 2823 4112 in
2845 4059 2946 4111 hoc
2970 4056 3111 4126 quod
3139 4064 3373 4111 merens

1780 4147 1968 4212 tacuit,
1993 4146 2223 4200 fortnam
2243 4148 2528 4201 verborum
2552 4148 2800 4216 sumpsit.
2839 4146 3096 4215 Sequitur
3126 4163 3139 4200 :
3177 4160 3196 4197 α
3235 4147 3370 4200 Cum

1779 4250 1956 4297 autem
1986 4241 2407 4312 permulsissent
2430 4248 2634 4312 septem
2658 4241 2795 4306 dies,
2824 4237 3027 4295 factum
3048 4247 3132 4295 est
3148 4240 3373 4295 verbum

1779 4337 1991 4394 Demini
2023 4336 2089 4391 ad
2129 4350 2216 4391 me
2240 4336 2443 4390 dicens.
2481 4336 2501 4388 ἐ
2541 4333 2747 4406 (Gram)
2801 4333 2857 4388 lit
2886 4342 2952 4387 eo
2979 4331 3121 4403 quur]
3167 4336 3373 4402 septem

1777 4429 1967 4484 diebus
1996 4434 2233 4483 marcus
2268 4427 2426 4492 sedit;
2459 4435 2515 4482 et
2545 4436 2668 4497 post
2692 4426 2833 4481 diem
2870 4424 3158 4495 septimum
3203 4425 3369 4479 verba

1776 4521 2072 4577 Dominiele
2087 4520 2348 4591 jussiouis
2374 4522 2600 4592 accepit,
2629 4522 2688 4575 ut
2710 4519 2854 4591 loqui
2878 4518 3373 4589 debuissetmperte

1736 4668 1746 4683 ν
1777 4611 1979 4667 indicat
2005 4612 2135 4684 quia
2159 4612 2371 4667 eisdem
2396 4613 2588 4668 diebus
2622 4612 2903 4666 mcerendu
2951 4614 3215 4666 tacuerat.
3245 4609 3374 4664 Mis-

68 4705 205 4760 Htcc
238 4700 453 4764 mantis,
487 4702 607 4773 (ιιιαέ
632 4696 925 4755 electorum
947 4706 1167 4756 Suerum
1189 4702 1353 4758 corda
1381 4702 1670 4767 confortat,
1703 4684 1754 4748 D
1780 4712 1875 4756 sus
1904 4708 2085 4757 autem
2113 4702 2180 4755 ad
2205 4702 2608 4772 praedicandum
2651 4700 2849 4763 fuerat,
2871 4702 2927 4753 et
2959 4704 3137 4753 tamen
3164 4708 3371 4769 septem

68 4792 366 4865 discipulis
394 4793 649 4849 diccbat:
691 4794 709 4843 ἀ
749 4788 876 4847 Sine
924 4798 1010 4848 ine
1058 4792 1193 4847 nihil
1238 4794 1465 4864 potestis
1495 4792 1674 4848 facere

67 4886 273 4958 (Joan.
330 4883 442 4956 xv).
496 4904 515 4936 ι
557 4872 614 4938 in
659 4897 820 4938 omne
872 4896 1000 4954 ergo
1052 4882 1194 4954 quod
1247 4884 1571 4953 Cogitamus,
1619 4884 1672 4937 in

67 4992 245 5031 omne
269 4974 412 5045 qned
441 4974 673 5045 agimus,
705 4988 918 5044 semper
947 4974 1211 5029 omn‘dum
1244 4976 1326 5028 est
1345 5015 1359 5039 ,
1394 4978 1455 5027 ut
1479 4980 1535 5027 et
1556 4973 1672 5043 ipso

66 5068 361 5141 aspirante
399 5068 723 5139 ﬁngiteinus,
761 5074 815 5122 et
875 5064 989 5138 ipso
1041 5064 1325 5136 adjuvante
1388 5052 1667 5121 iaciamus.

149 5190 170 5222 ‹
210 5170 283 5225 Et
318 5154 437 5224 veni
467 5166 533 5224 ad
567 5164 1093 5242 transmigrationem
1133 5164 1200 5225 ad
1228 5186 1482 5228 acervum
1509 5172 1674 5226 no'va-

73 5282 93 5314 ι
132 5279 267 5317 mm
304 5254 536 5333 frugum,
569 5262 634 5316 ad
673 5278 767 5316 eos
814 5259 902 5333 qui
930 5258 1245 5317 habitabant
1286 5262 1443 5333 juxta
1475 5263 1707 5331 llumen_

72 5372 93 5405 ι
118 5353 383 5429 ‘Clmliar,
404 5362 459 5407 et
482 5351 595 5407 Seli
620 5350 715 5419 ibi,
748 5352 838 5406 ubi
882 5346 955 5406 illi
998 5348 1276 5419 sedebant,
1319 5350 1374 5409 et
1397 5355 1568 5409 mansi
1600 5352 1673 5407 ibi

70 5466 91 5500 ο
133 5454 351 5518 septem
402 5444 591 5501 diebus
640 5444 875 5500 inimicus
922 5444 975 5499 in
1025 5446 1200 5499 medio
1231 5458 1436 5501 eorum.
1474 5468 1493 5500 ι
1527 5448 1671 5502 inter

64 5548 284 5595 caetera
334 5536 631 5609 prophetiae
679 5532 959 5603 mirantia,
988 5534 1092 5591 huc
1131 5538 1344 5606 quoque
1369 5538 1667 5593 mirandum

61 5629 292 5686 habent
317 5627 439 5684 libri
472 5628 878 5700 prbphetarn'm,
908 5626 1049 5699 quod
1102 5628 1242 5683 slent
1291 5629 1344 5683 in
1387 5630 1467 5686 eis
1492 5630 1671 5687 verbis

61 5737 188 5787 res,
215 5721 298 5775 ita
315 5728 697 5790 nonnunquam
727 5722 890 5775 verba
918 5722 1082 5776 rebus
1106 5726 1470 5793 estpommtttr;
1494 5728 1551 5779 tit
1579 5738 1671 5780 eo-

62 5830 203 5871 rutn
234 5828 344 5869 nou
365 5814 537 5869 solum
558 5814 720 5879 dicta,
749 5814 844 5868 sed
864 5818 1031 5869 etiam
1052 5824 1139 5870 res
1164 5824 1347 5885 gente;
1373 5818 1669 5887 prophetia!

63 5907 217 5971 sint.
271 5904 423 5963 Unde
466 5916 610 5962 nunc
651 5904 888 5963 dicitur:
923 5920 948 5958 ο
979 5906 1113 5964 Veni
1143 5909 1211 5963 ad
1241 5908 1671 5983 transmigratio.-

1782 4794 1974 4848 diehus
2025 4796 2221 4849 sedens
2272 4794 2505 4847 tacebat.
2549 4790 2689 4858 Quid
2743 4796 2830 4845 est
2872 4791 2996 4852 hoc,
3026 4790 3170 4860 quod
3219 4789 3371 4845 nobis

1780 4894 2003 4940 sanctus
2030 4886 2290 4955 propheta
2315 4885 2369 4938 in
2393 4886 2496 4938 hoc
2522 4883 2735 4938 silentio
2774 4882 2968 4946 innuit,-
3000 4883 3101 4937 nisi
3131 4883 3257 4952 quia
3283 4881 3371 4936 ille

1779 4976 1925 5045 ιι)ῆυί
1948 4977 2213 5032 veraciter
2227 4976 2396 5042 novit,
2424 4977 2515 5047 qui
2543 4977 2695 5047 prius
2722 4979 2859 5033 bene
2886 4976 3066 5032 tacere
3087 4975 3371 5033 didicerit?

1780 5068 1942 5135 Quasi
1971 5069 2115 5123 enim
2148 5070 2416 5138 quoddam
2447 5071 2838 5125 nutrimentum
2863 5068 3011 5124 verbi
3036 5072 3117 5124 est
3138 5080 3367 5126 censura

1776 5161 1997 5217 silentii.
2031 5161 2095 5216 Et
2130 5168 2276 5216 recte
2307 5168 2403 5231 per
2430 5168 2834 5217 excrementum
2861 5160 3086 5227 silentii,
3117 5174 3366 5215 crescen-

1777 5260 1887 5307 tem
1907 5264 2123 5325 queque
2165 5255 2394 5324 gratiam
2435 5254 2703 5309 sermonis
2744 5252 2974 5321 accepit,
3003 5252 3092 5320 qui
3120 5251 3366 5308 ordinate

1777 5354 1935 5400 antea
1973 5358 2069 5416 per
2099 5334 2456 5401 humilitatem
2488 5352 2649 5400 tacet.
2701 5342 2839 5398 Hine
2867 5343 3065 5399 etenim
3092 5358 3189 5415 per
3215 5343 3368 5400 Salo-

1777 5450 1992 5495 monem
2022 5438 2217 5495 dicitur
2245 5458 2260 5495 :
2292 5460 2310 5491 ‹
2347 5439 2583 5509 Tempus
2636 5436 2871 5504 tacendi;
2922 5440 2976 5492 et
3028 5444 3238 5509 tempus
3288 5432 3367 5495 lo-

1776 5529 1972 5599 quendi
1997 5529 2223 5600 (Eccles;
2250 5531 2356 5595 ut).
2389 5546 2408 5582 ι
2442 5528 2559 5583 Non
2581 5529 2724 5582 eniin'
2754 5527 2851 5595 ait,
2875 5535 3083 5600 tempus
3112 5526 3365 5601 lbquenill

1775 5627 1831 5675 et
1879 5627 2092 5689 tempus
2150 5621 2401 5685 tacendi,
2453 5620 2549 5675 sed
2606 5620 2759 5690 prltis
2823 5621 3035 5677 tacendi
3083 5623 3365 5694 praemittit

1778 5717 2011 5779 tempus,
2045 5716 2101 5764 et
2129 5712 2469 5779 postmodum
2518 5711 2752 5766 subdidit
2783 5710 3054 5783 loquendi.
3087 5713 3223 5779 Quia
3254 5728 3362 5768 nutt

1774 5800 2041 5870 implendo
2070 5810 2271 5868 tacere,
2304 5803 2399 5857 sed
2426 5804 2655 5858 tacendo
2678 5804 2937 5861 debeter
2957 5804 3106 5875 tequi
3132 5805 3361 5861 discere.-

1774 5890 1985 5966 ὃπου
2011 5890 2547 5965 pugnatam,
2592 5886 3363 5972 mmsnutoqw
