3938 6360
525 397 634 456 575

1177 399 1238 453 Β.
1280 354 1535 455 uanam
1571 398 1792 457 usum
1830 364 2169 459 necuter.
2193 364 2504 454 uocum.
2548 395 2833 454 OPERUM
2868 397 3048 454 ΡΑιιε
3083 397 3146 453 ιι.

3740 396 3839 453 576

524 508 717 574 fuerat,
743 508 830 565 diu
860 511 1011 580 prius
1053 488 1248 577 tacuit,
1281 520 1341 577 ut
1370 514 1711 583 postmodum
1743 522 1889 570 recte
1915 514 2107 585 loque-
2136 515 2189 577 Α
2214 520 2361 567 tatur
2386 528 2417 567 a
2446 513 2533 566 via
2558 527 2654 567 sua
2676 508 2841 583 impia
2869 521 2923 568 et
2950 513 3113 568 vivat.
3143 511 3519 569 Comminatio
3556 512 3721 569 enim
3739 531 3840 569 nua

523 614 691 670 retur,
723 605 1055 677 pensandum
1079 605 1235 661 nobis
1262 614 1363 691 est,
1403 615 1604 677 quanta
1631 608 1681 662 ei
1708 609 1866 679 culpa
1892 608 1964 663 sit
2003 622 2110 662 non

523 704 722 767 tacere,
770 711 928 766 quem
985 696 1130 752 nulla
1158 697 1327 767 cogit
1355 699 1652 767 necessitas
1703 699 1869 771 loqui.
1922 698 2113 769 Sequi-

523 798 657 844 tur:
711 807 731 841 ι
766 788 867 844 Fili
903 790 1161 859 hominis,
1215 792 1610 864 speculatorem
1667 795 1788 850 dedi
1832 803 1885 851 te
1929 794 2112 851 domui

521 883 706 941 Israel.
752 903 771 936 ι
802 882 1107 941 Notandum
1154 886 1297 956 quod
1343 902 1487 951 eum,
1530 902 1692 958 quem
1738 887 1998 943 Dominus
2041 887 2112 943 ad

517 978 926 1055 priedicandum
982 979 1148 1034 mittit
1199 980 1591 1051 speculatorem
1642 996 1762 1038 esse
1806 981 2107 1036 denuntiat.

519 1066 618 1127 Cui
636 1070 779 1126 enim
795 1087 923 1126 cura
940 1071 1114 1127 aliena
1138 1074 1515 1141 committitur,
1533 1074 1838 1146 speculator
1860 1084 2106 1140 vocatur,

521 1168 580 1214 ut
608 1160 660 1214 in
687 1161 881 1215 mentis
911 1162 1195 1219 altitudine
1226 1165 1430 1230 sedeat,
1466 1175 1629 1238 atque
1648 1166 1969 1222 vocabulum
2019 1180 2114 1221 no-

520 1249 683 1304 minis
709 1265 775 1305 ex
824 1251 1023 1307 virtute
1049 1252 1281 1308 actionis
1318 1255 1515 1310 trahat.
1553 1254 1666 1311 Non
1699 1263 1783 1312 est
1825 1254 1970 1310 enim
1994 1269 2113 1325 spe—

519 1341 750 1408 culator,
779 1334 871 1412 qui
901 1343 956 1397 in
1002 1343 1113 1400 imo
1147 1352 1251 1400 est.
1297 1343 1616 1416 Speculator
1646 1347 1847 1418 quippe
1896 1361 2115 1425 semper.

519 1435 575 1489 in
621 1435 902 1492 altitudine
931 1445 1063 1505 stat,
1106 1445 1167 1493 ut
1220 1439 1481 1517 quidquid
1528 1448 1814 1495 venturum
1845 1447 1929 1494 est
1954 1437 2112 1513 longe

516 1527 833 1596 prospiciat.
869 1528 936 1583 Et
956 1530 1200 1600 quisquis
1232 1531 1414 1601 populi
1454 1532 1760 1601 speculator
1787 1533 2027 1603 ponitur,
2053 1532 2109 1587 in

518 1619 628 1675 alto
655 1619 814 1676 debet
845 1629 991 1678 stare
1036 1638 1136 1693 per
1156 1623 1343 1690 vitam,
1391 1633 1450 1679 ut
1491 1626 1749 1696 prodesse
1796 1627 1969 1698 possit
2012 1640 2111 1697 per

515 1710 930 1779 providentiam.
985 1712 1125 1770 Hinc
1185 1717 1451 1787 propheta
1509 1716 1647 1773 alius
1714 1719 2112 1788 speculatorem

517 1801 791 1869 admonet,
811 1803 1031 1859 dicens:
1062 1824 1080 1855 ‹
1114 1802 1290 1876 Super
1309 1815 1551 1863 montem
1583 1809 1856 1865 excelsum
1878 1810 2111 1866 ascende

2215 603 2269 657 in
2294 602 2561 670 homines,
2596 605 2692 659 sed
2716 588 3105 674 in'peccatores
3124 615 3227 671 est,
3250 621 3353 661 nec
3375 606 3434 660 in
3454 621 3568 661 eos
3589 606 3695 676 qui
3722 623 3837 663 cun-

2212 700 2554 750 vert‘untura
2580 695 2750 760 vitiis,
2807 695 2903 750 sed
2955 695 3047 765 qui
3079 696 3134 751 in
3182 703 3412 767 peccato
3458 709 3833 766 permanent;

2212 801 2576 857 magnumque
2602 786 2899 841 discrimen
2943 794 3025 842 cst
3072 787 3169 843 Dei
3224 796 3412 845 tacere
3438 803 3754 844 sermones
3781 792 3837 846 ob

2214 877 2485 948 triplicem
2513 892 2757 944 causam,
2793 876 2879 932 vel
2902 885 3125 949 propter
3152 879 3436 945 timorem,
3475 878 3580 933 vel
3625 892 3835 953 ρωριει

2210 968 2508 1042 pigritiam,
2538 967 2624 1024 vel
2652 976 2876 1039 propter
2901 968 3284 1026 adulationem.
3325 970 3493 1026 Unde
3535 980 3601 1025 et
3630 971 3797 1026 Isaias
3822 993 3831 1027 :

2217 1079 2236 1112 ι
2280 1059 2390 1126 Vae,
2422 1060 2617 1130 inquit,
2671 1059 2804 1114 mihi
2842 1059 3065 1126 misero,
3112 1060 3239 1132 quia
3292 1061 3447 1117 tacui
3497 1060 3663 1131 (Isa.
3694 1064 3825 1135 γὴ.»

2213 1151 2474 1223 Quodque
2516 1153 2760 1223 sequitur
2789 1171 2803 1206 :
2836 1172 2855 1205 ‹
2898 1152 2975 1207 Τιι
3018 1164 3200 1210 autem
3231 1154 3482 1209 animam
3514 1162 3687 1210 tuam
3712 1155 3829 1211 libe~

2213 1246 2371 1311 rasti,
2410 1264 2429 1297 ι
2464 1242 2596 1299 illud
2643 1245 2995 1316 apostolicum
3048 1256 3205 1303 sonat
3244 1263 3259 1302 :
3309 1269 3328 1301 ι
3378 1247 3445 1304 Si
3483 1248 3669 1319 cujus
3714 1267 3827 1321 opus

2214 1335 2433 1403 arserit,
2473 1337 2730 1391 damnum
2780 1338 3037 1406 patietur,
3074 1339 3190 1409 ipse
3238 1349 3430 1396 autem
3480 1341 3689 1396 salvus
3720 1347 3822 1410 erit,

2213 1430 2291 1487 sic
2335 1439 2516 1486 tamen
2561 1431 2716 1502 quasi
2754 1448 2854 1502 per
2884 1433 3061 1502 ignem
3106 1432 3159 1505 (I
3198 1433 3322 1489 Cor.
3347 1435 3465 1506 ιιι),
3496 1456 3522 1488 ι
3559 1445 3631 1491 ut
3654 1440 3823 1508 [nulla

2212 1530 2397 1577 utrum
2427 1523 2733 1593 speculator
2775 1532 3035 1579 externus
3079 1540 3109 1579 a
3156 1541 3319 1581 causa
3366 1529 3449 1583 sit
3484 1531 3823 1603 mortisejcs

2214 1614 2304 1684 qui
2333 1615 2495 1683 periit
2524 1630 2593 1669 an
2620 1630 2766 1670 reus.
2797 1616 2947 1687 Opus
2994 1616 3139 1671 enim
3192 1619 3447 1690 magistri
3486 1620 3659 1675 salus
3686 1622 3823 1677 disci—

2212 1707 2323 1778 puli
2365 1717 2476 1764 est:
2499 1708 2559 1763 In
2590 1710 2789 1779 quibus
2818 1711 3002 1765 verbis
3033 1711 3161 1782 quid
3191 1712 3345 1767 nobis
3379 1715 3712 1769 notandum
3733 1729 3815 1781 est,

2184 1868 2191 1877 θ
2215 1801 2345 1870 quid
2371 1801 2600 1857 sollicite
2627 1803 2995 1873 cogitandum,
3020 1804 3125 1859 nisi
3146 1804 3272 1874 quia
3306 1820 3414 1860 nec
3455 1806 3819 1876 subjectnsei

517 1900 597 1959 tu,
622 1894 714 1963 qui
755 1895 1094 1966 evangelizas
1122 1896 1251 1953 Sion
1279 1897 1416 1970 (lsa.
1444 1900 1556 1974 ιι),
1603 1921 1622 1954 ι
1657 1911 1717 1957 ιιι
1743 1903 1992 1960 videlicet
2011 1904 2103 1974 qui

2208 1892 2484 1963 praepositi
2516 1892 2674 1964 culpa
2711 1895 2973 1960 moritur,
3004 1910 3108 1951 nec
3136 1896 3472 1967 praepositus
3506 1899 3645 1954 sine
3683 1899 3817 1969 calin

516 1986 917 2053 praedicationis
942 1987 1118 2044 locum
1165 1992 1395 2063 accepit,
1448 1993 1514 2048 ad
1564 1994 1901 2051 altitudinem
1953 1996 2109 2053 bonae

517 2077 746 2132 actionis
769 2081 1045 2147 ascendat,
1072 2082 1140 2137 ad
1165 2084 1377 2140 excelsa
1403 2091 1663 2153 transeat,
1697 2096 1750 2141 ct
1797 2102 1986 2144 eorum
2016 2091 2111 2161 qui

517 2168 617 2225 sibi
642 2171 915 2228 commissi
943 2181 1070 2228 sunt
1087 2189 1251 2245 opera
1276 2180 1649 2245 transcendat,
1680 2189 1950 2251 quatenus
1978 2183 2108 2239 sub-

511 2260 777 2330 jectorum
802 2263 967 2319 vitam
989 2272 1141 2322 tanto
1165 2269 1414 2326 subtilius
1434 2272 1855 2342 videat,quanto
1876 2276 2111 2331 terrenis

518 2352 679 2410 rebus
703 2369 839 2424 quas
866 2357 1114 2428 despicit,
1146 2361 1389 2417 animum
1441 2378 1546 2418 non
1579 2365 1852 2434 supponit.
1906 2363 2108 2438 (Ηίεν.)

517 2443 712 2501 Manus
739 2455 922 2503 autem
944 2447 1158 2505 Domini
1181 2450 1241 2505 fit
1267 2467 1431 2523 super
1453 2455 1770 2523 prophetam
1798 2453 2109 2512 confortans

516 2549 663 2601 eum,
692 2544 752 2591 ut
771 2538 944 2607 possit
961 2554 1158 2596 nomen
1192 2544 1546 2613 speculatoris
1570 2546 1818 2617 accipere
1838 2557 1895 2602 et
1912 2548 2109 2606 docere

516 2628 660 2696 quod
710 2629 861 2685 dicit.
894 2630 1222 2705 Septemque
1261 2636 1413 2706 prius
1453 2637 1642 2693 diebus
1681 2648 1926 2696 versatur
1969 2642 2110 2698 inter

516 2732 633 2785 eos,
658 2720 850 2777 videns
875 2731 1068 2779 cuncta
1083 2739 1202 2794 quae
1225 2736 1497 2796 gererent,
1522 2737 1582 2783 ut
1600 2738 1787 2799 postea
1802 2732 1967 2788 sciret
1988 2748 2110 2804 quae

516 2811 831 2881 corriperet.
864 2812 1057 2871 Moeret
1095 2825 1276 2872 autem
1320 2819 1436 2875 sive
1466 2829 1821 2878 conversatur
1846 2823 1901 2878 in
1932 2825 2110 2899 medio

516 2917 724 2969 eorum,
753 2903 943 2962 videns
965 2907 1170 2964 scelera
1199 2918 1256 2965 et
1279 2910 1486 2981 justam
1517 2913 1616 2970 Dei
1635 2932 1735 2986 pro
1762 2924 2108 2987 peccatorum

518 2991 801 3064 iniquitate
842 3000 1190 3055 sententiam.
1230 3022 1248 3053 ‹
1284 3001 1420 3059 Cum
1448 3014 1629 3061 autem
1656 3010 2104 3079 pertransissent,

516 3084 711 3155 inquit,
755 3096 961 3159 septem
1014 3090 1149 3159 dies,
1200 3091 1405 3150 factum
1431 3105 1515 3153 est
1538 3100 1765 3155 verbum
1794 3100 2009 3158 Domini
2038 3102 2110 3160 ad

511 3198 615 3249 me,
646 3184 833 3243 dicens
851 3205 862 3241 :
880 3186 984 3243 Fili
1002 3189 1260 3259 hominis,
1288 3195 1683 3264 speculatorem
1699 3198 1823 3255 dedi
1845 3209 1900 3255 te
1920 3200 2104 3261 domui

2211 1992 2313 2049 est,
2330 1984 2547 2054 quando
2566 1986 2732 2040 verba
2750 1986 2877 2041 vita:
2895 2002 2999 2041 non
3016 1987 3242 2043 audiens
3263 2003 3330 2043 ex
3343 2004 3451 2043 sua
3479 1990 3656 2060 culpa
3671 1994 3815 2046 mori-

2213 2080 2321 2138 tur,
2376 2071 2691 2142 subjectus?
2726 2073 2899 2145 Impio
2945 2076 3147 2130 etenim
3195 2092 3347 2132 mors
3402 2078 3696 2147 debetur,
3742 2084 3815 2136 sed

2213 2162 2264 2216 ei
2314 2162 2383 2216 ab
2414 2163 2756 2232 speculatore
2802 2165 2890 2220 via
2943 2166 3067 2219 vita:
3098 2167 3401 2223 nuntianda
3442 2179 3578 2237 est,
3626 2181 3685 2226 et
3721 2175 3816 2243 ejus

2212 2253 2462 2323 impietas
2488 2255 2839 2326 increpanda.
2885 2255 2944 2311 Si
2984 2273 3113 2313 vero
3141 2259 3460 2329 speculator
3497 2271 3692 2330 tacet,
3721 2264 3813 2336 ipse

2213 2347 2407 2417 impius
2458 2348 2513 2403 in
2570 2348 2858 2419 iniquitate
2886 2365 2984 2404 sua
3037 2351 3332 2415 morietur,
3378 2353 3517 2422 quia
3582 2356 3812 2426 impietao

2215 2440 2283 2496 tis
2310 2439 2426 2509 ejus
2471 2441 2728 2496 meritum
2751 2440 2887 2508 fuit,
2917 2449 2978 2495 ut
3016 2441 3210 2512 dignus
3236 2458 3349 2498 non
3374 2454 3532 2501 esset
3570 2448 3645 2501 ad
3675 2465 3812 2518 quem

2211 2529 2567 2601 speculatoris
2595 2546 2775 2587 sermo
2798 2531 2984 2600 fieret;
3009 2533 3105 2589 sed
3132 2536 3463 2606 sanguinem
3494 2539 3624 2608 ejus
3660 2539 3813 2595 Domi-

2212 2637 2314 2677 nus
2358 2622 2424 2677 de
2470 2637 2634 2678 manu
2665 2622 3027 2693 speculatoris
3055 2626 3303 2697 requirit,
3345 2630 3484 2700 quia
3528 2630 3655 2700 ipse
3694 2634 3812 2688 hanc

2211 2715 2431 2781 occidit,
2460 2716 2553 2786 qui
2593 2731 2717 2771 eum
2748 2718 2978 2773 tacendo
3021 2720 3180 2774 morti
3223 2722 3477 2777 tradidit.
3526 2722 3589 2778 In
3641 2727 3811 2796 quibus

2211 2806 2458 2878 utrisque
2495 2807 2831 2878 pensandum
2859 2816 2943 2864 est
2967 2817 3229 2880 quantum
3258 2812 3364 2867 sibi
3406 2828 3672 2870 connexa
3710 2826 3811 2871 sunt

2210 2904 2432 2966 peccata
2460 2897 2800 2954 subditorum
2836 2908 3001 2970 atque
3024 2903 3470 2973 praepositorum,
3498 2908 3635 2976 quia
3666 2909 3748 2964 ubi
3768 2921 3811 2966 et

2211 2989 2486 3061 subjectus
2519 3007 2585 3048 ex
2617 3007 2712 3047 sua
2758 2992 2916 3064 culpa
2963 2996 3215 3062 moritur,
3261 2996 3338 3052 ibi
3381 2999 3430 3053 is
3483 3000 3582 3071 qui
3613 3014 3811 3071 prmi,

2210 3082 2428 3152 quando
2451 3085 2642 3148 tacuit,
2677 3100 2805 3140 reus
2849 3088 3042 3143 mortis
3073 3096 3306 3143 tenetur.
3344 3088 3390 3146 Ο
3434 3107 3611 3162 quam
3642 3093 3811 3150 libera

2211 3173 2628 3230 commissorum
2672 3176 2776 3231 sibi
2811 3178 3072 3248 sanguine
3101 3177 3280 3235 fuerat
3302 3183 3656 3251 praedicator
3678 3202 3814 3258 egre-

513 3276 697 3333 Israel.
736 3299 756 3331 ι
792 3280 896 3348 Qui
942 3252 1256 3351 speculator.
1307 3252 1523 3344 futurus
1572 3298 1678 3357 est,
1708 3300 1764 3348 et
1817 3291 1912 3347 Dei
1942 3252 2177 3350 verbaC
2209 3265 2329 3336 gius
2380 3266 2472 3336 qui
2525 3266 2758 3332 dicebat’
2817 3267 3048 3323 Mundus
3099 3284 3219 3323 sum
3287 3287 3319 3324 ³
3375 3276 3657 3345 sanguine
3710 3294 3808 3333 (δ’δ’

510 3369 709 3438 popqu
737 3379 1084 3440 narraturus,
1129 3376 1299 3432 multo
1337 3386 1578 3449 tempore
1608 3382 1769 3438 debet
1799 3384 2104 3453 quiescere,

512 3468 568 3515 et
595 3460 782 3517 dolere
805 3463 874 3519 ad
905 3478 991 3528 ea,
1023 3479 1145 3535 quae
1164 3468 1367 3535 videat,
1415 3471 1658 3542 nihilque
1689 3475 1892 3531 habere
1917 3490 2107 3534 eorum

513 3551 568 3606 in
598 3553 951 3620 conscientia,
976 3570 1098 3625 qua:
1138 3558 1195 3613 in
1216 3558 1339 3615 aliis
1357 3572 1706 3632 correpturus
1734 3574 1837 3621 est.
1876 3586 1895 3620 ‹
1923 3567 1991 3622 Ει
2010 3582 2108 3623 au-

513 3643 628 3699 dies
652 3644 719 3700 de
739 3660 835 3702 ore
864 3662 986 3703 meo
1007 3650 1254 3718 verbum,
1282 3660 1338 3707 et
1363 3655 1712 3711 annuntiabis
1740 3657 1821 3712 eis
1849 3672 1916 3713 ex
1938 3673 2049 3715 me.
2078 3677 2097 3712 ι

517 3731 723 3808 (Greg.)
738 3734 877 3793 Ecce
897 3738 1093 3795 iterum
1111 3741 1436 3799 admonetur
1451 3746 1717 3816 propheta
1732 3763 1800 3803 ne
1812 3758 2107 3820 praesumat

509 3823 656 3895 loqui
671 3829 815 3896 quod
837 3844 944 3886 non
959 3832 1206 3897 audierit,
1224 3835 1320 3890 sed
1330 3836 1483 3905 prius
1502 3853 1691 3894 aurem
1706 3841 1885 3897 cordis
1899 3843 2105 3913 aperiat

507 3917 629 3972 voci
661 3921 945 3987 creatoris,
967 3931 1025 3978 et
1044 3925 1389 3994 postmodum
1410 3942 1472 3983 os
1498 3929 1581 3984 sui
1622 3932 1866 4000 corporis
1895 3934 2105 4005 aperiat

509 4005 734 4065 auribus
789 4010 983 4081 plebis.
1039 4012 1194 4072 Unde
1231 4019 1500 4089 propheta
1526 4020 1664 4077 alius
1687 4022 1818 4077 dicit
1848 4041 1860 4076 :
1896 4042 1913 4075 ι
1948 4024 2105 4081 Incli-

506 4100 650 4157 nabo
691 4101 761 4157 ad
818 4103 1227 4165 similitudinem
1282 4124 1470 4168 aurem
1516 4129 1715 4180 meam,
1765 4118 2009 4187 aperiam
2045 4121 2101 4175 in

504 4192 765 4262 psalterio
810 4198 1236 4269 propositionem
1277 4218 1453 4260 meam
1488 4203 1662 4277 (Paul.
1696 4207 1908 4283 xnvm).
1949 4230 1970 4263 ι
1998 4210 2102 4279 Qui

505 4285 651 4339 enim
683 4293 832 4343 recte
854 4289 1130 4357 praedicat,
1173 4293 1344 4363 prius,
1373 4296 1516 4352 sicut
1540 4299 1742 4356 dictum
1776 4309 1880 4368 est,
1912 4319 2102 4361 aurem

507 4373 687 4429 cordis
721 4374 979 4431 locutioni
1010 4379 1200 4437 intime
1250 4382 1492 4461 inclinat,
1540 4397 1599 4444 ut
1647 4394 1992 4460 postmodum
2036 4410 2100 4453 os

507 4466 751 4535 corporis
778 4467 833 4521 in
856 4472 1223 4541 propositione
1244 4477 1629 4538 admonitionis
1654 4484 1881 4552 aperiat.

582 4578 601 4609 ι
639 4557 697 4613 Si
726 4559 943 4617 dicente
982 4578 1071 4619 me
1099 4565 1167 4619 ad
1192 4565 1444 4638 impium,
1475 4570 1651 4628 Morte
1680 4577 1955 4646 morieris,
1987 4596 2094 4637 non

2210 3359 2394 3413 nium!
2428 3357 2546 3414 Non
2598 3360 2742 3414 enim
2788 3359 3125 3432 subterfugi,
3174 3363 3474 3432 quominus
3525 3376 3588 3419 ut
3621 3384 3809 3423 annun-

2211 3449 2406 3502 tiarem
2432 3461 2593 3502 omne
2619 3448 2908 3504 consilium
2943 3449 3037 3504 Dei
3069 3450 3244 3505 vobis.
3284 3450 3344 3506 Si
3379 3454 3528 3507 enim
3582 3471 3698 3511 non
3728 3476 3810 3512 an-

2210 3539 2546 3606 nuntiasset,
2590 3541 2826 3597 mundus
2857 3557 2889 3595 a
2914 3542 3177 3613 sanguine
3206 3557 3315 3598 non
3347 3554 3538 3613 esset,
3580 3549 3684 3604 sed
3711 3549 3811 3621 qui-

2207 3635 2310 3690 bus
2353 3649 2514 3691 omne
2544 3635 2829 3691 consilium
2858 3636 2955 3693 Dei
2985 3639 3312 3694 annuntiare
3359 3641 3599 3709 studuit,
3638 3646 3708 3701 ab
3735 3663 3811 3700 eo-

2206 3741 2329 3780 rum
2356 3726 2615 3797 sanguine
2644 3728 2879 3783 mundus
2910 3727 3033 3784 fuit.
3064 3729 3122 3784 In
3157 3745 3267 3800 qua
3296 3746 3438 3787 voce
3466 3750 3573 3790 nos
3603 3738 3812 3793 convis-

2206 3819 2398 3882 cimur,
2435 3834 2534 3874 nos
2560 3820 3006 3892 constringimur,
3054 3839 3155 3879 nos
3185 3824 3266 3880 rei
3291 3839 3416 3881 esse
3445 3830 3808 3897 ostendimur,

2206 3911 2333 3980 quia
2363 3910 2674 3966 sacerdotes
2702 3926 2981 3979 vocamur,
3039 3916 3131 3985 qui
3183 3931 3439 3986 superea
3493 3921 3664 3989 mala,
3708 3939 3811 3994 qua

2204 4003 2422 4073 proprie
2460 4003 2744 4070 habemus,
2784 4005 2994 4062 alienas
3043 4022 3259 4079 quoque
3288 4020 3506 4066 mortes
3551 4015 3807 4080 addimus,

2205 4093 2332 4162 quia
2383 4102 2463 4149 tot
2511 4095 2827 4162 occidimus,
2879 4106 3011 4168 quot
3050 4099 3118 4153 ad
3170 4109 3404 4157 mortem
3453 4104 3543 4160 ire
3579 4108 3807 4178 quotidie

2206 4186 2369 4258 tepidi
2397 4197 2451 4243 et
2475 4197 2717 4246 tacentes
2741 4191 3008 4250 videmus.
3033 4192 3169 4249 Cum
3194 4211 3324 4251 vero
3355 4197 3573 4256 dicitur
3599 4221 3613 4256 :
3646 4223 3665 4253 ι
3688 4204 3807 4257 San-

2202 4280 2419 4350 guinem
2450 4281 2569 4351 ejus
2602 4282 2667 4337 de
2696 4299 2860 4338 manu
2885 4293 2977 4341 tua
3003 4287 3301 4358 requiram,
3334 4308 3356 4342 ι
3392 4292 3439 4346 si
3482 4292 3545 4347 in
3576 4296 3803 4351 hocloto

2202 4372 2483 4441 sanguinis
2514 4373 2755 4441 nomine,
2810 4392 2959 4433 mors
3006 4381 3250 4450 corporis
3276 4382 3637 4455 designatur,
3668 4391 3806 4445 rabie

2202 4463 2359 4519 nobis
2386 4465 2453 4520 de
2496 4473 2687 4523 nostro
2739 4467 2957 4525 silentio
3003 4480 3233 4543 augetur
3284 4484 3493 4543 metus,
3526 4480 3659 4549 quia
3685 4484 3729 4537 si
3760 4484 3808 4538 in

2204 4553 2462 4624 subjectis
2486 4559 2601 4614 suis
2630 4559 2677 4615 is
2714 4560 2808 4630 qui
2837 4561 3094 4633 praelatus
3116 4565 3185 4620 ad
3229 4568 3635 4636 speculandum
3657 4575 3805 4629 etiam

1270 4625 1288 4638 .
1429 4625 1443 4636 ,
1681 4625 1955 4646 _-----.-,
1987 4625 2094 4637 ..ν-

512 4668 530 4700 ι
567 4651 977 4710 annuntiaveris
993 4655 1064 4722 ei,
1090 4673 1267 4728 neque
1295 4658 1508 4717 locutus
1528 4660 1716 4732 fueris,
1734 4675 1796 4722 ut
1818 4678 2096 4728 avertatur

2207 4647 2270 4703 de
2296 4658 2472 4704 morte
2499 4625 2749 4723 corporis
2771 4625 3100 4727 quandoque
3129 4658 3383 4716 morituri
3426 4671 3546 4718 tam
3582 4669 3806 4737 graviter

511 4761 530 4793 ι
567 4758 598 4798 a
621 4743 708 4798 via
731 4759 831 4799 suo
870 4744 1055 4817 impia,
1084 4757 1141 4803 et
1164 4750 1330 4809 vivat.
1360 4753 1479 4825 Ipse
1499 4755 1694 4826 impius
1723 4760 1777 4814 in
1807 4760 2095 4833 iniquitate

510 4850 526 4883 ι
564 4849 662 4890 sua
690 4836 974 4905 morietur,
997 4842 1317 4912 sanguinem
1352 4854 1534 4904 autem
1571 4848 1688 4919 ejus
1719 4853 1786 4911 de
1815 4871 1978 4912 manu
2002 4867 2094 4917 tua

508 4943 527 4976 ι
564 4927 861 4999 requiram.
881 4928 939 4984 Si
959 4939 1141 4987 autem
1161 4937 1568 4997 annuntiaveris
1588 4942 1773 5015 impio,
1796 4956 1851 5003 et
1876 4947 1965 5004 ille
1981 4965 2092 5008 non

508 5036 526 5069 ι
559 5018 724 5075 fuerit
750 5037 1048 5080 conversus
1077 5026 1146 5081 ab
1174 5027 1458 5099 iniquitate
1489 5043 1546 5090 et
1577 5051 1610 5091 a
1653 5040 1740 5094 via
1768 5056 1865 5097 sua
1893 5043 2087 5119 impia,

507 5128 524 5159 ι
564 5109 680 5179 ipse
716 5112 935 5182 quidem
967 5114 1021 5171 in
1049 5116 1337 5189 iniquitate
1360 5136 1456 5185 sua
1482 5126 1766 5183 morietur.
1798 5129 1876 5186 Tu
1906 5109 2090 5193 autem

508 5215 544 5297 ι¹
565 5201 801 5297 animam
842 5212 989 5261 tuam
1032 5206 1307 5268 liberabis.
1347 5232 1366 5265 ι
1396 5213 1596 5290 (Ηὶεν.)
1627 5218 1744 5276 Duo
1772 5231 1899 5278 sunt
1939 5224 2088 5297 impii

501 5288 615 5344 sive
643 5289 832 5365 iniqui,
858 5304 916 5350 ut
955 5296 1306 5372 Septuaginta
1345 5288 1777 5379 transtulerunt;
1829 5330 1969 5370 unus
1995 5288 2089 5389 qui

500 5379 632 5435 nihil
658 5383 860 5473 audita
885 5386 1244 5461 speculatore,
1273 5403 1329 5451 et
1360 5397 1414 5452 in
1448 5414 1546 5454 sua
1571 5400 1851 5473 impietate
1894 5379 2091 5469 morie-

501 5478 609 5537 tur,
637 5471 791 5545 cujus
814 5479 1033 5548 sanguis
1053 5481 1119 5537 de
1147 5484 1501 5556 speculatoris
1523 5471 1785 5561 quaeritur
1805 5497 2087 5568 manibus;

499 5560 638 5618 alter
664 5564 750 5618 cui
778 5568 1087 5636 speculator
1106 5575 1413 5643 annuntiat,
1444 5586 1498 5634 et
1523 5560 1613 5641 ille
1633 5582 1822 5641 audire
1843 5560 2088 5646 contem;

500 5670 634 5712 nens
659 5672 758 5713 suo
792 5659 923 5716 vitio
952 5666 1200 5723 moritur.
1223 5668 1303 5726 Ita
1332 5672 1616 5741 duntaxat,
1646 5686 1705 5732 ut
1730 5681 2037 5751 speculator
2057 5700 2089 5743 a

504 5749 662 5823 culpa
684 5753 905 5827 alienus,
920 5758 1010 5813 sit.
1039 5759 1120 5816 Ex
1146 5778 1255 5834 quo
1278 5765 1629 5840 intelligimus
1653 5749 1774 5830 ideo
1800 5773 2089 5837 Dominum

503 5841 1001 5915 impiocomminari
1011 5860 1068 5910 et
1077 5853 1281 5925 dicere,
1309 5876 1328 5911 ι
1349 5856 1804 5935 Mortemoriaris,
1827 5887 1846 5922 ι
1868 5878 2091 5929 utaver-

2203 4754 2330 4795 reus
2361 4742 2614 4821 punitur,
2663 4759 2771 4814 quo
2814 4755 2971 4802 reatu
3000 4748 3067 4803 de
3094 4758 3272 4805 morte
3312 4752 3523 4810 anima
3550 4758 3804 4827 subjecto-

2204 4844 2324 4882 rum
2349 4832 2775 4904 constringetur,
2805 4852 2926 4906 quae
2973 4839 3238 4908 potuisset
3275 4857 3502 4913 semper
3529 4847 3733 4914 vivere,
3762 4850 3802 4903 si

2202 4921 2367 4975 verba
2397 4925 3052 4995 correptionisaudisset!
3082 4929 3190 4987 Sed
3212 4932 3412 4990 melius
3440 4953 3679 5007 possunt
3698 4957 3802 4997 saa-

2202 5010 2382 5083 guinis
2435 5014 2655 5072 nomine
2700 5026 2926 5087 peccata
2960 5020 3184 5091 signari.
3232 5022 3389 5080 Unde
3433 5029 3801 5096 quidamcnm

2200 5102 2266 5158 de
2287 5106 2529 5174 peccatis
2551 5108 2735 5164 carnis
2752 5108 2991 5177 deﬁeret,
3020 5112 3187 5168 dixit:
3223 5133 3241 5167 ι
3260 5113 3465 5173 Libera
3490 5136 3586 5176 me
3600 5124 3664 5177 de
3689 5139 3801 5180 san-

2198 5196 2450 5266 guinibus
2472 5197 2635 5265 Deus,
2672 5199 2834 5268 Deus,
2865 5201 3057 5260 salutis
3084 5220 3219 5261 meae
3246 5204 3365 5278 (Ps.
3398 5209 3476 5285 ι).
3518 5232 3541 5263 ι
3579 5213 3801 5287 Sanguis

2198 5310 2328 5367 ergo
2376 5298 2665 5356 morientis
2713 5302 2780 5357 de
2826 5318 2990 5359 manu
3039 5308 3408 5377 speculatoris
3445 5318 3799 5387 requiretur:

2199 5397 2324 5468 quia
2350 5409 2629 5467 peccatum
2664 5404 2864 5459 subditi
2906 5407 3077 5481 culpa:
3102 5415 3406 5483 praepositi,
3452 5419 3501 5474 si
3559 5424 3797 5485 tacuerit.

2200 5485 2511 5559 deputatur.
2558 5493 2656 5549 Est
2698 5509 2828 5566 ergo
2857 5497 3003 5568 quod
3028 5499 3216 5572 faciat,
3244 5514 3307 5562 ut
3333 5511 3508 5567 etiam
3541 5516 3803 5571 moriente

2198 5590 2415 5647 subdito
2441 5608 2500 5649 se
2528 5594 2760 5653 liberum
2801 5599 3012 5657 reddat.
3058 5602 3276 5679 Surgat,
3321 5611 3600 5684 invigilet,
3648 5621 3805 5676 malis

2199 5691 2410 5749 actibus
2435 5698 2794 5766 contradicat,
2824 5699 2966 5758 sicut
3013 5704 3276 5776 scriptum
3301 5718 3391 5765 est
3415 5727 3432 5767 :
3463 5732 3483 5766 ε
3522 5716 3803 5784 Discum,

2198 5783 2415 5854 festina,
2471 5791 2672 5848 suscita
2719 5794 2954 5860 amicum
2982 5804 3152 5864 tuum,
3200 5816 3271 5856 ne
3296 5803 3518 5863 dederis
3542 5825 3804 5867 somnum

2197 5880 2370 5938 oculis
2389 5883 2518 5953 tuis,
2541 5900 2644 5942 nec
2663 5886 2959 5947 domitent
2982 5892 3255 5964 palpebrae
3278 5904 3383 5952 tuae
3414 5896 3610 5969 (Prov.
3645 5902 3745 5972 τι).
3776 5924 3798 5956 ι
