3938 6360
84 377 183 434 577

918 430 923 451 ι
958 430 959 433 γ
1034 368 1390 451 conamur.
1430 370 1497 426 lN
1536 365 1993 453 EzEcmELEM.
2026 395 2096 407 --
2134 365 2261 421 LlB.
2303 364 2388 420 ιιι.

3243 366 3348 427 578

88 488 229 547 Unde
255 486 344 540 hic
380 497 594 556 quoque
641 481 901 537 additur:
937 500 956 533 ι
996 481 1056 537 Si
1102 484 1249 538 enim
1276 490 1331 538 ιιι
1369 483 1655 537 annuntia-
1685 485 1739 547 Α
1763 480 1949 535 tbeum
1998 478 2316 534 exhortatur
2364 479 2550 535 dicens
2595 494 2611 534 :
2652 496 2671 530 ι
2722 479 2923 548 Argue,
2952 480 3201 549 obsecra,
3223 496 3349 538 cum

83 579 219 636 veris
255 575 440 646 impio,
477 583 532 630 et
577 572 668 629 ille
715 589 822 629 non
862 573 1027 629 fuerit
1054 590 1349 631 conversus
1372 576 1440 630 ab
1469 573 1661 645 impie-

85 680 189 726 tate
215 684 310 725 sua
342 675 397 723 et
445 683 475 721 a
514 666 603 721 via
630 682 729 722 sua
772 666 958 737 impia,
1002 666 1117 738 ipse
1146 683 1363 738 quoque
1393 667 1445 721 in
1475 666 1665 736 impie-

86 772 190 817 tate
209 776 304 817 sua
326 760 608 816 morietur.
628 758 707 814 Tu
723 766 898 815 autem
923 760 1161 813 animam
1184 769 1333 814 tuam
1355 758 1616 814 liberasti.
1639 777 1659 812 ι

85 853 227 909 Tunc
254 860 435 907 autem
490 849 765 919 subjectus
815 850 1045 905 moritur
1094 850 1210 905 sine
1251 860 1325 915 te,
1356 850 1573 921 quando
1610 849 1667 905 in

85 958 237 999 causa
295 943 488 1000 mortis
546 942 1002 998 contradictorem
1057 942 1346 1013 pertulerit
1405 951 1476 998 te.
1530 939 1665 995 Nam

83 1037 262 1103 morti,
305 1038 392 1092 cui
442 1050 551 1091 non
601 1035 956 1100 contradicis,
997 1034 1348 1106 adjungeris;
1379 1042 1435 1089 et
1470 1042 1665 1088 notan-

83 1129 203 1184 dum
230 1143 349 1199 qua:
374 1135 499 1183 sunt
522 1142 644 1198 quae
667 1127 901 1182 debeant
924 1126 993 1180 ab
1024 1133 1328 1195 spectatore
1354 1124 1663 1194 prmdicari,

82 1220 331 1276 nimirum
378 1217 514 1274 fides
556 1228 612 1273 et
662 1218 929 1288 operatio.
963 1214 1100 1270 Nam
1128 1216 1225 1281 ait,
1263 1235 1280 1267 ι
1310 1214 1367 1269 Si
1397 1223 1578 1270 autem
1609 1222 1664 1268 tu

83 1310 485 1367 annuntiaveris
510 1309 698 1380 impio,
727 1317 785 1365 et
826 1308 918 1364 ille
942 1323 1051 1363 non
1087 1304 1251 1363 fuerit
1278 1321 1574 1363 conversus
1595 1305 1664 1361 ab

82 1402 361 1472 iniquitate
385 1416 481 1455 sua
522 1408 579 1455 et
604 1416 634 1454 a
660 1399 746 1453 via
772 1414 871 1455 sua
908 1398 1093 1470 impia.
1132 1417 1152 1452 ι
1186 1397 1441 1467 Impietas
1465 1397 1664 1468 quippe

81 1494 144 1548 ad
193 1491 564 1547 infidelitatem
605 1491 870 1563 pertinet;
908 1489 997 1544 via
1040 1504 1171 1544 vero
1198 1489 1385 1560 impia,
1435 1488 1503 1543 ad
1533 1505 1661 1559 pra-

79 1600 198 1638 vam
232 1584 525 1639 actionem.
565 1582 636 1638 Et
679 1583 857 1639 omnis
880 1581 1186 1654 speculator
1209 1582 1313 1637 hoc
1343 1581 1543 1636 habere
1572 1581 1666 1634 de-

80 1678 165 1733 bet
194 1676 382 1742 stndii,
418 1684 478 1732 ut
519 1675 670 1748 prius
716 1676 784 1731 ad
830 1676 1087 1745 pietatem
1143 1673 1287 1739 fidei,
1320 1671 1664 1744 postmodum

79 1769 143 1824 ad
185 1769 337 1839 piam
377 1769 547 1835 viam,
580 1768 634 1824 id
672 1776 776 1834 est,
803 1768 871 1822 ad
912 1767 1108 1821 bonam
1146 1766 1416 1821 actionem
1449 1765 1659 1830 trahat;

1767 570 1916 626 omni
1946 569 2203 640 patientia
2233 578 2289 625 et
2327 569 2571 626 doctrina
2598 567 2685 642 (II
2712 567 2843 623 Tim.
2882 569 2978 642 tv).
3009 589 3028 622 ι
3062 569 3202 639 Quid
3244 578 3349 640 est,

1765 665 1909 736 quod
1934 662 2026 717 uni
2054 663 2341 732 imperium
2366 671 2421 718 et
2450 663 2539 718 alii
2577 663 2893 734 patientiam
2921 662 3196 736 praecipit,
3244 665 3352 720 nisi

1766 757 1909 827 quod
1930 771 2097 811 unum
2120 755 2361 821 lenioris,
2379 753 2607 811 alterum
2624 770 2753 811 vero
2774 755 3119 812 ferventioris
3130 755 3353 827 spiritus

1767 861 1887 902 esse
1913 844 2164 917 aspexit?
2198 844 2331 900 Leni
2357 860 2457 915 per
2481 845 2861 901 auctoritatem
2906 844 3116 915 imperii
3171 844 3350 916 injun-

1763 938 1937 1007 genda
1965 944 2083 992 erat
2106 936 2370 991 severitas
2389 936 2560 992 verbi.
2584 934 2635 991 ls
2660 944 2840 990 autem
2865 936 2957 1006 qui
2983 950 3080 1005 per
3104 935 3352 1006 spiritum

1765 1027 2029 1094 fervebat,
2082 1043 2182 1097 per
2207 1027 2523 1099 patientiam
2552 1028 2934 1099 temperandus
2961 1026 3156 1095 fuerat,
3194 1042 3264 1084 ne
3306 1028 3354 1085 si

1764 1120 1885 1192 plus
1925 1120 2077 1192 justo
2128 1120 2538 1189 infervesceret,
2568 1136 2677 1177 non
2709 1121 2776 1176 ad
2816 1119 3044 1175 salutem
3071 1119 3356 1176 vulnerata

1765 1212 2074 1279 reduceret,
2126 1214 2221 1267 sed
2268 1228 2401 1268 sana
2420 1212 2753 1267 vulneraret.
2785 1209 3095 1268 Curandum
3141 1226 3357 1282 quoque

1765 1311 2025 1372 quantum
2081 1302 2385 1373 loquamur,
2432 1318 2500 1359 ne
2551 1304 2597 1359 si
2646 1304 2718 1370 ei,
2747 1303 2841 1375 qui
2878 1302 3046 1359 multa
3076 1304 3220 1360 ferre
3249 1321 3357 1361 non

1763 1395 1928 1461 valet,
1953 1395 2181 1451 verbum
2207 1395 2292 1451 vel
2314 1396 2709 1452 exhortationis
2727 1396 2810 1452 vel
2837 1396 3221 1469 increpationis
3242 1398 3358 1453 lon-

1764 1486 1883 1558 gius
1913 1487 2201 1555 trahimus,
2236 1488 2543 1544 auditorem
2568 1497 2813 1545 nostrum
2833 1487 2902 1545 ad
2930 1488 3208 1546 fastidium
3233 1505 3357 1562 per-

1766 1578 2048 1637 ducamus.

1845 1693 1865 1726 ι
1916 1673 2025 1730 Sed
2053 1684 2108 1730 et
2134 1675 2181 1731 si
2207 1689 2503 1732 conversus
2521 1674 2704 1745 justus
2740 1692 2771 1731 a
2810 1672 3021 1746 justitia
3052 1690 3147 1731 sua
3169 1674 3359 1731 fecerit

1776 1785 1795 1819 ι
1830 1768 2192 1838 iniquitatem,
2219 1782 2417 1839 ponam
2445 1766 2827 1822 oll'endiculum
2885 1782 3068 1823 coram
3112 1782 3198 1834 eo,
3243 1766 3359 1836 ipse

79 1861 168 1915 sed
191 1862 320 1931 quia
335 1861 402 1917 de
423 1861 796 1917 exhortatione
817 1875 997 1916 sermo
1021 1875 1080 1915 se
1103 1858 1304 1926 intulit,
1320 1858 1661 1913 innotescere
1690 1849 1745 1915 Β,
1771 1859 2112 1926 «morietur,
2140 1860 2266 1930 quia
2296 1874 2404 1915 non
2432 1859 2769 1915 annuntiasti
2810 1859 2881 1927 ei,
2915 1859 2969 1914 in
3012 1866 3233 1929 peccato
3260 1873 3358 1913 suo

77 1953 312 2008 breviter
361 1953 619 2008 debemus
646 1953 698 2006 in
738 1966 833 2008 ore
879 1951 1134 2022 pastoris,
1186 1956 1422 2021 quantus
1465 1949 1660 2005 debeat

79 2058 191 2099 esse
237 2043 375 2099 ordo
428 2051 591 2113 atque
640 2042 1003 2099 consideratio
1062 2041 1369 2097 locutionis.
1426 2040 1662 2097 Pensare

80 2136 271 2191 etenim
315 2136 503 2191 doctor
550 2135 713 2191 debet
759 2135 889 2205 quid
936 2134 1212 2205 loquatur,
1258 2134 1347 2189 cui
1382 2133 1656 2204 loquatur,

81 2228 288 2298 quando
329 2228 616 2299 loquatur,
668 2228 903 2298 qualiter
946 2228 1232 2297 loquatur,
1269 2235 1533 2298 quantum
1582 2227 1660 2282 lo—

81 2332 319 2392 quatur:
363 2322 413 2378 si
466 2323 613 2377 enim
661 2338 833 2378 unum
875 2324 1074 2378 horum
1132 2322 1405 2386 defuerit,
1458 2322 1661 2378 locutio

81 2423 195 2482 apta
221 2428 333 2469 non
381 2413 505 2468 erit.
538 2412 815 2484 Scriptum
857 2413 1057 2483 quippe
1090 2423 1211 2469 est:
1251 2431 1269 2464 ι
1307 2412 1365 2467 Si
1396 2422 1544 2468 recte
1579 2411 1663 2467 of-

81 2503 249 2571 feras,
287 2514 435 2561 recte
480 2513 663 2560 autem
690 2521 800 2561 non
849 2505 1088 2572 dividas,
1120 2506 1377 2576 peccasti.
1422 2524 1441 2555 ι
1495 2504 1662 2560 Recte

81 2604 249 2651 autem
313 2596 627 2664 offerimus,
682 2612 806 2652 cum
851 2596 996 2652 bono
1047 2596 1228 2651 studio
1272 2596 1474 2651 bonum
1525 2610 1663 2665 opus

80 2689 303 2760 agimus.
359 2688 466 2745 Sed
500 2696 648 2744 recte
685 2703 791 2744 non
837 2688 1166 2755 dividimus,
1213 2689 1260 2745 si
1312 2688 1514 2744 habere
1553 2688 1664 2743 dis-

80 2783 368 2837 cretionem
425 2781 481 2836 in
529 2783 673 2837 bono
726 2796 888 2853 opere
938 2791 1347 2853 postponamus.
1403 2780 1664 2836 Conside-

81 2888 193 2929 rare
218 2874 425 2930 etenim
456 2874 716 2931 debemus
744 2875 874 2944 quid
912 2873 1203 2945 loquimur,
1228 2881 1291 2929 ut
1314 2872 1471 2944 juxta
1508 2872 1662 2929 Pauli

79 2979 258 3021 vocem
304 2964 524 3038 (Coloss.
576 2965 678 3037 IV),
717 2986 735 3018 ι
769 2980 982 3036 semper
1013 2966 1085 3021 sit
1112 2980 1291 3022 sermo
1330 2975 1517 3022 noster
1552 2966 1665 3022 sale

80 3059 344 3113 conditus.
382 3077 401 3111 ι
427 3056 771 3113 Pensandum
799 3072 928 3113 vero
952 3058 1108 3113 nobis
1123 3066 1206 3113 est
1233 3058 1320 3113 cui
1351 3058 1660 3129 loquamur,

81 3151 194 3221 quia
214 3166 361 3222 stcpe
394 3150 781 3222 increpationis
802 3152 1050 3219 verbum,
1084 3153 1227 3223 quod
1269 3154 1386 3209 haec
1423 3152 1660 3207 admittit

1772 1971 1791 2006 ι
1822 1953 2107 2019 morietur,
2138 1961 2193 2009 et
2222 1968 2329 2008 non
2351 1960 2511 2007 erunt
2539 1951 2593 2007 in
2638 1952 2956 2007 memoriam
2976 1949 3211 2021 justitia:
3241 1949 3360 2019 ejus

1770 2063 1790 2098 ι
1825 2061 1961 2117 quas
1980 2044 2130 2112 fecit,
2156 2045 2478 2116 sanguinem
2501 2058 2630 2099 vero
2651 2043 2768 2115 ejus
2788 2043 2853 2098 de
2874 2056 3036 2096 manu
3059 2048 3147 2096 tua
3172 2040 3358 2111 requi-

1768 2157 1789 2191 ι
1823 2155 1963 2194 ram.
1988 2137 2047 2193 Si
2073 2145 2251 2193 autem
2284 2145 2342 2192 tu
2374 2136 2782 2191 annuntiaveris
2809 2136 2978 2206 justo,
3008 2143 3069 2189 ut
3094 2149 3201 2189 non
3229 2148 3356 2203 pec—

1770 2248 1788 2282 ι
1821 2229 2122 2300 cetjustus,
2150 2238 2206 2284 et
2228 2227 2317 2284 ille
2344 2244 2452 2283 non
2480 2227 2812 2298 peccaverit,
2831 2226 3020 2281 vivens
3038 2225 3203 2289 vivet,
3233 2222 3358 2292 quia

1769 2337 1790 2374 ι
1826 2321 2242 2385 annuntiastiei,
2257 2330 2313 2376 et
2327 2329 2381 2375 tu
2394 2321 2633 2375 animam
2648 2328 2798 2374 tuam
2822 2316 3087 2373 liberasti.
3112 2334 3129 2368 ι
3154 2311 3358 2388 (ﬂiam)

1766 2412 1916 2469 Sicut
1944 2413 2139 2485 impios
2154 2413 2240 2469 vel
2266 2412 2489 2484 iniquos
2517 2412 2653 2468 duos
2672 2410 2904 2483 legimus
2918 2450 2931 2473 ,
2960 2423 3125 2463 unum
3140 2405 3234 2476 qui
3251 2420 3359 2459 non

1764 2508 2227 2579 audivitetperiit,
2245 2506 2474 2562 alterum
2496 2506 2590 2577 qui
2611 2503 2821 2560 audivit
2834 2511 2890 2557 et
2915 2498 3284 2573 perseveravit
3304 2499 3362 2553 in

1764 2601 2032 2671 nequitia,
2054 2602 2134 2657 sic
2164 2602 2269 2656 duo
2291 2600 2427 2672 justi
2450 2607 2596 2667 sunt,
2634 2615 2773 2654 unus
2795 2598 2889 2669 qui
2921 2613 3027 2653 non
3052 2595 3281 2661 audivit,
3305 2600 3361 2651 et

1763 2698 1943 2769 periit,
1972 2698 2109 2753 alter
2128 2698 2221 2769 qui
2237 2698 2459 2762 audivit,
2478 2706 2533 2752 et
2555 2709 2852 2752 conversus
2876 2694 2943 2749 ad
2961 2688 3359 2764 paenitentiam,

1765 2789 1995 2845 salvavit
2035 2789 2271 2844 animam
2316 2805 2490 2845 suam.
2538 2787 2954 2857 Notandumque
3008 2783 3154 2855 quod
3192 2782 3366 2854 possit

1760 2882 1939 2953 justus
1954 2883 2168 2949 cadere,
2186 2882 2289 2937 etsi
2310 2881 2558 2937 habuerit
2572 2880 2888 2950 magistrum
2907 2876 2973 2932 ad
2994 2876 3218 2932 meliora
3232 2889 3363 2930 con—

1764 2974 1924 3028 verti.
1942 2973 2010 3028 Et
2022 2973 2162 3029 bona
2176 2975 2339 3045 igitur
2352 2989 2514 3045 opera
2530 2972 2771 3043 indigent
2783 2970 3000 3026 assiduo
3012 2976 3366 3041 praeceptore,

1764 3081 1835 3122 ne
1861 3066 2039 3123 lassus
2068 3067 2273 3137 Optimo
2298 3083 2484 3131 cursu,
2514 3065 2763 3120 retrahat
2789 3061 3000 3133 pedem.
3039 3062 3107 3116 Et
3166 3060 3365 3129 impius

1768 3152 1987 3231 quidem
2022 3160 2107 3216 vel
2130 3160 2372 3230 iniquus,
2405 3159 2447 3214 si
2488 3173 2787 3213 conversus
2813 3172 2920 3211 non
2948 3154 3132 3219 fuerit,
3174 3153 3229 3207 in
3260 3152 3369 3206 im;

78 3258 326 3314 persona,
371 3243 540 3299 altera
566 3259 674 3300 non
700 3244 939 3300 admittit
983 3263 997 3299 :
1040 3255 1097 3301 et
1140 3260 1283 3316 saepe
1318 3245 1511 3301 eadem
1546 3245 1662 3316 ipsa
1690 3213 1736 3278 Ο
1767 3213 1973 3322 pietate
1987 3260 2042 3306 et
2071 3251 2125 3307 in
2152 3213 2438 3320 illiquitate
2454 3265 2552 3305 sua
2575 3248 2857 3303 morietur.
2875 3245 3064 3302 Justus
3086 3252 3293 3311 autem,
3322 3242 3369 3299 si

79 3347 308 3403 persona
336 3335 632 3390 secundum
662 3333 865 3391 factum
911 3335 970 3389 fit
1018 3335 1209 3391 altera.
1263 3333 1418 3392 Unde
1450 3334 1664 3390 Nathan

78 3427 338 3496 propheta
369 3424 454 3498 (Il
486 3425 617 3497 Reg.
649 3425 751 3499 xu)
792 3425 963 3482 David
1013 3435 1136 3498 post
1181 3426 1508 3482 adulterium
1533 3425 1666 3483 forti

80 3516 462 3590 increpationis
481 3517 755 3572 sententia
776 3517 1069 3587 percussit,
1092 3517 1186 3587 qui
1211 3532 1334 3573 cum
1355 3517 1423 3573 de
1448 3525 1666 3589 raptore

80 3610 188 3665 ovis
208 3610 436 3675 diceret,
458 3627 477 3660 ι
496 3608 665 3663 Filius
682 3608 875 3665 mortis
895 3619 998 3675 est,
1023 3607 1116 3679 qui
1132 3606 1398 3673 fecithoc,
1423 3628 1442 3660 ι
1461 3609 1510 3663 ei
1533 3623 1663 3678 pro-

83 3702 217 3759 tinus
241 3702 543 3774 respondit,
568 3702 789 3757 dicens:
821 3720 839 3753 ι
875 3700 956 3755 Tu
977 3716 1037 3756 es
1061 3700 1152 3756 ille
1182 3701 1283 3755 vir.
1317 3720 1334 3751 ι
1361 3699 1459 3755 Cui
1485 3709 1667 3755 tamen

82 3809 194 3849 cum
220 3796 292 3851 de
318 3794 627 3851 Salomonis
655 3809 825 3866 regno
873 3793 1207 3865 loqueretur,
1236 3793 1365 3864 quia
1391 3793 1549 3864 culpa
1575 3794 1667 3849 de-

80 3886 195 3954 fuit,
224 3887 278 3941 ei
332 3902 391 3942 se
442 3886 720 3941 humiliter
753 3886 809 3941 in
863 3886 1235 3942 adorationem
1262 3886 1576 3956 prostravit.
1607 3884 1667 3939 In

80 3993 182 4032 una
201 3992 335 4050 ergo
354 3978 655 4048 eademque
680 3991 937 4048 persona,
959 3978 1087 4047 quia
1109 3993 1274 4033 causa
1292 3979 1477 4049 dispar
1494 3978 1665 4033 exsti-

79 4069 158 4137 tit,
188 4070 355 4125 etiam
385 4083 563 4124 sermo
589 4067 936 4139 propheticus
976 4068 1254 4123 dissimilis
1279 4067 1401 4122 fuit.
1428 4068 1671 4123 Pensan-

78 4161 201 4216 dum
227 4173 446 4229 quoque
466 4165 551 4213 est
582 4157 800 4227 quando
828 4156 975 4227 loqui
1004 4157 1315 4222 debeamus,
1349 4157 1477 4227 quia
1504 4171 1669 4225 saepe,

78 4252 179 4307 etsi
229 4246 475 4303 defertur
524 4247 841 4316 increpatio,
894 4246 1243 4317 postmodum
1275 4248 1508 4319 benigne
1534 4246 1673 4302 reci-

77 4344 242 4412 pitur,
288 4350 344 4396 et
386 4355 773 4411 nonnunquam
803 4341 1106 4413 languescit
1153 4341 1198 4397 si
1236 4341 1340 4397 hoc
1390 4356 1500 4411 quo
1547 4349 1674 4397 ante

80 4432 313 4506 proferri
360 4431 545 4488 debuit
594 4440 807 4503 tempus
848 4432 1117 4489 amiserit.
1155 4430 1292 4488 Nam
1349 4441 1407 4490 et
1456 4434 1672 4505 sapiens

82 4526 276 4581 mulier
299 4523 470 4580 Nabal
492 4523 703 4579 ebrium
735 4524 926 4580 videns
953 4522 1008 4591 (Ι
1051 4523 1182 4597 Reg.
1212 4523 1365 4599 xxv),
1389 4525 1672 4596 increpare

84 4615 147 4671 de
174 4615 335 4685 culpa
384 4615 693 4671 tenacitatis
722 4615 912 4682 noluit,
961 4631 1123 4687 quem
1174 4617 1384 4689 digesto
1422 4617 1548 4673 vino
1590 4618 1671 4672 in-

86 4705 411 4777 crepationis
447 4722 559 4761 suae
608 4706 793 4762 verbis
847 4706 1055 4764 utiliter
1117 4710 1404 4780 percussit.
1441 4710 1508 4764 Et
1544 4725 1671 4780 pro-

87 4801 242 4869 pheta
271 4800 607 4855 adulantium
640 4800 853 4873 linguas
904 4819 1013 4859 non
1042 4819 1163 4859 esse
1212 4806 1269 4860 in
1325 4808 1674 4876 subsequenti

89 4900 326 4963 tempore
354 4893 681 4949 diﬂ'erendas
727 4896 1040 4963 annuntiat,
1093 4898 1186 4967 qui
1216 4897 1292 4950 ait
1326 4915 1339 4950 :
1378 4915 1396 4948 ι
1429 4896 1672 4952 Confun-

91 4986 284 5041 dantur
310 4987 495 5042 statim
527 4989 936 5054 erubescentes,
965 4989 1060 5059 qui
1091 4989 1279 5044 dicunt
1312 4989 1468 5055 mihi,
1502 4989 1673 5061 Euge,

90 5091 215 5149 euge
247 5077 420 5150 (Paul.
468 5079 638 5153 thx).
674 5100 695 5133 ι
728 5080 981 5136 Adulatio
1017 5082 1217 5137 etenim
1244 5082 1290 5138 si
1319 5081 1403 5138 vel
1426 5082 1495 5137 ad
1540 5090 1677 5138 tem-

90 5183 185 5236 pus
233 5172 506 5239 patienter
556 5171 869 5242 suscipitur,
922 5180 1169 5245 augetur,
1198 5181 1254 5228 et
1279 5172 1555 5246 paulisper
1580 5171 1677 5229 de-

92 5260 285 5317 mulcet
308 5263 551 5317 animum
571 5272 681 5318 uta
701 5264 883 5333 rigore
897 5279 1008 5319 suae
1028 5265 1371 5321 rectitudinis
1413 5265 1679 5322 inolescat

94 5350 144 5404 in
160 5352 525 5411 delectatione
538 5355 824 5411 sermonis.
844 5354 951 5411 Sed
973 5371 1041 5411 ne
1067 5370 1315 5413 crescere
1328 5357 1545 5423 debeat,
1561 5365 1677 5413 sta-

97 5442 188 5497 tim
212 5452 296 5500 est
320 5454 379 5500 et
405 5446 523 5501 sine
551 5462 705 5502 mora
740 5445 1062 5516 abjicienda.
1092 5447 1436 5505 Pensandum
1466 5464 1682 5522 quoque

96 5534 249 5589 nobis
269 5544 357 5591 est
384 5536 618 5606 qualiter
641 5537 949 5608 loquamur,
998 5553 1127 5593 nam
1156 5553 1299 5609 saepe
1326 5540 1515 5606 verba,
1559 5554 1682 5613 qua

100 5621 240 5681 hunc
270 5628 340 5684 ad
366 5628 598 5684 salutem
626 5639 946 5700 provocant,
996 5631 1161 5685 alium
1186 5630 1495 5686 vulnerant.
1529 5632 1685 5689 Unde

101 5714 295 5776 Paulus
334 5736 550 5793 quoque
574 5723 883 5793 Apostolus,
927 5724 1021 5794 qui
1049 5723 1233 5781 Titum
1281 5724 1554 5791 admonet,
1601 5725 1685 5781 di-

102 5793 232 5877 ἑειιε
257 5822 272 5867 ι
306 5828 325 5867 ι
360 5812 543 5886 Argue
566 5829 692 5874 cum
713 5815 861 5875 omni
897 5812 1127 5890 imperio
1160 5816 1291 5889 (Tit.
1328 5819 1415 5890 ιι),
1452 5837 1473 5872 ι
1500 5817 1685 5877 Timo-

1768 3343 1963 3400 fecerit
1992 3344 2329 3415 impietatem
2370 3350 2534 3412 atque
2564 3349 2872 3412 peccatum,
2897 3354 3005 3394 non
3038 3338 3220 3393 statim
3246 3350 3367 3392 mo-

1768 3436 1932 3502 ritur,
1977 3435 2073 3490 sed
2124 3435 2346 3505 ponitur
2391 3432 2775 3489 oifendiculum
2824 3430 2880 3485 in
2933 3436 3225 3500 conspectu
3253 3425 3369 3494 ejus

1769 3528 1883 3585 sive
1900 3535 2251 3583 tormentum.
2280 3526 2367 3594 Et,
2386 3535 2446 3581 ut
2467 3524 2769 3580 Theodotio
2791 3522 2948 3589 dixit,
2973 3542 2990 3574 ι
3012 3519 3320 3585 infirmitas,
3345 3538 3362 3570 ι

1768 3631 1828 3676 ιιι
1858 3629 2197 3691 torqueatur,
2225 3628 2281 3675 et
2312 3619 2531 3690 planam
2576 3618 2718 3673 viam
2753 3632 2860 3672 non
2888 3614 3149 3679 inveniat,
3192 3618 3247 3666 et
3282 3610 3368 3665 in-

1770 3712 1976 3784 telligat
1998 3728 2057 3767 se
2093 3711 2427 3783 languidum.
2457 3711 2532 3765 De
2555 3710 2752 3781 quibus
2783 3716 2839 3765 et
2865 3705 3156 3779 Apostolus
3189 3703 3364 3759 dixit:

1775 3823 1794 3855 ‹
1837 3804 1962 3860 [deo
2001 3803 2351 3860 infirmantnr
2411 3802 2569 3859 multi
2624 3802 2765 3873 apud
2818 3816 2947 3867 vos,
2995 3807 3049 3855 et
3096 3797 3371 3853 dormiunt

1773 3897 1925 3951 multi
1951 3895 2001 3968 (ι
2025 3895 2147 3951 Cor.
2174 3894 2276 3967 xl).
2301 3915 2320 3949 ι
2348 3894 2581 3951 Prodest
2605 3893 2750 3950 enim
2770 3891 2921 3961 justo
2948 3890 3249 3961 intelligere
3273 3889 3368 3943 de—

1771 3986 1961 4043 lictum
2003 4002 2185 4052 suum,
2217 3985 2671 4055 conscientiaque
2723 3992 3077 4048 tormentum,
3106 3989 3163 4037 et
3189 3981 3370 4035 dicere

1773 4092 1895 4132 cum
1935 4076 2225 4132 Psalmista
2262 4096 2275 4129 :
2314 4096 2333 4127 ι
2370 4075 2676 4131 Conversus
2722 4091 2842 4131 sum
2872 4075 2927 4129 in
2959 4088 3201 4129 aerumna
3226 4087 3369 4155 mea,

1774 4170 1904 4226 dum
1936 4171 2072 4225 mihi
2094 4170 2337 4240 inﬁgitur
2364 4170 2518 4240 spina
2558 4168 2731 4238 (Psal.
2759 4167 2935 4239 xxxi).
2967 4186 2985 4220 ι
3009 4167 3077 4222 Ει
3101 4166 3370 4237 quomodo

1775 4261 1941 4331 impio
1970 4277 2079 4316 non
2120 4270 2249 4316 sunt
2277 4259 2449 4316 obvite
2475 4260 2813 4330 iniquitates,
2842 4260 2887 4316 si
2918 4266 3198 4315 avertatur
3224 4274 3255 4313 a
3283 4258 3371 4312 via

1774 4367 1870 4408 sua
1903 4352 2103 4422 impia,
2142 4359 2196 4408 et
2225 4352 2391 4417 vivat,
2432 4353 2511 4407 sic
2534 4350 2685 4422 justo
2726 4368 2831 4408 non
2862 4359 3092 4422 prosunt
3136 4350 3371 4419 antiquze

1769 4443 2018 4514 justitiae,
2047 4444 2092 4498 si
2141 4444 2296 4499 novis
2333 4442 2666 4499 facinoribus
2700 4444 3056 4514 opprimatur.
3091 4440 3246 4510 Quod
3277 4456 3371 4494 au-

1697 4575 1750 4636 D
1776 4541 1886 4590 tem
1910 4534 2089 4590 intulit
2109 4552 2121 4589 :
2144 4553 2164 4586 ι
2184 4535 2302 4607 Ipse
2314 4536 2600 4601 morietur,
2626 4534 2748 4605 quia
2766 4551 2875 4592 non
2901 4533 3234 4590 annuntiasti
3253 4534 3321 4597 ei,
3347 4553 3364 4584 ι

1776 4625 2099 4681 subauditur
2146 4626 2391 4697 potuisse
2420 4641 2545 4682 eum
2571 4625 2784 4690 vivere,
2835 4625 2882 4679 si
2922 4623 3230 4693 speculator
3258 4637 3372 4675 ma-

1775 4717 2053 4789 gisterque
2100 4719 2391 4774 docuisset.
2428 4735 2447 4768 ι
2483 4716 2592 4771 Sed
2621 4723 2677 4770 et
2722 4715 2768 4769 si
2818 4729 3136 4779 conversus,
3174 4713 3369 4782 inquit,

1766 4794 1948 4882 justus
1960 4828 1992 4867 a
2011 4811 2225 4880 justitia
2237 4826 2333 4866 sua
2347 4809 2538 4866 fecerit
2552 4805 2913 4877 iniquitatem,
2927 4820 3126 4878 ponam
3148 4801 3373 4859 offendi-

1775 4903 1954 4958 culum
2002 4916 2185 4957 coram
2235 4917 2320 4957 eo.
2358 4901 2476 4972 lpse
2524 4898 2807 4968 morietur,
2836 4899 2964 4971 quia
3018 4913 3127 4954 non
3168 4912 3372 4952 annuu-

1776 4994 1925 5051 tiasti
1964 4994 2049 5060 ei,
2082 4993 2137 5048 in
2166 5001 2390 5063 peccato
2438 5009 2537 5049 suo
2575 4994 2858 5060 morietur,
2887 4999 2943 5048 et
2972 4990 3097 5046 non'
3124 4996 3285 5045 erunt
3315 4988 3371 5042 in

1782 5085 2045 5141 memoria
2070 5082 2297 5154 justitia:
2343 5084 2460 5157 ejus
2493 5100 2629 5157 quas
2676 5084 2825 5140 fecit.
2873 5081 3203 5155 Sanguinem
3242 5094 3372 5135 vero

1781 5177 1900 5248 ejus
1914 5178 1981 5234 de
2000 5192 2162 5232 manu
2179 5186 2271 5233 tua
2285 5179 2577 5252 requiram.
2603 5198 2622 5230 ι
2645 5174 2849 5249 (Greg.)
2864 5173 3000 5242 Quia
3020 5171 3190 5241 justo,
3207 5171 3298 5243 qui
3316 5172 3370 5226 in

1781 5277 2008 5339 peccato
2026 5271 2244 5336 cecidit,
2263 5269 2588 5340 praedicator
2605 5268 2789 5332 tacuit,
2817 5265 2933 5335 ejus
2945 5263 3220 5336 sanguinis
3247 5278 3372 5319 reus

1785 5368 2019 5417 tenetur.
2048 5360 2115 5415 Et
2143 5360 2238 5429 qui
2264 5358 2527 5416 sollicitus
2551 5370 2673 5415 esse
2700 5372 2809 5413 non
2854 5355 3062 5412 studuit
3086 5354 3142 5410 in
3177 5354 3373 5427 praedi-

1783 5452 2019 5519 catione,
2042 5452 2219 5506 factus
2243 5462 2329 5507 est
2352 5451 2627 5523 particeps
2646 5446 2765 5519 ejus
2798 5448 2854 5504 in
2877 5446 3236 5505 damnatione.
3264 5443 3373 5501 Sed

1782 5557 1905 5597 cum
1930 5542 2126 5598 dicitur
2153 5560 2166 5595 :
2190 5561 2208 5593 ι
2230 5540 2287 5596 ιιι
2318 5548 2544 5612 peccato
2565 5554 2665 5594 suo
2687 5539 2971 5606 morietur,
3002 5545 3055 5593 et
3080 5553 3187 5592 non
3211 5545 3375 5591 erunt

1782 5635 1839 5689 in
1884 5635 2146 5689 memoria
2197 5633 2425 5704 justitia:
2475 5632 2592 5702 ejus
2639 5647 2776 5703 quas
2813 5632 2980 5699 fecit,
3012 5651 3032 5684 ι
3061 5631 3165 5687 hoc
3215 5626 3374 5685 nobis

1784 5727 2022 5781 maxime
2051 5726 2509 5783 considerandum
2531 5733 2617 5781 est
2649 5725 2776 5796 quia
2803 5741 2927 5781 cum
2958 5722 3098 5780 mala
3124 5719 3375 5779 commit—

1784 5820 1950 5877 timus
1990 5818 2109 5877 sine
2131 5832 2294 5877 causa
2312 5856 2328 5889 ,
2361 5815 2426 5875 ad
2456 5817 2776 5877 memoriam
2813 5818 2956 5878 bona
2983 5820 3172 5875 ucstra
3198 5816 3372 5869 trans-
