  <div class='ocr_page' id='page_1' title='image "/cluster/home/n/w/nwhite01/storage/ocr_20150623/110/hvd.32044015466865/312.png"; bbox 0 0 3938 6360; ppageno 0'>
   <div class='ocr_carea' id='block_1_1' title="bbox 172 372 275 445">
    <p class='ocr_par' dir='ltr' id='par_1_1' title="bbox 172 372 275 445">
     <span class='ocr_line' id='line_1_1' title="bbox 172 372 275 445; baseline 0.019 -3"><span class='ocrx_word' id='word_1_1' title='bbox 172 372 275 445; x_wconf 68' lang='lat' dir='ltr'><strong>Bal</strong></span> 
     </span>
    </p>
   </div>
   <div class='ocr_carea' id='block_1_2' title="bbox 1055 386 2464 451">
    <p class='ocr_par' dir='ltr' id='par_1_2' title="bbox 1055 386 2464 451">
     <span class='ocr_line' id='line_1_2' title="bbox 1055 386 2464 451; baseline 0.004 -6"><span class='ocrx_word' id='word_1_2' title='bbox 1055 400 1060 405; x_wconf 85' lang='lat'>&#39;</span> <span class='ocrx_word' id='word_1_3' title='bbox 1120 386 1470 447; x_wconf 71' lang='lat' dir='ltr'><strong>GOMIIEN‘I‘.</strong></span> <span class='ocrx_word' id='word_1_4' title='bbox 1504 388 1575 447; x_wconf 71' lang='grc' dir='ltr'>ΙΝ</span> <span class='ocrx_word' id='word_1_5' title='bbox 1612 386 2065 450; x_wconf 61' lang='lat' dir='ltr'><strong>EEECHIELEH.</strong></span> <span class='ocrx_word' id='word_1_6' title='bbox 2100 424 2174 437; x_wconf 83' lang='lat'><strong>-—-</strong></span> <span class='ocrx_word' id='word_1_7' title='bbox 2209 390 2339 450; x_wconf 76' lang='lat' dir='ltr'><strong>LIB.</strong></span> <span class='ocrx_word' id='word_1_8' title='bbox 2376 390 2464 451; x_wconf 70' lang='lat' dir='ltr'><strong>th</strong></span> 
     </span>
    </p>
   </div>
   <div class='ocr_carea' id='block_1_3' title="bbox 3328 392 3435 459">
    <p class='ocr_par' dir='ltr' id='par_1_3' title="bbox 3328 392 3435 459">
     <span class='ocr_line' id='line_1_3' title="bbox 3328 392 3435 459; baseline -0.028 0"><span class='ocrx_word' id='word_1_9' title='bbox 3328 392 3435 459; x_wconf 58' lang='lat'><strong>58¢</strong></span> 
     </span>
    </p>
   </div>
   <div class='ocr_carea' id='block_1_4' title="bbox 170 494 3434 577">
    <p class='ocr_par' dir='ltr' id='par_1_4' title="bbox 170 494 3434 577">
     <span class='ocr_line' id='line_1_4' title="bbox 170 494 3434 577; baseline 0.006 -24"><span class='ocrx_word' id='word_1_10' title='bbox 170 507 359 554; x_wconf 84' lang='lat' dir='ltr'><strong>autem</strong></span> <span class='ocrx_word' id='word_1_11' title='bbox 399 494 678 569; x_wconf 80' lang='lat' dir='ltr'><strong>egreditur</strong></span> <span class='ocrx_word' id='word_1_12' title='bbox 713 498 769 553; x_wconf 86' lang='lat' dir='ltr'><strong>in</strong></span> <span class='ocrx_word' id='word_1_13' title='bbox 805 510 1076 567; x_wconf 82' lang='lat' dir='ltr'><strong>campum,</strong></span> <span class='ocrx_word' id='word_1_14' title='bbox 1098 498 1162 553; x_wconf 74' lang='lat' dir='ltr'><strong>ﬁt</strong></span> <span class='ocrx_word' id='word_1_15' title='bbox 1188 500 1408 570; x_wconf 73' lang='lat' dir='ltr'><strong>quidem</strong></span> <span class='ocrx_word' id='word_1_16' title='bbox 1445 517 1611 573; x_wconf 83' lang='lat' dir='ltr'><strong>super</strong></span> <span class='ocrx_word' id='word_1_17' title='bbox 1632 519 1757 561; x_wconf 84' lang='lat' dir='ltr'><strong>eum</strong></span> <span class='ocrx_word' id='word_1_18' title='bbox 1783 511 1838 572; x_wconf 71' lang='grc' dir='ltr'><strong>Α</strong></span> <span class='ocrx_word' id='word_1_19' title='bbox 1860 519 2028 561; x_wconf 76' lang='lat' dir='ltr'><strong>meos.</strong></span> <span class='ocrx_word' id='word_1_20' title='bbox 2055 523 2077 559; x_wconf 74' lang='grc' dir='ltr'><strong>ι</strong></span> <span class='ocrx_word' id='word_1_21' title='bbox 2107 504 2244 561; x_wconf 75' lang='lat' dir='ltr'><strong>Cum</strong></span> <span class='ocrx_word' id='word_1_22' title='bbox 2262 520 2365 563; x_wconf 81' lang='lat' dir='ltr'><strong>uos</strong></span> <span class='ocrx_word' id='word_1_23' title='bbox 2390 507 2668 569; x_wconf 73' lang='lat' dir='ltr'><strong>bumiiitsr</strong></span> <span class='ocrx_word' id='word_1_24' title='bbox 2695 507 2804 565; x_wconf 81' lang='lat' dir='ltr'><strong>Dec</strong></span> <span class='ocrx_word' id='word_1_25' title='bbox 2824 511 3141 577; x_wconf 64' lang='lat' dir='ltr'><strong>struimus,</strong></span> <span class='ocrx_word' id='word_1_26' title='bbox 3160 528 3286 570; x_wconf 79' lang='lat' dir='ltr'><strong>eum</strong></span> <span class='ocrx_word' id='word_1_27' title='bbox 3311 528 3434 573; x_wconf 84' lang='lat' dir='ltr'><strong>esse</strong></span> 
     </span>
    </p>
   </div>
   <div class='ocr_carea' id='block_1_5' title="bbox 172 590 1754 662">
    <p class='ocr_par' dir='ltr' id='par_1_5' title="bbox 172 590 1754 662">
     <span class='ocr_line' id='line_1_5' title="bbox 172 590 1754 662; baseline 0.004 -16"><span class='ocrx_word' id='word_1_28' title='bbox 172 606 369 646; x_wconf 85' lang='lat' dir='ltr'><strong>manus</strong></span> <span class='ocrx_word' id='word_1_29' title='bbox 387 590 619 657; x_wconf 82' lang='lat' dir='ltr'><strong>Domini,</strong></span> <span class='ocrx_word' id='word_1_30' title='bbox 648 591 773 660; x_wconf 89' lang='lat' dir='ltr'><strong>quia</strong></span> <span class='ocrx_word' id='word_1_31' title='bbox 796 591 998 660; x_wconf 84' lang='lat' dir='ltr'><strong>absque</strong></span> <span class='ocrx_word' id='word_1_32' title='bbox 1020 591 1164 647; x_wconf 87' lang='lat' dir='ltr'><strong>illius</strong></span> <span class='ocrx_word' id='word_1_33' title='bbox 1183 591 1454 662; x_wconf 71' lang='lat' dir='ltr'><strong>adiutorio</strong></span> <span class='ocrx_word' id='word_1_34' title='bbox 1475 597 1626 651; x_wconf 86' lang='lat' dir='ltr'><strong>exire</strong></span> <span class='ocrx_word' id='word_1_35' title='bbox 1647 612 1754 653; x_wconf 85' lang='lat' dir='ltr'><strong>non</strong></span> 
     </span>
    </p>
   </div>
   <div class='ocr_carea' id='block_1_6' title="bbox 168 680 1755 752">
    <p class='ocr_par' dir='ltr' id='par_1_6' title="bbox 168 680 1755 752">
     <span class='ocr_line' id='line_1_6' title="bbox 168 680 1755 752; baseline 0.007 -18"><span class='ocrx_word' id='word_1_36' title='bbox 168 689 407 752; x_wconf 88' lang='lat' dir='ltr'><strong>poterat,</strong></span> <span class='ocrx_word' id='word_1_37' title='bbox 430 681 525 737; x_wconf 88' lang='lat' dir='ltr'><strong>sed</strong></span> <span class='ocrx_word' id='word_1_38' title='bbox 545 697 651 737; x_wconf 87' lang='lat' dir='ltr'><strong>non</strong></span> <span class='ocrx_word' id='word_1_39' title='bbox 678 682 893 736; x_wconf 76' lang='lat' dir='ltr'><strong>additur</strong></span> <span class='ocrx_word' id='word_1_40' title='bbox 918 700 937 733; x_wconf 86' lang='grc'>‹</span> <span class='ocrx_word' id='word_1_41' title='bbox 966 680 1172 737; x_wconf 63' lang='lat' dir='ltr'><strong>tortis.»</strong></span> <span class='ocrx_word' id='word_1_42' title='bbox 1198 682 1280 738; x_wconf 85' lang='lat' dir='ltr'><strong>Ad</strong></span> <span class='ocrx_word' id='word_1_43' title='bbox 1298 683 1583 742; x_wconf 82' lang='lat' dir='ltr'><strong>videndam</strong></span> <span class='ocrx_word' id='word_1_44' title='bbox 1607 689 1755 744; x_wconf 87' lang='lat' dir='ltr'><strong>enim</strong></span> 
     </span>
    </p>
   </div>
   <div class='ocr_carea' id='block_1_7' title="bbox 167 770 1757 844">
    <p class='ocr_par' dir='ltr' id='par_1_7' title="bbox 167 770 1757 844">
     <span class='ocr_line' id='line_1_7' title="bbox 167 770 1757 844; baseline 0.006 -18"><span class='ocrx_word' id='word_1_45' title='bbox 167 772 401 842; x_wconf 85' lang='lat' dir='ltr'><strong>gloriam</strong></span> <span class='ocrx_word' id='word_1_46' title='bbox 426 770 554 837; x_wconf 86' lang='lat' dir='ltr'><strong>Dei,</strong></span> <span class='ocrx_word' id='word_1_47' title='bbox 600 786 705 828; x_wconf 87' lang='lat' dir='ltr'><strong>non</strong></span> <span class='ocrx_word' id='word_1_48' title='bbox 748 772 817 827; x_wconf 91' lang='lat' dir='ltr'><strong>ad</strong></span> <span class='ocrx_word' id='word_1_49' title='bbox 852 771 1199 842; x_wconf 81' lang='lat' dir='ltr'><strong>pugnandum</strong></span> <span class='ocrx_word' id='word_1_50' title='bbox 1219 775 1516 844; x_wconf 76' lang='lat' dir='ltr'><strong>egreditur.</strong></span> <span class='ocrx_word' id='word_1_51' title='bbox 1544 776 1613 839; x_wconf 79' lang='lat' dir='ltr'><strong>Et</strong></span> <span class='ocrx_word' id='word_1_52' title='bbox 1652 779 1757 835; x_wconf 77' lang='lat' dir='ltr'><strong>hoc</strong></span> 
     </span>
    </p>
   </div>
   <div class='ocr_carea' id='block_1_8' title="bbox 166 863 1755 936">
    <p class='ocr_par' dir='ltr' id='par_1_8' title="bbox 166 863 1755 936">
     <span class='ocr_line' id='line_1_8' title="bbox 166 863 1755 936; baseline 0.006 -19"><span class='ocrx_word' id='word_1_53' title='bbox 166 863 709 920; x_wconf 80' lang='lat' dir='ltr'><strong>animadvertendum</strong></span> <span class='ocrx_word' id='word_1_54' title='bbox 726 905 741 931; x_wconf 92' lang='lat'><strong>,</strong></span> <span class='ocrx_word' id='word_1_55' title='bbox 770 863 912 934; x_wconf 90' lang='lat' dir='ltr'><strong>quod</strong></span> <span class='ocrx_word' id='word_1_56' title='bbox 936 864 990 918; x_wconf 88' lang='lat' dir='ltr'><strong>in</strong></span> <span class='ocrx_word' id='word_1_57' title='bbox 1011 865 1190 925; x_wconf 88' lang='lat' dir='ltr'><strong>medio</strong></span> <span class='ocrx_word' id='word_1_58' title='bbox 1210 867 1543 936; x_wconf 85' lang='lat' dir='ltr'><strong>captivorum</strong></span> <span class='ocrx_word' id='word_1_59' title='bbox 1565 872 1755 926; x_wconf 83' lang='lat' dir='ltr'><strong>seden-</strong></span> 
     </span>
    </p>
   </div>
   <div class='ocr_carea' id='block_1_9' title="bbox 167 953 1749 1027">
    <p class='ocr_par' dir='ltr' id='par_1_9' title="bbox 167 953 1749 1027">
     <span class='ocr_line' id='line_1_9' title="bbox 167 953 1749 1027; baseline 0.003 -19"><span class='ocrx_word' id='word_1_60' title='bbox 167 955 309 1009; x_wconf 88' lang='lat' dir='ltr'><strong>tium</strong></span> <span class='ocrx_word' id='word_1_61' title='bbox 324 955 437 1026; x_wconf 91' lang='lat' dir='ltr'><strong>ipse</strong></span> <span class='ocrx_word' id='word_1_62' title='bbox 448 956 643 1010; x_wconf 89' lang='lat' dir='ltr'><strong>sedens</strong></span> <span class='ocrx_word' id='word_1_63' title='bbox 663 955 924 1026; x_wconf 86' lang='lat' dir='ltr'><strong>propheta</strong></span> <span class='ocrx_word' id='word_1_64' title='bbox 942 953 1167 1027; x_wconf 77' lang='lat' dir='ltr'><strong>gloriam</strong></span> <span class='ocrx_word' id='word_1_65' title='bbox 1182 955 1395 1011; x_wconf 83' lang='lat' dir='ltr'><strong>Domini</strong></span> <span class='ocrx_word' id='word_1_66' title='bbox 1413 972 1523 1012; x_wconf 77' lang='lat' dir='ltr'><strong>non</strong></span> <span class='ocrx_word' id='word_1_67' title='bbox 1535 956 1749 1014; x_wconf 85' lang='lat' dir='ltr'><strong>viderit.</strong></span> 
     </span>
    </p>
   </div>
   <div class='ocr_carea' id='block_1_10' title="bbox 247 1038 1754 1119">
    <p class='ocr_par' dir='ltr' id='par_1_10' title="bbox 247 1038 1754 1119">
     <span class='ocr_line' id='line_1_10' title="bbox 247 1038 1754 1119; baseline 0.001 -19"><span class='ocrx_word' id='word_1_68' title='bbox 247 1064 266 1100; x_wconf 73' lang='grc' dir='ltr'><strong>ι</strong></span> <span class='ocrx_word' id='word_1_69' title='bbox 298 1048 590 1104; x_wconf 82' lang='lat' dir='ltr'><strong>Etsurrexi</strong></span> <span class='ocrx_word' id='word_1_70' title='bbox 626 1038 682 1102; x_wconf 84' lang='lat' dir='ltr'><strong>et</strong></span> <span class='ocrx_word' id='word_1_71' title='bbox 709 1062 961 1119; x_wconf 84' lang='lat' dir='ltr'><strong>egressus</strong></span> <span class='ocrx_word' id='word_1_72' title='bbox 1004 1062 1125 1107; x_wconf 86' lang='lat' dir='ltr'><strong>sum</strong></span> <span class='ocrx_word' id='word_1_73' title='bbox 1164 1047 1219 1101; x_wconf 88' lang='lat' dir='ltr'><strong>in</strong></span> <span class='ocrx_word' id='word_1_74' title='bbox 1246 1061 1515 1117; x_wconf 80' lang='lat' dir='ltr'><strong>campum,</strong></span> <span class='ocrx_word' id='word_1_75' title='bbox 1546 1058 1603 1104; x_wconf 90' lang='lat' dir='ltr'><strong>et</strong></span> <span class='ocrx_word' id='word_1_76' title='bbox 1618 1063 1754 1106; x_wconf 10' lang='lat' dir='ltr'><strong>caece</strong></span> 
     </span>
    </p>
   </div>
   <div class='ocr_carea' id='block_1_11' title="bbox 166 1137 1750 1211">
    <p class='ocr_par' dir='ltr' id='par_1_11' title="bbox 166 1137 1750 1211">
     <span class='ocr_line' id='line_1_11' title="bbox 166 1137 1750 1211; baseline 0.003 -21"><span class='ocrx_word' id='word_1_77' title='bbox 166 1157 190 1190; x_wconf 73' lang='grc' dir='ltr'><strong>ι</strong></span> <span class='ocrx_word' id='word_1_78' title='bbox 232 1138 308 1193; x_wconf 89' lang='lat' dir='ltr'><strong>ibi</strong></span> <span class='ocrx_word' id='word_1_79' title='bbox 330 1138 497 1211; x_wconf 87' lang='lat' dir='ltr'><strong>gloria</strong></span> <span class='ocrx_word' id='word_1_80' title='bbox 523 1137 737 1193; x_wconf 88' lang='lat' dir='ltr'><strong>Domini</strong></span> <span class='ocrx_word' id='word_1_81' title='bbox 783 1138 985 1205; x_wconf 83' lang='lat' dir='ltr'><strong>stabat,</strong></span> <span class='ocrx_word' id='word_1_82' title='bbox 1022 1138 1175 1208; x_wconf 88' lang='lat' dir='ltr'><strong>quasi</strong></span> <span class='ocrx_word' id='word_1_83' title='bbox 1197 1137 1402 1208; x_wconf 90' lang='lat' dir='ltr'><strong>gloria,</strong></span> <span class='ocrx_word' id='word_1_84' title='bbox 1431 1153 1599 1208; x_wconf 86' lang='lat' dir='ltr'><strong>quam</strong></span> <span class='ocrx_word' id='word_1_85' title='bbox 1640 1139 1750 1195; x_wconf 87' lang='lat' dir='ltr'><strong>vidi</strong></span> 
     </span>
    </p>
   </div>
   <div class='ocr_carea' id='block_1_12' title="bbox 166 1228 1751 1302">
    <p class='ocr_par' dir='ltr' id='par_1_12' title="bbox 166 1228 1751 1302">
     <span class='ocr_line' id='line_1_12' title="bbox 166 1228 1751 1302; baseline 0.001 -18"><span class='ocrx_word' id='word_1_86' title='bbox 166 1250 189 1283; x_wconf 74' lang='grc' dir='ltr'><strong>σ</strong></span> <span class='ocrx_word' id='word_1_87' title='bbox 221 1231 375 1302; x_wconf 78' lang='lat' dir='ltr'><strong>juxta</strong></span> <span class='ocrx_word' id='word_1_88' title='bbox 410 1228 633 1286; x_wconf 80' lang='lat' dir='ltr'><strong>ﬂuvium</strong></span> <span class='ocrx_word' id='word_1_89' title='bbox 656 1229 894 1296; x_wconf 84' lang='lat' dir='ltr'><strong>Chobar,</strong></span> <span class='ocrx_word' id='word_1_90' title='bbox 936 1237 1044 1285; x_wconf 91' lang='lat' dir='ltr'><strong>etc.</strong></span> <span class='ocrx_word' id='word_1_91' title='bbox 1074 1247 1095 1282; x_wconf 83' lang='grc' dir='ltr'><strong>ι</strong></span> <span class='ocrx_word' id='word_1_92' title='bbox 1122 1228 1358 1285; x_wconf 68' lang='lat' dir='ltr'><strong>lubente</strong></span> <span class='ocrx_word' id='word_1_93' title='bbox 1396 1229 1628 1287; x_wconf 84' lang='lat' dir='ltr'><strong>Domino</strong></span> <span class='ocrx_word' id='word_1_94' title='bbox 1668 1231 1751 1286; x_wconf 91' lang='lat' dir='ltr'><strong>in-</strong></span> 
     </span>
    </p>
   </div>
   <div class='ocr_carea' id='block_1_13' title="bbox 160 1319 1750 1393">
    <p class='ocr_par' dir='ltr' id='par_1_13' title="bbox 160 1319 1750 1393">
     <span class='ocr_line' id='line_1_13' title="bbox 160 1319 1750 1393; baseline -0.001 -14"><span class='ocrx_word' id='word_1_95' title='bbox 160 1321 429 1393; x_wconf 81' lang='lat' dir='ltr'><strong>greditur,</strong></span> <span class='ocrx_word' id='word_1_96' title='bbox 450 1329 504 1375; x_wconf 83' lang='lat' dir='ltr'><strong>et</strong></span> <span class='ocrx_word' id='word_1_97' title='bbox 517 1319 741 1391; x_wconf 66' lang='lat' dir='ltr'><strong>iubente</strong></span> <span class='ocrx_word' id='word_1_98' title='bbox 770 1320 1068 1390; x_wconf 81' lang='lat' dir='ltr'><strong>egreditur,</strong></span> <span class='ocrx_word' id='word_1_99' title='bbox 1095 1319 1345 1389; x_wconf 80' lang='lat' dir='ltr'><strong>seditque</strong></span> <span class='ocrx_word' id='word_1_100' title='bbox 1382 1335 1505 1376; x_wconf 87' lang='lat' dir='ltr'><strong>cum</strong></span> <span class='ocrx_word' id='word_1_101' title='bbox 1553 1321 1750 1377; x_wconf 86' lang='lat' dir='ltr'><strong>seden-</strong></span> 
     </span>
    </p>
   </div>
   <div class='ocr_carea' id='block_1_14' title="bbox 160 1413 1749 1485">
    <p class='ocr_par' dir='ltr' id='par_1_14' title="bbox 160 1413 1749 1485">
     <span class='ocr_line' id='line_1_14' title="bbox 160 1413 1749 1485; baseline -0.001 -15"><span class='ocrx_word' id='word_1_102' title='bbox 160 1416 343 1482; x_wconf 83' lang='lat' dir='ltr'><strong>tibus,</strong></span> <span class='ocrx_word' id='word_1_103' title='bbox 377 1414 501 1485; x_wconf 87' lang='lat' dir='ltr'><strong>quia</strong></span> <span class='ocrx_word' id='word_1_104' title='bbox 529 1421 763 1477; x_wconf 80' lang='lat' dir='ltr'><strong>stantem</strong></span> <span class='ocrx_word' id='word_1_105' title='bbox 794 1413 944 1468; x_wconf 86' lang='lat' dir='ltr'><strong>illum</strong></span> <span class='ocrx_word' id='word_1_106' title='bbox 985 1428 1246 1469; x_wconf 83' lang='lat' dir='ltr'><strong>numerus</strong></span> <span class='ocrx_word' id='word_1_107' title='bbox 1286 1414 1622 1484; x_wconf 85' lang='lat' dir='ltr'><strong>captivorum</strong></span> <span class='ocrx_word' id='word_1_108' title='bbox 1652 1429 1749 1469; x_wconf 67' lang='lat' dir='ltr'><strong>auo</strong></span> 
     </span>
    </p>
   </div>
   <div class='ocr_carea' id='block_1_15' title="bbox 157 1504 1742 1577">
    <p class='ocr_par' dir='ltr' id='par_1_15' title="bbox 157 1504 1742 1577">
     <span class='ocr_line' id='line_1_15' title="bbox 157 1504 1742 1577; baseline -0.003 -14"><span class='ocrx_word' id='word_1_109' title='bbox 157 1508 295 1563; x_wconf 87' lang='lat' dir='ltr'><strong>dere</strong></span> <span class='ocrx_word' id='word_1_110' title='bbox 318 1522 422 1563; x_wconf 88' lang='lat' dir='ltr'><strong>nou</strong></span> <span class='ocrx_word' id='word_1_111' title='bbox 454 1515 687 1576; x_wconf 79' lang='lat' dir='ltr'><strong>poterat.</strong></span> <span class='ocrx_word' id='word_1_112' title='bbox 710 1506 1083 1577; x_wconf 72' lang='lat' dir='ltr'><strong>Egressusque</strong></span> <span class='ocrx_word' id='word_1_113' title='bbox 1106 1505 1163 1559; x_wconf 88' lang='lat' dir='ltr'><strong>in</strong></span> <span class='ocrx_word' id='word_1_114' title='bbox 1184 1504 1362 1574; x_wconf 84' lang='lat' dir='ltr'><strong>campi</strong></span> <span class='ocrx_word' id='word_1_115' title='bbox 1380 1504 1742 1572; x_wconf 80' lang='lat' dir='ltr'><strong>latitudinem,</strong></span> 
     </span>
    </p>
   </div>
   <div class='ocr_carea' id='block_1_16' title="bbox 153 1595 1745 1667">
    <p class='ocr_par' dir='ltr' id='par_1_16' title="bbox 153 1595 1745 1667">
     <span class='ocr_line' id='line_1_16' title="bbox 153 1595 1745 1667; baseline 0 -16"><span class='ocrx_word' id='word_1_116' title='bbox 153 1598 311 1653; x_wconf 82' lang='lat' dir='ltr'><strong>videt</strong></span> <span class='ocrx_word' id='word_1_117' title='bbox 338 1605 576 1657; x_wconf 77' lang='lat' dir='ltr'><strong>stantem</strong></span> <span class='ocrx_word' id='word_1_118' title='bbox 616 1597 843 1667; x_wconf 89' lang='lat' dir='ltr'><strong>gloriam</strong></span> <span class='ocrx_word' id='word_1_119' title='bbox 887 1595 1121 1661; x_wconf 84' lang='lat' dir='ltr'><strong>Domini,</strong></span> <span class='ocrx_word' id='word_1_120' title='bbox 1163 1611 1325 1667; x_wconf 83' lang='lat' dir='ltr'><strong>quam</strong></span> <span class='ocrx_word' id='word_1_121' title='bbox 1356 1596 1510 1666; x_wconf 86' lang='lat' dir='ltr'><strong>prius</strong></span> <span class='ocrx_word' id='word_1_122' title='bbox 1534 1596 1745 1651; x_wconf 85' lang='lat' dir='ltr'><strong>viderat</strong></span> 
     </span>
    </p>
   </div>
   <div class='ocr_carea' id='block_1_17' title="bbox 151 1688 1738 1759">
    <p class='ocr_par' dir='ltr' id='par_1_17' title="bbox 151 1688 1738 1759">
     <span class='ocr_line' id='line_1_17' title="bbox 151 1688 1738 1759; baseline 0.001 -15"><span class='ocrx_word' id='word_1_123' title='bbox 151 1690 530 1749; x_wconf 81' lang='lat' dir='ltr'><strong>ambulantem</strong></span> <span class='ocrx_word' id='word_1_124' title='bbox 572 1698 629 1744; x_wconf 89' lang='lat' dir='ltr'><strong>et</strong></span> <span class='ocrx_word' id='word_1_125' title='bbox 653 1689 951 1751; x_wconf 84' lang='lat' dir='ltr'><strong>elevantem</strong></span> <span class='ocrx_word' id='word_1_126' title='bbox 988 1703 1047 1743; x_wconf 89' lang='lat' dir='ltr'><strong>se</strong></span> <span class='ocrx_word' id='word_1_127' title='bbox 1081 1695 1135 1743; x_wconf 88' lang='lat' dir='ltr'><strong>et</strong></span> <span class='ocrx_word' id='word_1_128' title='bbox 1161 1688 1434 1744; x_wconf 78' lang='lat' dir='ltr'><strong>interdum</strong></span> <span class='ocrx_word' id='word_1_129' title='bbox 1469 1695 1738 1759; x_wconf 75' lang='lat' dir='ltr'><strong>stantem;</strong></span> 
     </span>
    </p>
   </div>
   <div class='ocr_carea' id='block_1_18' title="bbox 149 1777 1741 1852">
    <p class='ocr_par' dir='ltr' id='par_1_18' title="bbox 149 1777 1741 1852">
     <span class='ocr_line' id='line_1_18' title="bbox 149 1777 1741 1852; baseline 0 -17"><span class='ocrx_word' id='word_1_130' title='bbox 149 1781 291 1851; x_wconf 87' lang='lat' dir='ltr'><strong>quia</strong></span> <span class='ocrx_word' id='word_1_131' title='bbox 314 1781 469 1852; x_wconf 84' lang='lat' dir='ltr'><strong>juxta</strong></span> <span class='ocrx_word' id='word_1_132' title='bbox 506 1779 721 1835; x_wconf 76' lang='lat' dir='ltr'><strong>ﬂuvium</strong></span> <span class='ocrx_word' id='word_1_133' title='bbox 762 1778 941 1846; x_wconf 57' lang='grc' dir='ltr'><strong>δίκαιιί</strong></span> <span class='ocrx_word' id='word_1_134' title='bbox 971 1777 1130 1849; x_wconf 82' lang='lat' dir='ltr'><strong>hujus</strong></span> <span class='ocrx_word' id='word_1_135' title='bbox 1150 1777 1401 1843; x_wconf 81' lang='lat' dir='ltr'><strong>Chobar,</strong></span> <span class='ocrx_word' id='word_1_136' title='bbox 1441 1777 1533 1851; x_wconf 91' lang='lat' dir='ltr'><strong>qui</strong></span> <span class='ocrx_word' id='word_1_137' title='bbox 1577 1778 1741 1835; x_wconf 83' lang='lat' dir='ltr'><strong>inter-</strong></span> 
     </span>
    </p>
   </div>
   <div class='ocr_carea' id='block_1_19' title="bbox 1856 596 3433 669">
    <p class='ocr_par' dir='ltr' id='par_1_19' title="bbox 1856 596 3433 669">
     <span class='ocr_line' id='line_1_19' title="bbox 1856 596 3433 669; baseline 0.004 -16"><span class='ocrx_word' id='word_1_138' title='bbox 1856 611 1959 653; x_wconf 76' lang='lat' dir='ltr'><strong>nus</strong></span> <span class='ocrx_word' id='word_1_139' title='bbox 1983 596 2224 653; x_wconf 77' lang='lat' dir='ltr'><strong>cinerem</strong></span> <span class='ocrx_word' id='word_1_140' title='bbox 2265 597 2650 669; x_wconf 73' lang='lat' dir='ltr'><strong>pulveremque</strong></span> <span class='ocrx_word' id='word_1_141' title='bbox 2673 601 3077 669; x_wconf 72' lang='lat' dir='ltr'><strong>cognoscimus,</strong></span> <span class='ocrx_word' id='word_1_142' title='bbox 3126 618 3248 658; x_wconf 87' lang='lat' dir='ltr'><strong>cum</strong></span> <span class='ocrx_word' id='word_1_143' title='bbox 3279 604 3433 659; x_wconf 87' lang='lat' dir='ltr'><strong>intlr-</strong></span> 
     </span>
    </p>
   </div>
   <div class='ocr_carea' id='block_1_20' title="bbox 1852 687 3429 765">
    <p class='ocr_par' dir='ltr' id='par_1_20' title="bbox 1852 687 3429 765">
     <span class='ocr_line' id='line_1_20' title="bbox 1852 687 3429 765; baseline 0.003 -22"><span class='ocrx_word' id='word_1_144' title='bbox 1852 688 2098 744; x_wconf 81' lang='lat' dir='ltr'><strong>mitatem</strong></span> <span class='ocrx_word' id='word_1_145' title='bbox 2122 687 2354 758; x_wconf 78' lang='lat' dir='ltr'><strong>propriae</strong></span> <span class='ocrx_word' id='word_1_146' title='bbox 2375 689 2700 757; x_wconf 78' lang='lat' dir='ltr'><strong>conditionis</strong></span> <span class='ocrx_word' id='word_1_147' title='bbox 2730 701 3037 759; x_wconf 60' lang='lat' dir='ltr'><strong>pausantes,</strong></span> <span class='ocrx_word' id='word_1_148' title='bbox 3068 699 3267 747; x_wconf 86' lang='lat' dir='ltr'><strong>statum</strong></span> <span class='ocrx_word' id='word_1_149' title='bbox 3297 693 3429 765; x_wconf 88' lang='lat' dir='ltr'><strong>rigi-</strong></span> 
     </span>
    </p>
   </div>
   <div class='ocr_carea' id='block_1_21' title="bbox 1854 777 3433 851">
    <p class='ocr_par' dir='ltr' id='par_1_21' title="bbox 1854 777 3433 851">
     <span class='ocr_line' id='line_1_21' title="bbox 1854 777 3433 851; baseline 0.003 -18"><span class='ocrx_word' id='word_1_150' title='bbox 1854 777 2041 833; x_wconf 87' lang='lat' dir='ltr'><strong>ditatis</strong></span> <span class='ocrx_word' id='word_1_151' title='bbox 2067 784 2124 833; x_wconf 92' lang='lat' dir='ltr'><strong>et</strong></span> <span class='ocrx_word' id='word_1_152' title='bbox 2145 778 2409 848; x_wconf 68' lang='lat' dir='ltr'><strong>superbia</strong></span> <span class='ocrx_word' id='word_1_153' title='bbox 2457 794 2563 834; x_wconf 90' lang='lat' dir='ltr'><strong>non</strong></span> <span class='ocrx_word' id='word_1_154' title='bbox 2594 780 2878 845; x_wconf 84' lang='lat' dir='ltr'><strong>habemus,</strong></span> <span class='ocrx_word' id='word_1_155' title='bbox 2918 781 3260 851; x_wconf 78' lang='lat' dir='ltr'><strong>omnipotens</strong></span> <span class='ocrx_word' id='word_1_156' title='bbox 3289 781 3433 838; x_wconf 84' lang='lat' dir='ltr'><strong>Deus</strong></span> 
     </span>
    </p>
   </div>
   <div class='ocr_carea' id='block_1_22' title="bbox 1852 870 3433 943">
    <p class='ocr_par' dir='ltr' id='par_1_22' title="bbox 1852 870 3433 943">
     <span class='ocr_line' id='line_1_22' title="bbox 1852 870 3433 943; baseline 0.003 -18"><span class='ocrx_word' id='word_1_157' title='bbox 1852 883 1953 940; x_wconf 80' lang='lat' dir='ltr'><strong>per</strong></span> <span class='ocrx_word' id='word_1_158' title='bbox 1975 884 2131 926; x_wconf 86' lang='lat' dir='ltr'><strong>suum</strong></span> <span class='ocrx_word' id='word_1_159' title='bbox 2159 884 2259 925; x_wconf 88' lang='lat' dir='ltr'><strong>nos</strong></span> <span class='ocrx_word' id='word_1_160' title='bbox 2285 870 2537 942; x_wconf 78' lang='lat' dir='ltr'><strong>spiritum</strong></span> <span class='ocrx_word' id='word_1_161' title='bbox 2565 871 2729 937; x_wconf 86' lang='lat' dir='ltr'><strong>levat,</strong></span> <span class='ocrx_word' id='word_1_162' title='bbox 2754 881 2810 926; x_wconf 89' lang='lat' dir='ltr'><strong>et</strong></span> <span class='ocrx_word' id='word_1_163' title='bbox 2851 887 3012 943; x_wconf 79' lang='lat' dir='ltr'><strong>super</strong></span> <span class='ocrx_word' id='word_1_164' title='bbox 3037 874 3433 943; x_wconf 72' lang='lat' dir='ltr'><strong>pedesuostros</strong></span> 
     </span>
    </p>
   </div>
   <div class='ocr_carea' id='block_1_23' title="bbox 1853 958 3432 1031">
    <p class='ocr_par' dir='ltr' id='par_1_23' title="bbox 1853 958 3432 1031">
     <span class='ocr_line' id='line_1_23' title="bbox 1853 958 3432 1031; baseline 0.004 -18"><span class='ocrx_word' id='word_1_165' title='bbox 1853 958 2066 1025; x_wconf 86' lang='lat' dir='ltr'><strong>statuit,</strong></span> <span class='ocrx_word' id='word_1_166' title='bbox 2118 958 2295 1030; x_wconf 90' lang='lat' dir='ltr'><strong>utqui</strong></span> <span class='ocrx_word' id='word_1_167' title='bbox 2339 959 2616 1016; x_wconf 85' lang='lat' dir='ltr'><strong>humiliter</strong></span> <span class='ocrx_word' id='word_1_168' title='bbox 2665 962 2807 1031; x_wconf 78' lang='lat' dir='ltr'><strong>apud</strong></span> <span class='ocrx_word' id='word_1_169' title='bbox 2846 976 2946 1017; x_wconf 88' lang='lat' dir='ltr'><strong>nos</strong></span> <span class='ocrx_word' id='word_1_170' title='bbox 2987 978 3053 1016; x_wconf 83' lang='lat' dir='ltr'><strong>ex</strong></span> <span class='ocrx_word' id='word_1_171' title='bbox 3102 961 3432 1031; x_wconf 65' lang='lat' dir='ltr'><strong>inﬁrmitatis</strong></span> 
     </span>
    </p>
   </div>
   <div class='ocr_carea' id='block_1_24' title="bbox 1851 1047 3432 1123">
    <p class='ocr_par' dir='ltr' id='par_1_24' title="bbox 1851 1047 3432 1123">
     <span class='ocr_line' id='line_1_24' title="bbox 1851 1047 3432 1123; baseline 0.004 -19"><span class='ocrx_word' id='word_1_172' title='bbox 1851 1055 2053 1104; x_wconf 65' lang='lat' dir='ltr'><strong>nostra:</strong></span> <span class='ocrx_word' id='word_1_173' title='bbox 2094 1048 2405 1120; x_wconf 76' lang='lat' dir='ltr'><strong>cognitione</strong></span> <span class='ocrx_word' id='word_1_174' title='bbox 2451 1047 2743 1119; x_wconf 74' lang='lat' dir='ltr'><strong>iacuimus,</strong></span> <span class='ocrx_word' id='word_1_175' title='bbox 2780 1059 2838 1107; x_wconf 90' lang='lat' dir='ltr'><strong>et</strong></span> <span class='ocrx_word' id='word_1_176' title='bbox 2876 1053 3143 1123; x_wconf 71' lang='lat' dir='ltr'><strong>iacemus,</strong></span> <span class='ocrx_word' id='word_1_177' title='bbox 3178 1052 3239 1119; x_wconf 82' lang='lat' dir='ltr'><strong>in</strong></span> <span class='ocrx_word' id='word_1_178' title='bbox 3286 1053 3432 1111; x_wconf 83' lang='lat' dir='ltr'><strong>bene</strong></span> 
     </span>
    </p>
   </div>
   <div class='ocr_carea' id='block_1_25' title="bbox 1851 1141 3424 1214">
    <p class='ocr_par' dir='ltr' id='par_1_25' title="bbox 1851 1141 3424 1214">
     <span class='ocr_line' id='line_1_25' title="bbox 1851 1141 3424 1214; baseline 0.003 -19"><span class='ocrx_word' id='word_1_179' title='bbox 1851 1150 1974 1210; x_wconf 86' lang='lat' dir='ltr'><strong>post</strong></span> <span class='ocrx_word' id='word_1_180' title='bbox 1995 1154 2159 1213; x_wconf 85' lang='lat' dir='ltr'><strong>opere</strong></span> <span class='ocrx_word' id='word_1_181' title='bbox 2184 1141 2342 1212; x_wconf 88' lang='lat' dir='ltr'><strong>quasi</strong></span> <span class='ocrx_word' id='word_1_182' title='bbox 2365 1156 2530 1213; x_wconf 82' lang='lat' dir='ltr'><strong>super</strong></span> <span class='ocrx_word' id='word_1_183' title='bbox 2556 1142 2721 1214; x_wconf 87' lang='lat' dir='ltr'><strong>pedes</strong></span> <span class='ocrx_word' id='word_1_184' title='bbox 2747 1158 2816 1199; x_wconf 85' lang='lat' dir='ltr'><strong>ex</strong></span> <span class='ocrx_word' id='word_1_185' title='bbox 2845 1144 3174 1201; x_wconf 83' lang='lat' dir='ltr'><strong>rectitudine</strong></span> <span class='ocrx_word' id='word_1_186' title='bbox 3199 1154 3424 1211; x_wconf 76' lang='lat' dir='ltr'><strong>stemus.</strong></span> 
     </span>
    </p>
   </div>
   <div class='ocr_carea' id='block_1_26' title="bbox 1851 1229 3428 1307">
    <p class='ocr_par' dir='ltr' id='par_1_26' title="bbox 1851 1229 3428 1307">
     <span class='ocr_line' id='line_1_26' title="bbox 1851 1229 3428 1307; baseline 0.003 -21"><span class='ocrx_word' id='word_1_187' title='bbox 1851 1229 2006 1299; x_wconf 79' lang='lat' dir='ltr'><strong>Quod</strong></span> <span class='ocrx_word' id='word_1_188' title='bbox 2029 1246 2128 1287; x_wconf 85' lang='lat' dir='ltr'><strong>cur</strong></span> <span class='ocrx_word' id='word_1_189' title='bbox 2151 1232 2209 1288; x_wconf 91' lang='lat' dir='ltr'><strong>in</strong></span> <span class='ocrx_word' id='word_1_190' title='bbox 2240 1248 2432 1303; x_wconf 84' lang='lat' dir='ltr'><strong>campo</strong></span> <span class='ocrx_word' id='word_1_191' title='bbox 2464 1233 2533 1289; x_wconf 89' lang='lat' dir='ltr'><strong>de</strong></span> <span class='ocrx_word' id='word_1_192' title='bbox 2560 1235 2826 1305; x_wconf 85' lang='lat' dir='ltr'><strong>propheta</strong></span> <span class='ocrx_word' id='word_1_193' title='bbox 2855 1235 3055 1307; x_wconf 79' lang='lat' dir='ltr'><strong>agitur,</strong></span> <span class='ocrx_word' id='word_1_194' title='bbox 3080 1236 3184 1293; x_wconf 87' lang='lat' dir='ltr'><strong>nisi</strong></span> <span class='ocrx_word' id='word_1_195' title='bbox 3220 1245 3279 1291; x_wconf 90' lang='lat' dir='ltr'><strong>ut</strong></span> <span class='ocrx_word' id='word_1_196' title='bbox 3303 1252 3428 1307; x_wconf 84' lang='lat' dir='ltr'><strong>spe-</strong></span> 
     </span>
    </p>
   </div>
   <div class='ocr_carea' id='block_1_27' title="bbox 1849 1323 3429 1407">
    <p class='ocr_par' dir='ltr' id='par_1_27' title="bbox 1849 1323 3429 1407">
     <span class='ocr_line' id='line_1_27' title="bbox 1849 1323 3429 1407; baseline 0.001 -28"><span class='ocrx_word' id='word_1_197' title='bbox 1849 1323 2062 1379; x_wconf 86' lang='lat' dir='ltr'><strong>cialiter</strong></span> <span class='ocrx_word' id='word_1_198' title='bbox 2089 1325 2403 1395; x_wconf 86' lang='lat' dir='ltr'><strong>designetur</strong></span> <span class='ocrx_word' id='word_1_199' title='bbox 2450 1325 2580 1397; x_wconf 82' lang='lat' dir='ltr'><strong>quia</strong></span> <span class='ocrx_word' id='word_1_200' title='bbox 2613 1327 2777 1387; x_wconf 85' lang='lat' dir='ltr'><strong>etiam</strong></span> <span class='ocrx_word' id='word_1_201' title='bbox 2821 1328 3011 1385; x_wconf 84' lang='lat' dir='ltr'><strong>electis</strong></span> <span class='ocrx_word' id='word_1_202' title='bbox 3035 1332 3274 1400; x_wconf 85' lang='lat' dir='ltr'><strong>gentium</strong></span> <span class='ocrx_word' id='word_1_203' title='bbox 3307 1334 3429 1407; x_wconf 84' lang='lat' dir='ltr'><strong>Spi-</strong></span> 
     </span>
    </p>
   </div>
   <div class='ocr_carea' id='block_1_28' title="bbox 1847 1414 3424 1496">
    <p class='ocr_par' dir='ltr' id='par_1_28' title="bbox 1847 1414 3424 1496">
     <span class='ocr_line' id='line_1_28' title="bbox 1847 1414 3424 1496; baseline 0.009 -27"><span class='ocrx_word' id='word_1_204' title='bbox 1847 1414 1986 1470; x_wconf 88' lang='lat' dir='ltr'><strong>ritus</strong></span> <span class='ocrx_word' id='word_1_205' title='bbox 2010 1424 2231 1472; x_wconf 89' lang='lat' dir='ltr'><strong>sanctus</strong></span> <span class='ocrx_word' id='word_1_206' title='bbox 2257 1417 2466 1474; x_wconf 87' lang='lat' dir='ltr'><strong>dandus</strong></span> <span class='ocrx_word' id='word_1_207' title='bbox 2483 1425 2650 1485; x_wconf 87' lang='lat' dir='ltr'><strong>esset,</strong></span> <span class='ocrx_word' id='word_1_208' title='bbox 2666 1420 2793 1490; x_wconf 88' lang='lat' dir='ltr'><strong>quia</strong></span> <span class='ocrx_word' id='word_1_209' title='bbox 2824 1435 2920 1475; x_wconf 86' lang='lat' dir='ltr'><strong>eos</strong></span> <span class='ocrx_word' id='word_1_210' title='bbox 2941 1436 3079 1492; x_wconf 75' lang='lat' dir='ltr'><strong>quos</strong></span> <span class='ocrx_word' id='word_1_211' title='bbox 3103 1438 3424 1496; x_wconf 82' lang='lat' dir='ltr'><strong>assumeret,</strong></span> 
     </span>
    </p>
   </div>
   <div class='ocr_carea' id='block_1_29' title="bbox 1848 1506 3427 1588">
    <p class='ocr_par' dir='ltr' id='par_1_29' title="bbox 1848 1506 3427 1588">
     <span class='ocr_line' id='line_1_29' title="bbox 1848 1506 3427 1588; baseline 0.008 -27"><span class='ocrx_word' id='word_1_212' title='bbox 1848 1513 1903 1565; x_wconf 90' lang='lat' dir='ltr'><strong>et</strong></span> <span class='ocrx_word' id='word_1_213' title='bbox 1929 1506 2080 1576; x_wconf 82' lang='lat' dir='ltr'><strong>prius</strong></span> <span class='ocrx_word' id='word_1_214' title='bbox 2106 1522 2139 1562; x_wconf 90' lang='lat' dir='ltr'><strong>a</strong></span> <span class='ocrx_word' id='word_1_215' title='bbox 2187 1508 2451 1580; x_wconf 67' lang='lat' dir='ltr'><strong>superbia:</strong></span> <span class='ocrx_word' id='word_1_216' title='bbox 2496 1525 2608 1566; x_wconf 68' lang='lat' dir='ltr'><strong>suae</strong></span> <span class='ocrx_word' id='word_1_217' title='bbox 2647 1518 2793 1567; x_wconf 88' lang='lat' dir='ltr'><strong>statu</strong></span> <span class='ocrx_word' id='word_1_218' title='bbox 2845 1512 3135 1584; x_wconf 82' lang='lat' dir='ltr'><strong>dejiceret,</strong></span> <span class='ocrx_word' id='word_1_219' title='bbox 3166 1523 3222 1570; x_wconf 85' lang='lat' dir='ltr'><strong>et</strong></span> <span class='ocrx_word' id='word_1_220' title='bbox 3276 1528 3427 1588; x_wconf 84' lang='lat' dir='ltr'><strong>post-</strong></span> 
     </span>
    </p>
   </div>
   <div class='ocr_carea' id='block_1_30' title="bbox 1844 1598 3424 1679">
    <p class='ocr_par' dir='ltr' id='par_1_30' title="bbox 1844 1598 3424 1679">
     <span class='ocr_line' id='line_1_30' title="bbox 1844 1598 3424 1679; baseline 0.007 -26"><span class='ocrx_word' id='word_1_221' title='bbox 1844 1598 2066 1654; x_wconf 87' lang='lat' dir='ltr'><strong>modum</strong></span> <span class='ocrx_word' id='word_1_222' title='bbox 2106 1612 2267 1669; x_wconf 86' lang='lat' dir='ltr'><strong>super</strong></span> <span class='ocrx_word' id='word_1_223' title='bbox 2299 1598 2464 1670; x_wconf 87' lang='lat' dir='ltr'><strong>pedes</strong></span> <span class='ocrx_word' id='word_1_224' title='bbox 2494 1616 2640 1667; x_wconf 88' lang='lat' dir='ltr'><strong>suos,</strong></span> <span class='ocrx_word' id='word_1_225' title='bbox 2671 1602 2723 1657; x_wconf 89' lang='lat' dir='ltr'><strong>id</strong></span> <span class='ocrx_word' id='word_1_226' title='bbox 2754 1610 2856 1667; x_wconf 89' lang='lat' dir='ltr'><strong>est,</strong></span> <span class='ocrx_word' id='word_1_227' title='bbox 2892 1618 3052 1675; x_wconf 81' lang='lat' dir='ltr'><strong>super</strong></span> <span class='ocrx_word' id='word_1_228' title='bbox 3082 1603 3222 1659; x_wconf 90' lang='lat' dir='ltr'><strong>bona</strong></span> <span class='ocrx_word' id='word_1_229' title='bbox 3261 1623 3424 1679; x_wconf 78' lang='lat' dir='ltr'><strong>Opera</strong></span> 
     </span>
    </p>
   </div>
   <div class='ocr_carea' id='block_1_31' title="bbox 1844 1685 3426 1761">
    <p class='ocr_par' dir='ltr' id='par_1_31' title="bbox 1844 1685 3426 1761">
     <span class='ocr_line' id='line_1_31' title="bbox 1844 1685 3426 1761; baseline 0.006 -18"><span class='ocrx_word' id='word_1_230' title='bbox 1844 1686 2119 1743; x_wconf 84' lang='lat' dir='ltr'><strong>solidaret.</strong></span> <span class='ocrx_word' id='word_1_231' title='bbox 2177 1685 2331 1742; x_wconf 86' lang='lat' dir='ltr'><strong>Sicut</strong></span> <span class='ocrx_word' id='word_1_232' title='bbox 2384 1702 2483 1758; x_wconf 85' lang='lat' dir='ltr'><strong>per</strong></span> <span class='ocrx_word' id='word_1_233' title='bbox 2541 1687 2767 1761; x_wconf 81' lang='lat' dir='ltr'><strong>Paulum</strong></span> <span class='ocrx_word' id='word_1_234' title='bbox 2820 1691 3018 1759; x_wconf 73' lang='lat' dir='ltr'><strong>dicitur</strong></span> <span class='ocrx_word' id='word_1_235' title='bbox 3070 1706 3086 1745; x_wconf 89' lang='lat'><strong>:</strong></span> <span class='ocrx_word' id='word_1_236' title='bbox 3148 1690 3426 1753; x_wconf 80' lang='lat' dir='ltr'><strong>Remissas</strong></span> 
     </span>
    </p>
   </div>
   <div class='ocr_carea' id='block_1_32' title="bbox 1845 1780 3425 1857">
    <p class='ocr_par' dir='ltr' id='par_1_32' title="bbox 1845 1780 3425 1857">
     <span class='ocr_line' id='line_1_32' title="bbox 1845 1780 3425 1857; baseline 0.006 -24"><span class='ocrx_word' id='word_1_237' title='bbox 1845 1793 2038 1835; x_wconf 89' lang='lat' dir='ltr'><strong>manus</strong></span> <span class='ocrx_word' id='word_1_238' title='bbox 2103 1786 2160 1845; x_wconf 86' lang='lat' dir='ltr'><strong>et</strong></span> <span class='ocrx_word' id='word_1_239' title='bbox 2227 1780 2488 1835; x_wconf 86' lang='lat' dir='ltr'><strong>dissoluta</strong></span> <span class='ocrx_word' id='word_1_240' title='bbox 2560 1795 2735 1852; x_wconf 85' lang='lat' dir='ltr'><strong>genua</strong></span> <span class='ocrx_word' id='word_1_241' title='bbox 2808 1783 3036 1853; x_wconf 78' lang='lat' dir='ltr'><strong>erigite,</strong></span> <span class='ocrx_word' id='word_1_242' title='bbox 3082 1797 3140 1840; x_wconf 87' lang='lat' dir='ltr'><strong>et</strong></span> <span class='ocrx_word' id='word_1_243' title='bbox 3206 1802 3425 1857; x_wconf 87' lang='lat' dir='ltr'><strong>gressus</strong></span> 
     </span>
    </p>
   </div>
   <div class='ocr_carea' id='block_1_33' title="bbox 144 1867 3425 1946">
    <p class='ocr_par' dir='ltr' id='par_1_33' title="bbox 144 1867 3425 1946">
     <span class='ocr_line' id='line_1_33' title="bbox 144 1867 3425 1946; baseline 0.001 -18"><span class='ocrx_word' id='word_1_244' title='bbox 144 1884 411 1946; x_wconf 84' lang='lat' dir='ltr'><strong>pretatur</strong></span> <span class='ocrx_word' id='word_1_245' title='bbox 437 1875 823 1946; x_wconf 84' lang='lat' dir='ltr'><strong>gravissimus,</strong></span> <span class='ocrx_word' id='word_1_246' title='bbox 867 1872 1037 1945; x_wconf 84' lang='lat' dir='ltr'><strong>gloria</strong></span> <span class='ocrx_word' id='word_1_247' title='bbox 1085 1872 1430 1939; x_wconf 83' lang='lat' dir='ltr'><strong>cernebatur,</strong></span> <span class='ocrx_word' id='word_1_248' title='bbox 1477 1873 1622 1943; x_wconf 87' lang='lat' dir='ltr'><strong>quod</strong></span> <span class='ocrx_word' id='word_1_249' title='bbox 1670 1874 1743 1929; x_wconf 87' lang='lat' dir='ltr'><strong>si-</strong></span> <span class='ocrx_word' id='word_1_250' title='bbox 1769 1867 1817 1928; x_wconf 80' lang='grc' dir='ltr'><strong>Β</strong></span> <span class='ocrx_word' id='word_1_251' title='bbox 1845 1879 2023 1927; x_wconf 87' lang='lat' dir='ltr'><strong>rectos</strong></span> <span class='ocrx_word' id='word_1_252' title='bbox 2072 1870 2238 1928; x_wconf 84' lang='lat' dir='ltr'><strong>facite</strong></span> <span class='ocrx_word' id='word_1_253' title='bbox 2283 1872 2510 1943; x_wconf 85' lang='lat' dir='ltr'><strong>pedibus</strong></span> <span class='ocrx_word' id='word_1_254' title='bbox 2551 1872 2769 1929; x_wconf 76' lang='lat' dir='ltr'><strong>vestris.</strong></span> <span class='ocrx_word' id='word_1_255' title='bbox 2821 1871 3123 1943; x_wconf 79' lang='lat' dir='ltr'><strong>Sequitur:</strong></span> <span class='ocrx_word' id='word_1_256' title='bbox 3170 1893 3189 1928; x_wconf 79' lang='grc' dir='ltr'><strong>ι</strong></span> <span class='ocrx_word' id='word_1_257' title='bbox 3228 1876 3296 1931; x_wconf 83' lang='lat' dir='ltr'><strong>Et</strong></span> <span class='ocrx_word' id='word_1_258' title='bbox 3346 1876 3425 1933; x_wconf 83' lang='lat' dir='ltr'><strong>lo-</strong></span> 
     </span>
    </p>
   </div>
   <div class='ocr_carea' id='block_1_34' title="bbox 148 1964 1745 2038">
    <p class='ocr_par' dir='ltr' id='par_1_34' title="bbox 148 1964 1745 2038">
     <span class='ocr_line' id='line_1_34' title="bbox 148 1964 1745 2038; baseline 0.001 -18"><span class='ocrx_word' id='word_1_259' title='bbox 148 1967 377 2037; x_wconf 78' lang='lat' dir='ltr'><strong>guiticat</strong></span> <span class='ocrx_word' id='word_1_260' title='bbox 397 1978 611 2022; x_wconf 83' lang='lat' dir='ltr'><strong>omnem</strong></span> <span class='ocrx_word' id='word_1_261' title='bbox 630 1967 814 2027; x_wconf 83' lang='lat' dir='ltr'><strong>mundi</strong></span> <span class='ocrx_word' id='word_1_262' title='bbox 840 1964 1000 2032; x_wconf 78' lang='lat' dir='ltr'><strong>huius</strong></span> <span class='ocrx_word' id='word_1_263' title='bbox 1020 1965 1245 2038; x_wconf 80' lang='lat' dir='ltr'><strong>gloriam</strong></span> <span class='ocrx_word' id='word_1_264' title='bbox 1279 1965 1666 2036; x_wconf 70' lang='lat' dir='ltr'><strong>praeterﬂuere,</strong></span> <span class='ocrx_word' id='word_1_265' title='bbox 1687 1973 1745 2022; x_wconf 91' lang='lat' dir='ltr'><strong>et</strong></span> 
     </span>
    </p>
   </div>
   <div class='ocr_carea' id='block_1_35' title="bbox 147 2054 1741 2130">
    <p class='ocr_par' dir='ltr' id='par_1_35' title="bbox 147 2054 1741 2130">
     <span class='ocr_line' id='line_1_35' title="bbox 147 2054 1741 2130; baseline -0.001 -17"><span class='ocrx_word' id='word_1_266' title='bbox 147 2054 380 2130; x_wconf 73' lang='lat' dir='ltr'><strong>gradum</strong></span> <span class='ocrx_word' id='word_1_267' title='bbox 418 2059 666 2115; x_wconf 82' lang='lat' dir='ltr'><strong>stabilem</strong></span> <span class='ocrx_word' id='word_1_268' title='bbox 693 2074 801 2113; x_wconf 89' lang='lat' dir='ltr'><strong>non</strong></span> <span class='ocrx_word' id='word_1_269' title='bbox 833 2058 1055 2119; x_wconf 87' lang='lat' dir='ltr'><strong>habere.</strong></span> <span class='ocrx_word' id='word_1_270' title='bbox 1093 2056 1277 2123; x_wconf 77' lang='lat' dir='ltr'><strong>Gloria</strong></span> <span class='ocrx_word' id='word_1_271' title='bbox 1307 2065 1490 2112; x_wconf 86' lang='lat' dir='ltr'><strong>autem</strong></span> <span class='ocrx_word' id='word_1_272' title='bbox 1528 2057 1741 2112; x_wconf 85' lang='lat' dir='ltr'><strong>Domini</strong></span> 
     </span>
    </p>
   </div>
   <div class='ocr_carea' id='block_1_36' title="bbox 147 2147 1740 2221">
    <p class='ocr_par' dir='ltr' id='par_1_36' title="bbox 147 2147 1740 2221">
     <span class='ocr_line' id='line_1_36' title="bbox 147 2147 1740 2221; baseline -0.003 -16"><span class='ocrx_word' id='word_1_273' title='bbox 147 2158 309 2205; x_wconf 80' lang='lat' dir='ltr'><strong>stans</strong></span> <span class='ocrx_word' id='word_1_274' title='bbox 331 2158 386 2205; x_wconf 89' lang='lat' dir='ltr'><strong>et</strong></span> <span class='ocrx_word' id='word_1_275' title='bbox 409 2162 765 2221; x_wconf 80' lang='lat' dir='ltr'><strong>perseverans</strong></span> <span class='ocrx_word' id='word_1_276' title='bbox 785 2163 910 2205; x_wconf 90' lang='lat' dir='ltr'><strong>cum</strong></span> <span class='ocrx_word' id='word_1_277' title='bbox 932 2156 1111 2204; x_wconf 88' lang='lat' dir='ltr'><strong>stante</strong></span> <span class='ocrx_word' id='word_1_278' title='bbox 1149 2148 1415 2219; x_wconf 82' lang='lat' dir='ltr'><strong>propheta</strong></span> <span class='ocrx_word' id='word_1_279' title='bbox 1444 2147 1657 2202; x_wconf 83' lang='lat' dir='ltr'><strong>videtur</strong></span> <span class='ocrx_word' id='word_1_280' title='bbox 1685 2147 1740 2202; x_wconf 91' lang='lat' dir='ltr'><strong>in</strong></span> 
     </span>
    </p>
   </div>
   <div class='ocr_carea' id='block_1_37' title="bbox 145 2238 1742 2311">
    <p class='ocr_par' dir='ltr' id='par_1_37' title="bbox 145 2238 1742 2311">
     <span class='ocr_line' id='line_1_37' title="bbox 145 2238 1742 2311; baseline 0 -18"><span class='ocrx_word' id='word_1_281' title='bbox 145 2254 365 2311; x_wconf 85' lang='lat' dir='ltr'><strong>campo,</strong></span> <span class='ocrx_word' id='word_1_282' title='bbox 385 2250 505 2308; x_wconf 59' lang='lat' dir='ltr'><strong>qua</strong></span> <span class='ocrx_word' id='word_1_283' title='bbox 529 2239 586 2294; x_wconf 84' lang='lat' dir='ltr'><strong>in</strong></span> <span class='ocrx_word' id='word_1_284' title='bbox 610 2239 787 2295; x_wconf 88' lang='lat' dir='ltr'><strong>medio</strong></span> <span class='ocrx_word' id='word_1_285' title='bbox 810 2238 1152 2309; x_wconf 82' lang='lat' dir='ltr'><strong>captivorum</strong></span> <span class='ocrx_word' id='word_1_286' title='bbox 1190 2253 1296 2293; x_wconf 85' lang='lat' dir='ltr'><strong>nec</strong></span> <span class='ocrx_word' id='word_1_287' title='bbox 1335 2245 1487 2293; x_wconf 84' lang='lat' dir='ltr'><strong>stare</strong></span> <span class='ocrx_word' id='word_1_288' title='bbox 1524 2244 1742 2308; x_wconf 76' lang='lat' dir='ltr'><strong>poterat</strong></span> 
     </span>
    </p>
   </div>
   <div class='ocr_carea' id='block_1_38' title="bbox 147 2324 1325 2385">
    <p class='ocr_par' dir='ltr' id='par_1_38' title="bbox 147 2324 1325 2385">
     <span class='ocr_line' id='line_1_38' title="bbox 147 2324 1325 2385; baseline -0.003 -1"><span class='ocrx_word' id='word_1_289' title='bbox 147 2346 258 2385; x_wconf 86' lang='lat' dir='ltr'><strong>nec</strong></span> <span class='ocrx_word' id='word_1_290' title='bbox 285 2329 477 2384; x_wconf 75' lang='lat' dir='ltr'><strong>videri.</strong></span> <span class='ocrx_word' id='word_1_291' title='bbox 1322 2324 1325 2327; x_wconf 32' lang='grc' dir='ltr'><strong><em>λ</em></strong></span> 
     </span>
    </p>
   </div>
   <div class='ocr_carea' id='block_1_39' title="bbox 228 2419 1738 2492">
    <p class='ocr_par' dir='ltr' id='par_1_39' title="bbox 228 2419 1738 2492">
     <span class='ocr_line' id='line_1_39' title="bbox 228 2419 1738 2492; baseline 0.006 -21"><span class='ocrx_word' id='word_1_292' title='bbox 228 2438 250 2471; x_wconf 72' lang='grc' dir='ltr'><strong>ε</strong></span> <span class='ocrx_word' id='word_1_293' title='bbox 287 2419 353 2473; x_wconf 80' lang='lat' dir='ltr'><strong>Et</strong></span> <span class='ocrx_word' id='word_1_294' title='bbox 401 2420 572 2476; x_wconf 84' lang='lat' dir='ltr'><strong>cecidi</strong></span> <span class='ocrx_word' id='word_1_295' title='bbox 600 2420 656 2489; x_wconf 81' lang='lat' dir='ltr'><strong>in</strong></span> <span class='ocrx_word' id='word_1_296' title='bbox 694 2419 889 2478; x_wconf 76' lang='lat' dir='ltr'><strong>faciem</strong></span> <span class='ocrx_word' id='word_1_297' title='bbox 919 2436 1128 2487; x_wconf 86' lang='lat' dir='ltr'><strong>meam,</strong></span> <span class='ocrx_word' id='word_1_298' title='bbox 1174 2428 1229 2477; x_wconf 88' lang='lat' dir='ltr'><strong>et</strong></span> <span class='ocrx_word' id='word_1_299' title='bbox 1271 2420 1551 2492; x_wconf 82' lang='lat' dir='ltr'><strong>ingressus</strong></span> <span class='ocrx_word' id='word_1_300' title='bbox 1575 2421 1738 2480; x_wconf 80' lang='lat' dir='ltr'><strong>estin</strong></span> 
     </span>
    </p>
   </div>
   <div class='ocr_carea' id='block_1_40' title="bbox 152 2513 1739 2586">
    <p class='ocr_par' dir='ltr' id='par_1_40' title="bbox 152 2513 1739 2586">
     <span class='ocr_line' id='line_1_40' title="bbox 152 2513 1739 2586; baseline 0.004 -22"><span class='ocrx_word' id='word_1_301' title='bbox 152 2530 175 2563; x_wconf 74' lang='grc' dir='ltr'><strong>ι</strong></span> <span class='ocrx_word' id='word_1_302' title='bbox 212 2528 303 2567; x_wconf 88' lang='lat' dir='ltr'><strong>me</strong></span> <span class='ocrx_word' id='word_1_303' title='bbox 323 2513 565 2584; x_wconf 84' lang='lat' dir='ltr'><strong>spiritus,</strong></span> <span class='ocrx_word' id='word_1_304' title='bbox 579 2522 634 2570; x_wconf 88' lang='lat' dir='ltr'><strong>et</strong></span> <span class='ocrx_word' id='word_1_305' title='bbox 654 2514 843 2569; x_wconf 83' lang='lat' dir='ltr'><strong>statuit</strong></span> <span class='ocrx_word' id='word_1_306' title='bbox 864 2530 952 2570; x_wconf 88' lang='lat' dir='ltr'><strong>me</strong></span> <span class='ocrx_word' id='word_1_307' title='bbox 975 2515 1315 2586; x_wconf 88' lang='lat' dir='ltr'><strong>superpedes</strong></span> <span class='ocrx_word' id='word_1_308' title='bbox 1329 2529 1500 2581; x_wconf 84' lang='lat' dir='ltr'><strong>meos,</strong></span> <span class='ocrx_word' id='word_1_309' title='bbox 1523 2515 1739 2579; x_wconf 72' lang='lat' dir='ltr'><strong>stlocu-</strong></span> 
     </span>
    </p>
   </div>
   <div class='ocr_carea' id='block_1_41' title="bbox 153 2604 1738 2675">
    <p class='ocr_par' dir='ltr' id='par_1_41' title="bbox 153 2604 1738 2675">
     <span class='ocr_line' id='line_1_41' title="bbox 153 2604 1738 2675; baseline 0.005 -20"><span class='ocrx_word' id='word_1_310' title='bbox 153 2624 175 2655; x_wconf 72' lang='grc' dir='ltr'><strong>ι</strong></span> <span class='ocrx_word' id='word_1_311' title='bbox 219 2614 305 2659; x_wconf 91' lang='lat' dir='ltr'><strong>tus</strong></span> <span class='ocrx_word' id='word_1_312' title='bbox 329 2613 415 2660; x_wconf 87' lang='lat' dir='ltr'><strong>est</strong></span> <span class='ocrx_word' id='word_1_313' title='bbox 431 2605 583 2671; x_wconf 83' lang='lat' dir='ltr'><strong>mihi,</strong></span> <span class='ocrx_word' id='word_1_314' title='bbox 605 2613 661 2661; x_wconf 86' lang='lat' dir='ltr'><strong>et</strong></span> <span class='ocrx_word' id='word_1_315' title='bbox 679 2606 815 2661; x_wconf 89' lang='lat' dir='ltr'><strong>dixit</strong></span> <span class='ocrx_word' id='word_1_316' title='bbox 838 2606 905 2661; x_wconf 92' lang='lat' dir='ltr'><strong>ad</strong></span> <span class='ocrx_word' id='word_1_317' title='bbox 922 2621 1009 2662; x_wconf 80' lang='lat' dir='ltr'><strong>me</strong></span> <span class='ocrx_word' id='word_1_318' title='bbox 1030 2624 1045 2661; x_wconf 88' lang='lat'><strong>:</strong></span> <span class='ocrx_word' id='word_1_319' title='bbox 1069 2605 1359 2675; x_wconf 82' lang='lat' dir='ltr'><strong>ingredere</strong></span> <span class='ocrx_word' id='word_1_320' title='bbox 1375 2615 1431 2662; x_wconf 91' lang='lat' dir='ltr'><strong>et</strong></span> <span class='ocrx_word' id='word_1_321' title='bbox 1460 2604 1738 2663; x_wconf 78' lang='lat' dir='ltr'><strong>includere</strong></span> 
     </span>
    </p>
   </div>
   <div class='ocr_carea' id='block_1_42' title="bbox 152 2698 1736 2771">
    <p class='ocr_par' dir='ltr' id='par_1_42' title="bbox 152 2698 1736 2771">
     <span class='ocr_line' id='line_1_42' title="bbox 152 2698 1736 2771; baseline 0.007 -22"><span class='ocrx_word' id='word_1_322' title='bbox 152 2716 174 2749; x_wconf 76' lang='grc' dir='ltr'><strong>ι</strong></span> <span class='ocrx_word' id='word_1_323' title='bbox 219 2698 275 2752; x_wconf 90' lang='lat' dir='ltr'><strong>in</strong></span> <span class='ocrx_word' id='word_1_324' title='bbox 311 2699 488 2755; x_wconf 88' lang='lat' dir='ltr'><strong>medio</strong></span> <span class='ocrx_word' id='word_1_325' title='bbox 520 2700 711 2755; x_wconf 89' lang='lat' dir='ltr'><strong>domus</strong></span> <span class='ocrx_word' id='word_1_326' title='bbox 744 2708 869 2755; x_wconf 79' lang='lat' dir='ltr'><strong>tuae.</strong></span> <span class='ocrx_word' id='word_1_327' title='bbox 902 2719 922 2753; x_wconf 75' lang='grc' dir='ltr'><strong>ι</strong></span> <span class='ocrx_word' id='word_1_328' title='bbox 957 2698 1204 2757; x_wconf 86' lang='lat' dir='ltr'><strong>Stantem</strong></span> <span class='ocrx_word' id='word_1_329' title='bbox 1246 2700 1476 2771; x_wconf 81' lang='lat' dir='ltr'><strong>gloriam</strong></span> <span class='ocrx_word' id='word_1_330' title='bbox 1522 2700 1736 2763; x_wconf 87' lang='lat' dir='ltr'><strong>Domini</strong></span> 
     </span>
    </p>
   </div>
   <div class='ocr_carea' id='block_1_43' title="bbox 146 2790 1734 2862">
    <p class='ocr_par' dir='ltr' id='par_1_43' title="bbox 146 2790 1734 2862">
     <span class='ocr_line' id='line_1_43' title="bbox 146 2790 1734 2862; baseline 0.003 -19"><span class='ocrx_word' id='word_1_331' title='bbox 146 2804 264 2845; x_wconf 81' lang='lat' dir='ltr'><strong>non</strong></span> <span class='ocrx_word' id='word_1_332' title='bbox 287 2790 579 2857; x_wconf 71' lang='lat' dir='ltr'><strong>sustinens,</strong></span> <span class='ocrx_word' id='word_1_333' title='bbox 601 2791 798 2847; x_wconf 88' lang='lat' dir='ltr'><strong>cecidit</strong></span> <span class='ocrx_word' id='word_1_334' title='bbox 836 2791 891 2847; x_wconf 93' lang='lat' dir='ltr'><strong>in</strong></span> <span class='ocrx_word' id='word_1_335' title='bbox 920 2790 1116 2851; x_wconf 74' lang='lat' dir='ltr'><strong>faciem</strong></span> <span class='ocrx_word' id='word_1_336' title='bbox 1148 2806 1323 2859; x_wconf 73' lang='lat' dir='ltr'><strong>uuam,</strong></span> <span class='ocrx_word' id='word_1_337' title='bbox 1363 2800 1424 2846; x_wconf 90' lang='lat' dir='ltr'><strong>ut</strong></span> <span class='ocrx_word' id='word_1_338' title='bbox 1453 2791 1521 2847; x_wconf 91' lang='lat' dir='ltr'><strong>ab</strong></span> <span class='ocrx_word' id='word_1_339' title='bbox 1560 2792 1734 2862; x_wconf 79' lang='lat' dir='ltr'><strong>ingre-</strong></span> 
     </span>
    </p>
   </div>
   <div class='ocr_carea' id='block_1_44' title="bbox 144 2882 1735 2954">
    <p class='ocr_par' dir='ltr' id='par_1_44' title="bbox 144 2882 1735 2954">
     <span class='ocr_line' id='line_1_44' title="bbox 144 2882 1735 2954; baseline 0.003 -17"><span class='ocrx_word' id='word_1_340' title='bbox 144 2882 336 2937; x_wconf 86' lang='lat' dir='ltr'><strong>diente</strong></span> <span class='ocrx_word' id='word_1_341' title='bbox 370 2883 426 2943; x_wconf 88' lang='lat' dir='ltr'><strong>in</strong></span> <span class='ocrx_word' id='word_1_342' title='bbox 461 2897 583 2938; x_wconf 90' lang='lat' dir='ltr'><strong>eum</strong></span> <span class='ocrx_word' id='word_1_343' title='bbox 607 2884 798 2954; x_wconf 84' lang='lat' dir='ltr'><strong>spiritu</strong></span> <span class='ocrx_word' id='word_1_344' title='bbox 830 2883 1141 2949; x_wconf 79' lang='lat' dir='ltr'><strong>levaretur;</strong></span> <span class='ocrx_word' id='word_1_345' title='bbox 1177 2884 1269 2953; x_wconf 89' lang='lat' dir='ltr'><strong>qui</strong></span> <span class='ocrx_word' id='word_1_346' title='bbox 1291 2883 1516 2954; x_wconf 84' lang='lat' dir='ltr'><strong>spiritus</strong></span> <span class='ocrx_word' id='word_1_347' title='bbox 1543 2884 1735 2943; x_wconf 83' lang='lat' dir='ltr'><strong>statuit</strong></span> 
     </span>
    </p>
   </div>
   <div class='ocr_carea' id='block_1_45' title="bbox 141 2973 1735 3044">
    <p class='ocr_par' dir='ltr' id='par_1_45' title="bbox 141 2973 1735 3044">
     <span class='ocr_line' id='line_1_45' title="bbox 141 2973 1735 3044; baseline 0.005 -18"><span class='ocrx_word' id='word_1_348' title='bbox 141 2987 275 3027; x_wconf 90' lang='lat' dir='ltr'><strong>eum</strong></span> <span class='ocrx_word' id='word_1_349' title='bbox 298 2986 463 3042; x_wconf 89' lang='lat' dir='ltr'><strong>super</strong></span> <span class='ocrx_word' id='word_1_350' title='bbox 480 2974 645 3044; x_wconf 83' lang='lat' dir='ltr'><strong>pedes</strong></span> <span class='ocrx_word' id='word_1_351' title='bbox 663 2989 811 3039; x_wconf 91' lang='lat' dir='ltr'><strong>suos,</strong></span> <span class='ocrx_word' id='word_1_352' title='bbox 841 2981 894 3031; x_wconf 85' lang='lat' dir='ltr'><strong>et</strong></span> <span class='ocrx_word' id='word_1_353' title='bbox 922 2974 1134 3031; x_wconf 88' lang='lat' dir='ltr'><strong>locutus</strong></span> <span class='ocrx_word' id='word_1_354' title='bbox 1158 2981 1243 3031; x_wconf 90' lang='lat' dir='ltr'><strong>est</strong></span> <span class='ocrx_word' id='word_1_355' title='bbox 1260 2974 1311 3030; x_wconf 84' lang='lat' dir='ltr'><strong>ei</strong></span> <span class='ocrx_word' id='word_1_356' title='bbox 1342 2973 1528 3031; x_wconf 89' lang='lat' dir='ltr'><strong>dicens</strong></span> <span class='ocrx_word' id='word_1_357' title='bbox 1551 2991 1565 3028; x_wconf 88' lang='lat'><strong>:</strong></span> <span class='ocrx_word' id='word_1_358' title='bbox 1588 2973 1735 3033; x_wconf 78' lang='lat' dir='ltr'><strong>Intra</strong></span> 
     </span>
    </p>
   </div>
   <div class='ocr_carea' id='block_1_46' title="bbox 142 3066 1735 3136">
    <p class='ocr_par' dir='ltr' id='par_1_46' title="bbox 142 3066 1735 3136">
     <span class='ocr_line' id='line_1_46' title="bbox 142 3066 1735 3136; baseline 0 -15"><span class='ocrx_word' id='word_1_359' title='bbox 142 3075 205 3121; x_wconf 90' lang='lat' dir='ltr'><strong>et</strong></span> <span class='ocrx_word' id='word_1_360' title='bbox 232 3066 504 3122; x_wconf 88' lang='lat' dir='ltr'><strong>includere</strong></span> <span class='ocrx_word' id='word_1_361' title='bbox 529 3066 582 3122; x_wconf 92' lang='lat' dir='ltr'><strong>in</strong></span> <span class='ocrx_word' id='word_1_362' title='bbox 603 3066 779 3133; x_wconf 83' lang='lat' dir='ltr'><strong>medio</strong></span> <span class='ocrx_word' id='word_1_363' title='bbox 800 3068 992 3122; x_wconf 90' lang='lat' dir='ltr'><strong>domus</strong></span> <span class='ocrx_word' id='word_1_364' title='bbox 1019 3074 1154 3133; x_wconf 73' lang='lat' dir='ltr'><strong>tuae;</strong></span> <span class='ocrx_word' id='word_1_365' title='bbox 1178 3074 1235 3122; x_wconf 90' lang='lat' dir='ltr'><strong>et</strong></span> <span class='ocrx_word' id='word_1_366' title='bbox 1257 3075 1339 3135; x_wconf 83' lang='lat' dir='ltr'><strong>est</strong></span> <span class='ocrx_word' id='word_1_367' title='bbox 1364 3081 1575 3133; x_wconf 88' lang='lat' dir='ltr'><strong>sensus,</strong></span> <span class='ocrx_word' id='word_1_368' title='bbox 1608 3066 1735 3136; x_wconf 87' lang='lat' dir='ltr'><strong>quia</strong></span> 
     </span>
    </p>
   </div>
   <div class='ocr_carea' id='block_1_47' title="bbox 141 3153 1732 3227">
    <p class='ocr_par' dir='ltr' id='par_1_47' title="bbox 141 3153 1732 3227">
     <span class='ocr_line' id='line_1_47' title="bbox 141 3153 1732 3227; baseline 0.001 -17"><span class='ocrx_word' id='word_1_369' title='bbox 141 3155 531 3212; x_wconf 84' lang='lat' dir='ltr'><strong>corroboratus</strong></span> <span class='ocrx_word' id='word_1_370' title='bbox 555 3171 616 3211; x_wconf 89' lang='lat' dir='ltr'><strong>es</strong></span> <span class='ocrx_word' id='word_1_371' title='bbox 654 3164 873 3227; x_wconf 85' lang='lat' dir='ltr'><strong>aspectu</strong></span> <span class='ocrx_word' id='word_1_372' title='bbox 908 3156 1205 3225; x_wconf 76' lang='lat' dir='ltr'><strong>Dominicae</strong></span> <span class='ocrx_word' id='word_1_373' title='bbox 1241 3153 1573 3224; x_wconf 74' lang='lat' dir='ltr'><strong>maiestatis,</strong></span> <span class='ocrx_word' id='word_1_374' title='bbox 1610 3155 1732 3213; x_wconf 91' lang='lat' dir='ltr'><strong>nul-</strong></span> 
     </span>
    </p>
   </div>
   <div class='ocr_carea' id='block_1_48' title="bbox 1842 1965 3425 2038">
    <p class='ocr_par' dir='ltr' id='par_1_48' title="bbox 1842 1965 3425 2038">
     <span class='ocr_line' id='line_1_48' title="bbox 1842 1965 3425 2038; baseline 0.003 -18"><span class='ocrx_word' id='word_1_375' title='bbox 1842 1972 1999 2020; x_wconf 90' lang='lat' dir='ltr'><strong>cutus</strong></span> <span class='ocrx_word' id='word_1_376' title='bbox 2045 1973 2131 2031; x_wconf 74' lang='lat' dir='ltr'><strong>est</strong></span> <span class='ocrx_word' id='word_1_377' title='bbox 2177 1965 2311 2021; x_wconf 90' lang='lat' dir='ltr'><strong>mihi</strong></span> <span class='ocrx_word' id='word_1_378' title='bbox 2333 2005 2348 2032; x_wconf 91' lang='lat'><strong>,</strong></span> <span class='ocrx_word' id='word_1_379' title='bbox 2403 1972 2462 2022; x_wconf 89' lang='lat' dir='ltr'><strong>et</strong></span> <span class='ocrx_word' id='word_1_380' title='bbox 2504 1965 2644 2033; x_wconf 89' lang='lat' dir='ltr'><strong>dixit</strong></span> <span class='ocrx_word' id='word_1_381' title='bbox 2691 1965 2758 2020; x_wconf 88' lang='lat' dir='ltr'><strong>ad</strong></span> <span class='ocrx_word' id='word_1_382' title='bbox 2818 1982 2907 2025; x_wconf 82' lang='lat' dir='ltr'><strong>me</strong></span> <span class='ocrx_word' id='word_1_383' title='bbox 2959 1985 2972 2020; x_wconf 92' lang='lat'>:</span> <span class='ocrx_word' id='word_1_384' title='bbox 3018 1967 3305 2038; x_wconf 75' lang='lat' dir='ltr'><strong>Ingredere</strong></span> <span class='ocrx_word' id='word_1_385' title='bbox 3368 1977 3425 2025; x_wconf 90' lang='lat' dir='ltr'><strong>et</strong></span> 
     </span>
    </p>
   </div>
   <div class='ocr_carea' id='block_1_49' title="bbox 1843 2053 3423 2130">
    <p class='ocr_par' dir='ltr' id='par_1_49' title="bbox 1843 2053 3423 2130">
     <span class='ocr_line' id='line_1_49' title="bbox 1843 2053 3423 2130; baseline 0.003 -20"><span class='ocrx_word' id='word_1_386' title='bbox 1843 2053 2119 2111; x_wconf 83' lang='lat' dir='ltr'><strong>includere</strong></span> <span class='ocrx_word' id='word_1_387' title='bbox 2144 2055 2203 2110; x_wconf 82' lang='lat' dir='ltr'><strong>in</strong></span> <span class='ocrx_word' id='word_1_388' title='bbox 2250 2056 2428 2112; x_wconf 85' lang='lat' dir='ltr'><strong>medio</strong></span> <span class='ocrx_word' id='word_1_389' title='bbox 2473 2056 2664 2111; x_wconf 89' lang='lat' dir='ltr'><strong>domus</strong></span> <span class='ocrx_word' id='word_1_390' title='bbox 2712 2064 2837 2111; x_wconf 77' lang='lat' dir='ltr'><strong>tum.</strong></span> <span class='ocrx_word' id='word_1_391' title='bbox 2871 2075 2893 2111; x_wconf 76' lang='grc' dir='ltr'><strong>ι</strong></span> <span class='ocrx_word' id='word_1_392' title='bbox 2930 2056 3069 2123; x_wconf 83' lang='lat' dir='ltr'><strong>Quid</strong></span> <span class='ocrx_word' id='word_1_393' title='bbox 3112 2065 3237 2125; x_wconf 88' lang='lat' dir='ltr'><strong>est,</strong></span> <span class='ocrx_word' id='word_1_394' title='bbox 3278 2061 3423 2130; x_wconf 84' lang='lat' dir='ltr'><strong>quod</strong></span> 
     </span>
    </p>
   </div>
   <div class='ocr_carea' id='block_1_50' title="bbox 1841 2146 3422 2219">
    <p class='ocr_par' dir='ltr' id='par_1_50' title="bbox 1841 2146 3422 2219">
     <span class='ocr_line' id='line_1_50' title="bbox 1841 2146 3422 2219; baseline 0.003 -14"><span class='ocrx_word' id='word_1_395' title='bbox 1841 2147 1898 2205; x_wconf 88' lang='lat' dir='ltr'><strong>in</strong></span> <span class='ocrx_word' id='word_1_396' title='bbox 1947 2148 2125 2204; x_wconf 89' lang='lat' dir='ltr'><strong>medio</strong></span> <span class='ocrx_word' id='word_1_397' title='bbox 2176 2146 2458 2206; x_wconf 82' lang='lat' dir='ltr'><strong>Israelitiei</strong></span> <span class='ocrx_word' id='word_1_398' title='bbox 2510 2147 2690 2219; x_wconf 87' lang='lat' dir='ltr'><strong>populi</strong></span> <span class='ocrx_word' id='word_1_399' title='bbox 2737 2149 2999 2218; x_wconf 83' lang='lat' dir='ltr'><strong>propheta</strong></span> <span class='ocrx_word' id='word_1_400' title='bbox 3046 2149 3117 2207; x_wconf 84' lang='lat' dir='ltr'><strong>ad</strong></span> <span class='ocrx_word' id='word_1_401' title='bbox 3171 2163 3422 2219; x_wconf 81' lang='lat' dir='ltr'><strong>campum</strong></span> 
     </span>
    </p>
   </div>
   <div class='ocr_carea' id='block_1_51' title="bbox 1841 2239 3424 2311">
    <p class='ocr_par' dir='ltr' id='par_1_51' title="bbox 1841 2239 3424 2311">
     <span class='ocr_line' id='line_1_51' title="bbox 1841 2239 3424 2311; baseline 0.003 -17"><span class='ocrx_word' id='word_1_402' title='bbox 1841 2239 2107 2303; x_wconf 81' lang='lat' dir='ltr'><strong>educitur,</strong></span> <span class='ocrx_word' id='word_1_403' title='bbox 2143 2247 2305 2311; x_wconf 89' lang='lat' dir='ltr'><strong>atque</strong></span> <span class='ocrx_word' id='word_1_404' title='bbox 2341 2239 2411 2295; x_wconf 88' lang='lat' dir='ltr'><strong>ad</strong></span> <span class='ocrx_word' id='word_1_405' title='bbox 2444 2239 2662 2296; x_wconf 86' lang='lat' dir='ltr'><strong>domum</strong></span> <span class='ocrx_word' id='word_1_406' title='bbox 2702 2248 2890 2309; x_wconf 86' lang='lat' dir='ltr'><strong>postea</strong></span> <span class='ocrx_word' id='word_1_407' title='bbox 2932 2240 2999 2297; x_wconf 89' lang='lat' dir='ltr'><strong>de</strong></span> <span class='ocrx_word' id='word_1_408' title='bbox 3039 2255 3236 2310; x_wconf 81' lang='lat' dir='ltr'><strong>campo</strong></span> <span class='ocrx_word' id='word_1_409' title='bbox 3269 2256 3424 2299; x_wconf 89' lang='lat' dir='ltr'><strong>revo-</strong></span> 
     </span>
    </p>
   </div>
   <div class='ocr_carea' id='block_1_52' title="bbox 1839 2327 3422 2402">
    <p class='ocr_par' dir='ltr' id='par_1_52' title="bbox 1839 2327 3422 2402">
     <span class='ocr_line' id='line_1_52' title="bbox 1839 2327 3422 2402; baseline 0.002 -17"><span class='ocrx_word' id='word_1_410' title='bbox 1839 2328 2030 2401; x_wconf 79' lang='lat' dir='ltr'><strong>catur?</strong></span> <span class='ocrx_word' id='word_1_411' title='bbox 2059 2328 2165 2386; x_wconf 89' lang='lat' dir='ltr'><strong>nisi</strong></span> <span class='ocrx_word' id='word_1_412' title='bbox 2195 2329 2339 2399; x_wconf 88' lang='lat' dir='ltr'><strong>quod</strong></span> <span class='ocrx_word' id='word_1_413' title='bbox 2364 2329 2762 2399; x_wconf 71' lang='lat' dir='ltr'><strong>pradicationis</strong></span> <span class='ocrx_word' id='word_1_414' title='bbox 2782 2329 2954 2399; x_wconf 85' lang='lat' dir='ltr'><strong>gratia</strong></span> <span class='ocrx_word' id='word_1_415' title='bbox 2973 2327 3200 2391; x_wconf 63' lang='lat' dir='ltr'><strong>Iudaico</strong></span> <span class='ocrx_word' id='word_1_416' title='bbox 3224 2332 3422 2402; x_wconf 87' lang='lat' dir='ltr'><strong>popqu</strong></span> 
     </span>
    </p>
   </div>
   <div class='ocr_carea' id='block_1_53' title="bbox 1841 2418 3421 2491">
    <p class='ocr_par' dir='ltr' id='par_1_53' title="bbox 1841 2418 3421 2491">
     <span class='ocr_line' id='line_1_53' title="bbox 1841 2418 3421 2491; baseline 0.003 -16"><span class='ocrx_word' id='word_1_417' title='bbox 1841 2420 2020 2476; x_wconf 87' lang='lat' dir='ltr'><strong>ablata</strong></span> <span class='ocrx_word' id='word_1_418' title='bbox 2042 2421 2098 2476; x_wconf 83' lang='lat' dir='ltr'><strong>in</strong></span> <span class='ocrx_word' id='word_1_419' title='bbox 2116 2419 2461 2491; x_wconf 79' lang='lat' dir='ltr'><strong>latitudinem</strong></span> <span class='ocrx_word' id='word_1_420' title='bbox 2490 2419 2810 2490; x_wconf 84' lang='lat' dir='ltr'><strong>gentilitatis</strong></span> <span class='ocrx_word' id='word_1_421' title='bbox 2843 2435 3035 2490; x_wconf 88' lang='lat' dir='ltr'><strong>sparsa</strong></span> <span class='ocrx_word' id='word_1_422' title='bbox 3063 2420 3180 2481; x_wconf 81' lang='lat' dir='ltr'><strong>est?</strong></span> <span class='ocrx_word' id='word_1_423' title='bbox 3206 2418 3312 2485; x_wconf 75' lang='lat' dir='ltr'><strong>Sed</strong></span> <span class='ocrx_word' id='word_1_424' title='bbox 3336 2429 3421 2481; x_wconf 87' lang='lat' dir='ltr'><strong>ta-</strong></span> 
     </span>
    </p>
   </div>
   <div class='ocr_carea' id='block_1_54' title="bbox 1838 2508 3418 2581">
    <p class='ocr_par' dir='ltr' id='par_1_54' title="bbox 1838 2508 3418 2581">
     <span class='ocr_line' id='line_1_54' title="bbox 1838 2508 3418 2581; baseline 0 -12"><span class='ocrx_word' id='word_1_425' title='bbox 1838 2527 1965 2569; x_wconf 82' lang='lat' dir='ltr'><strong>men</strong></span> <span class='ocrx_word' id='word_1_426' title='bbox 1995 2510 2051 2567; x_wconf 90' lang='lat' dir='ltr'><strong>in</strong></span> <span class='ocrx_word' id='word_1_427' title='bbox 2090 2511 2200 2569; x_wconf 81' lang='lat' dir='ltr'><strong>tine</strong></span> <span class='ocrx_word' id='word_1_428' title='bbox 2223 2509 2410 2569; x_wconf 88' lang='lat' dir='ltr'><strong>mundi</strong></span> <span class='ocrx_word' id='word_1_429' title='bbox 2458 2509 2589 2581; x_wconf 74' lang='lat' dir='ltr'><strong>dum</strong></span> <span class='ocrx_word' id='word_1_430' title='bbox 2632 2508 2805 2569; x_wconf 68' lang='lat' dir='ltr'><strong>Judrei</strong></span> <span class='ocrx_word' id='word_1_431' title='bbox 2850 2510 2918 2569; x_wconf 82' lang='lat' dir='ltr'><strong>ad</strong></span> <span class='ocrx_word' id='word_1_432' title='bbox 2968 2510 3129 2569; x_wconf 80' lang='lat' dir='ltr'><strong>ﬁdem</strong></span> <span class='ocrx_word' id='word_1_433' title='bbox 3172 2509 3418 2576; x_wconf 71' lang='lat' dir='ltr'><strong>redemit,</strong></span> 
     </span>
    </p>
   </div>
   <div class='ocr_carea' id='block_1_55' title="bbox 1839 2603 3421 2675">
    <p class='ocr_par' dir='ltr' id='par_1_55' title="bbox 1839 2603 3421 2675">
     <span class='ocr_line' id='line_1_55' title="bbox 1839 2603 3421 2675; baseline 0.004 -16"><span class='ocrx_word' id='word_1_434' title='bbox 1839 2604 1998 2675; x_wconf 81' lang='lat' dir='ltr'><strong>quasi</strong></span> <span class='ocrx_word' id='word_1_435' title='bbox 2027 2605 2096 2661; x_wconf 89' lang='lat' dir='ltr'><strong>ad</strong></span> <span class='ocrx_word' id='word_1_436' title='bbox 2140 2604 2357 2661; x_wconf 89' lang='lat' dir='ltr'><strong>domum</strong></span> <span class='ocrx_word' id='word_1_437' title='bbox 2384 2604 2645 2674; x_wconf 87' lang='lat' dir='ltr'><strong>propheta</strong></span> <span class='ocrx_word' id='word_1_438' title='bbox 2689 2603 2996 2670; x_wconf 83' lang='lat' dir='ltr'><strong>reducetur,</strong></span> <span class='ocrx_word' id='word_1_439' title='bbox 3019 2612 3078 2661; x_wconf 88' lang='lat' dir='ltr'><strong>ut</strong></span> <span class='ocrx_word' id='word_1_440' title='bbox 3118 2603 3174 2665; x_wconf 85' lang='lat' dir='ltr'><strong>in</strong></span> <span class='ocrx_word' id='word_1_441' title='bbox 3200 2618 3299 2665; x_wconf 78' lang='lat' dir='ltr'><strong>suo</strong></span> <span class='ocrx_word' id='word_1_442' title='bbox 3326 2618 3421 2672; x_wconf 84' lang='lat' dir='ltr'><strong>po—</strong></span> 
     </span>
    </p>
   </div>
   <div class='ocr_carea' id='block_1_56' title="bbox 1838 2693 3422 2769">
    <p class='ocr_par' dir='ltr' id='par_1_56' title="bbox 1838 2693 3422 2769">
     <span class='ocr_line' id='line_1_56' title="bbox 1838 2693 3422 2769; baseline -0.003 -18"><span class='ocrx_word' id='word_1_443' title='bbox 1838 2696 1966 2767; x_wconf 86' lang='lat' dir='ltr'><strong>pulo</strong></span> <span class='ocrx_word' id='word_1_444' title='bbox 1992 2712 2181 2754; x_wconf 83' lang='lat' dir='ltr'><strong>rursus</strong></span> <span class='ocrx_word' id='word_1_445' title='bbox 2205 2695 2517 2767; x_wconf 65' lang='lat' dir='ltr'><strong>praedicatio</strong></span> <span class='ocrx_word' id='word_1_446' title='bbox 2545 2694 2827 2760; x_wconf 84' lang='lat' dir='ltr'><strong>inhabitet,</strong></span> <span class='ocrx_word' id='word_1_447' title='bbox 2856 2709 2980 2764; x_wconf 63' lang='lat' dir='ltr'><strong>qua;</strong></span> <span class='ocrx_word' id='word_1_448' title='bbox 3013 2694 3174 2757; x_wconf 74' lang='lat' dir='ltr'><strong>tundo</strong></span> <span class='ocrx_word' id='word_1_449' title='bbox 3197 2694 3345 2756; x_wconf 79' lang='lat' dir='ltr'><strong>velut</strong></span> <span class='ocrx_word' id='word_1_450' title='bbox 3363 2693 3422 2769; x_wconf 76' lang='lat' dir='ltr'><strong>in</strong></span> 
     </span>
    </p>
   </div>
   <div class='ocr_carea' id='block_1_57' title="bbox 1838 2786 3421 2860">
    <p class='ocr_par' dir='ltr' id='par_1_57' title="bbox 1838 2786 3421 2860">
     <span class='ocr_line' id='line_1_57' title="bbox 1838 2786 3421 2860; baseline -0.002 -14"><span class='ocrx_word' id='word_1_451' title='bbox 1838 2805 2032 2860; x_wconf 81' lang='lat' dir='ltr'><strong>campo</strong></span> <span class='ocrx_word' id='word_1_452' title='bbox 2066 2790 2140 2846; x_wconf 84' lang='lat' dir='ltr'><strong>ita</strong></span> <span class='ocrx_word' id='word_1_453' title='bbox 2189 2790 2244 2845; x_wconf 89' lang='lat' dir='ltr'><strong>in</strong></span> <span class='ocrx_word' id='word_1_454' title='bbox 2306 2788 2533 2847; x_wconf 79' lang='lat' dir='ltr'><strong>diversis</strong></span> <span class='ocrx_word' id='word_1_455' title='bbox 2568 2788 2820 2859; x_wconf 82' lang='lat' dir='ltr'><strong>gentibus</strong></span> <span class='ocrx_word' id='word_1_456' title='bbox 2866 2786 3032 2858; x_wconf 80' lang='lat' dir='ltr'><strong>fulget</strong></span> <span class='ocrx_word' id='word_1_457' title='bbox 3076 2805 3094 2843; x_wconf 83' lang='lat'><strong>:</strong></span> <span class='ocrx_word' id='word_1_458' title='bbox 3148 2786 3421 2855; x_wconf 77' lang='lat' dir='ltr'><strong>Scriptum</strong></span> 
     </span>
    </p>
   </div>
   <div class='ocr_carea' id='block_1_58' title="bbox 1838 2879 3418 2952">
    <p class='ocr_par' dir='ltr' id='par_1_58' title="bbox 1838 2879 3418 2952">
     <span class='ocr_line' id='line_1_58' title="bbox 1838 2879 3418 2952; baseline -0.002 -15"><span class='ocrx_word' id='word_1_459' title='bbox 1838 2883 2039 2952; x_wconf 86' lang='lat' dir='ltr'><strong>quippe</strong></span> <span class='ocrx_word' id='word_1_460' title='bbox 2082 2890 2165 2943; x_wconf 88' lang='lat' dir='ltr'><strong>est</strong></span> <span class='ocrx_word' id='word_1_461' title='bbox 2196 2898 2211 2936; x_wconf 87' lang='lat'><strong>:</strong></span> <span class='ocrx_word' id='word_1_462' title='bbox 2248 2900 2267 2937; x_wconf 83' lang='grc' dir='ltr'><strong>ι</strong></span> <span class='ocrx_word' id='word_1_463' title='bbox 2303 2881 2487 2939; x_wconf 85' lang='lat' dir='ltr'><strong>Donec</strong></span> <span class='ocrx_word' id='word_1_464' title='bbox 2528 2879 2806 2951; x_wconf 75' lang='lat' dir='ltr'><strong>plenitudo</strong></span> <span class='ocrx_word' id='word_1_465' title='bbox 2840 2879 3081 2951; x_wconf 75' lang='lat' dir='ltr'><strong>gentium</strong></span> <span class='ocrx_word' id='word_1_466' title='bbox 3127 2879 3418 2946; x_wconf 66' lang='grc' dir='ltr'><strong>ίυιτρξωι,</strong></span> 
     </span>
    </p>
   </div>
   <div class='ocr_carea' id='block_1_59' title="bbox 1836 2970 3423 3045">
    <p class='ocr_par' dir='ltr' id='par_1_59' title="bbox 1836 2970 3423 3045">
     <span class='ocr_line' id='line_1_59' title="bbox 1836 2970 3423 3045; baseline 0.001 -15"><span class='ocrx_word' id='word_1_467' title='bbox 1836 2982 1971 3043; x_wconf 76' lang='lat' dir='ltr'><strong>tunc</strong></span> <span class='ocrx_word' id='word_1_468' title='bbox 1995 2975 2173 3031; x_wconf 89' lang='lat' dir='ltr'><strong>omnis</strong></span> <span class='ocrx_word' id='word_1_469' title='bbox 2203 2973 2373 3033; x_wconf 78' lang='lat' dir='ltr'><strong>Israel</strong></span> <span class='ocrx_word' id='word_1_470' title='bbox 2395 2972 2576 3033; x_wconf 83' lang='lat' dir='ltr'><strong>salvus</strong></span> <span class='ocrx_word' id='word_1_471' title='bbox 2603 2972 2758 3029; x_wconf 82' lang='lat' dir='ltr'><strong>ﬁeret</strong></span> <span class='ocrx_word' id='word_1_472' title='bbox 2803 2970 2984 3045; x_wconf 79' lang='lat' dir='ltr'><strong>(Rom.</strong></span> <span class='ocrx_word' id='word_1_473' title='bbox 3013 2971 3111 3045; x_wconf 72' lang='lat' dir='ltr'><strong>in),</strong></span> <span class='ocrx_word' id='word_1_474' title='bbox 3150 2993 3171 3035; x_wconf 68' lang='grc' dir='ltr'><strong>ι</strong></span> <span class='ocrx_word' id='word_1_475' title='bbox 3202 2971 3339 3040; x_wconf 79' lang='lat' dir='ltr'><strong>Quia</strong></span> <span class='ocrx_word' id='word_1_476' title='bbox 3366 2980 3423 3031; x_wconf 80' lang='lat' dir='ltr'><strong>et</strong></span> 
     </span>
    </p>
   </div>
   <div class='ocr_carea' id='block_1_60' title="bbox 1837 3052 3424 3138">
    <p class='ocr_par' dir='ltr' id='par_1_60' title="bbox 1837 3052 3424 3138">
     <span class='ocr_line' id='line_1_60' title="bbox 1837 3052 3424 3138; baseline -0.001 -17"><span class='ocrx_word' id='word_1_477' title='bbox 1837 3083 1937 3138; x_wconf 86' lang='lat' dir='ltr'><strong>per</strong></span> <span class='ocrx_word' id='word_1_478' title='bbox 1978 3067 2300 3137; x_wconf 87' lang='lat' dir='ltr'><strong>prophetam</strong></span> <span class='ocrx_word' id='word_1_479' title='bbox 2340 3052 2571 3121; x_wconf 84' lang='lat' dir='ltr'><strong>alterum</strong></span> <span class='ocrx_word' id='word_1_480' title='bbox 2623 3065 2821 3124; x_wconf 87' lang='lat' dir='ltr'><strong>dicitur</strong></span> <span class='ocrx_word' id='word_1_481' title='bbox 2852 3083 2865 3118; x_wconf 90' lang='lat'><strong>:</strong></span> <span class='ocrx_word' id='word_1_482' title='bbox 2895 3083 2914 3117; x_wconf 72' lang='grc' dir='ltr'>α</span> <span class='ocrx_word' id='word_1_483' title='bbox 2944 3063 3006 3126; x_wconf 72' lang='lat' dir='ltr'><strong>Si</strong></span> <span class='ocrx_word' id='word_1_484' title='bbox 3038 3064 3198 3127; x_wconf 75' lang='lat' dir='ltr'><strong>fuerit</strong></span> <span class='ocrx_word' id='word_1_485' title='bbox 3235 3079 3424 3125; x_wconf 59' lang='lat' dir='ltr'><strong>nume-,-</strong></span> 
     </span>
    </p>
   </div>
   <div class='ocr_carea' id='block_1_61' title="bbox 1836 3156 3422 3229">
    <p class='ocr_par' dir='ltr' id='par_1_61' title="bbox 1836 3156 3422 3229">
     <span class='ocr_line' id='line_1_61' title="bbox 1836 3156 3422 3229; baseline 0 -16"><span class='ocrx_word' id='word_1_486' title='bbox 1836 3175 1937 3213; x_wconf 75' lang='lat' dir='ltr'><strong>rus</strong></span> <span class='ocrx_word' id='word_1_487' title='bbox 1956 3158 2190 3227; x_wconf 73' lang='lat' dir='ltr'><strong>ﬁliorum</strong></span> <span class='ocrx_word' id='word_1_488' title='bbox 2216 3157 2384 3214; x_wconf 87' lang='lat' dir='ltr'><strong>lsrael</strong></span> <span class='ocrx_word' id='word_1_489' title='bbox 2408 3157 2565 3229; x_wconf 82' lang='lat' dir='ltr'><strong>quasi</strong></span> <span class='ocrx_word' id='word_1_490' title='bbox 2589 3170 2757 3225; x_wconf 85' lang='lat' dir='ltr'><strong>arena</strong></span> <span class='ocrx_word' id='word_1_491' title='bbox 2779 3156 2967 3221; x_wconf 86' lang='lat' dir='ltr'><strong>maris,</strong></span> <span class='ocrx_word' id='word_1_492' title='bbox 2992 3156 3231 3226; x_wconf 69' lang='lat' dir='ltr'><strong>reliquiae</strong></span> <span class='ocrx_word' id='word_1_493' title='bbox 3259 3156 3422 3215; x_wconf 68' lang='lat' dir='ltr'><strong>salva</strong></span> 
     </span>
    </p>
   </div>
   <div class='ocr_carea' id='block_1_62' title="bbox 142 3226 3424 3325">
    <p class='ocr_par' dir='ltr' id='par_1_62' title="bbox 142 3226 3424 3325">
     <span class='ocr_line' id='line_1_62' title="bbox 142 3226 3424 3325; baseline 0.001 -23"><span class='ocrx_word' id='word_1_494' title='bbox 142 3248 263 3302; x_wconf 89' lang='lat' dir='ltr'><strong>lum</strong></span> <span class='ocrx_word' id='word_1_495' title='bbox 292 3248 501 3314; x_wconf 84' lang='lat' dir='ltr'><strong>timeas,</strong></span> <span class='ocrx_word' id='word_1_496' title='bbox 525 3262 624 3303; x_wconf 86' lang='lat' dir='ltr'><strong>nec</strong></span> <span class='ocrx_word' id='word_1_497' title='bbox 653 3246 891 3318; x_wconf 85' lang='lat' dir='ltr'><strong>aliquem</strong></span> <span class='ocrx_word' id='word_1_498' title='bbox 914 3248 1316 3319; x_wconf 79' lang='lat' dir='ltr'><strong>pertremiscas,</strong></span> <span class='ocrx_word' id='word_1_499' title='bbox 1340 3248 1436 3311; x_wconf 80' lang='lat' dir='ltr'><strong>sed</strong></span> <span class='ocrx_word' id='word_1_500' title='bbox 1463 3257 1735 3307; x_wconf 80' lang='lat' dir='ltr'><strong>revertere</strong></span> <span class='ocrx_word' id='word_1_501' title='bbox 1760 3226 1807 3290; x_wconf 70' lang='grc' dir='ltr'><strong>δ</strong></span> <span class='ocrx_word' id='word_1_502' title='bbox 1836 3252 1970 3306; x_wconf 78' lang='lat' dir='ltr'><strong>ﬁent</strong></span> <span class='ocrx_word' id='word_1_503' title='bbox 2008 3251 2164 3325; x_wconf 79' lang='lat' dir='ltr'><strong>(Irai.</strong></span> <span class='ocrx_word' id='word_1_504' title='bbox 2211 3250 2288 3321; x_wconf 72' lang='grc' dir='ltr'><strong>ι).</strong></span> <span class='ocrx_word' id='word_1_505' title='bbox 2328 3270 2348 3303; x_wconf 76' lang='grc' dir='ltr'><strong>ι</strong></span> <span class='ocrx_word' id='word_1_506' title='bbox 2376 3226 2548 3322; x_wconf 69' lang='lat' dir='ltr'><strong>Exeat</strong></span> <span class='ocrx_word' id='word_1_507' title='bbox 2570 3263 2699 3320; x_wconf 88' lang='lat' dir='ltr'><strong>ergo</strong></span> <span class='ocrx_word' id='word_1_508' title='bbox 2727 3249 2989 3318; x_wconf 72' lang='lat' dir='ltr'><strong>propheta</strong></span> <span class='ocrx_word' id='word_1_509' title='bbox 3016 3248 3084 3309; x_wconf 75' lang='lat' dir='ltr'><strong>de</strong></span> <span class='ocrx_word' id='word_1_510' title='bbox 3124 3246 3301 3307; x_wconf 83' lang='lat' dir='ltr'><strong>medio</strong></span> <span class='ocrx_word' id='word_1_511' title='bbox 3327 3261 3424 3318; x_wconf 83' lang='lat' dir='ltr'><strong>po-</strong></span> 
     </span>
    </p>
   </div>
   <div class='ocr_carea' id='block_1_63' title="bbox 142 3339 1735 3409">
    <p class='ocr_par' dir='ltr' id='par_1_63' title="bbox 142 3339 1735 3409">
     <span class='ocr_line' id='line_1_63' title="bbox 142 3339 1735 3409; baseline 0 -14"><span class='ocrx_word' id='word_1_512' title='bbox 142 3340 205 3405; x_wconf 82' lang='lat' dir='ltr'><strong>in</strong></span> <span class='ocrx_word' id='word_1_513' title='bbox 242 3340 460 3396; x_wconf 91' lang='lat' dir='ltr'><strong>domum</strong></span> <span class='ocrx_word' id='word_1_514' title='bbox 502 3348 682 3405; x_wconf 85' lang='lat' dir='ltr'><strong>tuam,</strong></span> <span class='ocrx_word' id='word_1_515' title='bbox 722 3340 809 3399; x_wconf 85' lang='lat' dir='ltr'><strong>vel</strong></span> <span class='ocrx_word' id='word_1_516' title='bbox 851 3340 920 3395; x_wconf 86' lang='lat' dir='ltr'><strong>ad</strong></span> <span class='ocrx_word' id='word_1_517' title='bbox 949 3339 1306 3403; x_wconf 82' lang='lat' dir='ltr'><strong>necessitates</strong></span> <span class='ocrx_word' id='word_1_518' title='bbox 1353 3339 1626 3409; x_wconf 86' lang='lat' dir='ltr'><strong>corporis,</strong></span> <span class='ocrx_word' id='word_1_519' title='bbox 1675 3348 1735 3401; x_wconf 86' lang='lat' dir='ltr'><strong>ut</strong></span> 
     </span>
    </p>
   </div>
   <div class='ocr_carea' id='block_1_64' title="bbox 143 3430 1735 3504">
    <p class='ocr_par' dir='ltr' id='par_1_64' title="bbox 143 3430 1735 3504">
     <span class='ocr_line' id='line_1_64' title="bbox 143 3430 1735 3504; baseline 0.003 -17"><span class='ocrx_word' id='word_1_520' title='bbox 143 3432 370 3503; x_wconf 87' lang='lat' dir='ltr'><strong>quidam</strong></span> <span class='ocrx_word' id='word_1_521' title='bbox 404 3439 626 3503; x_wconf 78' lang='lat' dir='ltr'><strong>putant,</strong></span> <span class='ocrx_word' id='word_1_522' title='bbox 661 3432 745 3488; x_wconf 89' lang='lat' dir='ltr'><strong>vel</strong></span> <span class='ocrx_word' id='word_1_523' title='bbox 772 3431 829 3488; x_wconf 90' lang='lat' dir='ltr'><strong>in</strong></span> <span class='ocrx_word' id='word_1_524' title='bbox 858 3432 1071 3504; x_wconf 88' lang='lat' dir='ltr'><strong>signum</strong></span> <span class='ocrx_word' id='word_1_525' title='bbox 1108 3430 1303 3491; x_wconf 73' lang='lat' dir='ltr'><strong>futura:</strong></span> <span class='ocrx_word' id='word_1_526' title='bbox 1330 3433 1735 3503; x_wconf 75' lang='lat' dir='ltr'><strong>obsidionis.l:‘,t</strong></span> 
     </span>
    </p>
   </div>
   <div class='ocr_carea' id='block_1_65' title="bbox 141 3524 1733 3596">
    <p class='ocr_par' dir='ltr' id='par_1_65' title="bbox 141 3524 1733 3596">
     <span class='ocr_line' id='line_1_65' title="bbox 141 3524 1733 3596; baseline 0.001 -16"><span class='ocrx_word' id='word_1_527' title='bbox 141 3526 419 3596; x_wconf 81' lang='lat' dir='ltr'><strong>quomodo</strong></span> <span class='ocrx_word' id='word_1_528' title='bbox 457 3524 625 3583; x_wconf 82' lang='lat' dir='ltr'><strong>Isaias</strong></span> <span class='ocrx_word' id='word_1_529' title='bbox 668 3524 1017 3584; x_wconf 78' lang='lat' dir='ltr'><strong>discalciatus</strong></span> <span class='ocrx_word' id='word_1_530' title='bbox 1062 3533 1119 3581; x_wconf 89' lang='lat' dir='ltr'><strong>et</strong></span> <span class='ocrx_word' id='word_1_531' title='bbox 1159 3526 1336 3585; x_wconf 87' lang='lat' dir='ltr'><strong>nudus</strong></span> <span class='ocrx_word' id='word_1_532' title='bbox 1369 3526 1534 3585; x_wconf 84' lang='lat' dir='ltr'><strong>trium</strong></span> <span class='ocrx_word' id='word_1_533' title='bbox 1565 3542 1733 3585; x_wconf 85' lang='lat' dir='ltr'><strong>anno-</strong></span> 
     </span>
    </p>
   </div>
   <div class='ocr_carea' id='block_1_66' title="bbox 144 3616 1731 3688">
    <p class='ocr_par' dir='ltr' id='par_1_66' title="bbox 144 3616 1731 3688">
     <span class='ocr_line' id='line_1_66' title="bbox 144 3616 1731 3688; baseline 0 -16"><span class='ocrx_word' id='word_1_534' title='bbox 144 3634 271 3672; x_wconf 84' lang='lat' dir='ltr'><strong>rum</strong></span> <span class='ocrx_word' id='word_1_535' title='bbox 298 3617 661 3688; x_wconf 75' lang='lat' dir='ltr'><strong>captivitatem</strong></span> <span class='ocrx_word' id='word_1_536' title='bbox 684 3624 741 3676; x_wconf 85' lang='lat' dir='ltr'><strong>et</strong></span> <span class='ocrx_word' id='word_1_537' title='bbox 767 3616 1065 3677; x_wconf 83' lang='lat' dir='ltr'><strong>nuditatem</strong></span> <span class='ocrx_word' id='word_1_538' title='bbox 1106 3616 1291 3687; x_wconf 77' lang='lat' dir='ltr'><strong>populi</strong></span> <span class='ocrx_word' id='word_1_539' title='bbox 1337 3617 1625 3683; x_wconf 78' lang='lat' dir='ltr'><strong>nuntiavit,</strong></span> <span class='ocrx_word' id='word_1_540' title='bbox 1657 3618 1731 3679; x_wconf 86' lang='lat' dir='ltr'><strong>ita</strong></span> 
     </span>
    </p>
   </div>
   <div class='ocr_carea' id='block_1_67' title="bbox 142 3707 1735 3786">
    <p class='ocr_par' dir='ltr' id='par_1_67' title="bbox 142 3707 1735 3786">
     <span class='ocr_line' id='line_1_67' title="bbox 142 3707 1735 3786; baseline 0.002 -24"><span class='ocrx_word' id='word_1_541' title='bbox 142 3718 203 3762; x_wconf 90' lang='lat' dir='ltr'><strong>et</strong></span> <span class='ocrx_word' id='word_1_542' title='bbox 231 3717 285 3763; x_wconf 87' lang='lat' dir='ltr'><strong>tu</strong></span> <span class='ocrx_word' id='word_1_543' title='bbox 307 3709 519 3771; x_wconf 83' lang='lat' dir='ltr'><strong>clausus</strong></span> <span class='ocrx_word' id='word_1_544' title='bbox 552 3709 731 3774; x_wconf 68' lang='lat' dir='ltr'><strong>domo,</strong></span> <span class='ocrx_word' id='word_1_545' title='bbox 757 3722 922 3778; x_wconf 85' lang='lat' dir='ltr'><strong>opere</strong></span> <span class='ocrx_word' id='word_1_546' title='bbox 958 3708 1077 3779; x_wconf 80' lang='lat' dir='ltr'><strong>ipso</strong></span> <span class='ocrx_word' id='word_1_547' title='bbox 1100 3708 1364 3786; x_wconf 76' lang='lat' dir='ltr'><strong>propheta</strong></span> <span class='ocrx_word' id='word_1_548' title='bbox 1392 3707 1622 3771; x_wconf 76' lang='lat' dir='ltr'><strong>vicinam</strong></span> <span class='ocrx_word' id='word_1_549' title='bbox 1638 3707 1735 3765; x_wconf 49' lang='lat' dir='ltr'><strong>ob:</strong></span> 
     </span>
    </p>
   </div>
   <div class='ocr_carea' id='block_1_68' title="bbox 144 3798 1734 3872">
    <p class='ocr_par' dir='ltr' id='par_1_68' title="bbox 144 3798 1734 3872">
     <span class='ocr_line' id='line_1_68' title="bbox 144 3798 1734 3872; baseline 0.001 -16"><span class='ocrx_word' id='word_1_550' title='bbox 144 3801 416 3857; x_wconf 83' lang='lat' dir='ltr'><strong>sidionem</strong></span> <span class='ocrx_word' id='word_1_551' title='bbox 440 3800 588 3857; x_wconf 81' lang='lat' dir='ltr'><strong>urbis</strong></span> <span class='ocrx_word' id='word_1_552' title='bbox 614 3798 933 3859; x_wconf 74' lang='lat' dir='ltr'><strong>Jerusalem.</strong></span> <span class='ocrx_word' id='word_1_553' title='bbox 956 3798 1157 3872; x_wconf 75' lang='lat' dir='ltr'><strong>(Greg.)</strong></span> <span class='ocrx_word' id='word_1_554' title='bbox 1180 3799 1318 3867; x_wconf 87' lang='lat' dir='ltr'><strong>Quid</strong></span> <span class='ocrx_word' id='word_1_555' title='bbox 1339 3801 1566 3867; x_wconf 86' lang='lat' dir='ltr'><strong>esthoc,</strong></span> <span class='ocrx_word' id='word_1_556' title='bbox 1590 3801 1734 3871; x_wconf 90' lang='lat' dir='ltr'><strong>quod</strong></span> 
     </span>
    </p>
   </div>
   <div class='ocr_carea' id='block_1_69' title="bbox 142 3894 1735 3965">
    <p class='ocr_par' dir='ltr' id='par_1_69' title="bbox 142 3894 1735 3965">
     <span class='ocr_line' id='line_1_69' title="bbox 142 3894 1735 3965; baseline 0.001 -17"><span class='ocrx_word' id='word_1_557' title='bbox 142 3895 303 3965; x_wconf 89' lang='lat' dir='ltr'><strong>prius</strong></span> <span class='ocrx_word' id='word_1_558' title='bbox 348 3894 607 3951; x_wconf 81' lang='lat' dir='ltr'><strong>Dominus</strong></span> <span class='ocrx_word' id='word_1_559' title='bbox 657 3895 712 3951; x_wconf 90' lang='lat' dir='ltr'><strong>in</strong></span> <span class='ocrx_word' id='word_1_560' title='bbox 762 3894 938 3949; x_wconf 82' lang='lat' dir='ltr'><strong>medio</strong></span> <span class='ocrx_word' id='word_1_561' title='bbox 982 3894 1349 3955; x_wconf 72' lang='lat' dir='ltr'><strong>Israelitarum</strong></span> <span class='ocrx_word' id='word_1_562' title='bbox 1398 3896 1613 3953; x_wconf 89' lang='lat' dir='ltr'><strong>locutus</strong></span> <span class='ocrx_word' id='word_1_563' title='bbox 1665 3895 1735 3953; x_wconf 81' lang='lat' dir='ltr'><strong>ad</strong></span> 
     </span>
    </p>
   </div>
   <div class='ocr_carea' id='block_1_70' title="bbox 142 3988 1731 4061">
    <p class='ocr_par' dir='ltr' id='par_1_70' title="bbox 142 3988 1731 4061">
     <span class='ocr_line' id='line_1_70' title="bbox 142 3988 1731 4061; baseline 0.001 -18"><span class='ocrx_word' id='word_1_564' title='bbox 142 3991 469 4061; x_wconf 79' lang='lat' dir='ltr'><strong>prophetam</strong></span> <span class='ocrx_word' id='word_1_565' title='bbox 496 4004 651 4043; x_wconf 88' lang='lat' dir='ltr'><strong>suum</strong></span> <span class='ocrx_word' id='word_1_566' title='bbox 680 3988 879 4055; x_wconf 82' lang='lat' dir='ltr'><strong>fuerat,</strong></span> <span class='ocrx_word' id='word_1_567' title='bbox 903 3997 959 4043; x_wconf 92' lang='lat' dir='ltr'><strong>et</strong></span> <span class='ocrx_word' id='word_1_568' title='bbox 980 3999 1160 4046; x_wconf 89' lang='lat' dir='ltr'><strong>tamen</strong></span> <span class='ocrx_word' id='word_1_569' title='bbox 1183 3994 1524 4061; x_wconf 83' lang='lat' dir='ltr'><strong>postmodum</strong></span> <span class='ocrx_word' id='word_1_570' title='bbox 1560 3991 1691 4047; x_wconf 89' lang='lat' dir='ltr'><strong>dicit</strong></span> <span class='ocrx_word' id='word_1_571' title='bbox 1716 4008 1731 4045; x_wconf 90' lang='lat'><strong>:</strong></span> 
     </span>
    </p>
   </div>
   <div class='ocr_carea' id='block_1_71' title="bbox 147 4079 1734 4150">
    <p class='ocr_par' dir='ltr' id='par_1_71' title="bbox 147 4079 1734 4150">
     <span class='ocr_line' id='line_1_71' title="bbox 147 4079 1734 4150; baseline 0.003 -19"><span class='ocrx_word' id='word_1_572' title='bbox 147 4100 167 4131; x_wconf 77' lang='grc' dir='ltr'><strong>ι</strong></span> <span class='ocrx_word' id='word_1_573' title='bbox 213 4081 484 4149; x_wconf 76' lang='lat' dir='ltr'><strong>Egredere</strong></span> <span class='ocrx_word' id='word_1_574' title='bbox 515 4080 571 4134; x_wconf 84' lang='lat' dir='ltr'><strong>in</strong></span> <span class='ocrx_word' id='word_1_575' title='bbox 616 4095 888 4149; x_wconf 85' lang='lat' dir='ltr'><strong>campum,</strong></span> <span class='ocrx_word' id='word_1_576' title='bbox 920 4088 975 4132; x_wconf 86' lang='lat' dir='ltr'><strong>et</strong></span> <span class='ocrx_word' id='word_1_577' title='bbox 1003 4080 1078 4135; x_wconf 91' lang='lat' dir='ltr'><strong>ibi</strong></span> <span class='ocrx_word' id='word_1_578' title='bbox 1106 4079 1299 4150; x_wconf 76' lang='lat' dir='ltr'><strong>loquar</strong></span> <span class='ocrx_word' id='word_1_579' title='bbox 1332 4090 1542 4147; x_wconf 80' lang='lat' dir='ltr'><strong>tecum,</strong></span> <span class='ocrx_word' id='word_1_580' title='bbox 1571 4100 1591 4137; x_wconf 69' lang='grc' dir='ltr'><strong>ι</strong></span> <span class='ocrx_word' id='word_1_581' title='bbox 1630 4081 1734 4138; x_wconf 87' lang='lat' dir='ltr'><strong>nisi</strong></span> 
     </span>
    </p>
   </div>
   <div class='ocr_carea' id='block_1_72' title="bbox 139 4170 1739 4244">
    <p class='ocr_par' dir='ltr' id='par_1_72' title="bbox 139 4170 1739 4244">
     <span class='ocr_line' id='line_1_72' title="bbox 139 4170 1739 4244; baseline 0 -18"><span class='ocrx_word' id='word_1_582' title='bbox 139 4173 300 4244; x_wconf 83' lang='lat' dir='ltr'><strong>quod</strong></span> <span class='ocrx_word' id='word_1_583' title='bbox 354 4170 650 4240; x_wconf 78' lang='lat' dir='ltr'><strong>prophetiae</strong></span> <span class='ocrx_word' id='word_1_584' title='bbox 700 4184 813 4237; x_wconf 57' lang='lat' dir='ltr'><strong>sua!</strong></span> <span class='ocrx_word' id='word_1_585' title='bbox 859 4170 1110 4241; x_wconf 68' lang='lat' dir='ltr'><strong>gratiam,</strong></span> <span class='ocrx_word' id='word_1_586' title='bbox 1138 4180 1193 4225; x_wconf 83' lang='lat' dir='ltr'><strong>et</strong></span> <span class='ocrx_word' id='word_1_587' title='bbox 1238 4174 1388 4241; x_wconf 83' lang='lat' dir='ltr'><strong>prius</strong></span> <span class='ocrx_word' id='word_1_588' title='bbox 1427 4172 1626 4228; x_wconf 64' lang='lat' dir='ltr'><strong>ludatis</strong></span> <span class='ocrx_word' id='word_1_589' title='bbox 1654 4172 1739 4227; x_wconf 81' lang='lat' dir='ltr'><strong>ia-</strong></span> 
     </span>
    </p>
   </div>
   <div class='ocr_carea' id='block_1_73' title="bbox 138 4261 1738 4334">
    <p class='ocr_par' dir='ltr' id='par_1_73' title="bbox 138 4261 1738 4334">
     <span class='ocr_line' id='line_1_73' title="bbox 138 4261 1738 4334; baseline 0 -15"><span class='ocrx_word' id='word_1_590' title='bbox 138 4262 445 4319; x_wconf 84' lang='lat' dir='ltr'><strong>funderet?</strong></span> <span class='ocrx_word' id='word_1_591' title='bbox 476 4261 628 4317; x_wconf 85' lang='lat' dir='ltr'><strong>Hanc</strong></span> <span class='ocrx_word' id='word_1_592' title='bbox 646 4264 988 4333; x_wconf 76' lang='lat' dir='ltr'><strong>postmodum</strong></span> <span class='ocrx_word' id='word_1_593' title='bbox 1018 4262 1275 4334; x_wconf 84' lang='lat' dir='ltr'><strong>dignatus</strong></span> <span class='ocrx_word' id='word_1_594' title='bbox 1320 4274 1404 4320; x_wconf 87' lang='lat' dir='ltr'><strong>est</strong></span> <span class='ocrx_word' id='word_1_595' title='bbox 1447 4265 1501 4319; x_wconf 90' lang='lat' dir='ltr'><strong>in</strong></span> <span class='ocrx_word' id='word_1_596' title='bbox 1551 4263 1738 4319; x_wconf 83' lang='lat' dir='ltr'><strong>latitu-</strong></span> 
     </span>
    </p>
   </div>
   <div class='ocr_carea' id='block_1_74' title="bbox 141 4354 1738 4426">
    <p class='ocr_par' dir='ltr' id='par_1_74' title="bbox 141 4354 1738 4426">
     <span class='ocr_line' id='line_1_74' title="bbox 141 4354 1738 4426; baseline 0.001 -15"><span class='ocrx_word' id='word_1_597' title='bbox 141 4356 334 4411; x_wconf 88' lang='lat' dir='ltr'><strong>dinem</strong></span> <span class='ocrx_word' id='word_1_598' title='bbox 365 4354 604 4425; x_wconf 87' lang='lat' dir='ltr'><strong>gentium</strong></span> <span class='ocrx_word' id='word_1_599' title='bbox 642 4354 1035 4411; x_wconf 80' lang='lat' dir='ltr'><strong>demonstrare.</strong></span> <span class='ocrx_word' id='word_1_600' title='bbox 1072 4354 1258 4426; x_wconf 85' lang='lat' dir='ltr'><strong>Neque</strong></span> <span class='ocrx_word' id='word_1_601' title='bbox 1281 4357 1428 4412; x_wconf 88' lang='lat' dir='ltr'><strong>enim</strong></span> <span class='ocrx_word' id='word_1_602' title='bbox 1468 4356 1738 4415; x_wconf 88' lang='lat' dir='ltr'><strong>immerito</strong></span> 
     </span>
    </p>
   </div>
   <div class='ocr_carea' id='block_1_75' title="bbox 140 4445 1738 4518">
    <p class='ocr_par' dir='ltr' id='par_1_75' title="bbox 140 4445 1738 4518">
     <span class='ocr_line' id='line_1_75' title="bbox 140 4445 1738 4518; baseline 0.001 -18"><span class='ocrx_word' id='word_1_603' title='bbox 140 4461 250 4516; x_wconf 88' lang='lat' dir='ltr'><strong>per</strong></span> <span class='ocrx_word' id='word_1_604' title='bbox 289 4459 540 4514; x_wconf 89' lang='lat' dir='ltr'><strong>campum</strong></span> <span class='ocrx_word' id='word_1_605' title='bbox 567 4445 840 4515; x_wconf 87' lang='lat' dir='ltr'><strong>gentilitas</strong></span> <span class='ocrx_word' id='word_1_606' title='bbox 882 4446 1218 4517; x_wconf 86' lang='lat' dir='ltr'><strong>designatur,</strong></span> <span class='ocrx_word' id='word_1_607' title='bbox 1263 4463 1382 4517; x_wconf 75' lang='lat' dir='ltr'><strong>qum</strong></span> <span class='ocrx_word' id='word_1_608' title='bbox 1423 4447 1580 4518; x_wconf 90' lang='lat' dir='ltr'><strong>longe</strong></span> <span class='ocrx_word' id='word_1_609' title='bbox 1609 4446 1738 4502; x_wconf 88' lang='lat' dir='ltr'><strong>late-</strong></span> 
     </span>
    </p>
   </div>
   <div class='ocr_carea' id='block_1_76' title="bbox 1834 3338 3426 3413">
    <p class='ocr_par' dir='ltr' id='par_1_76' title="bbox 1834 3338 3426 3413">
     <span class='ocr_line' id='line_1_76' title="bbox 1834 3338 3426 3413; baseline -0.003 -16"><span class='ocrx_word' id='word_1_610' title='bbox 1834 3342 1944 3413; x_wconf 86' lang='lat' dir='ltr'><strong>puli</strong></span> <span class='ocrx_word' id='word_1_611' title='bbox 1993 3342 2061 3398; x_wconf 89' lang='lat' dir='ltr'><strong>ad</strong></span> <span class='ocrx_word' id='word_1_612' title='bbox 2109 3355 2381 3412; x_wconf 78' lang='lat' dir='ltr'><strong>campum,</strong></span> <span class='ocrx_word' id='word_1_613' title='bbox 2409 3343 2473 3399; x_wconf 82' lang='lat' dir='ltr'><strong>de</strong></span> <span class='ocrx_word' id='word_1_614' title='bbox 2500 3353 2692 3409; x_wconf 76' lang='lat' dir='ltr'><strong>eampo</strong></span> <span class='ocrx_word' id='word_1_615' title='bbox 2736 3338 2924 3399; x_wconf 79' lang='lat' dir='ltr'><strong>redeat</strong></span> <span class='ocrx_word' id='word_1_616' title='bbox 2969 3338 3039 3393; x_wconf 87' lang='lat' dir='ltr'><strong>ad</strong></span> <span class='ocrx_word' id='word_1_617' title='bbox 3084 3339 3327 3404; x_wconf 72' lang='lat' dir='ltr'><strong>(lenium,</strong></span> <span class='ocrx_word' id='word_1_618' title='bbox 3360 3344 3426 3399; x_wconf 82' lang='lat' dir='ltr'><strong>ut</strong></span> 
     </span>
    </p>
   </div>
   <div class='ocr_carea' id='block_1_77' title="bbox 1834 3429 3413 3503">
    <p class='ocr_par' dir='ltr' id='par_1_77' title="bbox 1834 3429 3413 3503">
     <span class='ocr_line' id='line_1_77' title="bbox 1834 3429 3413 3503; baseline -0.002 -16"><span class='ocrx_word' id='word_1_619' title='bbox 1834 3442 1892 3499; x_wconf 71' lang='lat' dir='ltr'><strong>et</strong></span> <span class='ocrx_word' id='word_1_620' title='bbox 1928 3432 2263 3503; x_wconf 71' lang='lat' dir='ltr'><strong>prmdicatio,</strong></span> <span class='ocrx_word' id='word_1_621' title='bbox 2289 3447 2410 3503; x_wconf 80' lang='lat' dir='ltr'><strong>quae</strong></span> <span class='ocrx_word' id='word_1_622' title='bbox 2435 3429 2633 3489; x_wconf 63' lang='lat' dir='ltr'><strong>Iudaeae</strong></span> <span class='ocrx_word' id='word_1_623' title='bbox 2675 3429 2817 3493; x_wconf 83' lang='lat' dir='ltr'><strong>facta</strong></span> <span class='ocrx_word' id='word_1_624' title='bbox 2865 3438 2968 3496; x_wconf 88' lang='lat' dir='ltr'><strong>est,</strong></span> <span class='ocrx_word' id='word_1_625' title='bbox 2998 3430 3309 3501; x_wconf 82' lang='lat' dir='ltr'><strong>egrediatur</strong></span> <span class='ocrx_word' id='word_1_626' title='bbox 3356 3429 3413 3492; x_wconf 85' lang='lat' dir='ltr'><strong>in</strong></span> 
     </span>
    </p>
   </div>
   <div class='ocr_carea' id='block_1_78' title="bbox 1832 3522 3419 3598">
    <p class='ocr_par' dir='ltr' id='par_1_78' title="bbox 1832 3522 3419 3598">
     <span class='ocr_line' id='line_1_78' title="bbox 1832 3522 3419 3598; baseline 0.001 -18"><span class='ocrx_word' id='word_1_627' title='bbox 1832 3535 2042 3598; x_wconf 78' lang='lat' dir='ltr'><strong>gentes,</strong></span> <span class='ocrx_word' id='word_1_628' title='bbox 2062 3534 2119 3581; x_wconf 89' lang='lat' dir='ltr'><strong>et</strong></span> <span class='ocrx_word' id='word_1_629' title='bbox 2156 3524 2378 3596; x_wconf 84' lang='lat' dir='ltr'><strong>repletis</strong></span> <span class='ocrx_word' id='word_1_630' title='bbox 2406 3524 2512 3582; x_wconf 83' lang='lat' dir='ltr'><strong>ﬁde</strong></span> <span class='ocrx_word' id='word_1_631' title='bbox 2541 3523 2814 3596; x_wconf 80' lang='lat' dir='ltr'><strong>gentibus,</strong></span> <span class='ocrx_word' id='word_1_632' title='bbox 2844 3523 3071 3592; x_wconf 86' lang='lat' dir='ltr'><strong>recipiat</strong></span> <span class='ocrx_word' id='word_1_633' title='bbox 3093 3522 3278 3584; x_wconf 74' lang='lat' dir='ltr'><strong>Judzsa</strong></span> <span class='ocrx_word' id='word_1_634' title='bbox 3308 3522 3419 3594; x_wconf 88' lang='lat' dir='ltr'><strong>spi-</strong></span> 
     </span>
    </p>
   </div>
   <div class='ocr_carea' id='block_1_79' title="bbox 1834 3615 3417 3689">
    <p class='ocr_par' dir='ltr' id='par_1_79' title="bbox 1834 3615 3417 3689">
     <span class='ocr_line' id='line_1_79' title="bbox 1834 3615 3417 3689; baseline -0.004 -14"><span class='ocrx_word' id='word_1_635' title='bbox 1834 3620 2011 3681; x_wconf 84' lang='lat' dir='ltr'><strong>ritalis</strong></span> <span class='ocrx_word' id='word_1_636' title='bbox 2057 3619 2318 3675; x_wconf 72' lang='lat' dir='ltr'><strong>doctrinae</strong></span> <span class='ocrx_word' id='word_1_637' title='bbox 2365 3618 2540 3685; x_wconf 87' lang='lat' dir='ltr'><strong>dona,</strong></span> <span class='ocrx_word' id='word_1_638' title='bbox 2592 3633 2712 3689; x_wconf 67' lang='lat' dir='ltr'><strong>quae</strong></span> <span class='ocrx_word' id='word_1_639' title='bbox 2758 3617 2958 3675; x_wconf 88' lang='lat' dir='ltr'><strong>amisit.</strong></span> <span class='ocrx_word' id='word_1_640' title='bbox 2995 3615 3199 3676; x_wconf 77' lang='lat' dir='ltr'><strong>Includi</strong></span> <span class='ocrx_word' id='word_1_641' title='bbox 3240 3625 3417 3673; x_wconf 84' lang='lat' dir='ltr'><strong>autem</strong></span> 
     </span>
    </p>
   </div>
   <div class='ocr_carea' id='block_1_80' title="bbox 1831 3705 3421 3781">
    <p class='ocr_par' dir='ltr' id='par_1_80' title="bbox 1831 3705 3421 3781">
     <span class='ocr_line' id='line_1_80' title="bbox 1831 3705 3421 3781; baseline -0.003 -15"><span class='ocrx_word' id='word_1_642' title='bbox 1831 3711 2097 3781; x_wconf 88' lang='lat' dir='ltr'><strong>propheta</strong></span> <span class='ocrx_word' id='word_1_643' title='bbox 2124 3709 2179 3764; x_wconf 92' lang='lat' dir='ltr'><strong>in</strong></span> <span class='ocrx_word' id='word_1_644' title='bbox 2226 3709 2402 3766; x_wconf 87' lang='lat' dir='ltr'><strong>medio</strong></span> <span class='ocrx_word' id='word_1_645' title='bbox 2425 3710 2618 3765; x_wconf 85' lang='lat' dir='ltr'><strong>domus</strong></span> <span class='ocrx_word' id='word_1_646' title='bbox 2644 3724 2760 3766; x_wconf 81' lang='lat' dir='ltr'><strong>suae</strong></span> <span class='ocrx_word' id='word_1_647' title='bbox 2796 3706 3125 3781; x_wconf 68' lang='lat' dir='ltr'><strong>praecipitur,</strong></span> <span class='ocrx_word' id='word_1_648' title='bbox 3157 3705 3281 3776; x_wconf 83' lang='lat' dir='ltr'><strong>quia</strong></span> <span class='ocrx_word' id='word_1_649' title='bbox 3311 3706 3421 3763; x_wconf 83' lang='lat' dir='ltr'><strong>An-</strong></span> 
     </span>
    </p>
   </div>
   <div class='ocr_carea' id='block_1_81' title="bbox 1835 3795 3420 3872">
    <p class='ocr_par' dir='ltr' id='par_1_81' title="bbox 1835 3795 3420 3872">
     <span class='ocr_line' id='line_1_81' title="bbox 1835 3795 3420 3872; baseline -0.003 -16"><span class='ocrx_word' id='word_1_650' title='bbox 1835 3801 2070 3858; x_wconf 89' lang='lat' dir='ltr'><strong>tichristi</strong></span> <span class='ocrx_word' id='word_1_651' title='bbox 2103 3809 2342 3872; x_wconf 90' lang='lat' dir='ltr'><strong>tempore</strong></span> <span class='ocrx_word' id='word_1_652' title='bbox 2384 3801 2455 3859; x_wconf 88' lang='lat' dir='ltr'><strong>ab</strong></span> <span class='ocrx_word' id='word_1_653' title='bbox 2480 3800 2562 3859; x_wconf 87' lang='lat' dir='ltr'><strong>eis</strong></span> <span class='ocrx_word' id='word_1_654' title='bbox 2612 3800 2900 3872; x_wconf 81' lang='lat' dir='ltr'><strong>gentibus,</strong></span> <span class='ocrx_word' id='word_1_655' title='bbox 2943 3814 3064 3868; x_wconf 65' lang='lat' dir='ltr'><strong>qua</strong></span> <span class='ocrx_word' id='word_1_656' title='bbox 3092 3798 3147 3855; x_wconf 84' lang='lat' dir='ltr'><strong>in</strong></span> <span class='ocrx_word' id='word_1_657' title='bbox 3190 3795 3420 3855; x_wconf 76' lang='lat' dir='ltr'><strong>inﬁdeli-</strong></span> 
     </span>
    </p>
   </div>
   <div class='ocr_carea' id='block_1_82' title="bbox 1835 3888 3420 3965">
    <p class='ocr_par' dir='ltr' id='par_1_82' title="bbox 1835 3888 3420 3965">
     <span class='ocr_line' id='line_1_82' title="bbox 1835 3888 3420 3965; baseline -0.003 -15"><span class='ocrx_word' id='word_1_658' title='bbox 1835 3903 1950 3950; x_wconf 89' lang='lat' dir='ltr'><strong>tate</strong></span> <span class='ocrx_word' id='word_1_659' title='bbox 2000 3895 2389 3961; x_wconf 89' lang='lat' dir='ltr'><strong>remanserint,</strong></span> <span class='ocrx_word' id='word_1_660' title='bbox 2418 3893 2569 3965; x_wconf 86' lang='lat' dir='ltr'><strong>plebs</strong></span> <span class='ocrx_word' id='word_1_661' title='bbox 2618 3907 2879 3949; x_wconf 87' lang='lat' dir='ltr'><strong>conversa</strong></span> <span class='ocrx_word' id='word_1_662' title='bbox 2915 3890 3222 3949; x_wconf 69' lang='lat' dir='ltr'><strong>Iudaeorum</strong></span> <span class='ocrx_word' id='word_1_663' title='bbox 3269 3888 3420 3945; x_wconf 87' lang='lat' dir='ltr'><strong>duris</strong></span> 
     </span>
    </p>
   </div>
   <div class='ocr_carea' id='block_1_83' title="bbox 1835 3981 3419 4059">
    <p class='ocr_par' dir='ltr' id='par_1_83' title="bbox 1835 3981 3419 4059">
     <span class='ocr_line' id='line_1_83' title="bbox 1835 3981 3419 4059; baseline -0.004 -18"><span class='ocrx_word' id='word_1_664' title='bbox 1835 3987 2303 4059; x_wconf 80' lang='lat' dir='ltr'><strong>persecutionibus</strong></span> <span class='ocrx_word' id='word_1_665' title='bbox 2356 3993 2697 4056; x_wconf 68' lang='lat' dir='ltr'><strong>angustatur.</strong></span> <span class='ocrx_word' id='word_1_666' title='bbox 2752 3983 2907 4045; x_wconf 82' lang='lat' dir='ltr'><strong>Unde</strong></span> <span class='ocrx_word' id='word_1_667' title='bbox 2959 3981 3219 4059; x_wconf 80' lang='lat' dir='ltr'><strong>scriptum</strong></span> <span class='ocrx_word' id='word_1_668' title='bbox 3281 3989 3363 4035; x_wconf 86' lang='lat' dir='ltr'><strong>est</strong></span> <span class='ocrx_word' id='word_1_669' title='bbox 3403 3993 3419 4034; x_wconf 85' lang='lat'><strong>:</strong></span> 
     </span>
    </p>
   </div>
   <div class='ocr_carea' id='block_1_84' title="bbox 1835 4071 3420 4146">
    <p class='ocr_par' dir='ltr' id='par_1_84' title="bbox 1835 4071 3420 4146">
     <span class='ocr_line' id='line_1_84' title="bbox 1835 4071 3420 4146; baseline -0.004 -14"><span class='ocrx_word' id='word_1_670' title='bbox 1835 4079 2047 4132; x_wconf 75' lang='lat' dir='ltr'><strong>Atrium</strong></span> <span class='ocrx_word' id='word_1_671' title='bbox 2063 4088 2264 4143; x_wconf 89' lang='lat' dir='ltr'><strong>autem,</strong></span> <span class='ocrx_word' id='word_1_672' title='bbox 2286 4076 2427 4146; x_wconf 85' lang='lat' dir='ltr'><strong>quod</strong></span> <span class='ocrx_word' id='word_1_673' title='bbox 2454 4085 2575 4131; x_wconf 85' lang='lat' dir='ltr'><strong>erat</strong></span> <span class='ocrx_word' id='word_1_674' title='bbox 2592 4083 2748 4131; x_wconf 81' lang='lat' dir='ltr'><strong>extra</strong></span> <span class='ocrx_word' id='word_1_675' title='bbox 2774 4075 2921 4129; x_wconf 77' lang='lat' dir='ltr'><strong>tores</strong></span> <span class='ocrx_word' id='word_1_676' title='bbox 2944 4072 3149 4142; x_wconf 81' lang='lat' dir='ltr'><strong>templi,</strong></span> <span class='ocrx_word' id='word_1_677' title='bbox 3172 4072 3311 4143; x_wconf 82' lang='lat' dir='ltr'><strong>ejice</strong></span> <span class='ocrx_word' id='word_1_678' title='bbox 3339 4071 3420 4126; x_wconf 77' lang='lat' dir='ltr'><strong>fo-</strong></span> 
     </span>
    </p>
   </div>
   <div class='ocr_carea' id='block_1_85' title="bbox 1840 4162 3418 4235">
    <p class='ocr_par' dir='ltr' id='par_1_85' title="bbox 1840 4162 3418 4235">
     <span class='ocr_line' id='line_1_85' title="bbox 1840 4162 3418 4235; baseline -0.003 -14"><span class='ocrx_word' id='word_1_679' title='bbox 1840 4182 1950 4233; x_wconf 89' lang='lat' dir='ltr'><strong>ras,</strong></span> <span class='ocrx_word' id='word_1_680' title='bbox 1967 4176 2022 4222; x_wconf 89' lang='lat' dir='ltr'><strong>et</strong></span> <span class='ocrx_word' id='word_1_681' title='bbox 2040 4183 2106 4221; x_wconf 86' lang='lat' dir='ltr'><strong>ne</strong></span> <span class='ocrx_word' id='word_1_682' title='bbox 2128 4167 2367 4222; x_wconf 89' lang='lat' dir='ltr'><strong>metiaris</strong></span> <span class='ocrx_word' id='word_1_683' title='bbox 2389 4166 2541 4231; x_wconf 90' lang='lat' dir='ltr'><strong>illud,</strong></span> <span class='ocrx_word' id='word_1_684' title='bbox 2556 4166 2809 4235; x_wconf 86' lang='lat' dir='ltr'><strong>quoniam</strong></span> <span class='ocrx_word' id='word_1_685' title='bbox 2829 4166 3014 4219; x_wconf 89' lang='lat' dir='ltr'><strong>datum</strong></span> <span class='ocrx_word' id='word_1_686' title='bbox 3038 4170 3123 4227; x_wconf 84' lang='lat' dir='ltr'><strong>est</strong></span> <span class='ocrx_word' id='word_1_687' title='bbox 3149 4162 3418 4232; x_wconf 84' lang='lat' dir='ltr'><strong>gentibus,</strong></span> 
     </span>
    </p>
   </div>
   <div class='ocr_carea' id='block_1_86' title="bbox 1835 4258 3421 4327">
    <p class='ocr_par' dir='ltr' id='par_1_86' title="bbox 1835 4258 3421 4327">
     <span class='ocr_line' id='line_1_86' title="bbox 1835 4258 3421 4327; baseline -0.003 -12"><span class='ocrx_word' id='word_1_688' title='bbox 1835 4269 1892 4316; x_wconf 89' lang='lat' dir='ltr'><strong>et</strong></span> <span class='ocrx_word' id='word_1_689' title='bbox 1919 4261 2195 4316; x_wconf 87' lang='lat' dir='ltr'><strong>civitatem</strong></span> <span class='ocrx_word' id='word_1_690' title='bbox 2249 4271 2493 4321; x_wconf 85' lang='lat' dir='ltr'><strong>sanctam</strong></span> <span class='ocrx_word' id='word_1_691' title='bbox 2542 4258 2833 4315; x_wconf 84' lang='lat' dir='ltr'><strong>calcabunt</strong></span> <span class='ocrx_word' id='word_1_692' title='bbox 2874 4258 3152 4314; x_wconf 79' lang='lat' dir='ltr'><strong>mensibus</strong></span> <span class='ocrx_word' id='word_1_693' title='bbox 3188 4258 3421 4327; x_wconf 84' lang='lat' dir='ltr'><strong>quadra-</strong></span> 
     </span>
    </p>
   </div>
   <div class='ocr_carea' id='block_1_87' title="bbox 1837 4353 3455 4424">
    <p class='ocr_par' dir='ltr' id='par_1_87' title="bbox 1837 4353 3455 4424">
     <span class='ocr_line' id='line_1_87' title="bbox 1837 4353 3455 4424; baseline 0 -17"><span class='ocrx_word' id='word_1_694' title='bbox 1837 4353 1987 4424; x_wconf 88' lang='lat' dir='ltr'><strong>ginta</strong></span> <span class='ocrx_word' id='word_1_695' title='bbox 2017 4353 2243 4408; x_wconf 88' lang='lat' dir='ltr'><strong>duobus.</strong></span> <span class='ocrx_word' id='word_1_696' title='bbox 3453 4362 3455 4366; x_wconf 80' lang='lat'><em>‘</em></span> 
     </span>
    </p>
   </div>
   <div class='ocr_carea' id='block_1_88' title="bbox 1913 4441 3421 4513">
    <p class='ocr_par' dir='ltr' id='par_1_88' title="bbox 1913 4441 3421 4513">
     <span class='ocr_line' id='line_1_88' title="bbox 1913 4441 3421 4513; baseline 0 -18"><span class='ocrx_word' id='word_1_697' title='bbox 1913 4462 1931 4495; x_wconf 76' lang='grc' dir='ltr'><strong>ι</strong></span> <span class='ocrx_word' id='word_1_698' title='bbox 1960 4444 2026 4498; x_wconf 87' lang='grc' dir='ltr'><strong><em>Ει</em></strong></span> <span class='ocrx_word' id='word_1_699' title='bbox 2060 4453 2152 4508; x_wconf 87' lang='grc' dir='ltr'><strong><em>ιιι,</em></strong></span> <span class='ocrx_word' id='word_1_700' title='bbox 2194 4443 2269 4499; x_wconf 84' lang='lat' dir='ltr'><strong>ﬁli</strong></span> <span class='ocrx_word' id='word_1_701' title='bbox 2299 4443 2556 4507; x_wconf 85' lang='lat' dir='ltr'><strong>hominis,</strong></span> <span class='ocrx_word' id='word_1_702' title='bbox 2579 4458 2708 4499; x_wconf 87' lang='lat' dir='ltr'><strong>ecce</strong></span> <span class='ocrx_word' id='word_1_703' title='bbox 2732 4442 2857 4499; x_wconf 88' lang='lat' dir='ltr'><strong>data</strong></span> <span class='ocrx_word' id='word_1_704' title='bbox 2887 4451 3013 4498; x_wconf 90' lang='lat' dir='ltr'><strong>sunt</strong></span> <span class='ocrx_word' id='word_1_705' title='bbox 3038 4456 3200 4513; x_wconf 81' lang='lat' dir='ltr'><strong>super</strong></span> <span class='ocrx_word' id='word_1_706' title='bbox 3224 4448 3278 4496; x_wconf 85' lang='lat' dir='ltr'><strong>te</strong></span> <span class='ocrx_word' id='word_1_707' title='bbox 3305 4441 3421 4495; x_wconf 60' lang='lat' dir='ltr'><strong>vino</strong></span> 
     </span>
    </p>
   </div>
   <div class='ocr_carea' id='block_1_89' title="bbox 147 4534 3421 4607">
    <p class='ocr_par' dir='ltr' id='par_1_89' title="bbox 147 4534 3421 4607">
     <span class='ocr_line' id='line_1_89' title="bbox 147 4534 3421 4607; baseline -0.002 -17"><span class='ocrx_word' id='word_1_708' title='bbox 147 4553 276 4607; x_wconf 83' lang='lat' dir='ltr'><strong>que,</strong></span> <span class='ocrx_word' id='word_1_709' title='bbox 310 4536 361 4591; x_wconf 91' lang='lat' dir='ltr'><strong>id</strong></span> <span class='ocrx_word' id='word_1_710' title='bbox 389 4544 508 4602; x_wconf 86' lang='lat' dir='ltr'><strong>est,</strong></span> <span class='ocrx_word' id='word_1_711' title='bbox 539 4536 595 4590; x_wconf 84' lang='lat' dir='ltr'><strong>iu</strong></span> <span class='ocrx_word' id='word_1_712' title='bbox 624 4536 878 4592; x_wconf 86' lang='lat' dir='ltr'><strong>universo</strong></span> <span class='ocrx_word' id='word_1_713' title='bbox 908 4539 1110 4593; x_wconf 84' lang='lat' dir='ltr'><strong>mundo</strong></span> <span class='ocrx_word' id='word_1_714' title='bbox 1156 4539 1510 4605; x_wconf 89' lang='lat' dir='ltr'><strong>distenditur,</strong></span> <span class='ocrx_word' id='word_1_715' title='bbox 1555 4538 1630 4594; x_wconf 89' lang='lat' dir='ltr'><strong>ibi</strong></span> <span class='ocrx_word' id='word_1_716' title='bbox 1681 4548 1735 4594; x_wconf 90' lang='lat' dir='ltr'><strong>et</strong></span> <span class='ocrx_word' id='word_1_717' title='bbox 1760 4582 1813 4607; x_wconf 65' lang='grc' dir='ltr'><strong>η</strong></span> <span class='ocrx_word' id='word_1_718' title='bbox 1844 4554 1864 4587; x_wconf 73' lang='grc' dir='ltr'><strong>ι</strong></span> <span class='ocrx_word' id='word_1_719' title='bbox 1903 4535 2047 4601; x_wconf 82' lang='lat' dir='ltr'><strong>cola,</strong></span> <span class='ocrx_word' id='word_1_720' title='bbox 2069 4544 2125 4589; x_wconf 91' lang='lat' dir='ltr'><strong>et</strong></span> <span class='ocrx_word' id='word_1_721' title='bbox 2151 4535 2394 4605; x_wconf 87' lang='lat' dir='ltr'><strong>ligahunt</strong></span> <span class='ocrx_word' id='word_1_722' title='bbox 2418 4542 2472 4591; x_wconf 90' lang='lat' dir='ltr'><strong>te</strong></span> <span class='ocrx_word' id='word_1_723' title='bbox 2493 4537 2595 4602; x_wconf 88' lang='lat' dir='ltr'><strong>eis,</strong></span> <span class='ocrx_word' id='word_1_724' title='bbox 2614 4542 2674 4593; x_wconf 85' lang='lat' dir='ltr'><strong>et</strong></span> <span class='ocrx_word' id='word_1_725' title='bbox 2697 4551 2801 4590; x_wconf 89' lang='lat' dir='ltr'><strong>non</strong></span> <span class='ocrx_word' id='word_1_726' title='bbox 2832 4534 3128 4607; x_wconf 78' lang='lat' dir='ltr'><strong>egredieris</strong></span> <span class='ocrx_word' id='word_1_727' title='bbox 3154 4534 3219 4588; x_wconf 91' lang='lat' dir='ltr'><strong>de</strong></span> <span class='ocrx_word' id='word_1_728' title='bbox 3244 4534 3421 4587; x_wconf 84' lang='lat' dir='ltr'><strong>medio</strong></span> 
     </span>
    </p>
   </div>
   <div class='ocr_carea' id='block_1_90' title="bbox 1760 4582 1813 4642">
    <p class='ocr_par' dir='ltr' id='par_1_90' title="bbox 1760 4582 1813 4642">
     <span class='ocr_line' id='line_1_90' title="bbox 1760 4582 1813 4642; baseline 0 0"><span class='ocrx_word' id='word_1_729' title='bbox 1760 4582 1813 4642; x_wconf 78' lang='grc' dir='ltr'><strong>Β</strong></span> 
     </span>
    </p>
   </div>
   <div class='ocr_carea' id='block_1_91' title="bbox 147 4622 3421 4702">
    <p class='ocr_par' dir='ltr' id='par_1_91' title="bbox 147 4622 3421 4702">
     <span class='ocr_line' id='line_1_91' title="bbox 147 4622 3421 4702; baseline -0.003 -18"><span class='ocrx_word' id='word_1_730' title='bbox 147 4628 441 4684; x_wconf 85' lang='lat' dir='ltr'><strong>subditur:</strong></span> <span class='ocrx_word' id='word_1_731' title='bbox 476 4646 494 4678; x_wconf 80' lang='grc' dir='ltr'><strong>ι</strong></span> <span class='ocrx_word' id='word_1_732' title='bbox 519 4627 830 4699; x_wconf 77' lang='lat' dir='ltr'><strong>Exsurgens</strong></span> <span class='ocrx_word' id='word_1_733' title='bbox 854 4644 1105 4700; x_wconf 87' lang='lat' dir='ltr'><strong>egressus</strong></span> <span class='ocrx_word' id='word_1_734' title='bbox 1128 4646 1248 4685; x_wconf 86' lang='lat' dir='ltr'><strong>sum</strong></span> <span class='ocrx_word' id='word_1_735' title='bbox 1283 4632 1336 4686; x_wconf 91' lang='lat' dir='ltr'><strong>in</strong></span> <span class='ocrx_word' id='word_1_736' title='bbox 1378 4647 1652 4702; x_wconf 88' lang='lat' dir='ltr'><strong>campum,</strong></span> <span class='ocrx_word' id='word_1_737' title='bbox 1680 4640 1736 4687; x_wconf 88' lang='lat' dir='ltr'><strong>et</strong></span> <span class='ocrx_word' id='word_1_738' title='bbox 1761 4622 1812 4642; x_wconf 82' lang='grc'><strong>³¹</strong></span> <span class='ocrx_word' id='word_1_739' title='bbox 1845 4643 1864 4676; x_wconf 76' lang='grc' dir='ltr'><strong>ι</strong></span> <span class='ocrx_word' id='word_1_740' title='bbox 1905 4640 2116 4681; x_wconf 85' lang='lat' dir='ltr'><strong>eorum.</strong></span> <span class='ocrx_word' id='word_1_741' title='bbox 2147 4625 2215 4680; x_wconf 86' lang='lat' dir='ltr'><strong>Et</strong></span> <span class='ocrx_word' id='word_1_742' title='bbox 2234 4624 2470 4695; x_wconf 75' lang='lat' dir='ltr'><strong>linguam</strong></span> <span class='ocrx_word' id='word_1_743' title='bbox 2504 4633 2653 4680; x_wconf 86' lang='lat' dir='ltr'><strong>tuam</strong></span> <span class='ocrx_word' id='word_1_744' title='bbox 2685 4624 2963 4693; x_wconf 70' lang='lat' dir='ltr'><strong>adhaarere</strong></span> <span class='ocrx_word' id='word_1_745' title='bbox 3002 4622 3201 4679; x_wconf 73' lang='lat' dir='ltr'><strong>faciam</strong></span> <span class='ocrx_word' id='word_1_746' title='bbox 3239 4622 3421 4689; x_wconf 82' lang='lat' dir='ltr'><strong>palato</strong></span> 
     </span>
    </p>
   </div>
   <div class='ocr_carea' id='block_1_92' title="bbox 145 4719 1734 4795">
    <p class='ocr_par' dir='ltr' id='par_1_92' title="bbox 145 4719 1734 4795">
     <span class='ocr_line' id='line_1_92' title="bbox 145 4719 1734 4795; baseline 0.003 -20"><span class='ocrx_word' id='word_1_747' title='bbox 145 4735 279 4775; x_wconf 86' lang='lat' dir='ltr'><strong>ecce</strong></span> <span class='ocrx_word' id='word_1_748' title='bbox 314 4719 481 4790; x_wconf 78' lang='lat' dir='ltr'><strong>gloria</strong></span> <span class='ocrx_word' id='word_1_749' title='bbox 536 4720 749 4774; x_wconf 86' lang='lat' dir='ltr'><strong>Domini</strong></span> <span class='ocrx_word' id='word_1_750' title='bbox 796 4723 1003 4788; x_wconf 86' lang='lat' dir='ltr'><strong>stabat,</strong></span> <span class='ocrx_word' id='word_1_751' title='bbox 1035 4724 1193 4791; x_wconf 87' lang='lat' dir='ltr'><strong>quasi</strong></span> <span class='ocrx_word' id='word_1_752' title='bbox 1226 4723 1396 4794; x_wconf 87' lang='lat' dir='ltr'><strong>gloria</strong></span> <span class='ocrx_word' id='word_1_753' title='bbox 1410 4738 1588 4794; x_wconf 68' lang='lat' dir='ltr'><strong>“quam</strong></span> <span class='ocrx_word' id='word_1_754' title='bbox 1623 4724 1734 4795; x_wconf 79' lang='lat' dir='ltr'><strong>vidi</strong></span> 
     </span>
    </p>
   </div>
   <div class='ocr_carea' id='block_1_93' title="bbox 143 4810 1736 4886">
    <p class='ocr_par' dir='ltr' id='par_1_93' title="bbox 143 4810 1736 4886">
     <span class='ocr_line' id='line_1_93' title="bbox 143 4810 1736 4886; baseline 0.001 -20"><span class='ocrx_word' id='word_1_755' title='bbox 143 4812 301 4881; x_wconf 78' lang='lat' dir='ltr'><strong>ittxta</strong></span> <span class='ocrx_word' id='word_1_756' title='bbox 339 4810 539 4868; x_wconf 80' lang='lat' dir='ltr'><strong>ﬂumen</strong></span> <span class='ocrx_word' id='word_1_757' title='bbox 571 4812 807 4875; x_wconf 85' lang='lat' dir='ltr'><strong>Chobar.</strong></span> <span class='ocrx_word' id='word_1_758' title='bbox 848 4832 870 4865; x_wconf 75' lang='grc' dir='ltr'><strong>ι</strong></span> <span class='ocrx_word' id='word_1_759' title='bbox 917 4813 976 4867; x_wconf 89' lang='lat' dir='ltr'><strong>In</strong></span> <span class='ocrx_word' id='word_1_760' title='bbox 1022 4828 1215 4885; x_wconf 83' lang='lat' dir='ltr'><strong>camps</strong></span> <span class='ocrx_word' id='word_1_761' title='bbox 1256 4815 1483 4886; x_wconf 88' lang='lat' dir='ltr'><strong>gloriam</strong></span> <span class='ocrx_word' id='word_1_762' title='bbox 1523 4814 1736 4869; x_wconf 75' lang='lat' dir='ltr'><strong>Domini</strong></span> 
     </span>
    </p>
   </div>
   <div class='ocr_carea' id='block_1_94' title="bbox 148 4904 1734 4976">
    <p class='ocr_par' dir='ltr' id='par_1_94' title="bbox 148 4904 1734 4976">
     <span class='ocr_line' id='line_1_94' title="bbox 148 4904 1734 4976; baseline -0.001 -17"><span class='ocrx_word' id='word_1_763' title='bbox 148 4904 409 4975; x_wconf 88' lang='lat' dir='ltr'><strong>propheta</strong></span> <span class='ocrx_word' id='word_1_764' title='bbox 438 4905 593 4975; x_wconf 85' lang='lat' dir='ltr'><strong>vidit,</strong></span> <span class='ocrx_word' id='word_1_765' title='bbox 618 4920 780 4976; x_wconf 91' lang='lat' dir='ltr'><strong>quam</strong></span> <span class='ocrx_word' id='word_1_766' title='bbox 820 4905 978 4975; x_wconf 81' lang='lat' dir='ltr'><strong>juxta</strong></span> <span class='ocrx_word' id='word_1_767' title='bbox 1021 4904 1222 4961; x_wconf 82' lang='lat' dir='ltr'><strong>ﬂumen</strong></span> <span class='ocrx_word' id='word_1_768' title='bbox 1256 4905 1471 4960; x_wconf 88' lang='lat' dir='ltr'><strong>Chobar</strong></span> <span class='ocrx_word' id='word_1_769' title='bbox 1516 4905 1570 4959; x_wconf 90' lang='lat' dir='ltr'><strong>in</strong></span> <span class='ocrx_word' id='word_1_770' title='bbox 1620 4918 1734 4958; x_wconf 84' lang='lat' dir='ltr'><strong>me-</strong></span> 
     </span>
    </p>
   </div>
   <div class='ocr_carea' id='block_1_95' title="bbox 151 4995 1737 5069">
    <p class='ocr_par' dir='ltr' id='par_1_95' title="bbox 151 4995 1737 5069">
     <span class='ocr_line' id='line_1_95' title="bbox 151 4995 1737 5069; baseline 0 -15"><span class='ocrx_word' id='word_1_771' title='bbox 151 4998 247 5054; x_wconf 87' lang='lat' dir='ltr'><strong>dio</strong></span> <span class='ocrx_word' id='word_1_772' title='bbox 272 4995 635 5054; x_wconf 82' lang='lat' dir='ltr'><strong>lsraelitarum</strong></span> <span class='ocrx_word' id='word_1_773' title='bbox 679 4999 924 5065; x_wconf 82' lang='lat' dir='ltr'><strong>viderat,</strong></span> <span class='ocrx_word' id='word_1_774' title='bbox 968 4999 1105 5069; x_wconf 87' lang='lat' dir='ltr'><strong>quia</strong></span> <span class='ocrx_word' id='word_1_775' title='bbox 1141 4999 1257 5069; x_wconf 89' lang='lat' dir='ltr'><strong>ipsa</strong></span> <span class='ocrx_word' id='word_1_776' title='bbox 1304 4996 1423 5068; x_wconf 78' lang='lat' dir='ltr'><strong>ejus</strong></span> <span class='ocrx_word' id='word_1_777' title='bbox 1478 4996 1737 5066; x_wconf 86' lang='lat' dir='ltr'><strong>majestas</strong></span> 
     </span>
    </p>
   </div>
   <div class='ocr_carea' id='block_1_96' title="bbox 151 5091 1740 5164">
    <p class='ocr_par' dir='ltr' id='par_1_96' title="bbox 151 5091 1740 5164">
     <span class='ocr_line' id='line_1_96' title="bbox 151 5091 1740 5164; baseline -0.001 -16"><span class='ocrx_word' id='word_1_778' title='bbox 151 5092 407 5164; x_wconf 84' lang='lat' dir='ltr'><strong>gentibus</strong></span> <span class='ocrx_word' id='word_1_779' title='bbox 427 5093 828 5163; x_wconf 68' lang='lat' dir='ltr'><strong>apparuit,qute</strong></span> <span class='ocrx_word' id='word_1_780' title='bbox 855 5093 1004 5162; x_wconf 90' lang='lat' dir='ltr'><strong>prius</strong></span> <span class='ocrx_word' id='word_1_781' title='bbox 1023 5106 1083 5147; x_wconf 89' lang='lat' dir='ltr'><strong>se</strong></span> <span class='ocrx_word' id='word_1_782' title='bbox 1108 5091 1295 5148; x_wconf 87' lang='lat' dir='ltr'><strong>electis</strong></span> <span class='ocrx_word' id='word_1_783' title='bbox 1323 5092 1377 5146; x_wconf 92' lang='lat' dir='ltr'><strong>in</strong></span> <span class='ocrx_word' id='word_1_784' title='bbox 1397 5091 1622 5148; x_wconf 81' lang='lat' dir='ltr'><strong>Judaico</strong></span> <span class='ocrx_word' id='word_1_785' title='bbox 1645 5106 1740 5161; x_wconf 85' lang='lat' dir='ltr'><strong>po-</strong></span> 
     </span>
    </p>
   </div>
   <div class='ocr_carea' id='block_1_97' title="bbox 152 5182 1741 5258">
    <p class='ocr_par' dir='ltr' id='par_1_97' title="bbox 152 5182 1741 5258">
     <span class='ocr_line' id='line_1_97' title="bbox 152 5182 1741 5258; baseline 0 -18"><span class='ocrx_word' id='word_1_786' title='bbox 152 5186 300 5258; x_wconf 90' lang='lat' dir='ltr'><strong>pulo,</strong></span> <span class='ocrx_word' id='word_1_787' title='bbox 318 5185 588 5241; x_wconf 85' lang='lat' dir='ltr'><strong>revelante</strong></span> <span class='ocrx_word' id='word_1_788' title='bbox 615 5186 821 5256; x_wconf 85' lang='lat' dir='ltr'><strong>spiritu,</strong></span> <span class='ocrx_word' id='word_1_789' title='bbox 845 5184 1163 5241; x_wconf 85' lang='lat' dir='ltr'><strong>declaravit.</strong></span> <span class='ocrx_word' id='word_1_790' title='bbox 1192 5182 1449 5255; x_wconf 75' lang='lat' dir='ltr'><strong>Sequitur</strong></span> <span class='ocrx_word' id='word_1_791' title='bbox 1473 5198 1489 5239; x_wconf 88' lang='lat'><strong>:</strong></span> <span class='ocrx_word' id='word_1_792' title='bbox 1521 5202 1540 5236; x_wconf 77' lang='grc'><strong>(</strong></span> <span class='ocrx_word' id='word_1_793' title='bbox 1559 5183 1625 5238; x_wconf 83' lang='grc' dir='ltr'><strong><em>Ει</em></strong></span> <span class='ocrx_word' id='word_1_794' title='bbox 1648 5198 1741 5240; x_wconf 80' lang='lat' dir='ltr'><strong>ce-</strong></span> 
     </span>
    </p>
   </div>
   <div class='ocr_carea' id='block_1_98' title="bbox 151 5275 1738 5348">
    <p class='ocr_par' dir='ltr' id='par_1_98' title="bbox 151 5275 1738 5348">
     <span class='ocr_line' id='line_1_98' title="bbox 151 5275 1738 5348; baseline -0.004 -14"><span class='ocrx_word' id='word_1_795' title='bbox 151 5278 261 5334; x_wconf 85' lang='lat' dir='ltr'><strong>cidi</strong></span> <span class='ocrx_word' id='word_1_796' title='bbox 288 5278 342 5332; x_wconf 91' lang='lat' dir='ltr'><strong>in</strong></span> <span class='ocrx_word' id='word_1_797' title='bbox 372 5277 566 5334; x_wconf 80' lang='lat' dir='ltr'><strong>faciem</strong></span> <span class='ocrx_word' id='word_1_798' title='bbox 590 5293 786 5333; x_wconf 81' lang='lat' dir='ltr'><strong>meum.</strong></span> <span class='ocrx_word' id='word_1_799' title='bbox 824 5297 843 5329; x_wconf 75' lang='grc' dir='ltr'><strong>ι</strong></span> <span class='ocrx_word' id='word_1_800' title='bbox 878 5278 1003 5332; x_wconf 77' lang='lat' dir='ltr'><strong>Visa</strong></span> <span class='ocrx_word' id='word_1_801' title='bbox 1033 5276 1205 5348; x_wconf 88' lang='lat' dir='ltr'><strong>gloria</strong></span> <span class='ocrx_word' id='word_1_802' title='bbox 1235 5275 1449 5332; x_wconf 89' lang='lat' dir='ltr'><strong>Domini</strong></span> <span class='ocrx_word' id='word_1_803' title='bbox 1474 5275 1738 5346; x_wconf 82' lang='lat' dir='ltr'><strong>prepheta</strong></span> 
     </span>
    </p>
   </div>
   <div class='ocr_carea' id='block_1_99' title="bbox 154 5364 1743 5438">
    <p class='ocr_par' dir='ltr' id='par_1_99' title="bbox 154 5364 1743 5438">
     <span class='ocr_line' id='line_1_99' title="bbox 154 5364 1743 5438; baseline -0.004 -13"><span class='ocrx_word' id='word_1_804' title='bbox 154 5371 211 5425; x_wconf 88' lang='lat' dir='ltr'><strong>in</strong></span> <span class='ocrx_word' id='word_1_805' title='bbox 241 5368 431 5424; x_wconf 82' lang='lat' dir='ltr'><strong>faciem</strong></span> <span class='ocrx_word' id='word_1_806' title='bbox 472 5384 627 5425; x_wconf 83' lang='lat' dir='ltr'><strong>suam</strong></span> <span class='ocrx_word' id='word_1_807' title='bbox 652 5368 816 5434; x_wconf 81' lang='lat' dir='ltr'><strong>cadit,</strong></span> <span class='ocrx_word' id='word_1_808' title='bbox 865 5367 990 5438; x_wconf 82' lang='lat' dir='ltr'><strong>quia</strong></span> <span class='ocrx_word' id='word_1_809' title='bbox 1019 5368 1265 5437; x_wconf 85' lang='lat' dir='ltr'><strong>quamvis</strong></span> <span class='ocrx_word' id='word_1_810' title='bbox 1294 5368 1456 5423; x_wconf 89' lang='lat' dir='ltr'><strong>homo</strong></span> <span class='ocrx_word' id='word_1_811' title='bbox 1485 5365 1554 5421; x_wconf 87' lang='lat' dir='ltr'><strong>ad</strong></span> <span class='ocrx_word' id='word_1_812' title='bbox 1582 5364 1743 5425; x_wconf 79' lang='lat' dir='ltr'><strong>intel-</strong></span> 
     </span>
    </p>
   </div>
   <div class='ocr_carea' id='block_1_100' title="bbox 153 5459 1730 5532">
    <p class='ocr_par' dir='ltr' id='par_1_100' title="bbox 153 5459 1730 5532">
     <span class='ocr_line' id='line_1_100' title="bbox 153 5459 1730 5532; baseline -0.003 -17"><span class='ocrx_word' id='word_1_813' title='bbox 153 5461 370 5532; x_wconf 89' lang='lat' dir='ltr'><strong>ligenda</strong></span> <span class='ocrx_word' id='word_1_814' title='bbox 417 5461 681 5530; x_wconf 86' lang='lat' dir='ltr'><strong>spiritalia</strong></span> <span class='ocrx_word' id='word_1_815' title='bbox 718 5460 993 5526; x_wconf 81' lang='lat' dir='ltr'><strong>elevatur,</strong></span> <span class='ocrx_word' id='word_1_816' title='bbox 1048 5474 1114 5514; x_wconf 88' lang='lat' dir='ltr'><strong>ex</strong></span> <span class='ocrx_word' id='word_1_817' title='bbox 1163 5459 1616 5529; x_wconf 78' lang='lat' dir='ltr'><strong>conteruplatione</strong></span> <span class='ocrx_word' id='word_1_818' title='bbox 1644 5465 1730 5511; x_wconf 86' lang='lat' dir='ltr'><strong>ta-</strong></span> 
     </span>
    </p>
   </div>
   <div class='ocr_carea' id='block_1_101' title="bbox 152 5548 1734 5621">
    <p class='ocr_par' dir='ltr' id='par_1_101' title="bbox 152 5548 1734 5621">
     <span class='ocr_line' id='line_1_101' title="bbox 152 5548 1734 5621; baseline -0.003 -14"><span class='ocrx_word' id='word_1_819' title='bbox 152 5568 280 5607; x_wconf 87' lang='lat' dir='ltr'><strong>men</strong></span> <span class='ocrx_word' id='word_1_820' title='bbox 297 5551 593 5621; x_wconf 83' lang='lat' dir='ltr'><strong>majestatis</strong></span> <span class='ocrx_word' id='word_1_821' title='bbox 604 5551 699 5607; x_wconf 86' lang='lat' dir='ltr'><strong>Del</strong></span> <span class='ocrx_word' id='word_1_822' title='bbox 716 5550 1085 5606; x_wconf 77' lang='lat' dir='ltr'><strong>inﬁrmitatem</strong></span> <span class='ocrx_word' id='word_1_823' title='bbox 1101 5565 1214 5608; x_wconf 68' lang='lat' dir='ltr'><strong>sum</strong></span> <span class='ocrx_word' id='word_1_824' title='bbox 1237 5549 1559 5605; x_wconf 84' lang='lat' dir='ltr'><strong>conditionis</strong></span> <span class='ocrx_word' id='word_1_825' title='bbox 1584 5548 1734 5603; x_wconf 72' lang='lat' dir='ltr'><strong>intot-</strong></span> 
     </span>
    </p>
   </div>
   <div class='ocr_carea' id='block_1_102' title="bbox 149 5638 1734 5713">
    <p class='ocr_par' dir='ltr' id='par_1_102' title="bbox 149 5638 1734 5713">
     <span class='ocr_line' id='line_1_102' title="bbox 149 5638 1734 5713; baseline -0.003 -14"><span class='ocrx_word' id='word_1_826' title='bbox 149 5644 292 5711; x_wconf 83' lang='lat' dir='ltr'><strong>ligit,</strong></span> <span class='ocrx_word' id='word_1_827' title='bbox 319 5651 374 5697; x_wconf 88' lang='lat' dir='ltr'><strong>et</strong></span> <span class='ocrx_word' id='word_1_828' title='bbox 397 5644 551 5713; x_wconf 90' lang='lat' dir='ltr'><strong>quasi</strong></span> <span class='ocrx_word' id='word_1_829' title='bbox 565 5649 761 5698; x_wconf 85' lang='lat' dir='ltr'><strong>statum</strong></span> <span class='ocrx_word' id='word_1_830' title='bbox 784 5656 891 5697; x_wconf 87' lang='lat' dir='ltr'><strong>non</strong></span> <span class='ocrx_word' id='word_1_831' title='bbox 904 5642 1087 5707; x_wconf 87' lang='lat' dir='ltr'><strong>habet,</strong></span> <span class='ocrx_word' id='word_1_832' title='bbox 1111 5641 1204 5710; x_wconf 89' lang='lat' dir='ltr'><strong>qui</strong></span> <span class='ocrx_word' id='word_1_833' title='bbox 1220 5654 1278 5695; x_wconf 89' lang='lat' dir='ltr'><strong>se</strong></span> <span class='ocrx_word' id='word_1_834' title='bbox 1297 5649 1425 5695; x_wconf 88' lang='lat' dir='ltr'><strong>ante</strong></span> <span class='ocrx_word' id='word_1_835' title='bbox 1444 5640 1536 5695; x_wconf 85' lang='lat' dir='ltr'><strong>Dei</strong></span> <span class='ocrx_word' id='word_1_836' title='bbox 1550 5638 1734 5695; x_wconf 83' lang='lat' dir='ltr'><strong>oculos</strong></span> 
     </span>
    </p>
   </div>
   <div class='ocr_carea' id='block_1_103' title="bbox 148 5729 1735 5804">
    <p class='ocr_par' dir='ltr' id='par_1_103' title="bbox 148 5729 1735 5804">
     <span class='ocr_line' id='line_1_103' title="bbox 148 5729 1735 5804; baseline -0.004 -13"><span class='ocrx_word' id='word_1_837' title='bbox 148 5750 279 5791; x_wconf 83' lang='lat' dir='ltr'><strong>esse</strong></span> <span class='ocrx_word' id='word_1_838' title='bbox 311 5735 549 5791; x_wconf 85' lang='lat' dir='ltr'><strong>cinerem</strong></span> <span class='ocrx_word' id='word_1_839' title='bbox 580 5742 635 5790; x_wconf 90' lang='lat' dir='ltr'><strong>et</strong></span> <span class='ocrx_word' id='word_1_840' title='bbox 652 5734 927 5804; x_wconf 86' lang='lat' dir='ltr'><strong>pulverem</strong></span> <span class='ocrx_word' id='word_1_841' title='bbox 957 5732 1121 5788; x_wconf 75' lang='lat' dir='ltr'><strong>videt.</strong></span> <span class='ocrx_word' id='word_1_842' title='bbox 1152 5729 1450 5802; x_wconf 67' lang='lat' dir='ltr'><strong>Sequitur:</strong></span> <span class='ocrx_word' id='word_1_843' title='bbox 1489 5748 1510 5783; x_wconf 77' lang='grc' dir='ltr'><strong>ι</strong></span> <span class='ocrx_word' id='word_1_844' title='bbox 1540 5731 1612 5787; x_wconf 81' lang='lat' dir='ltr'><strong>Et</strong></span> <span class='ocrx_word' id='word_1_845' title='bbox 1650 5729 1735 5786; x_wconf 88' lang='lat' dir='ltr'><strong>iu-</strong></span> 
     </span>
    </p>
   </div>
   <div class='ocr_carea' id='block_1_104' title="bbox 151 5822 1738 5900">
    <p class='ocr_par' dir='ltr' id='par_1_104' title="bbox 151 5822 1738 5900">
     <span class='ocr_line' id='line_1_104' title="bbox 151 5822 1738 5900; baseline -0.002 -18"><span class='ocrx_word' id='word_1_846' title='bbox 151 5842 377 5900; x_wconf 79' lang='lat' dir='ltr'><strong>gressus</strong></span> <span class='ocrx_word' id='word_1_847' title='bbox 402 5833 488 5885; x_wconf 90' lang='lat' dir='ltr'><strong>est</strong></span> <span class='ocrx_word' id='word_1_848' title='bbox 523 5825 578 5883; x_wconf 91' lang='lat' dir='ltr'><strong>in</strong></span> <span class='ocrx_word' id='word_1_849' title='bbox 601 5840 688 5882; x_wconf 91' lang='lat' dir='ltr'><strong>mc</strong></span> <span class='ocrx_word' id='word_1_850' title='bbox 723 5825 963 5897; x_wconf 81' lang='lat' dir='ltr'><strong>spiritus,</strong></span> <span class='ocrx_word' id='word_1_851' title='bbox 994 5830 1052 5881; x_wconf 87' lang='lat' dir='ltr'><strong>et</strong></span> <span class='ocrx_word' id='word_1_852' title='bbox 1073 5824 1265 5882; x_wconf 85' lang='lat' dir='ltr'><strong>statuit</strong></span> <span class='ocrx_word' id='word_1_853' title='bbox 1282 5837 1370 5880; x_wconf 78' lang='lat' dir='ltr'><strong>me</strong></span> <span class='ocrx_word' id='word_1_854' title='bbox 1388 5837 1551 5894; x_wconf 78' lang='lat' dir='ltr'><strong>super</strong></span> <span class='ocrx_word' id='word_1_855' title='bbox 1571 5822 1738 5897; x_wconf 69' lang='lat' dir='ltr'><strong>pedes</strong></span> 
     </span>
    </p>
   </div>
   <div class='ocr_carea' id='block_1_105' title="bbox 1845 4709 3423 4786">
    <p class='ocr_par' dir='ltr' id='par_1_105' title="bbox 1845 4709 3423 4786">
     <span class='ocr_line' id='line_1_105' title="bbox 1845 4709 3423 4786; baseline -0.005 -17"><span class='ocrx_word' id='word_1_856' title='bbox 1845 4735 1865 4769; x_wconf 76' lang='grc' dir='ltr'><strong>ι</strong></span> <span class='ocrx_word' id='word_1_857' title='bbox 1910 4717 1995 4770; x_wconf 85' lang='lat' dir='ltr'><strong>vel</strong></span> <span class='ocrx_word' id='word_1_858' title='bbox 2022 4716 2227 4786; x_wconf 80' lang='lat' dir='ltr'><strong>gutturi</strong></span> <span class='ocrx_word' id='word_1_859' title='bbox 2261 4725 2369 4777; x_wconf 92' lang='lat' dir='ltr'><strong>tuo,</strong></span> <span class='ocrx_word' id='word_1_860' title='bbox 2414 4723 2469 4768; x_wconf 90' lang='lat' dir='ltr'><strong>ct</strong></span> <span class='ocrx_word' id='word_1_861' title='bbox 2506 4714 2614 4768; x_wconf 89' lang='lat' dir='ltr'><strong>eris</strong></span> <span class='ocrx_word' id='word_1_862' title='bbox 2642 4723 2846 4777; x_wconf 89' lang='lat' dir='ltr'><strong>mutus,</strong></span> <span class='ocrx_word' id='word_1_863' title='bbox 2889 4727 2990 4766; x_wconf 83' lang='lat' dir='ltr'><strong>nec</strong></span> <span class='ocrx_word' id='word_1_864' title='bbox 3016 4721 3078 4766; x_wconf 89' lang='lat' dir='ltr'><strong>ut</strong></span> <span class='ocrx_word' id='word_1_865' title='bbox 3116 4711 3201 4764; x_wconf 81' lang='lat' dir='ltr'><strong>vir</strong></span> <span class='ocrx_word' id='word_1_866' title='bbox 3241 4709 3423 4776; x_wconf 77' lang='lat' dir='ltr'><strong>objur-</strong></span> 
     </span>
    </p>
   </div>
   <div class='ocr_carea' id='block_1_106' title="bbox 1844 4798 3419 4876">
    <p class='ocr_par' dir='ltr' id='par_1_106' title="bbox 1844 4798 3419 4876">
     <span class='ocr_line' id='line_1_106' title="bbox 1844 4798 3419 4876; baseline -0.004 -17"><span class='ocrx_word' id='word_1_867' title='bbox 1844 4823 1864 4859; x_wconf 80' lang='grc' dir='ltr'><strong>ι</strong></span> <span class='ocrx_word' id='word_1_868' title='bbox 1906 4822 2058 4876; x_wconf 88' lang='lat' dir='ltr'><strong>gans,</strong></span> <span class='ocrx_word' id='word_1_869' title='bbox 2085 4805 2211 4873; x_wconf 90' lang='lat' dir='ltr'><strong>quia</strong></span> <span class='ocrx_word' id='word_1_870' title='bbox 2232 4806 2424 4858; x_wconf 87' lang='lat' dir='ltr'><strong>domus</strong></span> <span class='ocrx_word' id='word_1_871' title='bbox 2442 4816 2773 4871; x_wconf 84' lang='lat' dir='ltr'><strong>exasperans</strong></span> <span class='ocrx_word' id='word_1_872' title='bbox 2808 4809 2910 4859; x_wconf 87' lang='lat' dir='ltr'><strong>est.</strong></span> <span class='ocrx_word' id='word_1_873' title='bbox 2929 4820 2948 4853; x_wconf 74' lang='grc' dir='ltr'><strong>ι</strong></span> <span class='ocrx_word' id='word_1_874' title='bbox 2975 4799 3177 4872; x_wconf 54' lang='lat' dir='ltr'><strong>(Eiet)</strong></span> <span class='ocrx_word' id='word_1_875' title='bbox 3192 4798 3343 4865; x_wconf 75' lang='lat' dir='ltr'><strong>Quod</strong></span> <span class='ocrx_word' id='word_1_876' title='bbox 3366 4799 3419 4853; x_wconf 84' lang='lat' dir='ltr'><strong>iu</strong></span> 
     </span>
    </p>
   </div>
   <div class='ocr_carea' id='block_1_107' title="bbox 1838 4891 3421 4962">
    <p class='ocr_par' dir='ltr' id='par_1_107' title="bbox 1838 4891 3421 4962">
     <span class='ocr_line' id='line_1_107' title="bbox 1838 4891 3421 4962; baseline -0.004 -10"><span class='ocrx_word' id='word_1_877' title='bbox 1838 4898 1999 4952; x_wconf 85' lang='lat' dir='ltr'><strong>domo</strong></span> <span class='ocrx_word' id='word_1_878' title='bbox 2033 4894 2326 4959; x_wconf 77' lang='lat' dir='ltr'><strong>clauditur,</strong></span> <span class='ocrx_word' id='word_1_879' title='bbox 2363 4892 2506 4962; x_wconf 87' lang='lat' dir='ltr'><strong>quod</strong></span> <span class='ocrx_word' id='word_1_880' title='bbox 2533 4892 2760 4949; x_wconf 82' lang='lat' dir='ltr'><strong>vinculis</strong></span> <span class='ocrx_word' id='word_1_881' title='bbox 2785 4892 3036 4962; x_wconf 79' lang='lat' dir='ltr'><strong>alligatur</strong></span> <span class='ocrx_word' id='word_1_882' title='bbox 3058 4932 3072 4955; x_wconf 94' lang='lat'><strong>,</strong></span> <span class='ocrx_word' id='word_1_883' title='bbox 3118 4891 3264 4960; x_wconf 83' lang='lat' dir='ltr'><strong>quod</strong></span> <span class='ocrx_word' id='word_1_884' title='bbox 3312 4906 3421 4946; x_wconf 85' lang='lat' dir='ltr'><strong>nou</strong></span> 
     </span>
    </p>
   </div>
   <div class='ocr_carea' id='block_1_108' title="bbox 1836 4981 3422 5061">
    <p class='ocr_par' dir='ltr' id='par_1_108' title="bbox 1836 4981 3422 5061">
     <span class='ocr_line' id='line_1_108' title="bbox 1836 4981 3422 5061; baseline -0.006 -17"><span class='ocrx_word' id='word_1_885' title='bbox 1836 4989 2117 5061; x_wconf 86' lang='lat' dir='ltr'><strong>egreditur</strong></span> <span class='ocrx_word' id='word_1_886' title='bbox 2137 4987 2207 5041; x_wconf 83' lang='lat' dir='ltr'><strong>ad</strong></span> <span class='ocrx_word' id='word_1_887' title='bbox 2233 5001 2326 5058; x_wconf 75' lang='lat' dir='ltr'><strong>eos</strong></span> <span class='ocrx_word' id='word_1_888' title='bbox 2363 4986 2511 5043; x_wconf 81' lang='lat' dir='ltr'><strong>inter</strong></span> <span class='ocrx_word' id='word_1_889' title='bbox 2530 5000 2669 5055; x_wconf 81' lang='lat' dir='ltr'><strong>quos</strong></span> <span class='ocrx_word' id='word_1_890' title='bbox 2700 4986 2924 5050; x_wconf 86' lang='lat' dir='ltr'><strong>habitat,</strong></span> <span class='ocrx_word' id='word_1_891' title='bbox 2952 4986 3052 5041; x_wconf 87' lang='lat' dir='ltr'><strong>sed</strong></span> <span class='ocrx_word' id='word_1_892' title='bbox 3072 4984 3206 5038; x_wconf 73' lang='lat' dir='ltr'><strong>inter</strong></span> <span class='ocrx_word' id='word_1_893' title='bbox 3241 4981 3422 5036; x_wconf 84' lang='lat' dir='ltr'><strong>multi-</strong></span> 
     </span>
    </p>
   </div>
   <div class='ocr_carea' id='block_1_109' title="bbox 1838 5073 3421 5152">
    <p class='ocr_par' dir='ltr' id='par_1_109' title="bbox 1838 5073 3421 5152">
     <span class='ocr_line' id='line_1_109' title="bbox 1838 5073 3421 5152; baseline -0.006 -15"><span class='ocrx_word' id='word_1_894' title='bbox 1838 5083 2084 5138; x_wconf 79' lang='lat' dir='ltr'><strong>tudinem</strong></span> <span class='ocrx_word' id='word_1_895' title='bbox 2112 5081 2452 5152; x_wconf 83' lang='lat' dir='ltr'><strong>captivorum</strong></span> <span class='ocrx_word' id='word_1_896' title='bbox 2470 5078 2816 5148; x_wconf 67' lang='lat' dir='ltr'><strong>solitudinem</strong></span> <span class='ocrx_word' id='word_1_897' title='bbox 2839 5076 3076 5133; x_wconf 81' lang='lat' dir='ltr'><strong>carceris</strong></span> <span class='ocrx_word' id='word_1_898' title='bbox 3103 5073 3336 5143; x_wconf 86' lang='lat' dir='ltr'><strong>patitur,</strong></span> <span class='ocrx_word' id='word_1_899' title='bbox 3362 5078 3421 5127; x_wconf 87' lang='lat' dir='ltr'><strong>ut</strong></span> 
     </span>
    </p>
   </div>
   <div class='ocr_carea' id='block_1_110' title="bbox 1839 5165 3419 5248">
    <p class='ocr_par' dir='ltr' id='par_1_110' title="bbox 1839 5165 3419 5248">
     <span class='ocr_line' id='line_1_110' title="bbox 1839 5165 3419 5248; baseline -0.008 -18"><span class='ocrx_word' id='word_1_900' title='bbox 1839 5192 2001 5248; x_wconf 82' lang='lat' dir='ltr'><strong>supra</strong></span> <span class='ocrx_word' id='word_1_901' title='bbox 2043 5176 2185 5242; x_wconf 80' lang='lat' dir='ltr'><strong>dixi,</strong></span> <span class='ocrx_word' id='word_1_902' title='bbox 2236 5173 2537 5229; x_wconf 81' lang='lat' dir='ltr'><strong>obsidionis</strong></span> <span class='ocrx_word' id='word_1_903' title='bbox 2584 5171 2843 5226; x_wconf 87' lang='lat' dir='ltr'><strong>indicium</strong></span> <span class='ocrx_word' id='word_1_904' title='bbox 2900 5177 3005 5233; x_wconf 87' lang='lat' dir='ltr'><strong>est,</strong></span> <span class='ocrx_word' id='word_1_905' title='bbox 3045 5166 3190 5237; x_wconf 72' lang='lat' dir='ltr'><strong>mind</strong></span> <span class='ocrx_word' id='word_1_906' title='bbox 3233 5165 3419 5229; x_wconf 68' lang='lat' dir='ltr'><strong>clausa</strong></span> 
     </span>
    </p>
   </div>
   <div class='ocr_carea' id='block_1_111' title="bbox 1837 5258 3423 5336">
    <p class='ocr_par' dir='ltr' id='par_1_111' title="bbox 1837 5258 3423 5336">
     <span class='ocr_line' id='line_1_111' title="bbox 1837 5258 3423 5336; baseline -0.007 -13"><span class='ocrx_word' id='word_1_907' title='bbox 1837 5268 2138 5324; x_wconf 76' lang='lat' dir='ltr'><strong>Jerusalem</strong></span> <span class='ocrx_word' id='word_1_908' title='bbox 2208 5277 2374 5336; x_wconf 85' lang='lat' dir='ltr'><strong>atque</strong></span> <span class='ocrx_word' id='word_1_909' title='bbox 2448 5264 2786 5321; x_wconf 84' lang='lat' dir='ltr'><strong>circumdata</strong></span> <span class='ocrx_word' id='word_1_910' title='bbox 2841 5263 2910 5317; x_wconf 86' lang='lat' dir='ltr'><strong>ab</strong></span> <span class='ocrx_word' id='word_1_911' title='bbox 2968 5260 3213 5316; x_wconf 63' lang='lat' dir='ltr'><strong>exercitu</strong></span> <span class='ocrx_word' id='word_1_912' title='bbox 3262 5258 3423 5327; x_wconf 82' lang='lat' dir='ltr'><strong>Chal-</strong></span> 
     </span>
    </p>
   </div>
   <div class='ocr_carea' id='block_1_112' title="bbox 1840 5349 3417 5423">
    <p class='ocr_par' dir='ltr' id='par_1_112' title="bbox 1840 5349 3417 5423">
     <span class='ocr_line' id='line_1_112' title="bbox 1840 5349 3417 5423; baseline -0.008 -7"><span class='ocrx_word' id='word_1_913' title='bbox 1840 5361 2100 5421; x_wconf 71' lang='lat' dir='ltr'><strong>dteorum,</strong></span> <span class='ocrx_word' id='word_1_914' title='bbox 2125 5358 2335 5422; x_wconf 73' lang='lat' dir='ltr'><strong>nullum</strong></span> <span class='ocrx_word' id='word_1_915' title='bbox 2359 5355 2719 5423; x_wconf 75' lang='lat' dir='ltr'><strong>habitantium</strong></span> <span class='ocrx_word' id='word_1_916' title='bbox 2756 5352 2911 5421; x_wconf 69' lang='lat' dir='ltr'><strong>teras</strong></span> <span class='ocrx_word' id='word_1_917' title='bbox 2949 5351 3099 5418; x_wconf 77' lang='lat' dir='ltr'><strong>exine</strong></span> <span class='ocrx_word' id='word_1_918' title='bbox 3116 5349 3417 5421; x_wconf 77' lang='lat' dir='ltr'><strong>permittet.</strong></span> 
     </span>
    </p>
   </div>
   <div class='ocr_carea' id='block_1_113' title="bbox 1840 5438 3423 5517">
    <p class='ocr_par' dir='ltr' id='par_1_113' title="bbox 1840 5438 3423 5517">
     <span class='ocr_line' id='line_1_113' title="bbox 1840 5438 3423 5517; baseline -0.007 -12"><span class='ocrx_word' id='word_1_919' title='bbox 1840 5452 1967 5514; x_wconf 74' lang='lat' dir='ltr'><strong>Hau:</strong></span> <span class='ocrx_word' id='word_1_920' title='bbox 1992 5460 2078 5505; x_wconf 80' lang='lat' dir='ltr'><strong>est</strong></span> <span class='ocrx_word' id='word_1_921' title='bbox 2119 5448 2258 5515; x_wconf 90' lang='lat' dir='ltr'><strong>olla,</strong></span> <span class='ocrx_word' id='word_1_922' title='bbox 2284 5449 2352 5504; x_wconf 86' lang='lat' dir='ltr'><strong>de</strong></span> <span class='ocrx_word' id='word_1_923' title='bbox 2382 5463 2487 5517; x_wconf 84' lang='lat' dir='ltr'><strong>qua</strong></span> <span class='ocrx_word' id='word_1_924' title='bbox 2513 5444 2779 5502; x_wconf 79' lang='lat' dir='ltr'><strong>Jereutias</strong></span> <span class='ocrx_word' id='word_1_925' title='bbox 2816 5442 3075 5515; x_wconf 73' lang='lat' dir='ltr'><strong>loquitur,</strong></span> <span class='ocrx_word' id='word_1_926' title='bbox 3106 5449 3161 5497; x_wconf 86' lang='lat' dir='ltr'><strong>et</strong></span> <span class='ocrx_word' id='word_1_927' title='bbox 3188 5441 3303 5511; x_wconf 83' lang='lat' dir='ltr'><strong>ipse</strong></span> <span class='ocrx_word' id='word_1_928' title='bbox 3333 5438 3423 5495; x_wconf 83' lang='lat' dir='ltr'><strong>hic</strong></span> 
     </span>
    </p>
   </div>
   <div class='ocr_carea' id='block_1_114' title="bbox 1838 5528 3423 5617">
    <p class='ocr_par' dir='ltr' id='par_1_114' title="bbox 1838 5528 3423 5617">
     <span class='ocr_line' id='line_1_114' title="bbox 1838 5528 3423 5617; baseline -0.008 -17"><span class='ocrx_word' id='word_1_929' title='bbox 1838 5545 2102 5617; x_wconf 83' lang='lat' dir='ltr'><strong>propheta</strong></span> <span class='ocrx_word' id='word_1_930' title='bbox 2154 5542 2209 5597; x_wconf 85' lang='lat' dir='ltr'><strong>in</strong></span> <span class='ocrx_word' id='word_1_931' title='bbox 2253 5539 2733 5610; x_wconf 80' lang='lat' dir='ltr'><strong>consequentibus,</strong></span> <span class='ocrx_word' id='word_1_932' title='bbox 2763 5538 2819 5594; x_wconf 80' lang='lat' dir='ltr'><strong>iu</strong></span> <span class='ocrx_word' id='word_1_933' title='bbox 2864 5553 2975 5610; x_wconf 74' lang='lat' dir='ltr'><strong>qua</strong></span> <span class='ocrx_word' id='word_1_934' title='bbox 3022 5528 3423 5603; x_wconf 62' lang='grc' dir='ltr'><strong>αππιαΜῶ</strong></span> 
     </span>
    </p>
   </div>
   <div class='ocr_carea' id='block_1_115' title="bbox 1838 5622 3422 5702">
    <p class='ocr_par' dir='ltr' id='par_1_115' title="bbox 1838 5622 3422 5702">
     <span class='ocr_line' id='line_1_115' title="bbox 1838 5622 3422 5702; baseline -0.003 -10"><span class='ocrx_word' id='word_1_935' title='bbox 1838 5642 2251 5692; x_wconf 74' lang='lat' dir='ltr'><strong>corisumuntur.</strong></span> <span class='ocrx_word' id='word_1_936' title='bbox 2296 5631 2452 5699; x_wconf 80' lang='lat' dir='ltr'><strong>Quod</strong></span> <span class='ocrx_word' id='word_1_937' title='bbox 2484 5638 2668 5699; x_wconf 73' lang='lat' dir='ltr'><strong>autem</strong></span> <span class='ocrx_word' id='word_1_938' title='bbox 2708 5629 2890 5702; x_wconf 87' lang='lat' dir='ltr'><strong>lingua</strong></span> <span class='ocrx_word' id='word_1_939' title='bbox 2934 5627 3213 5699; x_wconf 53' lang='lat' dir='ltr'><strong>prodicta</strong></span> <span class='ocrx_word' id='word_1_940' title='bbox 3243 5622 3422 5695; x_wconf 61' lang='lat' dir='ltr'><strong>[NW</strong></span> 
     </span>
    </p>
   </div>
   <div class='ocr_carea' id='block_1_116' title="bbox 1843 5711 3424 5799">
    <p class='ocr_par' dir='ltr' id='par_1_116' title="bbox 1843 5711 3424 5799">
     <span class='ocr_line' id='line_1_116' title="bbox 1843 5711 3424 5799; baseline -0.004 -16"><span class='ocrx_word' id='word_1_941' title='bbox 1843 5729 1929 5783; x_wconf 82' lang='lat' dir='ltr'><strong>vel</strong></span> <span class='ocrx_word' id='word_1_942' title='bbox 1990 5725 2195 5799; x_wconf 78' lang='lat' dir='ltr'><strong>gutturi</strong></span> <span class='ocrx_word' id='word_1_943' title='bbox 2251 5725 2512 5787; x_wconf 68' lang='lat' dir='ltr'><strong>cohaeret,</strong></span> <span class='ocrx_word' id='word_1_944' title='bbox 2568 5729 2630 5779; x_wconf 80' lang='lat' dir='ltr'><strong>et</strong></span> <span class='ocrx_word' id='word_1_945' title='bbox 2686 5730 2865 5785; x_wconf 71' lang='lat' dir='ltr'><strong>[nutus</strong></span> <span class='ocrx_word' id='word_1_946' title='bbox 2915 5719 3141 5783; x_wconf 61' lang='lat' dir='ltr'><strong>emeatus</strong></span> <span class='ocrx_word' id='word_1_947' title='bbox 3190 5711 3424 5779; x_wconf 71' lang='lat' dir='ltr'><strong>auctori-</strong></span> 
     </span>
    </p>
   </div>
   <div class='ocr_carea' id='block_1_117' title="bbox 1840 5809 3421 5888">
    <p class='ocr_par' dir='ltr' id='par_1_117' title="bbox 1840 5809 3421 5888">
     <span class='ocr_line' id='line_1_117' title="bbox 1840 5809 3421 5888; baseline 0.001 -11"><span class='ocrx_word' id='word_1_948' title='bbox 1840 5829 2009 5885; x_wconf 76' lang='lat' dir='ltr'><strong>tatem</strong></span> <span class='ocrx_word' id='word_1_949' title='bbox 2038 5834 2145 5877; x_wconf 76' lang='lat' dir='ltr'><strong>nm</strong></span> <span class='ocrx_word' id='word_1_950' title='bbox 2178 5816 2346 5872; x_wconf 77' lang='lat' dir='ltr'><strong>habet</strong></span> <span class='ocrx_word' id='word_1_951' title='bbox 2368 5814 2721 5888; x_wconf 66' lang='lat' dir='ltr'><strong>iota-spumis,</strong></span> <span class='ocrx_word' id='word_1_952' title='bbox 2766 5828 2932 5872; x_wconf 76' lang='lat' dir='ltr'><strong>causa</strong></span> <span class='ocrx_word' id='word_1_953' title='bbox 2974 5810 3259 5882; x_wconf 58' lang='lat' dir='ltr'><strong>WW3</strong></span> <span class='ocrx_word' id='word_1_954' title='bbox 3299 5809 3421 5883; x_wconf 54' lang='grc'><strong>⁸⁸⁸)</strong></span> 
     </span>
    </p>
   </div>
  </div>
