  <div class='ocr_page' id='page_1' title='image "/cluster/home/n/w/nwhite01/storage/ocr_20150623/110/hvd.32044015466865/313.png"; bbox 0 0 3938 6360; ppageno 0'>
   <div class='ocr_carea' id='block_1_1' title="bbox 518 377 626 434">
    <p class='ocr_par' dir='ltr' id='par_1_1' title="bbox 518 377 626 434">
     <span class='ocr_line' id='line_1_1' title="bbox 518 377 626 434; baseline 0 0"><span class='ocrx_word' id='word_1_1' title='bbox 518 377 626 434; x_wconf 75' lang='grc'><strong>585</strong></span> 
     </span>
    </p>
   </div>
   <div class='ocr_carea' id='block_1_2' title="bbox 1178 341 3128 441">
    <p class='ocr_par' dir='ltr' id='par_1_2' title="bbox 1178 341 3128 441">
     <span class='ocr_line' id='line_1_2' title="bbox 1178 341 3128 441; baseline 0 -5"><span class='ocrx_word' id='word_1_2' title='bbox 1178 381 1240 436; x_wconf 76' lang='grc' dir='ltr'><strong>Β.</strong></span> <span class='ocrx_word' id='word_1_3' title='bbox 1278 380 1534 438; x_wconf 69' lang='lat' dir='ltr'><strong>mnam</strong></span> <span class='ocrx_word' id='word_1_4' title='bbox 1569 381 1792 440; x_wconf 73' lang='lat' dir='ltr'><strong>mum</strong></span> <span class='ocrx_word' id='word_1_5' title='bbox 1823 341 2145 439; x_wconf 72' lang='lat' dir='ltr'><strong>ARCHIEP.</strong></span> <span class='ocrx_word' id='word_1_6' title='bbox 2175 343 2491 441; x_wconf 60' lang='lat' dir='ltr'><strong>uocum.</strong></span> <span class='ocrx_word' id='word_1_7' title='bbox 2531 345 2817 440; x_wconf 65' lang='lat' dir='ltr'><strong>opsnatu</strong></span> <span class='ocrx_word' id='word_1_8' title='bbox 2848 377 3030 439; x_wconf 72' lang='lat' dir='ltr'><strong>PARS</strong></span> <span class='ocrx_word' id='word_1_9' title='bbox 3066 378 3128 436; x_wconf 89' lang='lat' dir='ltr'><strong>ll.</strong></span> 
     </span>
    </p>
   </div>
   <div class='ocr_carea' id='block_1_3' title="bbox 3715 375 3822 433">
    <p class='ocr_par' dir='ltr' id='par_1_3' title="bbox 3715 375 3822 433">
     <span class='ocr_line' id='line_1_3' title="bbox 3715 375 3822 433; baseline 0 -2"><span class='ocrx_word' id='word_1_10' title='bbox 3715 375 3822 433; x_wconf 60' lang='grc'><strong>584</strong></span> 
     </span>
    </p>
   </div>
   <div class='ocr_carea' id='block_1_4' title="bbox 519 469 3822 574">
    <p class='ocr_par' dir='ltr' id='par_1_4' title="bbox 519 469 3822 574">
     <span class='ocr_line' id='line_1_4' title="bbox 519 469 3822 574; baseline -0.002 -27"><span class='ocrx_word' id='word_1_11' title='bbox 519 514 537 544; x_wconf 74' lang='grc' dir='ltr'><strong>ι</strong></span> <span class='ocrx_word' id='word_1_12' title='bbox 561 493 686 563; x_wconf 87' lang='lat' dir='ltr'><strong>quia</strong></span> <span class='ocrx_word' id='word_1_13' title='bbox 709 495 926 562; x_wconf 80' lang='lat' dir='ltr'><strong>domus,</strong></span> <span class='ocrx_word' id='word_1_14' title='bbox 957 513 978 550; x_wconf 82' lang='grc'><strong>›</strong></span> <span class='ocrx_word' id='word_1_15' title='bbox 1002 496 1203 568; x_wconf 86' lang='lat' dir='ltr'><strong>inquit,</strong></span> <span class='ocrx_word' id='word_1_16' title='bbox 1225 515 1246 549; x_wconf 79' lang='grc' dir='ltr'><strong>ι</strong></span> <span class='ocrx_word' id='word_1_17' title='bbox 1267 512 1595 571; x_wconf 86' lang='lat' dir='ltr'><strong>exasperans</strong></span> <span class='ocrx_word' id='word_1_18' title='bbox 1615 508 1718 557; x_wconf 88' lang='lat' dir='ltr'><strong>est.</strong></span> <span class='ocrx_word' id='word_1_19' title='bbox 1739 519 1760 554; x_wconf 78' lang='grc' dir='ltr'><strong>ι</strong></span> <span class='ocrx_word' id='word_1_20' title='bbox 1777 499 1848 555; x_wconf 87' lang='lat' dir='ltr'><strong>Et</strong></span> <span class='ocrx_word' id='word_1_21' title='bbox 1865 509 1949 556; x_wconf 88' lang='lat' dir='ltr'><strong>est</strong></span> <span class='ocrx_word' id='word_1_22' title='bbox 1977 515 2099 556; x_wconf 87' lang='lat' dir='ltr'><strong>sen-</strong></span> <span class='ocrx_word' id='word_1_23' title='bbox 2201 481 2524 574; x_wconf 80' lang='lat' dir='ltr'><strong>incredulus,</strong></span> <span class='ocrx_word' id='word_1_24' title='bbox 2567 495 2892 558; x_wconf 41' lang='lat' dir='ltr'><strong>incredulus,</strong></span> <span class='ocrx_word' id='word_1_25' title='bbox 2916 496 3007 551; x_wconf 85' lang='lat' dir='ltr'><strong>sit.</strong></span> <span class='ocrx_word' id='word_1_26' title='bbox 3038 514 3058 547; x_wconf 74' lang='grc' dir='ltr'><strong>ι</strong></span> <span class='ocrx_word' id='word_1_27' title='bbox 3092 469 3340 547; x_wconf 82' lang='lat' dir='ltr'><strong>Secunda</strong></span> <span class='ocrx_word' id='word_1_28' title='bbox 3377 487 3607 560; x_wconf 74' lang='lat' dir='ltr'><strong>Aquila:</strong></span> <span class='ocrx_word' id='word_1_29' title='bbox 3639 486 3822 544; x_wconf 81' lang='lat' dir='ltr'><strong>editio</strong></span> 
     </span>
    </p>
   </div>
   <div class='ocr_carea' id='block_1_5' title="bbox 517 586 2100 661">
    <p class='ocr_par' dir='ltr' id='par_1_5' title="bbox 517 586 2100 661">
     <span class='ocr_line' id='line_1_5' title="bbox 517 586 2100 661; baseline 0.005 -20"><span class='ocrx_word' id='word_1_30' title='bbox 517 601 651 641; x_wconf 86' lang='lat' dir='ltr'><strong>sus:</strong></span> <span class='ocrx_word' id='word_1_31' title='bbox 684 586 872 642; x_wconf 67' lang='lat' dir='ltr'><strong>Tantae</strong></span> <span class='ocrx_word' id='word_1_32' title='bbox 918 598 1046 644; x_wconf 90' lang='lat' dir='ltr'><strong>sunt</strong></span> <span class='ocrx_word' id='word_1_33' title='bbox 1070 590 1486 661; x_wconf 91' lang='lat' dir='ltr'><strong>amaritudines,</strong></span> <span class='ocrx_word' id='word_1_34' title='bbox 1533 602 1588 648; x_wconf 91' lang='lat' dir='ltr'><strong>et</strong></span> <span class='ocrx_word' id='word_1_35' title='bbox 1635 601 1800 649; x_wconf 64' lang='lat' dir='ltr'><strong>tanta:</strong></span> <span class='ocrx_word' id='word_1_36' title='bbox 1839 595 2100 649; x_wconf 88' lang='lat' dir='ltr'><strong>adversus</strong></span> 
     </span>
    </p>
   </div>
   <div class='ocr_carea' id='block_1_6' title="bbox 512 677 2103 756">
    <p class='ocr_par' dir='ltr' id='par_1_6' title="bbox 512 677 2103 756">
     <span class='ocr_line' id='line_1_6' title="bbox 512 677 2103 756; baseline 0.006 -25"><span class='ocrx_word' id='word_1_37' title='bbox 512 677 683 732; x_wconf 91' lang='lat' dir='ltr'><strong>Deum</strong></span> <span class='ocrx_word' id='word_1_38' title='bbox 713 681 1110 748; x_wconf 79' lang='lat' dir='ltr'><strong>contentiones,</strong></span> <span class='ocrx_word' id='word_1_39' title='bbox 1141 690 1202 737; x_wconf 92' lang='lat' dir='ltr'><strong>ut</strong></span> <span class='ocrx_word' id='word_1_40' title='bbox 1231 683 1611 756; x_wconf 88' lang='lat' dir='ltr'><strong>objurgantem</strong></span> <span class='ocrx_word' id='word_1_41' title='bbox 1649 701 1758 741; x_wconf 90' lang='lat' dir='ltr'><strong>non</strong></span> <span class='ocrx_word' id='word_1_42' title='bbox 1787 693 2103 742; x_wconf 88' lang='lat' dir='ltr'><strong>mereantur</strong></span> 
     </span>
    </p>
   </div>
   <div class='ocr_carea' id='block_1_7' title="bbox 515 763 2102 841">
    <p class='ocr_par' dir='ltr' id='par_1_7' title="bbox 515 763 2102 841">
     <span class='ocr_line' id='line_1_7' title="bbox 515 763 2102 841; baseline 0.008 -21"><span class='ocrx_word' id='word_1_43' title='bbox 515 766 724 821; x_wconf 90' lang='lat' dir='ltr'><strong>audire.</strong></span> <span class='ocrx_word' id='word_1_44' title='bbox 759 767 840 821; x_wconf 89' lang='lat' dir='ltr'><strong>Ex</strong></span> <span class='ocrx_word' id='word_1_45' title='bbox 867 783 975 837; x_wconf 91' lang='lat' dir='ltr'><strong>quo</strong></span> <span class='ocrx_word' id='word_1_46' title='bbox 1003 771 1345 841; x_wconf 88' lang='lat' dir='ltr'><strong>perspicuum</strong></span> <span class='ocrx_word' id='word_1_47' title='bbox 1376 781 1481 839; x_wconf 86' lang='lat' dir='ltr'><strong>est,</strong></span> <span class='ocrx_word' id='word_1_48' title='bbox 1515 773 1606 828; x_wconf 92' lang='lat' dir='ltr'><strong>ubi</strong></span> <span class='ocrx_word' id='word_1_49' title='bbox 1630 763 1916 832; x_wconf 85' lang='lat' dir='ltr'><strong>multitudo</strong></span> <span class='ocrx_word' id='word_1_50' title='bbox 1937 773 2102 832; x_wconf 82' lang='lat' dir='ltr'><strong>fuerit</strong></span> 
     </span>
    </p>
   </div>
   <div class='ocr_carea' id='block_1_8' title="bbox 511 851 2099 934">
    <p class='ocr_par' dir='ltr' id='par_1_8' title="bbox 511 851 2099 934">
     <span class='ocr_line' id='line_1_8' title="bbox 511 851 2099 934; baseline 0.007 -24"><span class='ocrx_word' id='word_1_51' title='bbox 511 863 884 927; x_wconf 81' lang='lat' dir='ltr'><strong>peccatOrum,</strong></span> <span class='ocrx_word' id='word_1_52' title='bbox 921 858 1172 932; x_wconf 84' lang='lat' dir='ltr'><strong>indignos</strong></span> <span class='ocrx_word' id='word_1_53' title='bbox 1211 860 1333 917; x_wconf 84' lang='lat' dir='ltr'><strong>esse</strong></span> <span class='ocrx_word' id='word_1_54' title='bbox 1360 872 1670 930; x_wconf 80' lang='lat' dir='ltr'><strong>peccantes,</strong></span> <span class='ocrx_word' id='word_1_55' title='bbox 1695 865 1788 934; x_wconf 90' lang='lat' dir='ltr'><strong>qui</strong></span> <span class='ocrx_word' id='word_1_56' title='bbox 1816 879 1847 918; x_wconf 90' lang='lat' dir='ltr'><strong>a</strong></span> <span class='ocrx_word' id='word_1_57' title='bbox 1870 851 2099 922; x_wconf 86' lang='lat' dir='ltr'><strong>Domino</strong></span> 
     </span>
    </p>
   </div>
   <div class='ocr_carea' id='block_1_9' title="bbox 512 941 2100 1022">
    <p class='ocr_par' dir='ltr' id='par_1_9' title="bbox 512 941 2100 1022">
     <span class='ocr_line' id='line_1_9' title="bbox 512 941 2100 1022; baseline 0.006 -20"><span class='ocrx_word' id='word_1_58' title='bbox 512 948 876 1020; x_wconf 76' lang='lat' dir='ltr'><strong>corrigantur.</strong></span> <span class='ocrx_word' id='word_1_59' title='bbox 913 968 930 1000; x_wconf 81' lang='grc' dir='ltr'><strong>ι</strong></span> <span class='ocrx_word' id='word_1_60' title='bbox 967 949 1035 1005; x_wconf 90' lang='lat' dir='ltr'><strong>Et</strong></span> <span class='ocrx_word' id='word_1_61' title='bbox 1067 958 1147 1016; x_wconf 91' lang='lat' dir='ltr'><strong>tu,</strong></span> <span class='ocrx_word' id='word_1_62' title='bbox 1181 951 1380 1022; x_wconf 88' lang='lat' dir='ltr'><strong>inquit,</strong></span> <span class='ocrx_word' id='word_1_63' title='bbox 1412 941 1777 1021; x_wconf 5' lang='lat' dir='ltr'><strong>ﬁlil&#39;hominis,</strong></span> <span class='ocrx_word' id='word_1_64' title='bbox 1806 969 1933 1011; x_wconf 90' lang='lat' dir='ltr'><strong>ecce</strong></span> <span class='ocrx_word' id='word_1_65' title='bbox 1972 955 2100 1011; x_wconf 86' lang='lat' dir='ltr'><strong>data</strong></span> 
     </span>
    </p>
   </div>
   <div class='ocr_carea' id='block_1_10' title="bbox 512 1042 2100 1112">
    <p class='ocr_par' dir='ltr' id='par_1_10' title="bbox 512 1042 2100 1112">
     <span class='ocr_line' id='line_1_10' title="bbox 512 1042 2100 1112; baseline 0.005 -18"><span class='ocrx_word' id='word_1_66' title='bbox 512 1048 641 1094; x_wconf 91' lang='lat' dir='ltr'><strong>sunt</strong></span> <span class='ocrx_word' id='word_1_67' title='bbox 687 1055 848 1110; x_wconf 83' lang='lat' dir='ltr'><strong>super</strong></span> <span class='ocrx_word' id='word_1_68' title='bbox 885 1051 938 1096; x_wconf 91' lang='lat' dir='ltr'><strong>te</strong></span> <span class='ocrx_word' id='word_1_69' title='bbox 977 1042 1209 1108; x_wconf 88' lang='lat' dir='ltr'><strong>vincula,</strong></span> <span class='ocrx_word' id='word_1_70' title='bbox 1258 1053 1314 1097; x_wconf 87' lang='lat' dir='ltr'><strong>et</strong></span> <span class='ocrx_word' id='word_1_71' title='bbox 1348 1043 1591 1112; x_wconf 87' lang='lat' dir='ltr'><strong>ligabunt</strong></span> <span class='ocrx_word' id='word_1_72' title='bbox 1628 1045 1764 1100; x_wconf 88' lang='lat' dir='ltr'><strong>tein</strong></span> <span class='ocrx_word' id='word_1_73' title='bbox 1790 1046 1887 1112; x_wconf 90' lang='lat' dir='ltr'><strong>eis,</strong></span> <span class='ocrx_word' id='word_1_74' title='bbox 1911 1056 1964 1101; x_wconf 92' lang='lat' dir='ltr'><strong>et</strong></span> <span class='ocrx_word' id='word_1_75' title='bbox 1992 1062 2100 1104; x_wconf 92' lang='lat' dir='ltr'><strong>non</strong></span> 
     </span>
    </p>
   </div>
   <div class='ocr_carea' id='block_1_11' title="bbox 513 1131 2100 1207">
    <p class='ocr_par' dir='ltr' id='par_1_11' title="bbox 513 1131 2100 1207">
     <span class='ocr_line' id='line_1_11' title="bbox 513 1131 2100 1207; baseline 0.006 -23"><span class='ocrx_word' id='word_1_76' title='bbox 513 1131 810 1200; x_wconf 80' lang='lat' dir='ltr'><strong>egredieris</strong></span> <span class='ocrx_word' id='word_1_77' title='bbox 852 1133 909 1187; x_wconf 91' lang='lat' dir='ltr'><strong>in</strong></span> <span class='ocrx_word' id='word_1_78' title='bbox 946 1134 1123 1188; x_wconf 92' lang='lat' dir='ltr'><strong>medio</strong></span> <span class='ocrx_word' id='word_1_79' title='bbox 1168 1149 1374 1201; x_wconf 91' lang='lat' dir='ltr'><strong>eorum,</strong></span> <span class='ocrx_word' id='word_1_80' title='bbox 1432 1143 1487 1191; x_wconf 92' lang='lat' dir='ltr'><strong>et</strong></span> <span class='ocrx_word' id='word_1_81' title='bbox 1539 1135 1778 1207; x_wconf 83' lang='lat' dir='ltr'><strong>linguam</strong></span> <span class='ocrx_word' id='word_1_82' title='bbox 1826 1138 2100 1193; x_wconf 80' lang='lat' dir='ltr'><strong>adhzerere</strong></span> 
     </span>
    </p>
   </div>
   <div class='ocr_carea' id='block_1_12' title="bbox 512 1217 2099 1300">
    <p class='ocr_par' dir='ltr' id='par_1_12' title="bbox 512 1217 2099 1300">
     <span class='ocr_line' id='line_1_12' title="bbox 512 1217 2099 1300; baseline 0.009 -27"><span class='ocrx_word' id='word_1_83' title='bbox 512 1217 713 1276; x_wconf 85' lang='lat' dir='ltr'><strong>faciam</strong></span> <span class='ocrx_word' id='word_1_84' title='bbox 746 1223 927 1294; x_wconf 90' lang='lat' dir='ltr'><strong>palato</strong></span> <span class='ocrx_word' id='word_1_85' title='bbox 964 1232 1080 1292; x_wconf 89' lang='lat' dir='ltr'><strong>tuo,</strong></span> <span class='ocrx_word' id='word_1_86' title='bbox 1117 1233 1174 1281; x_wconf 91' lang='lat' dir='ltr'><strong>et</strong></span> <span class='ocrx_word' id='word_1_87' title='bbox 1209 1227 1319 1282; x_wconf 90' lang='lat' dir='ltr'><strong>eris</strong></span> <span class='ocrx_word' id='word_1_88' title='bbox 1355 1235 1551 1292; x_wconf 90' lang='lat' dir='ltr'><strong>mutus,</strong></span> <span class='ocrx_word' id='word_1_89' title='bbox 1582 1244 1683 1284; x_wconf 91' lang='lat' dir='ltr'><strong>nec</strong></span> <span class='ocrx_word' id='word_1_90' title='bbox 1711 1230 1864 1300; x_wconf 91' lang='lat' dir='ltr'><strong>quasi</strong></span> <span class='ocrx_word' id='word_1_91' title='bbox 1894 1231 1979 1284; x_wconf 88' lang='lat' dir='ltr'><strong>vir</strong></span> <span class='ocrx_word' id='word_1_92' title='bbox 2000 1231 2099 1286; x_wconf 90' lang='lat' dir='ltr'><strong>ob-</strong></span> 
     </span>
    </p>
   </div>
   <div class='ocr_carea' id='block_1_13' title="bbox 509 1311 2103 1390">
    <p class='ocr_par' dir='ltr' id='par_1_13' title="bbox 509 1311 2103 1390">
     <span class='ocr_line' id='line_1_13' title="bbox 509 1311 2103 1390; baseline 0.009 -25"><span class='ocrx_word' id='word_1_93' title='bbox 509 1311 754 1382; x_wconf 86' lang='lat' dir='ltr'><strong>jurgans,</strong></span> <span class='ocrx_word' id='word_1_94' title='bbox 781 1316 907 1386; x_wconf 87' lang='lat' dir='ltr'><strong>quia</strong></span> <span class='ocrx_word' id='word_1_95' title='bbox 934 1317 1125 1373; x_wconf 89' lang='lat' dir='ltr'><strong>domus</strong></span> <span class='ocrx_word' id='word_1_96' title='bbox 1149 1332 1480 1390; x_wconf 84' lang='lat' dir='ltr'><strong>exasperans</strong></span> <span class='ocrx_word' id='word_1_97' title='bbox 1507 1327 1610 1376; x_wconf 87' lang='lat' dir='ltr'><strong>est.</strong></span> <span class='ocrx_word' id='word_1_98' title='bbox 1634 1341 1652 1373; x_wconf 75' lang='grc' dir='ltr'><strong>ι</strong></span> <span class='ocrx_word' id='word_1_99' title='bbox 1679 1321 1828 1390; x_wconf 64' lang='lat' dir='ltr'><strong>Quae,</strong></span> <span class='ocrx_word' id='word_1_100' title='bbox 1854 1323 2103 1379; x_wconf 82' lang='lat' dir='ltr'><strong>videlicet</strong></span> 
     </span>
    </p>
   </div>
   <div class='ocr_carea' id='block_1_14' title="bbox 501 1407 2098 1484">
    <p class='ocr_par' dir='ltr' id='par_1_14' title="bbox 501 1407 2098 1484">
     <span class='ocr_line' id='line_1_14' title="bbox 501 1407 2098 1484; baseline 0.007 -26"><span class='ocrx_word' id='word_1_101' title='bbox 501 1407 700 1472; x_wconf 84' lang='lat' dir='ltr'><strong>verba,</strong></span> <span class='ocrx_word' id='word_1_102' title='bbox 736 1407 781 1462; x_wconf 90' lang='lat' dir='ltr'><strong>si</strong></span> <span class='ocrx_word' id='word_1_103' title='bbox 810 1423 906 1478; x_wconf 87' lang='lat' dir='ltr'><strong>per</strong></span> <span class='ocrx_word' id='word_1_104' title='bbox 935 1409 1126 1482; x_wconf 66' lang='lat' dir='ltr'><strong>typica:</strong></span> <span class='ocrx_word' id='word_1_105' title='bbox 1149 1408 1500 1482; x_wconf 73' lang='lat' dir='ltr'><strong>expositionis</strong></span> <span class='ocrx_word' id='word_1_106' title='bbox 1528 1414 1776 1468; x_wconf 87' lang='lat' dir='ltr'><strong>ordinem</strong></span> <span class='ocrx_word' id='word_1_107' title='bbox 1803 1415 2098 1484; x_wconf 87' lang='lat' dir='ltr'><strong>sequimur,</strong></span> 
     </span>
    </p>
   </div>
   <div class='ocr_carea' id='block_1_15' title="bbox 514 1497 2097 1576">
    <p class='ocr_par' dir='ltr' id='par_1_15' title="bbox 514 1497 2097 1576">
     <span class='ocr_line' id='line_1_15' title="bbox 514 1497 2097 1576; baseline 0.007 -26"><span class='ocrx_word' id='word_1_108' title='bbox 514 1497 782 1568; x_wconf 84' lang='lat' dir='ltr'><strong>Propheta</strong></span> <span class='ocrx_word' id='word_1_109' title='bbox 814 1501 868 1554; x_wconf 92' lang='lat' dir='ltr'><strong>in</strong></span> <span class='ocrx_word' id='word_1_110' title='bbox 901 1502 1059 1556; x_wconf 89' lang='lat' dir='ltr'><strong>domo</strong></span> <span class='ocrx_word' id='word_1_111' title='bbox 1105 1517 1204 1557; x_wconf 90' lang='lat' dir='ltr'><strong>sua</strong></span> <span class='ocrx_word' id='word_1_112' title='bbox 1251 1501 1465 1558; x_wconf 90' lang='lat' dir='ltr'><strong>vincula</strong></span> <span class='ocrx_word' id='word_1_113' title='bbox 1517 1505 1742 1574; x_wconf 89' lang='lat' dir='ltr'><strong>suscipit</strong></span> <span class='ocrx_word' id='word_1_114' title='bbox 1786 1513 1842 1560; x_wconf 92' lang='lat' dir='ltr'><strong>et</strong></span> <span class='ocrx_word' id='word_1_115' title='bbox 1880 1505 2097 1576; x_wconf 81' lang='lat' dir='ltr'><strong>ligatur,</strong></span> 
     </span>
    </p>
   </div>
   <div class='ocr_carea' id='block_1_16' title="bbox 515 1589 2104 1667">
    <p class='ocr_par' dir='ltr' id='par_1_16' title="bbox 515 1589 2104 1667">
     <span class='ocr_line' id='line_1_16' title="bbox 515 1589 2104 1667; baseline 0.008 -26"><span class='ocrx_word' id='word_1_116' title='bbox 515 1589 638 1657; x_wconf 86' lang='lat' dir='ltr'><strong>quia</strong></span> <span class='ocrx_word' id='word_1_117' title='bbox 662 1590 717 1643; x_wconf 92' lang='lat' dir='ltr'><strong>in</strong></span> <span class='ocrx_word' id='word_1_118' title='bbox 747 1592 1027 1658; x_wconf 84' lang='lat' dir='ltr'><strong>extremis,</strong></span> <span class='ocrx_word' id='word_1_119' title='bbox 1058 1608 1182 1647; x_wconf 92' lang='lat' dir='ltr'><strong>cum</strong></span> <span class='ocrx_word' id='word_1_120' title='bbox 1205 1591 1387 1649; x_wconf 69' lang='lat' dir='ltr'><strong>Judaza</strong></span> <span class='ocrx_word' id='word_1_121' title='bbox 1413 1595 1724 1662; x_wconf 75' lang='lat' dir='ltr'><strong>crediderit,</strong></span> <span class='ocrx_word' id='word_1_122' title='bbox 1755 1597 2104 1667; x_wconf 88' lang='lat' dir='ltr'><strong>gravissimas</strong></span> 
     </span>
    </p>
   </div>
   <div class='ocr_carea' id='block_1_17' title="bbox 511 1679 2101 1754">
    <p class='ocr_par' dir='ltr' id='par_1_17' title="bbox 511 1679 2101 1754">
     <span class='ocr_line' id='line_1_17' title="bbox 511 1679 2101 1754; baseline 0.008 -23"><span class='ocrx_word' id='word_1_123' title='bbox 511 1679 832 1736; x_wconf 85' lang='lat' dir='ltr'><strong>Antichristi</strong></span> <span class='ocrx_word' id='word_1_124' title='bbox 889 1691 1132 1754; x_wconf 88' lang='lat' dir='ltr'><strong>tempore</strong></span> <span class='ocrx_word' id='word_1_125' title='bbox 1179 1686 1581 1754; x_wconf 85' lang='lat' dir='ltr'><strong>persecutiones</strong></span> <span class='ocrx_word' id='word_1_126' title='bbox 1636 1687 1877 1754; x_wconf 91' lang='lat' dir='ltr'><strong>sentiret,</strong></span> <span class='ocrx_word' id='word_1_127' title='bbox 1918 1689 1991 1743; x_wconf 91' lang='lat' dir='ltr'><strong>ita</strong></span> <span class='ocrx_word' id='word_1_128' title='bbox 2044 1698 2101 1744; x_wconf 91' lang='lat' dir='ltr'><strong>ut</strong></span> 
     </span>
    </p>
   </div>
   <div class='ocr_carea' id='block_1_18' title="bbox 512 1772 2101 1848">
    <p class='ocr_par' dir='ltr' id='par_1_18' title="bbox 512 1772 2101 1848">
     <span class='ocr_line' id='line_1_18' title="bbox 512 1772 2101 1848; baseline 0.008 -26"><span class='ocrx_word' id='word_1_129' title='bbox 512 1772 917 1838; x_wconf 68' lang='lat' dir='ltr'><strong>praidicationes</strong></span> <span class='ocrx_word' id='word_1_130' title='bbox 952 1774 1187 1829; x_wconf 89' lang='lat' dir='ltr'><strong>ministri</strong></span> <span class='ocrx_word' id='word_1_131' title='bbox 1224 1773 1525 1845; x_wconf 88' lang='lat' dir='ltr'><strong>iniquitatis</strong></span> <span class='ocrx_word' id='word_1_132' title='bbox 1553 1791 1660 1830; x_wconf 94' lang='lat' dir='ltr'><strong>non</strong></span> <span class='ocrx_word' id='word_1_133' title='bbox 1692 1778 1975 1848; x_wconf 89' lang='lat' dir='ltr'><strong>recipiant,</strong></span> <span class='ocrx_word' id='word_1_134' title='bbox 2007 1779 2101 1834; x_wconf 88' lang='lat' dir='ltr'><strong>sed</strong></span> 
     </span>
    </p>
   </div>
   <div class='ocr_carea' id='block_1_19' title="bbox 2191 575 3818 664">
    <p class='ocr_par' dir='ltr' id='par_1_19' title="bbox 2191 575 3818 664">
     <span class='ocr_line' id='line_1_19' title="bbox 2191 575 3818 664; baseline -0.005 -20"><span class='ocrx_word' id='word_1_135' title='bbox 2191 575 2516 664; x_wconf 73' lang='lat' dir='ltr'><strong>transtulit:</strong></span> <span class='ocrx_word' id='word_1_136' title='bbox 2559 607 2578 642; x_wconf 77' lang='grc' dir='ltr'><strong>ι</strong></span> <span class='ocrx_word' id='word_1_137' title='bbox 2606 589 2709 658; x_wconf 93' lang='lat' dir='ltr'><strong>Qui</strong></span> <span class='ocrx_word' id='word_1_138' title='bbox 2740 589 2912 654; x_wconf 88' lang='lat' dir='ltr'><strong>audit,</strong></span> <span class='ocrx_word' id='word_1_139' title='bbox 2953 586 3230 650; x_wconf 87' lang='lat' dir='ltr'><strong>audietur;</strong></span> <span class='ocrx_word' id='word_1_140' title='bbox 3270 591 3326 658; x_wconf 88' lang='lat' dir='ltr'><strong>et</strong></span> <span class='ocrx_word' id='word_1_141' title='bbox 3376 582 3476 653; x_wconf 89' lang='lat' dir='ltr'><strong>qui</strong></span> <span class='ocrx_word' id='word_1_142' title='bbox 3520 581 3818 652; x_wconf 73' lang='lat' dir='ltr'><strong>relinquit,</strong></span> 
     </span>
    </p>
   </div>
   <div class='ocr_carea' id='block_1_20' title="bbox 2186 665 3820 758">
    <p class='ocr_par' dir='ltr' id='par_1_20' title="bbox 2186 665 3820 758">
     <span class='ocr_line' id='line_1_20' title="bbox 2186 665 3820 758; baseline -0.004 -23"><span class='ocrx_word' id='word_1_143' title='bbox 2186 665 2554 758; x_wconf 25' lang='lat' dir='ltr'><strong>&quot;relinquetur.</strong></span> <span class='ocrx_word' id='word_1_144' title='bbox 2583 697 2604 733; x_wconf 72' lang='grc' dir='ltr'><strong>ι</strong></span> <span class='ocrx_word' id='word_1_145' title='bbox 2636 679 2706 734; x_wconf 91' lang='lat' dir='ltr'><strong>Et</strong></span> <span class='ocrx_word' id='word_1_146' title='bbox 2749 689 2834 738; x_wconf 89' lang='lat' dir='ltr'><strong>est</strong></span> <span class='ocrx_word' id='word_1_147' title='bbox 2883 693 3078 734; x_wconf 90' lang='lat' dir='ltr'><strong>sensus</strong></span> <span class='ocrx_word' id='word_1_148' title='bbox 3105 695 3118 730; x_wconf 87' lang='lat'>:</span> <span class='ocrx_word' id='word_1_149' title='bbox 3152 693 3171 728; x_wconf 84' lang='lat'><strong>(</strong></span> <span class='ocrx_word' id='word_1_150' title='bbox 3209 675 3328 754; x_wconf 12' lang='lat' dir='ltr'><strong>Qui.</strong></span> <span class='ocrx_word' id='word_1_151' title='bbox 3362 673 3568 736; x_wconf 79' lang='lat' dir='ltr'><strong>habet,</strong></span> <span class='ocrx_word' id='word_1_152' title='bbox 3602 673 3820 730; x_wconf 80' lang='lat' dir='ltr'><strong>dabitur</strong></span> 
     </span>
    </p>
   </div>
   <div class='ocr_carea' id='block_1_21' title="bbox 2196 757 3817 852">
    <p class='ocr_par' dir='ltr' id='par_1_21' title="bbox 2196 757 3817 852">
     <span class='ocr_line' id='line_1_21' title="bbox 2196 757 3817 852; baseline -0.002 -26"><span class='ocrx_word' id='word_1_153' title='bbox 2196 769 2250 852; x_wconf 66' lang='lat' dir='ltr'><strong>ei</strong></span> <span class='ocrx_word' id='word_1_154' title='bbox 2272 788 2292 839; x_wconf 46' lang='lat'><strong>,;</strong></span> <span class='ocrx_word' id='word_1_155' title='bbox 2321 757 2414 848; x_wconf 86' lang='lat' dir='ltr'><strong>qui</strong></span> <span class='ocrx_word' id='word_1_156' title='bbox 2441 781 2625 836; x_wconf 86' lang='lat' dir='ltr'><strong>autem</strong></span> <span class='ocrx_word' id='word_1_157' title='bbox 2647 785 2757 826; x_wconf 91' lang='lat' dir='ltr'><strong>non</strong></span> <span class='ocrx_word' id='word_1_158' title='bbox 2781 770 2976 850; x_wconf 85' lang='lat' dir='ltr'><strong>habet,</strong></span> <span class='ocrx_word' id='word_1_159' title='bbox 2999 770 3162 826; x_wconf 90' lang='lat' dir='ltr'><strong>etiam</strong></span> <span class='ocrx_word' id='word_1_160' title='bbox 3191 768 3248 826; x_wconf 93' lang='lat' dir='ltr'><strong>id</strong></span> <span class='ocrx_word' id='word_1_161' title='bbox 3281 767 3432 840; x_wconf 86' lang='lat' dir='ltr'><strong>quod</strong></span> <span class='ocrx_word' id='word_1_162' title='bbox 3455 766 3694 842; x_wconf 74' lang='lat' dir='ltr'><strong>videtur</strong></span> <span class='ocrx_word' id='word_1_163' title='bbox 3728 768 3817 823; x_wconf 80' lang='lat' dir='ltr'><strong>ha-</strong></span> 
     </span>
    </p>
   </div>
   <div class='ocr_carea' id='block_1_22' title="bbox 2201 859 3604 938">
    <p class='ocr_par' dir='ltr' id='par_1_22' title="bbox 2201 859 3604 938">
     <span class='ocr_line' id='line_1_22' title="bbox 2201 859 3604 938; baseline -0.002 -22"><span class='ocrx_word' id='word_1_164' title='bbox 2201 859 2351 928; x_wconf 89' lang='lat' dir='ltr'><strong>bere,</strong></span> <span class='ocrx_word' id='word_1_165' title='bbox 2382 860 2659 916; x_wconf 79' lang='lat' dir='ltr'><strong>auferetur</strong></span> <span class='ocrx_word' id='word_1_166' title='bbox 2683 861 2752 938; x_wconf 86' lang='lat' dir='ltr'><strong>ab</strong></span> <span class='ocrx_word' id='word_1_167' title='bbox 2781 875 2846 918; x_wconf 91' lang='lat' dir='ltr'><strong>eo</strong></span> <span class='ocrx_word' id='word_1_168' title='bbox 2877 859 3096 933; x_wconf 78' lang='lat' dir='ltr'><strong>(Matth.</strong></span> <span class='ocrx_word' id='word_1_169' title='bbox 3128 860 3224 930; x_wconf 83' lang='lat' dir='ltr'><strong>iv).</strong></span> <span class='ocrx_word' id='word_1_170' title='bbox 3259 877 3278 913; x_wconf 78' lang='grc' dir='ltr'><strong>ι</strong></span> <span class='ocrx_word' id='word_1_171' title='bbox 3368 897 3370 902; x_wconf 64' lang='grc' dir='ltr'><strong>ι</strong></span> <span class='ocrx_word' id='word_1_172' title='bbox 3599 913 3604 920; x_wconf 75' lang='grc'><em>,</em></span> 
     </span>
    </p>
   </div>
   <div class='ocr_carea' id='block_1_23' title="bbox 2277 949 3813 1030">
    <p class='ocr_par' dir='ltr' id='par_1_23' title="bbox 2277 949 3813 1030">
     <span class='ocr_line' id='line_1_23' title="bbox 2277 949 3813 1030; baseline 0.001 -26"><span class='ocrx_word' id='word_1_173' title='bbox 2277 949 2297 1004; x_wconf 63' lang='grc' dir='ltr'><strong>ι</strong></span> <span class='ocrx_word' id='word_1_174' title='bbox 2330 951 2466 1010; x_wconf 84' lang='lat' dir='ltr'><strong>Cum</strong></span> <span class='ocrx_word' id='word_1_175' title='bbox 2491 963 2693 1021; x_wconf 89' lang='lat' dir='ltr'><strong>autem,</strong></span> <span class='ocrx_word' id='word_1_176' title='bbox 2709 953 2886 1024; x_wconf 88' lang='lat' dir='ltr'><strong>inquit</strong></span> <span class='ocrx_word' id='word_1_177' title='bbox 2903 993 2917 1018; x_wconf 91' lang='lat'><strong>,</strong></span> <span class='ocrx_word' id='word_1_178' title='bbox 2933 953 3140 1022; x_wconf 85' lang='lat' dir='ltr'><strong>locutus</strong></span> <span class='ocrx_word' id='word_1_179' title='bbox 3155 951 3311 1012; x_wconf 79' lang='lat' dir='ltr'><strong>fuero</strong></span> <span class='ocrx_word' id='word_1_180' title='bbox 3334 951 3462 1017; x_wconf 83' lang='lat' dir='ltr'><strong>tibi,</strong></span> <span class='ocrx_word' id='word_1_181' title='bbox 3479 952 3738 1030; x_wconf 80' lang='lat' dir='ltr'><strong>aperiam</strong></span> <span class='ocrx_word' id='word_1_182' title='bbox 3761 967 3813 1007; x_wconf 77' lang='lat' dir='ltr'><strong>os</strong></span> 
     </span>
    </p>
   </div>
   <div class='ocr_carea' id='block_1_24' title="bbox 2198 1031 3814 1120">
    <p class='ocr_par' dir='ltr' id='par_1_24' title="bbox 2198 1031 3814 1120">
     <span class='ocr_line' id='line_1_24' title="bbox 2198 1031 3814 1120; baseline 0.001 -22"><span class='ocrx_word' id='word_1_183' title='bbox 2198 1031 2376 1120; x_wconf 80' lang='lat' dir='ltr'><strong>tuum,</strong></span> <span class='ocrx_word' id='word_1_184' title='bbox 2392 1053 2447 1099; x_wconf 89' lang='lat' dir='ltr'><strong>et</strong></span> <span class='ocrx_word' id='word_1_185' title='bbox 2459 1045 2608 1100; x_wconf 87' lang='lat' dir='ltr'><strong>dices</strong></span> <span class='ocrx_word' id='word_1_186' title='bbox 2627 1045 2695 1100; x_wconf 91' lang='lat' dir='ltr'><strong>ad</strong></span> <span class='ocrx_word' id='word_1_187' title='bbox 2715 1060 2809 1100; x_wconf 92' lang='lat' dir='ltr'><strong>eos</strong></span> <span class='ocrx_word' id='word_1_188' title='bbox 2828 1062 2843 1100; x_wconf 88' lang='lat'><strong>:</strong></span> <span class='ocrx_word' id='word_1_189' title='bbox 2860 1042 3062 1117; x_wconf 84' lang='lat' dir='ltr'><strong>(Greg.)</strong></span> <span class='ocrx_word' id='word_1_190' title='bbox 3092 1041 3217 1100; x_wconf 67' lang='lat' dir='ltr'><strong>Haec</strong></span> <span class='ocrx_word' id='word_1_191' title='bbox 3230 1044 3363 1099; x_wconf 90' lang='lat' dir='ltr'><strong>dicit</strong></span> <span class='ocrx_word' id='word_1_192' title='bbox 3380 1045 3667 1104; x_wconf 82' lang='lat' dir='ltr'><strong>Dominus</strong></span> <span class='ocrx_word' id='word_1_193' title='bbox 3683 1043 3814 1107; x_wconf 81' lang='lat' dir='ltr'><strong>Deus</strong></span> 
     </span>
    </p>
   </div>
   <div class='ocr_carea' id='block_1_25' title="bbox 2191 1117 3812 1206">
    <p class='ocr_par' dir='ltr' id='par_1_25' title="bbox 2191 1117 3812 1206">
     <span class='ocr_line' id='line_1_25' title="bbox 2191 1117 3812 1206; baseline -0.001 -16"><span class='ocrx_word' id='word_1_194' title='bbox 2191 1117 2346 1193; x_wconf 70' lang='lat' dir='ltr'><strong>tuus.</strong></span> <span class='ocrx_word' id='word_1_195' title='bbox 2403 1157 2421 1190; x_wconf 75' lang='grc' dir='ltr'><strong>ι</strong></span> <span class='ocrx_word' id='word_1_196' title='bbox 2476 1135 2627 1192; x_wconf 89' lang='lat' dir='ltr'><strong>Tune</strong></span> <span class='ocrx_word' id='word_1_197' title='bbox 2672 1137 2817 1192; x_wconf 91' lang='lat' dir='ltr'><strong>enim</strong></span> <span class='ocrx_word' id='word_1_198' title='bbox 2851 1136 3000 1192; x_wconf 88' lang='lat' dir='ltr'><strong>velut</strong></span> <span class='ocrx_word' id='word_1_199' title='bbox 3047 1137 3102 1191; x_wconf 93' lang='lat' dir='ltr'><strong>in</strong></span> <span class='ocrx_word' id='word_1_200' title='bbox 3131 1146 3380 1198; x_wconf 80' lang='lat' dir='ltr'><strong>extremo</strong></span> <span class='ocrx_word' id='word_1_201' title='bbox 3432 1150 3500 1190; x_wconf 89' lang='lat' dir='ltr'><strong>os</strong></span> <span class='ocrx_word' id='word_1_202' title='bbox 3539 1136 3812 1206; x_wconf 58' lang='lat' dir='ltr'><strong>propheta</strong></span> 
     </span>
    </p>
   </div>
   <div class='ocr_carea' id='block_1_26' title="bbox 2203 1227 3811 1302">
    <p class='ocr_par' dir='ltr' id='par_1_26' title="bbox 2203 1227 3811 1302">
     <span class='ocr_line' id='line_1_26' title="bbox 2203 1227 3811 1302; baseline -0.001 -18"><span class='ocrx_word' id='word_1_203' title='bbox 2203 1230 2458 1300; x_wconf 89' lang='lat' dir='ltr'><strong>aperitur,</strong></span> <span class='ocrx_word' id='word_1_204' title='bbox 2492 1246 2614 1286; x_wconf 90' lang='lat' dir='ltr'><strong>cum</strong></span> <span class='ocrx_word' id='word_1_205' title='bbox 2658 1231 2712 1284; x_wconf 91' lang='lat' dir='ltr'><strong>in</strong></span> <span class='ocrx_word' id='word_1_206' title='bbox 2742 1228 3124 1302; x_wconf 73' lang='lat' dir='ltr'><strong>praedicatione</strong></span> <span class='ocrx_word' id='word_1_207' title='bbox 3152 1229 3337 1284; x_wconf 87' lang='lat' dir='ltr'><strong>Enoch</strong></span> <span class='ocrx_word' id='word_1_208' title='bbox 3379 1238 3440 1300; x_wconf 92' lang='lat' dir='ltr'><strong>et</strong></span> <span class='ocrx_word' id='word_1_209' title='bbox 3474 1227 3621 1282; x_wconf 72' lang='lat' dir='ltr'><strong>Elia:</strong></span> <span class='ocrx_word' id='word_1_210' title='bbox 3653 1244 3685 1282; x_wconf 87' lang='lat' dir='ltr'><strong>a</strong></span> <span class='ocrx_word' id='word_1_211' title='bbox 3732 1227 3811 1282; x_wconf 79' lang='lat' dir='ltr'><strong>Jc-</strong></span> 
     </span>
    </p>
   </div>
   <div class='ocr_carea' id='block_1_27' title="bbox 2202 1321 3808 1394">
    <p class='ocr_par' dir='ltr' id='par_1_27' title="bbox 2202 1321 3808 1394">
     <span class='ocr_line' id='line_1_27' title="bbox 2202 1321 3808 1394; baseline -0.001 -16"><span class='ocrx_word' id='word_1_212' title='bbox 2202 1323 2334 1379; x_wconf 69' lang='lat' dir='ltr'><strong>daais</strong></span> <span class='ocrx_word' id='word_1_213' title='bbox 2365 1323 2432 1378; x_wconf 88' lang='lat' dir='ltr'><strong>ad</strong></span> <span class='ocrx_word' id='word_1_214' title='bbox 2463 1323 2624 1380; x_wconf 81' lang='lat' dir='ltr'><strong>ﬁdem</strong></span> <span class='ocrx_word' id='word_1_215' title='bbox 2669 1323 3022 1380; x_wconf 88' lang='lat' dir='ltr'><strong>redeuntibus</strong></span> <span class='ocrx_word' id='word_1_216' title='bbox 3065 1323 3366 1394; x_wconf 64' lang='lat' dir='ltr'><strong>prophetiae</strong></span> <span class='ocrx_word' id='word_1_217' title='bbox 3415 1324 3578 1379; x_wconf 82' lang='lat' dir='ltr'><strong>sacri</strong></span> <span class='ocrx_word' id='word_1_218' title='bbox 3625 1321 3808 1392; x_wconf 81' lang='lat' dir='ltr'><strong>eloquii</strong></span> 
     </span>
    </p>
   </div>
   <div class='ocr_carea' id='block_1_28' title="bbox 2202 1413 3808 1488">
    <p class='ocr_par' dir='ltr' id='par_1_28' title="bbox 2202 1413 3808 1488">
     <span class='ocr_line' id='line_1_28' title="bbox 2202 1413 3808 1488; baseline -0.001 -17"><span class='ocrx_word' id='word_1_219' title='bbox 2202 1415 2268 1471; x_wconf 89' lang='lat' dir='ltr'><strong>de</strong></span> <span class='ocrx_word' id='word_1_220' title='bbox 2293 1415 2510 1472; x_wconf 88' lang='lat' dir='ltr'><strong>Christo</strong></span> <span class='ocrx_word' id='word_1_221' title='bbox 2543 1415 2710 1472; x_wconf 87' lang='lat' dir='ltr'><strong>fuisse</strong></span> <span class='ocrx_word' id='word_1_222' title='bbox 2734 1421 3150 1488; x_wconf 89' lang='lat' dir='ltr'><strong>cognoscuntur.</strong></span> <span class='ocrx_word' id='word_1_223' title='bbox 3186 1413 3291 1470; x_wconf 90' lang='lat' dir='ltr'><strong>Sed</strong></span> <span class='ocrx_word' id='word_1_224' title='bbox 3318 1415 3454 1485; x_wconf 88' lang='lat' dir='ltr'><strong>quia</strong></span> <span class='ocrx_word' id='word_1_225' title='bbox 3495 1414 3808 1485; x_wconf 64' lang='lat' dir='ltr'><strong>hectypicr</strong></span> 
     </span>
    </p>
   </div>
   <div class='ocr_carea' id='block_1_29' title="bbox 2203 1502 3808 1582">
    <p class='ocr_par' dir='ltr' id='par_1_29' title="bbox 2203 1502 3808 1582">
     <span class='ocr_line' id='line_1_29' title="bbox 2203 1502 3808 1582; baseline -0.001 -20"><span class='ocrx_word' id='word_1_226' title='bbox 2203 1502 2470 1582; x_wconf 80' lang='lat' dir='ltr'><strong>diximus,</strong></span> <span class='ocrx_word' id='word_1_227' title='bbox 2503 1524 2646 1564; x_wconf 90' lang='lat' dir='ltr'><strong>nunc</strong></span> <span class='ocrx_word' id='word_1_228' title='bbox 2673 1509 2836 1564; x_wconf 87' lang='lat' dir='ltr'><strong>verba</strong></span> <span class='ocrx_word' id='word_1_229' title='bbox 2875 1509 3066 1564; x_wconf 89' lang='lat' dir='ltr'><strong>eadem</strong></span> <span class='ocrx_word' id='word_1_230' title='bbox 3086 1507 3359 1582; x_wconf 6' lang='lat' dir='ltr'><strong>Vcharitati</strong></span> <span class='ocrx_word' id='word_1_231' title='bbox 3399 1515 3619 1576; x_wconf 63' lang='lat' dir='ltr'><strong>vestra</strong></span> <span class='ocrx_word' id='word_1_232' title='bbox 3645 1524 3808 1562; x_wconf 79' lang='lat' dir='ltr'><strong>mora-</strong></span> 
     </span>
    </p>
   </div>
   <div class='ocr_carea' id='block_1_30' title="bbox 2202 1585 3806 1676">
    <p class='ocr_par' dir='ltr' id='par_1_30' title="bbox 2202 1585 3806 1676">
     <span class='ocr_line' id='line_1_30' title="bbox 2202 1585 3806 1676; baseline 0.004 -25"><span class='ocrx_word' id='word_1_233' title='bbox 2202 1597 2328 1653; x_wconf 86' lang='lat' dir='ltr'><strong>liter</strong></span> <span class='ocrx_word' id='word_1_234' title='bbox 2365 1601 2714 1658; x_wconf 87' lang='lat' dir='ltr'><strong>disseramus.</strong></span> <span class='ocrx_word' id='word_1_235' title='bbox 2748 1601 2889 1676; x_wconf 84' lang='lat' dir='ltr'><strong>Quid</strong></span> <span class='ocrx_word' id='word_1_236' title='bbox 2935 1609 3020 1656; x_wconf 89' lang='lat' dir='ltr'><strong>est</strong></span> <span class='ocrx_word' id='word_1_237' title='bbox 3061 1585 3205 1656; x_wconf 88' lang='lat' dir='ltr'><strong>enim</strong></span> <span class='ocrx_word' id='word_1_238' title='bbox 3236 1599 3388 1670; x_wconf 90' lang='lat' dir='ltr'><strong>quod</strong></span> <span class='ocrx_word' id='word_1_239' title='bbox 3410 1601 3582 1655; x_wconf 80' lang='lat' dir='ltr'><strong>exire</strong></span> <span class='ocrx_word' id='word_1_240' title='bbox 3601 1600 3806 1668; x_wconf 67' lang='lat' dir='ltr'><strong>iubetur</strong></span> 
     </span>
    </p>
   </div>
   <div class='ocr_carea' id='block_1_31' title="bbox 2201 1691 3801 1763">
    <p class='ocr_par' dir='ltr' id='par_1_31' title="bbox 2201 1691 3801 1763">
     <span class='ocr_line' id='line_1_31' title="bbox 2201 1691 3801 1763; baseline 0.001 -18"><span class='ocrx_word' id='word_1_241' title='bbox 2201 1693 2465 1763; x_wconf 87' lang='lat' dir='ltr'><strong>propheta</strong></span> <span class='ocrx_word' id='word_1_242' title='bbox 2490 1693 2546 1748; x_wconf 92' lang='lat' dir='ltr'><strong>in</strong></span> <span class='ocrx_word' id='word_1_243' title='bbox 2567 1709 2837 1763; x_wconf 88' lang='lat' dir='ltr'><strong>campum,</strong></span> <span class='ocrx_word' id='word_1_244' title='bbox 2859 1693 2961 1748; x_wconf 91' lang='lat' dir='ltr'><strong>nisi</strong></span> <span class='ocrx_word' id='word_1_245' title='bbox 2977 1692 3120 1763; x_wconf 92' lang='lat' dir='ltr'><strong>quod</strong></span> <span class='ocrx_word' id='word_1_246' title='bbox 3133 1691 3549 1762; x_wconf 87' lang='lat' dir='ltr'><strong>unusquisque.</strong></span> <span class='ocrx_word' id='word_1_247' title='bbox 3572 1693 3671 1763; x_wconf 85' lang='lat' dir='ltr'><strong>qui</strong></span> <span class='ocrx_word' id='word_1_248' title='bbox 3689 1709 3801 1762; x_wconf 63' lang='lat' dir='ltr'><strong>pra-</strong></span> 
     </span>
    </p>
   </div>
   <div class='ocr_carea' id='block_1_32' title="bbox 2147 1784 3800 1856">
    <p class='ocr_par' dir='ltr' id='par_1_32' title="bbox 2147 1784 3800 1856">
     <span class='ocr_line' id='line_1_32' title="bbox 2147 1784 3800 1856; baseline 0.001 -20"><span class='ocrx_word' id='word_1_249' title='bbox 2147 1831 2154 1836; x_wconf 95' lang='lat'><strong>.</strong></span> <span class='ocrx_word' id='word_1_250' title='bbox 2204 1785 2348 1840; x_wconf 90' lang='lat' dir='ltr'><strong>dicat</strong></span> <span class='ocrx_word' id='word_1_251' title='bbox 2367 1793 2587 1855; x_wconf 89' lang='lat' dir='ltr'><strong>propter</strong></span> <span class='ocrx_word' id='word_1_252' title='bbox 2611 1800 2705 1840; x_wconf 93' lang='lat' dir='ltr'><strong>eos</strong></span> <span class='ocrx_word' id='word_1_253' title='bbox 2725 1801 2861 1855; x_wconf 92' lang='lat' dir='ltr'><strong>quos</strong></span> <span class='ocrx_word' id='word_1_254' title='bbox 2885 1794 3039 1840; x_wconf 86' lang='lat' dir='ltr'><strong>extra</strong></span> <span class='ocrx_word' id='word_1_255' title='bbox 3059 1800 3117 1840; x_wconf 91' lang='lat' dir='ltr'><strong>se</strong></span> <span class='ocrx_word' id='word_1_256' title='bbox 3137 1784 3346 1856; x_wconf 89' lang='lat' dir='ltr'><strong>positos</strong></span> <span class='ocrx_word' id='word_1_257' title='bbox 3371 1785 3645 1856; x_wconf 79' lang='lat' dir='ltr'><strong>corrigit,</strong></span> <span class='ocrx_word' id='word_1_258' title='bbox 3670 1796 3800 1854; x_wconf 70' lang='lat' dir='ltr'><strong>atque</strong></span> 
     </span>
    </p>
   </div>
   <div class='ocr_carea' id='block_1_33' title="bbox 513 1863 3798 1952">
    <p class='ocr_par' dir='ltr' id='par_1_33' title="bbox 513 1863 3798 1952">
     <span class='ocr_line' id='line_1_33' title="bbox 513 1863 3798 1952; baseline 0.003 -35"><span class='ocrx_word' id='word_1_259' title='bbox 513 1865 813 1921; x_wconf 88' lang='lat' dir='ltr'><strong>resistendo</strong></span> <span class='ocrx_word' id='word_1_260' title='bbox 840 1868 986 1923; x_wconf 91' lang='lat' dir='ltr'><strong>hunc</strong></span> <span class='ocrx_word' id='word_1_261' title='bbox 1013 1867 1243 1922; x_wconf 88' lang='lat' dir='ltr'><strong>vinculis</strong></span> <span class='ocrx_word' id='word_1_262' title='bbox 1275 1869 1473 1924; x_wconf 88' lang='lat' dir='ltr'><strong>doloris</strong></span> <span class='ocrx_word' id='word_1_263' title='bbox 1507 1880 1772 1939; x_wconf 88' lang='lat' dir='ltr'><strong>premant.</strong></span> <span class='ocrx_word' id='word_1_264' title='bbox 1804 1871 1871 1926; x_wconf 88' lang='lat' dir='ltr'><strong>Et</strong></span> <span class='ocrx_word' id='word_1_265' title='bbox 1898 1872 1952 1926; x_wconf 91' lang='lat' dir='ltr'><strong>in</strong></span> <span class='ocrx_word' id='word_1_266' title='bbox 1988 1886 2096 1926; x_wconf 92' lang='lat' dir='ltr'><strong>me-</strong></span> <span class='ocrx_word' id='word_1_267' title='bbox 2122 1863 2171 1922; x_wconf 86' lang='lat' dir='ltr'><strong>B</strong></span> <span class='ocrx_word' id='word_1_268' title='bbox 2199 1874 2266 1952; x_wconf 82' lang='lat' dir='ltr'><strong>ab</strong></span> <span class='ocrx_word' id='word_1_269' title='bbox 2288 1875 2572 1946; x_wconf 85' lang='lat' dir='ltr'><strong>iniquitate</strong></span> <span class='ocrx_word' id='word_1_270' title='bbox 2597 1877 2924 1947; x_wconf 88' lang='lat' dir='ltr'><strong>compescit,</strong></span> <span class='ocrx_word' id='word_1_271' title='bbox 2961 1876 3226 1945; x_wconf 89' lang='lat' dir='ltr'><strong>loquendo</strong></span> <span class='ocrx_word' id='word_1_272' title='bbox 3270 1875 3336 1930; x_wconf 90' lang='lat' dir='ltr'><strong>ad</strong></span> <span class='ocrx_word' id='word_1_273' title='bbox 3370 1891 3656 1946; x_wconf 86' lang='lat' dir='ltr'><strong>campum</strong></span> <span class='ocrx_word' id='word_1_274' title='bbox 3681 1878 3798 1930; x_wconf 67' lang='lat' dir='ltr'><strong>exit?</strong></span> 
     </span>
    </p>
   </div>
   <div class='ocr_carea' id='block_1_34' title="bbox 513 1952 2094 2033">
    <p class='ocr_par' dir='ltr' id='par_1_34' title="bbox 513 1952 2094 2033">
     <span class='ocr_line' id='line_1_34' title="bbox 513 1952 2094 2033; baseline 0.006 -26"><span class='ocrx_word' id='word_1_275' title='bbox 513 1952 601 2009; x_wconf 89' lang='lat' dir='ltr'><strong>dio</strong></span> <span class='ocrx_word' id='word_1_276' title='bbox 642 1971 830 2010; x_wconf 90' lang='lat' dir='ltr'><strong>eorum</strong></span> <span class='ocrx_word' id='word_1_277' title='bbox 856 1971 964 2011; x_wconf 92' lang='lat' dir='ltr'><strong>non</strong></span> <span class='ocrx_word' id='word_1_278' title='bbox 995 1957 1320 2028; x_wconf 75' lang='lat' dir='ltr'><strong>egredietur,</strong></span> <span class='ocrx_word' id='word_1_279' title='bbox 1357 1959 1482 2030; x_wconf 88' lang='lat' dir='ltr'><strong>quia</strong></span> <span class='ocrx_word' id='word_1_280' title='bbox 1511 1959 1579 2014; x_wconf 90' lang='lat' dir='ltr'><strong>ad</strong></span> <span class='ocrx_word' id='word_1_281' title='bbox 1615 1961 1778 2017; x_wconf 89' lang='lat' dir='ltr'><strong>corda</strong></span> <span class='ocrx_word' id='word_1_282' title='bbox 1804 1977 2094 2033; x_wconf 88' lang='lat' dir='ltr'><strong>pravorum</strong></span> 
     </span>
    </p>
   </div>
   <div class='ocr_carea' id='block_1_35' title="bbox 511 2045 2096 2125">
    <p class='ocr_par' dir='ltr' id='par_1_35' title="bbox 511 2045 2096 2125">
     <span class='ocr_line' id='line_1_35' title="bbox 511 2045 2096 2125; baseline 0.007 -28"><span class='ocrx_word' id='word_1_283' title='bbox 511 2045 824 2114; x_wconf 81' lang='lat' dir='ltr'><strong>praedicatio</strong></span> <span class='ocrx_word' id='word_1_284' title='bbox 853 2062 959 2102; x_wconf 91' lang='lat' dir='ltr'><strong>non</strong></span> <span class='ocrx_word' id='word_1_285' title='bbox 986 2049 1254 2118; x_wconf 85' lang='lat' dir='ltr'><strong>pervenit,</strong></span> <span class='ocrx_word' id='word_1_286' title='bbox 1280 2049 1405 2104; x_wconf 88' lang='lat' dir='ltr'><strong>dum</strong></span> <span class='ocrx_word' id='word_1_287' title='bbox 1430 2051 1611 2124; x_wconf 81' lang='lat' dir='ltr'><strong>lingua</strong></span> <span class='ocrx_word' id='word_1_288' title='bbox 1641 2055 1906 2109; x_wconf 89' lang='lat' dir='ltr'><strong>bonorum</strong></span> <span class='ocrx_word' id='word_1_289' title='bbox 1934 2053 2096 2125; x_wconf 87' lang='lat' dir='ltr'><strong>ligata</strong></span> 
     </span>
    </p>
   </div>
   <div class='ocr_carea' id='block_1_36' title="bbox 515 2142 2096 2204">
    <p class='ocr_par' dir='ltr' id='par_1_36' title="bbox 515 2142 2096 2204">
     <span class='ocr_line' id='line_1_36' title="bbox 515 2142 2096 2204; baseline 0.006 -9"><span class='ocrx_word' id='word_1_290' title='bbox 515 2142 952 2200; x_wconf 88' lang='lat' dir='ltr'><strong>tribulationibus</strong></span> <span class='ocrx_word' id='word_1_291' title='bbox 999 2152 1160 2201; x_wconf 87' lang='lat' dir='ltr'><strong>tacet.</strong></span> <span class='ocrx_word' id='word_1_292' title='bbox 1206 2146 1378 2202; x_wconf 85' lang='lat' dir='ltr'><strong>Erunt</strong></span> <span class='ocrx_word' id='word_1_293' title='bbox 1415 2149 1619 2204; x_wconf 90' lang='lat' dir='ltr'><strong>etenim</strong></span> <span class='ocrx_word' id='word_1_294' title='bbox 1672 2158 1800 2204; x_wconf 92' lang='lat' dir='ltr'><strong>tunc</strong></span> <span class='ocrx_word' id='word_1_295' title='bbox 1845 2149 1998 2204; x_wconf 91' lang='lat' dir='ltr'><strong>multi</strong></span> <span class='ocrx_word' id='word_1_296' title='bbox 2028 2166 2096 2204; x_wconf 84' lang='lat' dir='ltr'><strong>ex</strong></span> 
     </span>
    </p>
   </div>
   <div class='ocr_carea' id='block_1_37' title="bbox 514 2229 2098 2311">
    <p class='ocr_par' dir='ltr' id='par_1_37' title="bbox 514 2229 2098 2311">
     <span class='ocr_line' id='line_1_37' title="bbox 514 2229 2098 2311; baseline 0.006 -25"><span class='ocrx_word' id='word_1_297' title='bbox 514 2229 713 2288; x_wconf 60' lang='lat' dir='ltr'><strong>Judaeis</strong></span> <span class='ocrx_word' id='word_1_298' title='bbox 742 2229 1072 2302; x_wconf 84' lang='lat' dir='ltr'><strong>infidelibus,</strong></span> <span class='ocrx_word' id='word_1_299' title='bbox 1103 2236 1193 2307; x_wconf 90' lang='lat' dir='ltr'><strong>qui</strong></span> <span class='ocrx_word' id='word_1_300' title='bbox 1226 2237 1442 2294; x_wconf 89' lang='lat' dir='ltr'><strong>eosdem</strong></span> <span class='ocrx_word' id='word_1_301' title='bbox 1482 2239 1650 2310; x_wconf 89' lang='lat' dir='ltr'><strong>ipsos,</strong></span> <span class='ocrx_word' id='word_1_302' title='bbox 1690 2240 1781 2311; x_wconf 89' lang='lat' dir='ltr'><strong>qui</strong></span> <span class='ocrx_word' id='word_1_303' title='bbox 1807 2229 1872 2295; x_wconf 88' lang='lat' dir='ltr'><strong>ex</strong></span> <span class='ocrx_word' id='word_1_304' title='bbox 1899 2238 2098 2295; x_wconf 65' lang='lat' dir='ltr'><strong>Iudaeis</strong></span> 
     </span>
    </p>
   </div>
   <div class='ocr_carea' id='block_1_38' title="bbox 513 2317 2099 2403">
    <p class='ocr_par' dir='ltr' id='par_1_38' title="bbox 513 2317 2099 2403">
     <span class='ocr_line' id='line_1_38' title="bbox 513 2317 2099 2403; baseline 0.003 -21"><span class='ocrx_word' id='word_1_305' title='bbox 513 2323 864 2394; x_wconf 87' lang='lat' dir='ltr'><strong>crediderint,</strong></span> <span class='ocrx_word' id='word_1_306' title='bbox 892 2335 1306 2401; x_wconf 87' lang='lat' dir='ltr'><strong>persequentur.</strong></span> <span class='ocrx_word' id='word_1_307' title='bbox 1337 2317 1488 2387; x_wconf 83' lang='lat' dir='ltr'><strong>Unde</strong></span> <span class='ocrx_word' id='word_1_308' title='bbox 1519 2321 1814 2386; x_wconf 82' lang='lat' dir='ltr'><strong>notandum</strong></span> <span class='ocrx_word' id='word_1_309' title='bbox 1838 2339 1921 2387; x_wconf 89' lang='lat' dir='ltr'><strong>est</strong></span> <span class='ocrx_word' id='word_1_310' title='bbox 1956 2329 2099 2403; x_wconf 87' lang='lat' dir='ltr'><strong>quod</strong></span> 
     </span>
    </p>
   </div>
   <div class='ocr_carea' id='block_1_39' title="bbox 507 2409 2097 2492">
    <p class='ocr_par' dir='ltr' id='par_1_39' title="bbox 507 2409 2097 2492">
     <span class='ocr_line' id='line_1_39' title="bbox 507 2409 2097 2492; baseline 0.004 -22"><span class='ocrx_word' id='word_1_311' title='bbox 507 2417 602 2471; x_wconf 72' lang='lat' dir='ltr'><strong>hic</strong></span> <span class='ocrx_word' id='word_1_312' title='bbox 626 2430 840 2488; x_wconf 88' lang='lat' dir='ltr'><strong>quoque</strong></span> <span class='ocrx_word' id='word_1_313' title='bbox 866 2418 1066 2474; x_wconf 90' lang='lat' dir='ltr'><strong>dicitur</strong></span> <span class='ocrx_word' id='word_1_314' title='bbox 1085 2411 1212 2488; x_wconf 86' lang='lat' dir='ltr'><strong>quia</strong></span> <span class='ocrx_word' id='word_1_315' title='bbox 1235 2416 1287 2473; x_wconf 91' lang='lat' dir='ltr'><strong>in</strong></span> <span class='ocrx_word' id='word_1_316' title='bbox 1317 2409 1477 2475; x_wconf 91' lang='lat' dir='ltr'><strong>domo</strong></span> <span class='ocrx_word' id='word_1_317' title='bbox 1494 2437 1589 2476; x_wconf 88' lang='lat' dir='ltr'><strong>sua</strong></span> <span class='ocrx_word' id='word_1_318' title='bbox 1606 2422 1866 2492; x_wconf 86' lang='lat' dir='ltr'><strong>propheta</strong></span> <span class='ocrx_word' id='word_1_319' title='bbox 1883 2421 2097 2476; x_wconf 90' lang='lat' dir='ltr'><strong>vincula</strong></span> 
     </span>
    </p>
   </div>
   <div class='ocr_carea' id='block_1_40' title="bbox 516 2503 2098 2586">
    <p class='ocr_par' dir='ltr' id='par_1_40' title="bbox 516 2503 2098 2586">
     <span class='ocr_line' id='line_1_40' title="bbox 516 2503 2098 2586; baseline 0.007 -25"><span class='ocrx_word' id='word_1_320' title='bbox 516 2509 798 2576; x_wconf 89' lang='lat' dir='ltr'><strong>sustineat,</strong></span> <span class='ocrx_word' id='word_1_321' title='bbox 827 2515 888 2565; x_wconf 91' lang='lat' dir='ltr'><strong>ut</strong></span> <span class='ocrx_word' id='word_1_322' title='bbox 925 2509 1178 2566; x_wconf 87' lang='lat' dir='ltr'><strong>videlicet</strong></span> <span class='ocrx_word' id='word_1_323' title='bbox 1227 2509 1560 2582; x_wconf 79' lang='lat' dir='ltr'><strong>designetur,</strong></span> <span class='ocrx_word' id='word_1_324' title='bbox 1601 2503 1853 2583; x_wconf 89' lang='lat' dir='ltr'><strong>quoniam</strong></span> <span class='ocrx_word' id='word_1_325' title='bbox 1887 2531 1954 2571; x_wconf 80' lang='lat' dir='ltr'><strong>ex</strong></span> <span class='ocrx_word' id='word_1_326' title='bbox 1982 2505 2098 2586; x_wconf 84' lang='lat' dir='ltr'><strong>ipso</strong></span> 
     </span>
    </p>
   </div>
   <div class='ocr_carea' id='block_1_41' title="bbox 515 2599 2098 2672">
    <p class='ocr_par' dir='ltr' id='par_1_41' title="bbox 515 2599 2098 2672">
     <span class='ocr_line' id='line_1_41' title="bbox 515 2599 2098 2672; baseline 0.008 -21"><span class='ocrx_word' id='word_1_327' title='bbox 515 2613 611 2652; x_wconf 92' lang='lat' dir='ltr'><strong>suo</strong></span> <span class='ocrx_word' id='word_1_328' title='bbox 643 2613 839 2668; x_wconf 80' lang='lat' dir='ltr'><strong>genere</strong></span> <span class='ocrx_word' id='word_1_329' title='bbox 887 2599 1090 2667; x_wconf 73' lang='lat' dir='ltr'><strong>Iudaea,</strong></span> <span class='ocrx_word' id='word_1_330' title='bbox 1143 2599 1268 2656; x_wconf 83' lang='lat' dir='ltr'><strong>eum</strong></span> <span class='ocrx_word' id='word_1_331' title='bbox 1307 2603 1480 2659; x_wconf 84' lang='lat' dir='ltr'><strong>fidelis</strong></span> <span class='ocrx_word' id='word_1_332' title='bbox 1515 2599 1697 2672; x_wconf 81' lang='lat' dir='ltr'><strong>fuerit,</strong></span> <span class='ocrx_word' id='word_1_333' title='bbox 1724 2605 2098 2663; x_wconf 89' lang='lat' dir='ltr'><strong>tribulationes</strong></span> 
     </span>
    </p>
   </div>
   <div class='ocr_carea' id='block_1_42' title="bbox 509 2691 2098 2769">
    <p class='ocr_par' dir='ltr' id='par_1_42' title="bbox 509 2691 2098 2769">
     <span class='ocr_line' id='line_1_42' title="bbox 509 2691 2098 2769; baseline 0.008 -26"><span class='ocrx_word' id='word_1_334' title='bbox 509 2691 902 2758; x_wconf 90' lang='lat' dir='ltr'><strong>persecutionis</strong></span> <span class='ocrx_word' id='word_1_335' title='bbox 944 2701 1144 2763; x_wconf 90' lang='lat' dir='ltr'><strong>portet.</strong></span> <span class='ocrx_word' id='word_1_336' title='bbox 1197 2691 1335 2749; x_wconf 89' lang='lat' dir='ltr'><strong>Dum</strong></span> <span class='ocrx_word' id='word_1_337' title='bbox 1364 2697 1508 2751; x_wconf 91' lang='lat' dir='ltr'><strong>enim</strong></span> <span class='ocrx_word' id='word_1_338' title='bbox 1550 2696 1865 2769; x_wconf 86' lang='lat' dir='ltr'><strong>Unigenitus</strong></span> <span class='ocrx_word' id='word_1_339' title='bbox 1901 2701 2098 2756; x_wconf 87' lang='lat' dir='ltr'><strong>summi</strong></span> 
     </span>
    </p>
   </div>
   <div class='ocr_carea' id='block_1_43' title="bbox 511 2776 2098 2862">
    <p class='ocr_par' dir='ltr' id='par_1_43' title="bbox 511 2776 2098 2862">
     <span class='ocr_line' id='line_1_43' title="bbox 511 2776 2098 2862; baseline 0.01 -30"><span class='ocrx_word' id='word_1_340' title='bbox 511 2776 691 2834; x_wconf 86' lang='lat' dir='ltr'><strong>Patris</strong></span> <span class='ocrx_word' id='word_1_341' title='bbox 743 2781 1075 2851; x_wconf 89' lang='lat' dir='ltr'><strong>incarnatus,</strong></span> <span class='ocrx_word' id='word_1_342' title='bbox 1118 2800 1182 2841; x_wconf 92' lang='lat' dir='ltr'><strong>ac</strong></span> <span class='ocrx_word' id='word_1_343' title='bbox 1227 2783 1494 2855; x_wconf 76' lang='lat' dir='ltr'><strong>mertuus,</strong></span> <span class='ocrx_word' id='word_1_344' title='bbox 1529 2791 1892 2847; x_wconf 84' lang='lat' dir='ltr'><strong>resurrexisse</strong></span> <span class='ocrx_word' id='word_1_345' title='bbox 1939 2801 2098 2862; x_wconf 90' lang='lat' dir='ltr'><strong>atque</strong></span> 
     </span>
    </p>
   </div>
   <div class='ocr_carea' id='block_1_44' title="bbox 511 2876 2098 2953">
    <p class='ocr_par' dir='ltr' id='par_1_44' title="bbox 511 2876 2098 2953">
     <span class='ocr_line' id='line_1_44' title="bbox 511 2876 2098 2953; baseline 0.006 -22"><span class='ocrx_word' id='word_1_346' title='bbox 511 2876 582 2932; x_wconf 90' lang='lat' dir='ltr'><strong>ad</strong></span> <span class='ocrx_word' id='word_1_347' title='bbox 617 2877 786 2933; x_wconf 67' lang='lat' dir='ltr'><strong>caelos</strong></span> <span class='ocrx_word' id='word_1_348' title='bbox 818 2882 1128 2938; x_wconf 88' lang='lat' dir='ltr'><strong>ascendisse</strong></span> <span class='ocrx_word' id='word_1_349' title='bbox 1161 2898 1266 2938; x_wconf 92' lang='lat' dir='ltr'><strong>non</strong></span> <span class='ocrx_word' id='word_1_350' title='bbox 1300 2884 1557 2949; x_wconf 87' lang='lat' dir='ltr'><strong>creditur,</strong></span> <span class='ocrx_word' id='word_1_351' title='bbox 1606 2884 1746 2938; x_wconf 90' lang='lat' dir='ltr'><strong>sicut</strong></span> <span class='ocrx_word' id='word_1_352' title='bbox 1787 2899 1885 2953; x_wconf 88' lang='lat' dir='ltr'><strong>per</strong></span> <span class='ocrx_word' id='word_1_353' title='bbox 1930 2899 2098 2940; x_wconf 82' lang='lat' dir='ltr'><strong>sacrae</strong></span> 
     </span>
    </p>
   </div>
   <div class='ocr_carea' id='block_1_45' title="bbox 512 2965 2098 3050">
    <p class='ocr_par' dir='ltr' id='par_1_45' title="bbox 512 2965 2098 3050">
     <span class='ocr_line' id='line_1_45' title="bbox 512 2965 2098 3050; baseline 0.008 -28"><span class='ocrx_word' id='word_1_354' title='bbox 512 2965 807 3040; x_wconf 66' lang='lat' dir='ltr'><strong>Scriptura:</strong></span> <span class='ocrx_word' id='word_1_355' title='bbox 827 2974 1050 3043; x_wconf 80' lang='lat' dir='ltr'><strong>paginas</strong></span> <span class='ocrx_word' id='word_1_356' title='bbox 1073 2976 1421 3050; x_wconf 77' lang='lat' dir='ltr'><strong>praedicatur,</strong></span> <span class='ocrx_word' id='word_1_357' title='bbox 1437 2976 1689 3031; x_wconf 89' lang='lat' dir='ltr'><strong>nimirum</strong></span> <span class='ocrx_word' id='word_1_358' title='bbox 1705 2976 1843 3048; x_wconf 89' lang='lat' dir='ltr'><strong>apud</strong></span> <span class='ocrx_word' id='word_1_359' title='bbox 1866 2993 1959 3034; x_wconf 93' lang='lat' dir='ltr'><strong>eos</strong></span> <span class='ocrx_word' id='word_1_360' title='bbox 1975 2993 2098 3048; x_wconf 90' lang='lat' dir='ltr'><strong>pro-</strong></span> 
     </span>
    </p>
   </div>
   <div class='ocr_carea' id='block_1_46' title="bbox 507 3062 2098 3137">
    <p class='ocr_par' dir='ltr' id='par_1_46' title="bbox 507 3062 2098 3137">
     <span class='ocr_line' id='line_1_46' title="bbox 507 3062 2098 3137; baseline 0.006 -22"><span class='ocrx_word' id='word_1_361' title='bbox 507 3062 692 3131; x_wconf 87' lang='lat' dir='ltr'><strong>phetia</strong></span> <span class='ocrx_word' id='word_1_362' title='bbox 719 3063 882 3136; x_wconf 89' lang='lat' dir='ltr'><strong>ligata</strong></span> <span class='ocrx_word' id='word_1_363' title='bbox 910 3066 1051 3122; x_wconf 88' lang='lat' dir='ltr'><strong>erit:</strong></span> <span class='ocrx_word' id='word_1_364' title='bbox 1085 3083 1205 3137; x_wconf 70' lang='lat' dir='ltr'><strong>qua:</strong></span> <span class='ocrx_word' id='word_1_365' title='bbox 1241 3068 1285 3122; x_wconf 92' lang='lat' dir='ltr'><strong>si</strong></span> <span class='ocrx_word' id='word_1_366' title='bbox 1327 3068 1399 3121; x_wconf 91' lang='lat' dir='ltr'><strong>ita</strong></span> <span class='ocrx_word' id='word_1_367' title='bbox 1432 3077 1492 3122; x_wconf 90' lang='lat' dir='ltr'><strong>ut</strong></span> <span class='ocrx_word' id='word_1_368' title='bbox 1540 3068 1685 3122; x_wconf 90' lang='lat' dir='ltr'><strong>dicta</strong></span> <span class='ocrx_word' id='word_1_369' title='bbox 1711 3077 1795 3123; x_wconf 90' lang='lat' dir='ltr'><strong>est</strong></span> <span class='ocrx_word' id='word_1_370' title='bbox 1827 3069 1881 3123; x_wconf 91' lang='lat' dir='ltr'><strong>in</strong></span> <span class='ocrx_word' id='word_1_371' title='bbox 1910 3084 2098 3124; x_wconf 89' lang='lat' dir='ltr'><strong>eorum</strong></span> 
     </span>
    </p>
   </div>
   <div class='ocr_carea' id='block_1_47' title="bbox 507 3152 2100 3229">
    <p class='ocr_par' dir='ltr' id='par_1_47' title="bbox 507 3152 2100 3229">
     <span class='ocr_line' id='line_1_47' title="bbox 507 3152 2100 3229; baseline 0.004 -23"><span class='ocrx_word' id='word_1_372' title='bbox 507 3152 836 3210; x_wconf 90' lang='lat' dir='ltr'><strong>intellectum</strong></span> <span class='ocrx_word' id='word_1_373' title='bbox 856 3157 1186 3224; x_wconf 87' lang='lat' dir='ltr'><strong>decurreret,</strong></span> <span class='ocrx_word' id='word_1_374' title='bbox 1210 3159 1363 3229; x_wconf 90' lang='lat' dir='ltr'><strong>quasi</strong></span> <span class='ocrx_word' id='word_1_375' title='bbox 1380 3157 1808 3229; x_wconf 87' lang='lat' dir='ltr'><strong>gressuslibcros</strong></span> <span class='ocrx_word' id='word_1_376' title='bbox 1833 3174 1942 3213; x_wconf 71' lang='lat' dir='ltr'><strong>sua:</strong></span> <span class='ocrx_word' id='word_1_377' title='bbox 1963 3174 2100 3228; x_wconf 77' lang='lat' dir='ltr'><strong>prae-</strong></span> 
     </span>
    </p>
   </div>
   <div class='ocr_carea' id='block_1_48' title="bbox 508 3247 2097 3322">
    <p class='ocr_par' dir='ltr' id='par_1_48' title="bbox 508 3247 2097 3322">
     <span class='ocr_line' id='line_1_48' title="bbox 508 3247 2097 3322; baseline 0.006 -24"><span class='ocrx_word' id='word_1_378' title='bbox 508 3247 791 3303; x_wconf 90' lang='lat' dir='ltr'><strong>dicationis</strong></span> <span class='ocrx_word' id='word_1_379' title='bbox 826 3249 1118 3306; x_wconf 87' lang='lat' dir='ltr'><strong>habuisset.</strong></span> <span class='ocrx_word' id='word_1_380' title='bbox 1158 3249 1424 3321; x_wconf 85' lang='lat' dir='ltr'><strong>Reprobis</strong></span> <span class='ocrx_word' id='word_1_381' title='bbox 1451 3265 1582 3322; x_wconf 87' lang='lat' dir='ltr'><strong>ergo</strong></span> <span class='ocrx_word' id='word_1_382' title='bbox 1613 3259 1740 3306; x_wconf 91' lang='lat' dir='ltr'><strong>tunc</strong></span> <span class='ocrx_word' id='word_1_383' title='bbox 1780 3251 2097 3322; x_wconf 80' lang='lat' dir='ltr'><strong>praedicato-</strong></span> 
     </span>
    </p>
   </div>
   <div class='ocr_carea' id='block_1_49' title="bbox 511 3341 2094 3414">
    <p class='ocr_par' dir='ltr' id='par_1_49' title="bbox 511 3341 2094 3414">
     <span class='ocr_line' id='line_1_49' title="bbox 511 3341 2094 3414; baseline 0.007 -23"><span class='ocrx_word' id='word_1_384' title='bbox 511 3352 631 3392; x_wconf 92' lang='lat' dir='ltr'><strong>rum</strong></span> <span class='ocrx_word' id='word_1_385' title='bbox 665 3341 893 3395; x_wconf 88' lang='lat' dir='ltr'><strong>scientia</strong></span> <span class='ocrx_word' id='word_1_386' title='bbox 919 3351 1101 3398; x_wconf 88' lang='lat' dir='ltr'><strong>tacere</strong></span> <span class='ocrx_word' id='word_1_387' title='bbox 1127 3344 1483 3414; x_wconf 89' lang='lat' dir='ltr'><strong>compellitur.</strong></span> <span class='ocrx_word' id='word_1_388' title='bbox 1516 3343 1670 3400; x_wconf 88' lang='lat' dir='ltr'><strong>Unde</strong></span> <span class='ocrx_word' id='word_1_389' title='bbox 1696 3346 1872 3401; x_wconf 90' lang='lat' dir='ltr'><strong>adhuc</strong></span> <span class='ocrx_word' id='word_1_390' title='bbox 1909 3347 2094 3402; x_wconf 89' lang='lat' dir='ltr'><strong>subdi-</strong></span> 
     </span>
    </p>
   </div>
   <div class='ocr_carea' id='block_1_50' title="bbox 517 3431 2092 3506">
    <p class='ocr_par' dir='ltr' id='par_1_50' title="bbox 517 3431 2092 3506">
     <span class='ocr_line' id='line_1_50' title="bbox 517 3431 2092 3506; baseline 0.007 -24"><span class='ocrx_word' id='word_1_391' title='bbox 517 3435 605 3482; x_wconf 87' lang='lat' dir='ltr'><strong>tur</strong></span> <span class='ocrx_word' id='word_1_392' title='bbox 637 3448 648 3482; x_wconf 85' lang='lat'><strong>:</strong></span> <span class='ocrx_word' id='word_1_393' title='bbox 682 3449 699 3480; x_wconf 83' lang='lat'><strong>(</strong></span> <span class='ocrx_word' id='word_1_394' title='bbox 736 3431 801 3484; x_wconf 84' lang='lat' dir='ltr'><strong>Et</strong></span> <span class='ocrx_word' id='word_1_395' title='bbox 828 3431 1064 3503; x_wconf 81' lang='lat' dir='ltr'><strong>linguam</strong></span> <span class='ocrx_word' id='word_1_396' title='bbox 1089 3442 1234 3488; x_wconf 88' lang='lat' dir='ltr'><strong>tuam</strong></span> <span class='ocrx_word' id='word_1_397' title='bbox 1257 3436 1533 3490; x_wconf 81' lang='lat' dir='ltr'><strong>adhaerere</strong></span> <span class='ocrx_word' id='word_1_398' title='bbox 1555 3435 1750 3490; x_wconf 86' lang='lat' dir='ltr'><strong>faciam</strong></span> <span class='ocrx_word' id='word_1_399' title='bbox 1777 3435 1958 3506; x_wconf 90' lang='lat' dir='ltr'><strong>palato</strong></span> <span class='ocrx_word' id='word_1_400' title='bbox 1982 3446 2092 3504; x_wconf 92' lang='lat' dir='ltr'><strong>tuo,</strong></span> 
     </span>
    </p>
   </div>
   <div class='ocr_carea' id='block_1_51' title="bbox 514 3521 2096 3596">
    <p class='ocr_par' dir='ltr' id='par_1_51' title="bbox 514 3521 2096 3596">
     <span class='ocr_line' id='line_1_51' title="bbox 514 3521 2096 3596; baseline 0.006 -24"><span class='ocrx_word' id='word_1_401' title='bbox 514 3527 568 3574; x_wconf 88' lang='lat' dir='ltr'><strong>et</strong></span> <span class='ocrx_word' id='word_1_402' title='bbox 596 3521 705 3575; x_wconf 90' lang='lat' dir='ltr'><strong>eris</strong></span> <span class='ocrx_word' id='word_1_403' title='bbox 739 3531 940 3588; x_wconf 85' lang='lat' dir='ltr'><strong>mutus,</strong></span> <span class='ocrx_word' id='word_1_404' title='bbox 976 3539 1076 3578; x_wconf 90' lang='lat' dir='ltr'><strong>nec</strong></span> <span class='ocrx_word' id='word_1_405' title='bbox 1114 3525 1266 3594; x_wconf 86' lang='lat' dir='ltr'><strong>quasi</strong></span> <span class='ocrx_word' id='word_1_406' title='bbox 1295 3525 1380 3579; x_wconf 89' lang='lat' dir='ltr'><strong>vir</strong></span> <span class='ocrx_word' id='word_1_407' title='bbox 1405 3525 1724 3596; x_wconf 84' lang='lat' dir='ltr'><strong>objurgans,</strong></span> <span class='ocrx_word' id='word_1_408' title='bbox 1749 3526 1876 3596; x_wconf 86' lang='lat' dir='ltr'><strong>quia</strong></span> <span class='ocrx_word' id='word_1_409' title='bbox 1907 3526 2096 3581; x_wconf 90' lang='lat' dir='ltr'><strong>domus</strong></span> 
     </span>
    </p>
   </div>
   <div class='ocr_carea' id='block_1_52' title="bbox 510 3599 2092 3686">
    <p class='ocr_par' dir='ltr' id='par_1_52' title="bbox 510 3599 2092 3686">
     <span class='ocr_line' id='line_1_52' title="bbox 510 3599 2092 3686; baseline 0.007 -25"><span class='ocrx_word' id='word_1_410' title='bbox 510 3624 838 3679; x_wconf 83' lang='lat' dir='ltr'><strong>cxasperans</strong></span> <span class='ocrx_word' id='word_1_411' title='bbox 861 3621 962 3669; x_wconf 89' lang='lat' dir='ltr'><strong>est.</strong></span> <span class='ocrx_word' id='word_1_412' title='bbox 989 3634 1008 3667; x_wconf 70' lang='grc' dir='ltr'><strong>ι</strong></span> <span class='ocrx_word' id='word_1_413' title='bbox 1041 3599 1148 3671; x_wconf 88' lang='lat' dir='ltr'><strong>Sed</strong></span> <span class='ocrx_word' id='word_1_414' title='bbox 1169 3615 1315 3686; x_wconf 88' lang='lat' dir='ltr'><strong>quia,</strong></span> <span class='ocrx_word' id='word_1_415' title='bbox 1333 3615 1519 3671; x_wconf 88' lang='lat' dir='ltr'><strong>Enoch</strong></span> <span class='ocrx_word' id='word_1_416' title='bbox 1539 3625 1594 3671; x_wconf 92' lang='lat' dir='ltr'><strong>et</strong></span> <span class='ocrx_word' id='word_1_417' title='bbox 1611 3616 1727 3671; x_wconf 88' lang='lat' dir='ltr'><strong>Elia</strong></span> <span class='ocrx_word' id='word_1_418' title='bbox 1747 3617 2092 3686; x_wconf 67' lang='lat' dir='ltr'><strong>prmdicante,</strong></span> 
     </span>
    </p>
   </div>
   <div class='ocr_carea' id='block_1_53' title="bbox 513 3699 2095 3776">
    <p class='ocr_par' dir='ltr' id='par_1_53' title="bbox 513 3699 2095 3776">
     <span class='ocr_line' id='line_1_53' title="bbox 513 3699 2095 3776; baseline 0.008 -25"><span class='ocrx_word' id='word_1_419' title='bbox 513 3699 668 3754; x_wconf 91' lang='lat' dir='ltr'><strong>multi</strong></span> <span class='ocrx_word' id='word_1_420' title='bbox 703 3716 769 3756; x_wconf 85' lang='lat' dir='ltr'><strong>ex</strong></span> <span class='ocrx_word' id='word_1_421' title='bbox 799 3703 903 3770; x_wconf 88' lang='lat' dir='ltr'><strong>his,</strong></span> <span class='ocrx_word' id='word_1_422' title='bbox 941 3705 1031 3776; x_wconf 93' lang='lat' dir='ltr'><strong>qui</strong></span> <span class='ocrx_word' id='word_1_423' title='bbox 1072 3716 1196 3762; x_wconf 92' lang='lat' dir='ltr'><strong>tunc</strong></span> <span class='ocrx_word' id='word_1_424' title='bbox 1225 3723 1293 3763; x_wconf 88' lang='lat' dir='ltr'><strong>ex</strong></span> <span class='ocrx_word' id='word_1_425' title='bbox 1324 3706 1526 3766; x_wconf 60' lang='lat' dir='ltr'><strong>Judaeis</strong></span> <span class='ocrx_word' id='word_1_426' title='bbox 1552 3710 1607 3765; x_wconf 92' lang='lat' dir='ltr'><strong>in</strong></span> <span class='ocrx_word' id='word_1_427' title='bbox 1652 3709 1965 3765; x_wconf 81' lang='lat' dir='ltr'><strong>infidelitate</strong></span> <span class='ocrx_word' id='word_1_428' title='bbox 2010 3726 2095 3764; x_wconf 88' lang='lat' dir='ltr'><strong>re-</strong></span> 
     </span>
    </p>
   </div>
   <div class='ocr_carea' id='block_1_54' title="bbox 509 3795 2091 3868">
    <p class='ocr_par' dir='ltr' id='par_1_54' title="bbox 509 3795 2091 3868">
     <span class='ocr_line' id='line_1_54' title="bbox 509 3795 2091 3868; baseline 0.008 -24"><span class='ocrx_word' id='word_1_429' title='bbox 509 3795 826 3860; x_wconf 84' lang='lat' dir='ltr'><strong>manserint,</strong></span> <span class='ocrx_word' id='word_1_430' title='bbox 850 3796 919 3852; x_wconf 90' lang='lat' dir='ltr'><strong>ad</strong></span> <span class='ocrx_word' id='word_1_431' title='bbox 934 3799 1290 3868; x_wconf 85' lang='lat' dir='ltr'><strong>cognitionem</strong></span> <span class='ocrx_word' id='word_1_432' title='bbox 1310 3801 1554 3857; x_wconf 89' lang='lat' dir='ltr'><strong>veritatis</strong></span> <span class='ocrx_word' id='word_1_433' title='bbox 1584 3803 1828 3866; x_wconf 87' lang='lat' dir='ltr'><strong>redeunt,</strong></span> <span class='ocrx_word' id='word_1_434' title='bbox 1859 3803 1998 3856; x_wconf 85' lang='lat' dir='ltr'><strong>sicut</strong></span> <span class='ocrx_word' id='word_1_435' title='bbox 2025 3803 2091 3857; x_wconf 89' lang='lat' dir='ltr'><strong>de</strong></span> 
     </span>
    </p>
   </div>
   <div class='ocr_carea' id='block_1_55' title="bbox 506 3879 2091 3961">
    <p class='ocr_par' dir='ltr' id='par_1_55' title="bbox 506 3879 2091 3961">
     <span class='ocr_line' id='line_1_55' title="bbox 506 3879 2091 3961; baseline 0.009 -27"><span class='ocrx_word' id='word_1_436' title='bbox 506 3879 657 3936; x_wconf 82' lang='lat' dir='ltr'><strong>Helia</strong></span> <span class='ocrx_word' id='word_1_437' title='bbox 682 3885 879 3939; x_wconf 89' lang='lat' dir='ltr'><strong>dicitur</strong></span> <span class='ocrx_word' id='word_1_438' title='bbox 910 3901 923 3940; x_wconf 91' lang='lat'><strong>:</strong></span> <span class='ocrx_word' id='word_1_439' title='bbox 958 3905 976 3939; x_wconf 76' lang='grc' dir='ltr'><strong>ι</strong></span> <span class='ocrx_word' id='word_1_440' title='bbox 1011 3888 1153 3944; x_wconf 88' lang='lat' dir='ltr'><strong>Elias</strong></span> <span class='ocrx_word' id='word_1_441' title='bbox 1185 3891 1365 3945; x_wconf 89' lang='lat' dir='ltr'><strong>veniet</strong></span> <span class='ocrx_word' id='word_1_442' title='bbox 1389 3899 1443 3944; x_wconf 88' lang='lat' dir='ltr'><strong>et</strong></span> <span class='ocrx_word' id='word_1_443' title='bbox 1471 3892 1586 3961; x_wconf 88' lang='lat' dir='ltr'><strong>ipse</strong></span> <span class='ocrx_word' id='word_1_444' title='bbox 1621 3892 1868 3947; x_wconf 89' lang='lat' dir='ltr'><strong>restituet</strong></span> <span class='ocrx_word' id='word_1_445' title='bbox 1914 3893 2091 3948; x_wconf 89' lang='lat' dir='ltr'><strong>omnia</strong></span> 
     </span>
    </p>
   </div>
   <div class='ocr_carea' id='block_1_56' title="bbox 506 3971 2091 4052">
    <p class='ocr_par' dir='ltr' id='par_1_56' title="bbox 506 3971 2091 4052">
     <span class='ocr_line' id='line_1_56' title="bbox 506 3971 2091 4052; baseline 0.01 -28"><span class='ocrx_word' id='word_1_446' title='bbox 506 3971 722 4040; x_wconf 61' lang='lat' dir='ltr'><strong>(Matt/1.</strong></span> <span class='ocrx_word' id='word_1_447' title='bbox 776 3975 931 4048; x_wconf 86' lang='lat' dir='ltr'><strong>xvn).</strong></span> <span class='ocrx_word' id='word_1_448' title='bbox 969 3999 988 4030; x_wconf 72' lang='grc' dir='ltr'><strong>ι</strong></span> <span class='ocrx_word' id='word_1_449' title='bbox 1043 3979 1144 4047; x_wconf 87' lang='lat' dir='ltr'><strong>Qui</strong></span> <span class='ocrx_word' id='word_1_450' title='bbox 1200 3982 1414 4051; x_wconf 90' lang='lat' dir='ltr'><strong>utrique</strong></span> <span class='ocrx_word' id='word_1_451' title='bbox 1461 3997 1558 4052; x_wconf 90' lang='lat' dir='ltr'><strong>per</strong></span> <span class='ocrx_word' id='word_1_452' title='bbox 1603 3982 1922 4038; x_wconf 84' lang='lat' dir='ltr'><strong>Zachariam</strong></span> <span class='ocrx_word' id='word_1_453' title='bbox 1973 3985 2091 4040; x_wconf 83' lang='lat' dir='ltr'><strong>duae</strong></span> 
     </span>
    </p>
   </div>
   <div class='ocr_carea' id='block_1_57' title="bbox 503 4061 2090 4141">
    <p class='ocr_par' dir='ltr' id='par_1_57' title="bbox 503 4061 2090 4141">
     <span class='ocr_line' id='line_1_57' title="bbox 503 4061 2090 4141; baseline 0.01 -26"><span class='ocrx_word' id='word_1_454' title='bbox 503 4061 660 4117; x_wconf 84' lang='lat' dir='ltr'><strong>olivae</strong></span> <span class='ocrx_word' id='word_1_455' title='bbox 686 4062 870 4136; x_wconf 82' lang='lat' dir='ltr'><strong>(Zach.</strong></span> <span class='ocrx_word' id='word_1_456' title='bbox 897 4069 995 4138; x_wconf 86' lang='lat' dir='ltr'><strong>iv),</strong></span> <span class='ocrx_word' id='word_1_457' title='bbox 1025 4078 1081 4125; x_wconf 90' lang='lat' dir='ltr'><strong>et</strong></span> <span class='ocrx_word' id='word_1_458' title='bbox 1103 4085 1204 4141; x_wconf 91' lang='lat' dir='ltr'><strong>per</strong></span> <span class='ocrx_word' id='word_1_459' title='bbox 1235 4069 1497 4128; x_wconf 86' lang='lat' dir='ltr'><strong>Joannem</strong></span> <span class='ocrx_word' id='word_1_460' title='bbox 1519 4073 1625 4129; x_wconf 90' lang='lat' dir='ltr'><strong>duo</strong></span> <span class='ocrx_word' id='word_1_461' title='bbox 1649 4073 1970 4130; x_wconf 88' lang='lat' dir='ltr'><strong>candelabra</strong></span> <span class='ocrx_word' id='word_1_462' title='bbox 1994 4090 2090 4131; x_wconf 89' lang='lat' dir='ltr'><strong>no-</strong></span> 
     </span>
    </p>
   </div>
   <div class='ocr_carea' id='block_1_58' title="bbox 503 4154 1629 4235">
    <p class='ocr_par' dir='ltr' id='par_1_58' title="bbox 503 4154 1629 4235">
     <span class='ocr_line' id='line_1_58' title="bbox 503 4154 1629 4235; baseline 0.015 -28"><span class='ocrx_word' id='word_1_463' title='bbox 503 4154 778 4211; x_wconf 89' lang='lat' dir='ltr'><strong>minantur</strong></span> <span class='ocrx_word' id='word_1_464' title='bbox 803 4156 988 4230; x_wconf 83' lang='lat' dir='ltr'><strong>(Apoc.</strong></span> <span class='ocrx_word' id='word_1_465' title='bbox 1015 4159 1114 4235; x_wconf 75' lang='lat' dir='ltr'><strong>xr).</strong></span> <span class='ocrx_word' id='word_1_466' title='bbox 1627 4157 1629 4160; x_wconf 22' lang='grc'><em>⁴</em></span> 
     </span>
    </p>
   </div>
   <div class='ocr_carea' id='block_1_59' title="bbox 579 4244 2089 4328">
    <p class='ocr_par' dir='ltr' id='par_1_59' title="bbox 579 4244 2089 4328">
     <span class='ocr_line' id='line_1_59' title="bbox 579 4244 2089 4328; baseline 0.013 -31"><span class='ocrx_word' id='word_1_467' title='bbox 579 4263 598 4294; x_wconf 74' lang='grc' dir='ltr'><strong>ι</strong></span> <span class='ocrx_word' id='word_1_468' title='bbox 617 4244 751 4300; x_wconf 87' lang='lat' dir='ltr'><strong>Cum</strong></span> <span class='ocrx_word' id='word_1_469' title='bbox 764 4255 944 4304; x_wconf 91' lang='lat' dir='ltr'><strong>autem</strong></span> <span class='ocrx_word' id='word_1_470' title='bbox 965 4251 1179 4309; x_wconf 90' lang='lat' dir='ltr'><strong>locutus</strong></span> <span class='ocrx_word' id='word_1_471' title='bbox 1195 4254 1348 4312; x_wconf 82' lang='lat' dir='ltr'><strong>fuero</strong></span> <span class='ocrx_word' id='word_1_472' title='bbox 1371 4258 1482 4322; x_wconf 90' lang='lat' dir='ltr'><strong>tibi,</strong></span> <span class='ocrx_word' id='word_1_473' title='bbox 1499 4259 1740 4328; x_wconf 89' lang='lat' dir='ltr'><strong>aperiam</strong></span> <span class='ocrx_word' id='word_1_474' title='bbox 1757 4274 1818 4315; x_wconf 91' lang='lat' dir='ltr'><strong>os</strong></span> <span class='ocrx_word' id='word_1_475' title='bbox 1834 4267 2008 4328; x_wconf 91' lang='lat' dir='ltr'><strong>tuum,</strong></span> <span class='ocrx_word' id='word_1_476' title='bbox 2033 4271 2089 4316; x_wconf 91' lang='lat' dir='ltr'><strong>et</strong></span> 
     </span>
    </p>
   </div>
   <div class='ocr_carea' id='block_1_60' title="bbox 502 4333 2083 4419">
    <p class='ocr_par' dir='ltr' id='par_1_60' title="bbox 502 4333 2083 4419">
     <span class='ocr_line' id='line_1_60' title="bbox 502 4333 2083 4419; baseline 0.013 -32"><span class='ocrx_word' id='word_1_477' title='bbox 502 4333 650 4390; x_wconf 84' lang='lat' dir='ltr'><strong>dices</strong></span> <span class='ocrx_word' id='word_1_478' title='bbox 665 4340 732 4392; x_wconf 90' lang='lat' dir='ltr'><strong>ad</strong></span> <span class='ocrx_word' id='word_1_479' title='bbox 747 4354 840 4396; x_wconf 91' lang='lat' dir='ltr'><strong>eos</strong></span> <span class='ocrx_word' id='word_1_480' title='bbox 863 4357 877 4394; x_wconf 89' lang='lat'><strong>:</strong></span> <span class='ocrx_word' id='word_1_481' title='bbox 896 4341 1021 4398; x_wconf 63' lang='lat' dir='ltr'><strong>Ilico</strong></span> <span class='ocrx_word' id='word_1_482' title='bbox 1042 4345 1172 4401; x_wconf 89' lang='lat' dir='ltr'><strong>dicit</strong></span> <span class='ocrx_word' id='word_1_483' title='bbox 1186 4349 1446 4405; x_wconf 91' lang='lat' dir='ltr'><strong>Dominus</strong></span> <span class='ocrx_word' id='word_1_484' title='bbox 1462 4351 1605 4406; x_wconf 92' lang='lat' dir='ltr'><strong>Deus</strong></span> <span class='ocrx_word' id='word_1_485' title='bbox 1622 4339 1745 4406; x_wconf 89' lang='lat' dir='ltr'><strong>tuus</strong></span> <span class='ocrx_word' id='word_1_486' title='bbox 1762 4370 1774 4405; x_wconf 92' lang='lat'><strong>:</strong></span> <span class='ocrx_word' id='word_1_487' title='bbox 1794 4352 1895 4418; x_wconf 90' lang='lat' dir='ltr'><strong>Qui</strong></span> <span class='ocrx_word' id='word_1_488' title='bbox 1913 4354 2083 4419; x_wconf 88' lang='lat' dir='ltr'><strong>audit,</strong></span> 
     </span>
    </p>
   </div>
   <div class='ocr_carea' id='block_1_61' title="bbox 503 4427 2082 4517">
    <p class='ocr_par' dir='ltr' id='par_1_61' title="bbox 503 4427 2082 4517">
     <span class='ocr_line' id='line_1_61' title="bbox 503 4427 2082 4517; baseline 0.017 -41"><span class='ocrx_word' id='word_1_489' title='bbox 503 4427 712 4492; x_wconf 88' lang='lat' dir='ltr'><strong>audiat;</strong></span> <span class='ocrx_word' id='word_1_490' title='bbox 735 4437 790 4482; x_wconf 87' lang='lat' dir='ltr'><strong>et</strong></span> <span class='ocrx_word' id='word_1_491' title='bbox 812 4433 902 4500; x_wconf 90' lang='lat' dir='ltr'><strong>qui</strong></span> <span class='ocrx_word' id='word_1_492' title='bbox 931 4435 1178 4504; x_wconf 89' lang='lat' dir='ltr'><strong>quiescit,</strong></span> <span class='ocrx_word' id='word_1_493' title='bbox 1201 4441 1466 4510; x_wconf 89' lang='lat' dir='ltr'><strong>quiescat,</strong></span> <span class='ocrx_word' id='word_1_494' title='bbox 1499 4447 1622 4512; x_wconf 91' lang='lat' dir='ltr'><strong>quia</strong></span> <span class='ocrx_word' id='word_1_495' title='bbox 1648 4441 1839 4500; x_wconf 87' lang='lat' dir='ltr'><strong>domus</strong></span> <span class='ocrx_word' id='word_1_496' title='bbox 1852 4461 2082 4517; x_wconf 88' lang='lat' dir='ltr'><strong>exaspe-</strong></span> 
     </span>
    </p>
   </div>
   <div class='ocr_carea' id='block_1_62' title="bbox 2196 1964 3800 2041">
    <p class='ocr_par' dir='ltr' id='par_1_62' title="bbox 2196 1964 3800 2041">
     <span class='ocr_line' id='line_1_62' title="bbox 2196 1964 3800 2041; baseline -0.001 -18"><span class='ocrx_word' id='word_1_497' title='bbox 2196 1964 2380 2036; x_wconf 88' lang='lat' dir='ltr'><strong>Ibique</strong></span> <span class='ocrx_word' id='word_1_498' title='bbox 2408 1965 2619 2024; x_wconf 91' lang='lat' dir='ltr'><strong>Domini</strong></span> <span class='ocrx_word' id='word_1_499' title='bbox 2651 1968 2877 2041; x_wconf 79' lang='lat' dir='ltr'><strong>gloriam</strong></span> <span class='ocrx_word' id='word_1_500' title='bbox 2922 1967 3082 2032; x_wconf 90' lang='lat' dir='ltr'><strong>videt,</strong></span> <span class='ocrx_word' id='word_1_501' title='bbox 3116 1967 3255 2038; x_wconf 85' lang='lat' dir='ltr'><strong>quia</strong></span> <span class='ocrx_word' id='word_1_502' title='bbox 3287 1975 3449 2028; x_wconf 86' lang='lat' dir='ltr'><strong>tanto</strong></span> <span class='ocrx_word' id='word_1_503' title='bbox 3480 1966 3698 2036; x_wconf 78' lang='lat' dir='ltr'><strong>largius</strong></span> <span class='ocrx_word' id='word_1_504' title='bbox 3729 1969 3800 2022; x_wconf 76' lang='lat' dir='ltr'><strong>do-</strong></span> 
     </span>
    </p>
   </div>
   <div class='ocr_carea' id='block_1_63' title="bbox 2197 2058 3798 2132">
    <p class='ocr_par' dir='ltr' id='par_1_63' title="bbox 2197 2058 3798 2132">
     <span class='ocr_line' id='line_1_63' title="bbox 2197 2058 3798 2132; baseline 0 -20"><span class='ocrx_word' id='word_1_505' title='bbox 2197 2058 2385 2114; x_wconf 69' lang='lat' dir='ltr'><strong>ctrinae</strong></span> <span class='ocrx_word' id='word_1_506' title='bbox 2405 2059 2634 2130; x_wconf 85' lang='lat' dir='ltr'><strong>gratiam</strong></span> <span class='ocrx_word' id='word_1_507' title='bbox 2664 2060 2917 2130; x_wconf 90' lang='lat' dir='ltr'><strong>percipit,</strong></span> <span class='ocrx_word' id='word_1_508' title='bbox 2939 2067 3142 2128; x_wconf 89' lang='lat' dir='ltr'><strong>quanto</strong></span> <span class='ocrx_word' id='word_1_509' title='bbox 3166 2060 3302 2114; x_wconf 88' lang='lat' dir='ltr'><strong>sein</strong></span> <span class='ocrx_word' id='word_1_510' title='bbox 3332 2058 3544 2132; x_wconf 13' lang='lat' dir='ltr'><strong>labore.</strong></span> <span class='ocrx_word' id='word_1_511' title='bbox 3561 2060 3798 2128; x_wconf 54' lang='lat' dir='ltr'><strong>praedic:-</strong></span> 
     </span>
    </p>
   </div>
   <div class='ocr_carea' id='block_1_64' title="bbox 2197 2147 3794 2230">
    <p class='ocr_par' dir='ltr' id='par_1_64' title="bbox 2197 2147 3794 2230">
     <span class='ocr_line' id='line_1_64' title="bbox 2197 2147 3794 2230; baseline 0.002 -28"><span class='ocrx_word' id='word_1_512' title='bbox 2197 2147 2360 2225; x_wconf 92' lang='lat' dir='ltr'><strong>tionis</strong></span> <span class='ocrx_word' id='word_1_513' title='bbox 2405 2165 2474 2206; x_wconf 91' lang='lat' dir='ltr'><strong>ex</strong></span> <span class='ocrx_word' id='word_1_514' title='bbox 2525 2165 2708 2206; x_wconf 90' lang='lat' dir='ltr'><strong>amore</strong></span> <span class='ocrx_word' id='word_1_515' title='bbox 2755 2151 3126 2230; x_wconf 78' lang='lat' dir='ltr'><strong>proximorum</strong></span> <span class='ocrx_word' id='word_1_516' title='bbox 3185 2150 3378 2206; x_wconf 88' lang='lat' dir='ltr'><strong>tendit.</strong></span> <span class='ocrx_word' id='word_1_517' title='bbox 3450 2150 3664 2222; x_wconf 73' lang='lat' dir='ltr'><strong>Foras</strong></span> <span class='ocrx_word' id='word_1_518' title='bbox 3693 2167 3794 2221; x_wconf 68' lang='lat' dir='ltr'><strong>ergo</strong></span> 
     </span>
    </p>
   </div>
   <div class='ocr_carea' id='block_1_65' title="bbox 2197 2231 3794 2324">
    <p class='ocr_par' dir='ltr' id='par_1_65' title="bbox 2197 2231 3794 2324">
     <span class='ocr_line' id='line_1_65' title="bbox 2197 2231 3794 2324; baseline 0.003 -28"><span class='ocrx_word' id='word_1_519' title='bbox 2197 2231 2372 2296; x_wconf 90' lang='lat' dir='ltr'><strong>eundo</strong></span> <span class='ocrx_word' id='word_1_520' title='bbox 2396 2242 2453 2298; x_wconf 93' lang='lat' dir='ltr'><strong>in</strong></span> <span class='ocrx_word' id='word_1_521' title='bbox 2481 2241 2648 2297; x_wconf 92' lang='lat' dir='ltr'><strong>altum</strong></span> <span class='ocrx_word' id='word_1_522' title='bbox 2676 2242 2884 2310; x_wconf 86' lang='lat' dir='ltr'><strong>visione</strong></span> <span class='ocrx_word' id='word_1_523' title='bbox 2915 2243 3153 2306; x_wconf 88' lang='lat' dir='ltr'><strong>ducitur,</strong></span> <span class='ocrx_word' id='word_1_524' title='bbox 3175 2244 3302 2312; x_wconf 90' lang='lat' dir='ltr'><strong>quia</strong></span> <span class='ocrx_word' id='word_1_525' title='bbox 3348 2243 3504 2304; x_wconf 84' lang='lat' dir='ltr'><strong>unde</strong></span> <span class='ocrx_word' id='word_1_526' title='bbox 3546 2243 3608 2296; x_wconf 92' lang='lat' dir='ltr'><strong>in</strong></span> <span class='ocrx_word' id='word_1_527' title='bbox 3635 2243 3794 2324; x_wconf 69' lang='lat' dir='ltr'><strong>alieeis</strong></span> 
     </span>
    </p>
   </div>
   <div class='ocr_carea' id='block_1_66' title="bbox 2198 2325 3796 2410">
    <p class='ocr_par' dir='ltr' id='par_1_66' title="bbox 2198 2325 3796 2410">
     <span class='ocr_line' id='line_1_66' title="bbox 2198 2325 3796 2410; baseline 0.001 -19"><span class='ocrx_word' id='word_1_528' title='bbox 2198 2325 2470 2410; x_wconf 37' lang='lat' dir='ltr'><strong>cordibus,</strong></span> <span class='ocrx_word' id='word_1_529' title='bbox 2493 2335 2812 2410; x_wconf 72' lang='lat' dir='ltr'><strong>ignorantia:</strong></span> <span class='ocrx_word' id='word_1_530' title='bbox 2852 2337 3148 2394; x_wconf 70' lang='lat' dir='ltr'><strong>caecitatem</strong></span> <span class='ocrx_word' id='word_1_531' title='bbox 3178 2337 3494 2393; x_wconf 86' lang='lat' dir='ltr'><strong>ministerio</strong></span> <span class='ocrx_word' id='word_1_532' title='bbox 3526 2353 3658 2394; x_wconf 66' lang='lat' dir='ltr'><strong>suae</strong></span> <span class='ocrx_word' id='word_1_533' title='bbox 3679 2339 3796 2396; x_wconf 58' lang='lat' dir='ltr'><strong>luce</strong></span> 
     </span>
    </p>
   </div>
   <div class='ocr_carea' id='block_1_67' title="bbox 2199 2413 3795 2508">
    <p class='ocr_par' dir='ltr' id='par_1_67' title="bbox 2199 2413 3795 2508">
     <span class='ocr_line' id='line_1_67' title="bbox 2199 2413 3795 2508; baseline 0 -24"><span class='ocrx_word' id='word_1_534' title='bbox 2199 2413 2363 2507; x_wconf 82' lang='lat' dir='ltr'><strong>tionis</strong></span> <span class='ocrx_word' id='word_1_535' title='bbox 2397 2427 2683 2500; x_wconf 81' lang='lat' dir='ltr'><strong>illuminat,</strong></span> <span class='ocrx_word' id='word_1_536' title='bbox 2724 2429 2846 2484; x_wconf 92' lang='lat' dir='ltr'><strong>inde</strong></span> <span class='ocrx_word' id='word_1_537' title='bbox 2888 2444 3015 2485; x_wconf 90' lang='lat' dir='ltr'><strong>eum</strong></span> <span class='ocrx_word' id='word_1_538' title='bbox 3040 2445 3274 2501; x_wconf 81' lang='lat' dir='ltr'><strong>superna</strong></span> <span class='ocrx_word' id='word_1_539' title='bbox 3313 2431 3502 2502; x_wconf 85' lang='lat' dir='ltr'><strong>gratia</strong></span> <span class='ocrx_word' id='word_1_540' title='bbox 3539 2431 3606 2487; x_wconf 87' lang='lat' dir='ltr'><strong>in</strong></span> <span class='ocrx_word' id='word_1_541' title='bbox 3630 2417 3795 2508; x_wconf 65' lang='lat' dir='ltr'><strong>aluere</strong></span> 
     </span>
    </p>
   </div>
   <div class='ocr_carea' id='block_1_68' title="bbox 2199 2517 3795 2604">
    <p class='ocr_par' dir='ltr' id='par_1_68' title="bbox 2199 2517 3795 2604">
     <span class='ocr_line' id='line_1_68' title="bbox 2199 2517 3795 2604; baseline 0.004 -32"><span class='ocrx_word' id='word_1_542' title='bbox 2199 2517 2552 2600; x_wconf 69' lang='lat' dir='ltr'><strong>intelligentia</strong></span> <span class='ocrx_word' id='word_1_543' title='bbox 2593 2520 2814 2576; x_wconf 85' lang='lat' dir='ltr'><strong>exaltat.</strong></span> <span class='ocrx_word' id='word_1_544' title='bbox 2874 2520 3003 2594; x_wconf 85' lang='lat' dir='ltr'><strong>Sed</strong></span> <span class='ocrx_word' id='word_1_545' title='bbox 3035 2521 3159 2592; x_wconf 87' lang='lat' dir='ltr'><strong>quia</strong></span> <span class='ocrx_word' id='word_1_546' title='bbox 3209 2536 3432 2592; x_wconf 87' lang='lat' dir='ltr'><strong>semper</strong></span> <span class='ocrx_word' id='word_1_547' title='bbox 3477 2523 3795 2604; x_wconf 48' lang='lat' dir='ltr'><strong>praedicatur</strong></span> 
     </span>
    </p>
   </div>
   <div class='ocr_carea' id='block_1_69' title="bbox 2200 2613 3794 2692">
    <p class='ocr_par' dir='ltr' id='par_1_69' title="bbox 2200 2613 3794 2692">
     <span class='ocr_line' id='line_1_69' title="bbox 2200 2613 3794 2692; baseline 0.001 -22"><span class='ocrx_word' id='word_1_548' title='bbox 2200 2615 2357 2684; x_wconf 84' lang='lat' dir='ltr'><strong>debet</strong></span> <span class='ocrx_word' id='word_1_549' title='bbox 2379 2616 2444 2672; x_wconf 89' lang='lat' dir='ltr'><strong>ad</strong></span> <span class='ocrx_word' id='word_1_550' title='bbox 2467 2623 2705 2672; x_wconf 90' lang='lat' dir='ltr'><strong>mentem</strong></span> <span class='ocrx_word' id='word_1_551' title='bbox 2734 2630 3037 2692; x_wconf 77' lang='lat' dir='ltr'><strong>recurrere,</strong></span> <span class='ocrx_word' id='word_1_552' title='bbox 3059 2613 3426 2680; x_wconf 84' lang='lat' dir='ltr'><strong>humilitatem</strong></span> <span class='ocrx_word' id='word_1_553' title='bbox 3455 2625 3636 2686; x_wconf 82' lang='lat' dir='ltr'><strong>atque</strong></span> <span class='ocrx_word' id='word_1_554' title='bbox 3662 2635 3794 2672; x_wconf 75' lang='lat' dir='ltr'><strong>mna-</strong></span> 
     </span>
    </p>
   </div>
   <div class='ocr_carea' id='block_1_70' title="bbox 2199 2712 3795 2782">
    <p class='ocr_par' dir='ltr' id='par_1_70' title="bbox 2199 2712 3795 2782">
     <span class='ocr_line' id='line_1_70' title="bbox 2199 2712 3795 2782; baseline 0.001 -16"><span class='ocrx_word' id='word_1_555' title='bbox 2199 2712 2386 2780; x_wconf 85' lang='lat' dir='ltr'><strong>ditiam</strong></span> <span class='ocrx_word' id='word_1_556' title='bbox 2428 2713 2760 2769; x_wconf 89' lang='lat' dir='ltr'><strong>intrinsecus</strong></span> <span class='ocrx_word' id='word_1_557' title='bbox 2803 2712 3097 2777; x_wconf 90' lang='lat' dir='ltr'><strong>custodire,</strong></span> <span class='ocrx_word' id='word_1_558' title='bbox 3129 2719 3249 2782; x_wconf 89' lang='lat' dir='ltr'><strong>post</strong></span> <span class='ocrx_word' id='word_1_559' title='bbox 3287 2727 3558 2781; x_wconf 79' lang='lat' dir='ltr'><strong>campum</strong></span> <span class='ocrx_word' id='word_1_560' title='bbox 3587 2728 3795 2768; x_wconf 59' lang='lat' dir='ltr'><strong>messe</strong></span> 
     </span>
    </p>
   </div>
   <div class='ocr_carea' id='block_1_71' title="bbox 2198 2803 3791 2874">
    <p class='ocr_par' dir='ltr' id='par_1_71' title="bbox 2198 2803 3791 2874">
     <span class='ocr_line' id='line_1_71' title="bbox 2198 2803 3791 2874; baseline -0.001 -14"><span class='ocrx_word' id='word_1_561' title='bbox 2198 2812 2306 2870; x_wconf 89' lang='lat' dir='ltr'><strong>est,</strong></span> <span class='ocrx_word' id='word_1_562' title='bbox 2334 2813 2392 2858; x_wconf 88' lang='lat' dir='ltr'><strong>ut</strong></span> <span class='ocrx_word' id='word_1_563' title='bbox 2420 2804 2486 2858; x_wconf 85' lang='lat' dir='ltr'><strong>ad</strong></span> <span class='ocrx_word' id='word_1_564' title='bbox 2514 2805 2730 2860; x_wconf 91' lang='lat' dir='ltr'><strong>domum</strong></span> <span class='ocrx_word' id='word_1_565' title='bbox 2756 2804 2962 2868; x_wconf 88' lang='lat' dir='ltr'><strong>redeat,</strong></span> <span class='ocrx_word' id='word_1_566' title='bbox 2991 2811 3258 2874; x_wconf 90' lang='lat' dir='ltr'><strong>quatenus</strong></span> <span class='ocrx_word' id='word_1_567' title='bbox 3286 2804 3338 2858; x_wconf 93' lang='lat' dir='ltr'><strong>in</strong></span> <span class='ocrx_word' id='word_1_568' title='bbox 3366 2803 3481 2868; x_wconf 88' lang='lat' dir='ltr'><strong>his,</strong></span> <span class='ocrx_word' id='word_1_569' title='bbox 3505 2819 3640 2873; x_wconf 67' lang='lat' dir='ltr'><strong>qua</strong></span> <span class='ocrx_word' id='word_1_570' title='bbox 3659 2804 3791 2868; x_wconf 72' lang='lat' dir='ltr'><strong>didt,</strong></span> 
     </span>
    </p>
   </div>
   <div class='ocr_carea' id='block_1_72' title="bbox 2200 2892 3790 2966">
    <p class='ocr_par' dir='ltr' id='par_1_72' title="bbox 2200 2892 3790 2966">
     <span class='ocr_line' id='line_1_72' title="bbox 2200 2892 3790 2966; baseline 0.004 -18"><span class='ocrx_word' id='word_1_571' title='bbox 2200 2892 2376 2964; x_wconf 89' lang='lat' dir='ltr'><strong>qualis</strong></span> <span class='ocrx_word' id='word_1_572' title='bbox 2425 2896 2587 2950; x_wconf 88' lang='lat' dir='ltr'><strong>etiam</strong></span> <span class='ocrx_word' id='word_1_573' title='bbox 2635 2895 2749 2966; x_wconf 88' lang='lat' dir='ltr'><strong>ipse</strong></span> <span class='ocrx_word' id='word_1_574' title='bbox 2776 2897 2867 2961; x_wconf 88' lang='lat' dir='ltr'><strong>sit,</strong></span> <span class='ocrx_word' id='word_1_575' title='bbox 2903 2895 3047 2950; x_wconf 89' lang='lat' dir='ltr'><strong>intra</strong></span> <span class='ocrx_word' id='word_1_576' title='bbox 3085 2895 3481 2952; x_wconf 88' lang='lat' dir='ltr'><strong>conscientiam</strong></span> <span class='ocrx_word' id='word_1_577' title='bbox 3515 2907 3790 2966; x_wconf 70' lang='lat' dir='ltr'><strong>agnoscat.</strong></span> 
     </span>
    </p>
   </div>
   <div class='ocr_carea' id='block_1_73' title="bbox 2201 2983 3794 3057">
    <p class='ocr_par' dir='ltr' id='par_1_73' title="bbox 2201 2983 3794 3057">
     <span class='ocr_line' id='line_1_73' title="bbox 2201 2983 3794 3057; baseline 0.001 -17"><span class='ocrx_word' id='word_1_578' title='bbox 2201 2983 2260 3040; x_wconf 90' lang='lat' dir='ltr'><strong>Si</strong></span> <span class='ocrx_word' id='word_1_579' title='bbox 2288 2986 2432 3040; x_wconf 91' lang='lat' dir='ltr'><strong>enim</strong></span> <span class='ocrx_word' id='word_1_580' title='bbox 2464 2993 2558 3040; x_wconf 90' lang='lat' dir='ltr'><strong>aut</strong></span> <span class='ocrx_word' id='word_1_581' title='bbox 2587 2986 2690 3041; x_wconf 91' lang='lat' dir='ltr'><strong>hoc</strong></span> <span class='ocrx_word' id='word_1_582' title='bbox 2716 2987 2858 3055; x_wconf 92' lang='lat' dir='ltr'><strong>quod</strong></span> <span class='ocrx_word' id='word_1_583' title='bbox 2885 2986 3124 3057; x_wconf 87' lang='lat' dir='ltr'><strong>loquitur</strong></span> <span class='ocrx_word' id='word_1_584' title='bbox 3164 2987 3389 3044; x_wconf 88' lang='lat' dir='ltr'><strong>minime</strong></span> <span class='ocrx_word' id='word_1_585' title='bbox 3415 2989 3690 3052; x_wconf 77' lang='lat' dir='ltr'><strong>custodit,</strong></span> <span class='ocrx_word' id='word_1_586' title='bbox 3717 3001 3794 3042; x_wconf 71' lang='lat' dir='ltr'><strong>aut</strong></span> 
     </span>
    </p>
   </div>
   <div class='ocr_carea' id='block_1_74' title="bbox 2202 3074 3792 3148">
    <p class='ocr_par' dir='ltr' id='par_1_74' title="bbox 2202 3074 3792 3148">
     <span class='ocr_line' id='line_1_74' title="bbox 2202 3074 3792 3148; baseline 0.002 -19"><span class='ocrx_word' id='word_1_587' title='bbox 2202 3074 2267 3130; x_wconf 88' lang='lat' dir='ltr'><strong>de</strong></span> <span class='ocrx_word' id='word_1_588' title='bbox 2298 3075 2382 3130; x_wconf 90' lang='lat' dir='ltr'><strong>his</strong></span> <span class='ocrx_word' id='word_1_589' title='bbox 2429 3091 2548 3144; x_wconf 64' lang='lat' dir='ltr'><strong>quae</strong></span> <span class='ocrx_word' id='word_1_590' title='bbox 2589 3075 2827 3145; x_wconf 90' lang='lat' dir='ltr'><strong>loquitur</strong></span> <span class='ocrx_word' id='word_1_591' title='bbox 2871 3076 3223 3146; x_wconf 87' lang='lat' dir='ltr'><strong>temporalem</strong></span> <span class='ocrx_word' id='word_1_592' title='bbox 3263 3076 3500 3146; x_wconf 84' lang='lat' dir='ltr'><strong>gloriam</strong></span> <span class='ocrx_word' id='word_1_593' title='bbox 3547 3080 3792 3148; x_wconf 60' lang='lat' dir='ltr'><strong>requirit,</strong></span> 
     </span>
    </p>
   </div>
   <div class='ocr_carea' id='block_1_75' title="bbox 2205 3167 3793 3240">
    <p class='ocr_par' dir='ltr' id='par_1_75' title="bbox 2205 3167 3793 3240">
     <span class='ocr_line' id='line_1_75' title="bbox 2205 3167 3793 3240; baseline 0.004 -19"><span class='ocrx_word' id='word_1_594' title='bbox 2205 3167 2472 3236; x_wconf 86' lang='lat' dir='ltr'><strong>loquendo</strong></span> <span class='ocrx_word' id='word_1_595' title='bbox 2515 3169 2730 3239; x_wconf 91' lang='lat' dir='ltr'><strong>quidem</strong></span> <span class='ocrx_word' id='word_1_596' title='bbox 2776 3169 2844 3224; x_wconf 91' lang='lat' dir='ltr'><strong>ad</strong></span> <span class='ocrx_word' id='word_1_597' title='bbox 2883 3185 3132 3240; x_wconf 88' lang='lat' dir='ltr'><strong>campum</strong></span> <span class='ocrx_word' id='word_1_598' title='bbox 3168 3170 3302 3236; x_wconf 83' lang='lat' dir='ltr'><strong>exit,</strong></span> <span class='ocrx_word' id='word_1_599' title='bbox 3349 3171 3446 3226; x_wconf 86' lang='lat' dir='ltr'><strong>sed</strong></span> <span class='ocrx_word' id='word_1_600' title='bbox 3489 3188 3612 3226; x_wconf 85' lang='lat' dir='ltr'><strong>non</strong></span> <span class='ocrx_word' id='word_1_601' title='bbox 3661 3174 3793 3240; x_wconf 52' lang='lat' dir='ltr'><strong>cogi-</strong></span> 
     </span>
    </p>
   </div>
   <div class='ocr_carea' id='block_1_76' title="bbox 2203 3261 3795 3331">
    <p class='ocr_par' dir='ltr' id='par_1_76' title="bbox 2203 3261 3795 3331">
     <span class='ocr_line' id='line_1_76' title="bbox 2203 3261 3795 3331; baseline 0.003 -17"><span class='ocrx_word' id='word_1_602' title='bbox 2203 3262 2370 3320; x_wconf 67' lang='lat' dir='ltr'><strong>tando.</strong></span> <span class='ocrx_word' id='word_1_603' title='bbox 2389 3261 2738 3331; x_wconf 90' lang='lat' dir='ltr'><strong>semetipsum</strong></span> <span class='ocrx_word' id='word_1_604' title='bbox 2767 3262 2835 3316; x_wconf 91' lang='lat' dir='ltr'><strong>ad</strong></span> <span class='ocrx_word' id='word_1_605' title='bbox 2870 3261 3086 3318; x_wconf 89' lang='lat' dir='ltr'><strong>domum</strong></span> <span class='ocrx_word' id='word_1_606' title='bbox 3123 3263 3300 3318; x_wconf 83' lang='lat' dir='ltr'><strong>redire</strong></span> <span class='ocrx_word' id='word_1_607' title='bbox 3335 3265 3675 3319; x_wconf 81' lang='lat' dir='ltr'><strong>contemnit.</strong></span> <span class='ocrx_word' id='word_1_608' title='bbox 3710 3265 3795 3318; x_wconf 70' lang='lat' dir='ltr'><strong>Ae-</strong></span> 
     </span>
    </p>
   </div>
   <div class='ocr_carea' id='block_1_77' title="bbox 2197 3354 3788 3424">
    <p class='ocr_par' dir='ltr' id='par_1_77' title="bbox 2197 3354 3788 3424">
     <span class='ocr_line' id='line_1_77' title="bbox 2197 3354 3788 3424; baseline 0.003 -16"><span class='ocrx_word' id='word_1_609' title='bbox 2197 3363 2354 3424; x_wconf 91' lang='lat' dir='ltr'><strong>cepto</strong></span> <span class='ocrx_word' id='word_1_610' title='bbox 2399 3356 2544 3410; x_wconf 90' lang='lat' dir='ltr'><strong>enim</strong></span> <span class='ocrx_word' id='word_1_611' title='bbox 2602 3354 2796 3424; x_wconf 86' lang='lat' dir='ltr'><strong>spiritu</strong></span> <span class='ocrx_word' id='word_1_612' title='bbox 2845 3356 2899 3410; x_wconf 94' lang='lat' dir='ltr'><strong>in</strong></span> <span class='ocrx_word' id='word_1_613' title='bbox 2951 3357 3130 3412; x_wconf 90' lang='lat' dir='ltr'><strong>medio</strong></span> <span class='ocrx_word' id='word_1_614' title='bbox 3179 3357 3372 3413; x_wconf 89' lang='lat' dir='ltr'><strong>domus</strong></span> <span class='ocrx_word' id='word_1_615' title='bbox 3423 3360 3788 3421; x_wconf 82' lang='lat' dir='ltr'><strong>includimur,</strong></span> 
     </span>
    </p>
   </div>
   <div class='ocr_carea' id='block_1_78' title="bbox 2199 3444 3793 3516">
    <p class='ocr_par' dir='ltr' id='par_1_78' title="bbox 2199 3444 3793 3516">
     <span class='ocr_line' id='line_1_78' title="bbox 2199 3444 3793 3516; baseline 0.003 -16"><span class='ocrx_word' id='word_1_616' title='bbox 2199 3445 2451 3516; x_wconf 87' lang='lat' dir='ltr'><strong>quoniam</strong></span> <span class='ocrx_word' id='word_1_617' title='bbox 2500 3460 2596 3514; x_wconf 89' lang='lat' dir='ltr'><strong>per</strong></span> <span class='ocrx_word' id='word_1_618' title='bbox 2641 3444 2758 3514; x_wconf 88' lang='lat' dir='ltr'><strong>ejus</strong></span> <span class='ocrx_word' id='word_1_619' title='bbox 2809 3448 3040 3516; x_wconf 86' lang='lat' dir='ltr'><strong>gratiam</strong></span> <span class='ocrx_word' id='word_1_620' title='bbox 3089 3451 3156 3503; x_wconf 88' lang='lat' dir='ltr'><strong>ad</strong></span> <span class='ocrx_word' id='word_1_621' title='bbox 3207 3447 3544 3505; x_wconf 84' lang='lat' dir='ltr'><strong>discutienda</strong></span> <span class='ocrx_word' id='word_1_622' title='bbox 3607 3451 3793 3506; x_wconf 73' lang='lat' dir='ltr'><strong>mentis</strong></span> 
     </span>
    </p>
   </div>
   <div class='ocr_carea' id='block_1_79' title="bbox 2198 3541 3792 3610">
    <p class='ocr_par' dir='ltr' id='par_1_79' title="bbox 2198 3541 3792 3610">
     <span class='ocr_line' id='line_1_79' title="bbox 2198 3541 3792 3610; baseline 0.003 -21"><span class='ocrx_word' id='word_1_623' title='bbox 2198 3546 2395 3591; x_wconf 69' lang='lat' dir='ltr'><strong>nostra:</strong></span> <span class='ocrx_word' id='word_1_624' title='bbox 2445 3545 2654 3592; x_wconf 87' lang='lat' dir='ltr'><strong>secreta</strong></span> <span class='ocrx_word' id='word_1_625' title='bbox 2701 3553 3038 3604; x_wconf 87' lang='lat' dir='ltr'><strong>revocamur,</strong></span> <span class='ocrx_word' id='word_1_626' title='bbox 3087 3547 3144 3593; x_wconf 93' lang='lat' dir='ltr'><strong>ut</strong></span> <span class='ocrx_word' id='word_1_627' title='bbox 3181 3541 3323 3610; x_wconf 91' lang='lat' dir='ltr'><strong>apud</strong></span> <span class='ocrx_word' id='word_1_628' title='bbox 3351 3541 3722 3610; x_wconf 76' lang='lat' dir='ltr'><strong>semetipsum</strong></span> <span class='ocrx_word' id='word_1_629' title='bbox 3748 3544 3792 3594; x_wconf 72' lang='lat' dir='ltr'><strong>in</strong></span> 
     </span>
    </p>
   </div>
   <div class='ocr_carea' id='block_1_80' title="bbox 2197 3629 3792 3702">
    <p class='ocr_par' dir='ltr' id='par_1_80' title="bbox 2197 3629 3792 3702">
     <span class='ocr_line' id='line_1_80' title="bbox 2197 3629 3792 3702; baseline 0.003 -18"><span class='ocrx_word' id='word_1_630' title='bbox 2197 3629 2309 3685; x_wconf 90' lang='lat' dir='ltr'><strong>Deo</strong></span> <span class='ocrx_word' id='word_1_631' title='bbox 2355 3631 2568 3686; x_wconf 90' lang='lat' dir='ltr'><strong>animus</strong></span> <span class='ocrx_word' id='word_1_632' title='bbox 2609 3631 2873 3702; x_wconf 89' lang='lat' dir='ltr'><strong>quiescat,</strong></span> <span class='ocrx_word' id='word_1_633' title='bbox 2926 3641 2982 3687; x_wconf 90' lang='lat' dir='ltr'><strong>et</strong></span> <span class='ocrx_word' id='word_1_634' title='bbox 3033 3648 3140 3687; x_wconf 91' lang='lat' dir='ltr'><strong>non</strong></span> <span class='ocrx_word' id='word_1_635' title='bbox 3185 3633 3297 3702; x_wconf 89' lang='lat' dir='ltr'><strong>jam</strong></span> <span class='ocrx_word' id='word_1_636' title='bbox 3346 3648 3449 3702; x_wconf 90' lang='lat' dir='ltr'><strong>per</strong></span> <span class='ocrx_word' id='word_1_637' title='bbox 3497 3636 3792 3690; x_wconf 70' lang='lat' dir='ltr'><strong>exteriores</strong></span> 
     </span>
    </p>
   </div>
   <div class='ocr_carea' id='block_1_81' title="bbox 2197 3724 3792 3797">
    <p class='ocr_par' dir='ltr' id='par_1_81' title="bbox 2197 3724 3792 3797">
     <span class='ocr_line' id='line_1_81' title="bbox 2197 3724 3792 3797; baseline 0.002 -20"><span class='ocrx_word' id='word_1_638' title='bbox 2197 3724 2664 3794; x_wconf 88' lang='lat' dir='ltr'><strong>concupiscentias</strong></span> <span class='ocrx_word' id='word_1_639' title='bbox 2694 3725 2751 3778; x_wconf 91' lang='lat' dir='ltr'><strong>in</strong></span> <span class='ocrx_word' id='word_1_640' title='bbox 2777 3725 3018 3795; x_wconf 90' lang='lat' dir='ltr'><strong>appetitu</strong></span> <span class='ocrx_word' id='word_1_641' title='bbox 3055 3725 3228 3780; x_wconf 85' lang='lat' dir='ltr'><strong>laudis</strong></span> <span class='ocrx_word' id='word_1_642' title='bbox 3257 3733 3312 3781; x_wconf 90' lang='lat' dir='ltr'><strong>et</strong></span> <span class='ocrx_word' id='word_1_643' title='bbox 3353 3725 3568 3796; x_wconf 70' lang='lat' dir='ltr'><strong>gloriae,</strong></span> <span class='ocrx_word' id='word_1_644' title='bbox 3602 3729 3792 3797; x_wconf 71' lang='lat' dir='ltr'><strong>cogita-</strong></span> 
     </span>
    </p>
   </div>
   <div class='ocr_carea' id='block_1_82' title="bbox 2195 3813 3792 3874">
    <p class='ocr_par' dir='ltr' id='par_1_82' title="bbox 2195 3813 3792 3874">
     <span class='ocr_line' id='line_1_82' title="bbox 2195 3813 3792 3874; baseline 0.004 -9"><span class='ocrx_word' id='word_1_645' title='bbox 2195 3813 2357 3868; x_wconf 88' lang='lat' dir='ltr'><strong>tionis</strong></span> <span class='ocrx_word' id='word_1_646' title='bbox 2391 3813 2688 3870; x_wconf 88' lang='lat' dir='ltr'><strong>mobilitate</strong></span> <span class='ocrx_word' id='word_1_647' title='bbox 2722 3815 3014 3870; x_wconf 88' lang='lat' dir='ltr'><strong>discurrat.</strong></span> <span class='ocrx_word' id='word_1_648' title='bbox 3051 3816 3126 3870; x_wconf 89' lang='lat' dir='ltr'><strong>De</strong></span> <span class='ocrx_word' id='word_1_649' title='bbox 3163 3817 3262 3871; x_wconf 87' lang='lat' dir='ltr'><strong>hac</strong></span> <span class='ocrx_word' id='word_1_650' title='bbox 3281 3817 3447 3871; x_wconf 87' lang='lat' dir='ltr'><strong>domo</strong></span> <span class='ocrx_word' id='word_1_651' title='bbox 3473 3820 3665 3874; x_wconf 81' lang='lat' dir='ltr'><strong>cordis</strong></span> <span class='ocrx_word' id='word_1_652' title='bbox 3693 3821 3792 3872; x_wconf 79' lang='lat' dir='ltr'><strong>cui-</strong></span> 
     </span>
    </p>
   </div>
   <div class='ocr_carea' id='block_1_83' title="bbox 2193 3905 3791 3982">
    <p class='ocr_par' dir='ltr' id='par_1_83' title="bbox 2193 3905 3791 3982">
     <span class='ocr_line' id='line_1_83' title="bbox 2193 3905 3791 3982; baseline 0.004 -22"><span class='ocrx_word' id='word_1_653' title='bbox 2193 3905 2315 3960; x_wconf 88' lang='lat' dir='ltr'><strong>dam</strong></span> <span class='ocrx_word' id='word_1_654' title='bbox 2338 3915 2526 3962; x_wconf 89' lang='lat' dir='ltr'><strong>sanato</strong></span> <span class='ocrx_word' id='word_1_655' title='bbox 2550 3921 2650 3978; x_wconf 90' lang='lat' dir='ltr'><strong>per</strong></span> <span class='ocrx_word' id='word_1_656' title='bbox 2675 3909 3019 3979; x_wconf 88' lang='lat' dir='ltr'><strong>semetipsam</strong></span> <span class='ocrx_word' id='word_1_657' title='bbox 3036 3907 3250 3965; x_wconf 82' lang='lat' dir='ltr'><strong>Veritas</strong></span> <span class='ocrx_word' id='word_1_658' title='bbox 3265 3910 3433 3965; x_wconf 88' lang='lat' dir='ltr'><strong>dicit:</strong></span> <span class='ocrx_word' id='word_1_659' title='bbox 3457 3931 3477 3962; x_wconf 74' lang='grc' dir='ltr'><strong>ι</strong></span> <span class='ocrx_word' id='word_1_660' title='bbox 3501 3911 3666 3968; x_wconf 86' lang='lat' dir='ltr'><strong>Tolle</strong></span> <span class='ocrx_word' id='word_1_661' title='bbox 3685 3929 3791 3982; x_wconf 76' lang='lat' dir='ltr'><strong>gra-</strong></span> 
     </span>
    </p>
   </div>
   <div class='ocr_carea' id='block_1_84' title="bbox 2191 3997 3788 4072">
    <p class='ocr_par' dir='ltr' id='par_1_84' title="bbox 2191 3997 3788 4072">
     <span class='ocr_line' id='line_1_84' title="bbox 2191 3997 3788 4072; baseline 0.004 -22"><span class='ocrx_word' id='word_1_662' title='bbox 2191 3997 2377 4052; x_wconf 87' lang='lat' dir='ltr'><strong>batum</strong></span> <span class='ocrx_word' id='word_1_663' title='bbox 2391 4006 2565 4064; x_wconf 88' lang='lat' dir='ltr'><strong>tuum,</strong></span> <span class='ocrx_word' id='word_1_664' title='bbox 2592 4007 2650 4053; x_wconf 92' lang='lat' dir='ltr'><strong>et</strong></span> <span class='ocrx_word' id='word_1_665' title='bbox 2678 3999 2811 4054; x_wconf 88' lang='lat' dir='ltr'><strong>vade</strong></span> <span class='ocrx_word' id='word_1_666' title='bbox 2833 4000 2888 4054; x_wconf 90' lang='lat' dir='ltr'><strong>in</strong></span> <span class='ocrx_word' id='word_1_667' title='bbox 2907 4000 3124 4056; x_wconf 88' lang='lat' dir='ltr'><strong>domum</strong></span> <span class='ocrx_word' id='word_1_668' title='bbox 3143 4009 3308 4056; x_wconf 88' lang='lat' dir='ltr'><strong>tuam.</strong></span> <span class='ocrx_word' id='word_1_669' title='bbox 3336 4019 3356 4052; x_wconf 71' lang='grc' dir='ltr'><strong>ι</strong></span> <span class='ocrx_word' id='word_1_670' title='bbox 3378 4001 3490 4057; x_wconf 86' lang='lat' dir='ltr'><strong>Per</strong></span> <span class='ocrx_word' id='word_1_671' title='bbox 3509 4002 3788 4072; x_wconf 63' lang='lat' dir='ltr'><strong>grabatum</strong></span> 
     </span>
    </p>
   </div>
   <div class='ocr_carea' id='block_1_85' title="bbox 2190 4087 3788 4163">
    <p class='ocr_par' dir='ltr' id='par_1_85' title="bbox 2190 4087 3788 4163">
     <span class='ocr_line' id='line_1_85' title="bbox 2190 4087 3788 4163; baseline 0.008 -23"><span class='ocrx_word' id='word_1_672' title='bbox 2190 4087 2404 4158; x_wconf 85' lang='lat' dir='ltr'><strong>quippe,</strong></span> <span class='ocrx_word' id='word_1_673' title='bbox 2435 4089 2490 4144; x_wconf 91' lang='lat' dir='ltr'><strong>in</strong></span> <span class='ocrx_word' id='word_1_674' title='bbox 2517 4103 2626 4160; x_wconf 91' lang='lat' dir='ltr'><strong>quo</strong></span> <span class='ocrx_word' id='word_1_675' title='bbox 2644 4089 2826 4154; x_wconf 76' lang='lat' dir='ltr'><strong>carnis</strong></span> <span class='ocrx_word' id='word_1_676' title='bbox 2844 4098 2929 4148; x_wconf 84' lang='lat' dir='ltr'><strong>est</strong></span> <span class='ocrx_word' id='word_1_677' title='bbox 2948 4091 3185 4160; x_wconf 83' lang='lat' dir='ltr'><strong>requies,</strong></span> <span class='ocrx_word' id='word_1_678' title='bbox 3219 4091 3340 4161; x_wconf 85' lang='lat' dir='ltr'><strong>ipsa</strong></span> <span class='ocrx_word' id='word_1_679' title='bbox 3366 4106 3505 4150; x_wconf 80' lang='lat' dir='ltr'><strong>caro</strong></span> <span class='ocrx_word' id='word_1_680' title='bbox 3525 4094 3788 4163; x_wconf 76' lang='lat' dir='ltr'><strong>signatur.</strong></span> 
     </span>
    </p>
   </div>
   <div class='ocr_carea' id='block_1_86' title="bbox 2190 4181 3788 4256">
    <p class='ocr_par' dir='ltr' id='par_1_86' title="bbox 2190 4181 3788 4256">
     <span class='ocr_line' id='line_1_86' title="bbox 2190 4181 3788 4256; baseline 0.006 -22"><span class='ocrx_word' id='word_1_681' title='bbox 2190 4194 2286 4250; x_wconf 89' lang='lat' dir='ltr'><strong>per</strong></span> <span class='ocrx_word' id='word_1_682' title='bbox 2315 4181 2529 4236; x_wconf 91' lang='lat' dir='ltr'><strong>domum</strong></span> <span class='ocrx_word' id='word_1_683' title='bbox 2568 4197 2699 4238; x_wconf 90' lang='lat' dir='ltr'><strong>vero</strong></span> <span class='ocrx_word' id='word_1_684' title='bbox 2744 4184 3073 4240; x_wconf 87' lang='lat' dir='ltr'><strong>conscientia</strong></span> <span class='ocrx_word' id='word_1_685' title='bbox 3106 4184 3386 4256; x_wconf 77' lang='lat' dir='ltr'><strong>ﬁguratur.</strong></span> <span class='ocrx_word' id='word_1_686' title='bbox 3417 4185 3494 4240; x_wconf 84' lang='lat' dir='ltr'><strong>Et</strong></span> <span class='ocrx_word' id='word_1_687' title='bbox 3521 4187 3658 4255; x_wconf 84' lang='lat' dir='ltr'><strong>quia</strong></span> <span class='ocrx_word' id='word_1_688' title='bbox 3679 4204 3788 4242; x_wconf 61' lang='lat' dir='ltr'><strong>cina</strong></span> 
     </span>
    </p>
   </div>
   <div class='ocr_carea' id='block_1_87' title="bbox 2189 4273 3790 4344">
    <p class='ocr_par' dir='ltr' id='par_1_87' title="bbox 2189 4273 3790 4344">
     <span class='ocr_line' id='line_1_87' title="bbox 2189 4273 3790 4344; baseline 0.003 -19"><span class='ocrx_word' id='word_1_689' title='bbox 2189 4280 2368 4326; x_wconf 87' lang='lat' dir='ltr'><strong>mente</strong></span> <span class='ocrx_word' id='word_1_690' title='bbox 2421 4273 2620 4328; x_wconf 88' lang='lat' dir='ltr'><strong>mortui</strong></span> <span class='ocrx_word' id='word_1_691' title='bbox 2672 4273 2730 4327; x_wconf 92' lang='lat' dir='ltr'><strong>in</strong></span> <span class='ocrx_word' id='word_1_692' title='bbox 2771 4273 2918 4329; x_wconf 90' lang='lat' dir='ltr'><strong>vitiis</strong></span> <span class='ocrx_word' id='word_1_693' title='bbox 2943 4274 3208 4344; x_wconf 86' lang='lat' dir='ltr'><strong>jacemus,</strong></span> <span class='ocrx_word' id='word_1_694' title='bbox 3252 4276 3304 4328; x_wconf 93' lang='lat' dir='ltr'><strong>in</strong></span> <span class='ocrx_word' id='word_1_695' title='bbox 3339 4276 3790 4334; x_wconf 76' lang='lat' dir='ltr'><strong>carnisdelccta—</strong></span> 
     </span>
    </p>
   </div>
   <div class='ocr_carea' id='block_1_88' title="bbox 2190 4365 3788 4438">
    <p class='ocr_par' dir='ltr' id='par_1_88' title="bbox 2190 4365 3788 4438">
     <span class='ocr_line' id='line_1_88' title="bbox 2190 4365 3788 4438; baseline 0.003 -19"><span class='ocrx_word' id='word_1_696' title='bbox 2190 4367 2334 4421; x_wconf 89' lang='lat' dir='ltr'><strong>tione</strong></span> <span class='ocrx_word' id='word_1_697' title='bbox 2382 4367 2730 4436; x_wconf 87' lang='lat' dir='ltr'><strong>quiescimus,</strong></span> <span class='ocrx_word' id='word_1_698' title='bbox 2783 4365 2981 4421; x_wconf 82' lang='lat' dir='ltr'><strong>inﬁrmi</strong></span> <span class='ocrx_word' id='word_1_699' title='bbox 3037 4376 3317 4438; x_wconf 85' lang='lat' dir='ltr'><strong>portamnr</strong></span> <span class='ocrx_word' id='word_1_700' title='bbox 3356 4369 3410 4422; x_wconf 92' lang='lat' dir='ltr'><strong>in</strong></span> <span class='ocrx_word' id='word_1_701' title='bbox 3457 4369 3630 4425; x_wconf 81' lang='lat' dir='ltr'><strong>lecto.</strong></span> <span class='ocrx_word' id='word_1_702' title='bbox 3663 4370 3788 4424; x_wconf 71' lang='lat' dir='ltr'><strong>Cas:</strong></span> 
     </span>
    </p>
   </div>
   <div class='ocr_carea' id='block_1_89' title="bbox 2185 4455 3788 4526">
    <p class='ocr_par' dir='ltr' id='par_1_89' title="bbox 2185 4455 3788 4526">
     <span class='ocr_line' id='line_1_89' title="bbox 2185 4455 3788 4526; baseline 0.001 -16"><span class='ocrx_word' id='word_1_703' title='bbox 2185 4471 2316 4510; x_wconf 87' lang='lat' dir='ltr'><strong>vero</strong></span> <span class='ocrx_word' id='word_1_704' title='bbox 2341 4457 2514 4511; x_wconf 88' lang='lat' dir='ltr'><strong>sanati</strong></span> <span class='ocrx_word' id='word_1_705' title='bbox 2551 4466 2729 4512; x_wconf 89' lang='lat' dir='ltr'><strong>mente</strong></span> <span class='ocrx_word' id='word_1_706' title='bbox 2757 4456 3041 4522; x_wconf 81' lang='lat' dir='ltr'><strong>fuerimus,</strong></span> <span class='ocrx_word' id='word_1_707' title='bbox 3070 4465 3129 4510; x_wconf 83' lang='lat' dir='ltr'><strong>ut</strong></span> <span class='ocrx_word' id='word_1_708' title='bbox 3153 4455 3262 4524; x_wconf 84' lang='lat' dir='ltr'><strong>jam</strong></span> <span class='ocrx_word' id='word_1_709' title='bbox 3285 4457 3654 4526; x_wconf 77' lang='lat' dir='ltr'><strong>pulsantibus</strong></span> <span class='ocrx_word' id='word_1_710' title='bbox 3682 4476 3788 4515; x_wconf 78' lang='lat' dir='ltr'><strong>car-</strong></span> 
     </span>
    </p>
   </div>
   <div class='ocr_carea' id='block_1_90' title="bbox 501 4518 3790 4632">
    <p class='ocr_par' dir='ltr' id='par_1_90' title="bbox 501 4518 3790 4632">
     <span class='ocr_line' id='line_1_90' title="bbox 501 4518 3790 4632; baseline 0.007 -52"><span class='ocrx_word' id='word_1_711' title='bbox 501 4531 630 4632; x_wconf 52' lang='lat' dir='ltr'><strong>??an</strong></span> <span class='ocrx_word' id='word_1_712' title='bbox 659 4527 760 4573; x_wconf 68' lang='grc' dir='ltr'><strong>εει.</strong></span> <span class='ocrx_word' id='word_1_713' title='bbox 846 4518 1049 4632; x_wconf 51' lang='lat' dir='ltr'><strong>(Hicin)</strong></span> <span class='ocrx_word' id='word_1_714' title='bbox 1074 4525 1206 4582; x_wconf 89' lang='lat' dir='ltr'><strong>Illud</strong></span> <span class='ocrx_word' id='word_1_715' title='bbox 1237 4531 1380 4632; x_wconf 78' lang='lat' dir='ltr'><strong>quod</strong></span> <span class='ocrx_word' id='word_1_716' title='bbox 1403 4531 1458 4586; x_wconf 91' lang='lat' dir='ltr'><strong>in</strong></span> <span class='ocrx_word' id='word_1_717' title='bbox 1479 4532 1818 4632; x_wconf 36' lang='lat' dir='ltr'><strong>Ecclesiaste.</strong></span> <span class='ocrx_word' id='word_1_718' title='bbox 1831 4536 2080 4606; x_wconf 85' lang='lat' dir='ltr'><strong>legimus,</strong></span> <span class='ocrx_word' id='word_1_719' title='bbox 2107 4569 2161 4632; x_wconf 78' lang='lat' dir='ltr'><strong><em>D</em></strong></span> <span class='ocrx_word' id='word_1_720' title='bbox 2190 4548 2271 4602; x_wconf 87' lang='lat' dir='ltr'><strong>nis</strong></span> <span class='ocrx_word' id='word_1_721' title='bbox 2317 4548 2464 4603; x_wconf 86' lang='lat' dir='ltr'><strong>vitiis</strong></span> <span class='ocrx_word' id='word_1_722' title='bbox 2509 4547 2846 4614; x_wconf 87' lang='lat' dir='ltr'><strong>resistamus,</strong></span> <span class='ocrx_word' id='word_1_723' title='bbox 2890 4563 3111 4610; x_wconf 84' lang='lat' dir='ltr'><strong>necesse</strong></span> <span class='ocrx_word' id='word_1_724' title='bbox 3158 4557 3259 4613; x_wconf 87' lang='lat' dir='ltr'><strong>est,</strong></span> <span class='ocrx_word' id='word_1_725' title='bbox 3313 4556 3378 4603; x_wconf 81' lang='lat' dir='ltr'><strong>ut</strong></span> <span class='ocrx_word' id='word_1_726' title='bbox 3419 4552 3790 4605; x_wconf 59' lang='lat' dir='ltr'><strong>tentationes:</strong></span> 
     </span>
    </p>
   </div>
   <div class='ocr_carea' id='block_1_91' title="bbox 507 4605 2083 4692">
    <p class='ocr_par' dir='ltr' id='par_1_91' title="bbox 507 4605 2083 4692">
     <span class='ocr_line' id='line_1_91' title="bbox 507 4605 2083 4692; baseline 0.016 -34"><span class='ocrx_word' id='word_1_727' title='bbox 507 4624 524 4656; x_wconf 83' lang='grc' dir='ltr'><strong>ι</strong></span> <span class='ocrx_word' id='word_1_728' title='bbox 539 4605 770 4679; x_wconf 90' lang='lat' dir='ltr'><strong>Tempus</strong></span> <span class='ocrx_word' id='word_1_729' title='bbox 784 4613 1075 4681; x_wconf 90' lang='lat' dir='ltr'><strong>tacendi,et</strong></span> <span class='ocrx_word' id='word_1_730' title='bbox 1091 4627 1301 4689; x_wconf 89' lang='lat' dir='ltr'><strong>tempus</strong></span> <span class='ocrx_word' id='word_1_731' title='bbox 1314 4621 1588 4692; x_wconf 89' lang='lat' dir='ltr'><strong>loquendi,</strong></span> <span class='ocrx_word' id='word_1_732' title='bbox 1601 4625 1792 4679; x_wconf 69' lang='lat' dir='ltr'><strong>ietiain</strong></span> <span class='ocrx_word' id='word_1_733' title='bbox 1807 4625 1857 4679; x_wconf 90' lang='lat' dir='ltr'><strong>in</strong></span> <span class='ocrx_word' id='word_1_734' title='bbox 1875 4605 2083 4683; x_wconf 87' lang='lat' dir='ltr'><strong>sermo-</strong></span> 
     </span>
    </p>
   </div>
   <div class='ocr_carea' id='block_1_92' title="bbox 498 4701 2084 4788">
    <p class='ocr_par' dir='ltr' id='par_1_92' title="bbox 498 4701 2084 4788">
     <span class='ocr_line' id='line_1_92' title="bbox 498 4701 2084 4788; baseline 0.015 -38"><span class='ocrx_word' id='word_1_735' title='bbox 498 4712 566 4751; x_wconf 92' lang='lat' dir='ltr'><strong>ne</strong></span> <span class='ocrx_word' id='word_1_736' title='bbox 579 4701 893 4768; x_wconf 91' lang='lat' dir='ltr'><strong>prophetico</strong></span> <span class='ocrx_word' id='word_1_737' title='bbox 906 4710 1455 4780; x_wconf 81' lang='lat' dir='ltr'><strong>comprobatur-,quod</strong></span> <span class='ocrx_word' id='word_1_738' title='bbox 1471 4712 1709 4782; x_wconf 79' lang='lat' dir='ltr'><strong>ejusdem</strong></span> <span class='ocrx_word' id='word_1_739' title='bbox 1724 4716 1793 4770; x_wconf 89' lang='lat' dir='ltr'><strong>sit</strong></span> <span class='ocrx_word' id='word_1_740' title='bbox 1808 4719 2084 4788; x_wconf 67' lang='lat' dir='ltr'><strong>sapientia:</strong></span> 
     </span>
    </p>
   </div>
   <div class='ocr_carea' id='block_1_93' title="bbox 497 4794 2083 4872">
    <p class='ocr_par' dir='ltr' id='par_1_93' title="bbox 497 4794 2083 4872">
     <span class='ocr_line' id='line_1_93' title="bbox 497 4794 2083 4872; baseline 0.014 -30"><span class='ocrx_word' id='word_1_741' title='bbox 497 4795 552 4843; x_wconf 91' lang='lat' dir='ltr'><strong>et</strong></span> <span class='ocrx_word' id='word_1_742' title='bbox 579 4797 758 4847; x_wconf 88' lang='lat' dir='ltr'><strong>tacere</strong></span> <span class='ocrx_word' id='word_1_743' title='bbox 782 4801 838 4848; x_wconf 88' lang='lat' dir='ltr'><strong>et</strong></span> <span class='ocrx_word' id='word_1_744' title='bbox 875 4794 1018 4865; x_wconf 90' lang='lat' dir='ltr'><strong>loqui</strong></span> <span class='ocrx_word' id='word_1_745' title='bbox 1054 4814 1152 4868; x_wconf 92' lang='lat' dir='ltr'><strong>pro</strong></span> <span class='ocrx_word' id='word_1_746' title='bbox 1179 4809 1440 4872; x_wconf 89' lang='lat' dir='ltr'><strong>tempore,</strong></span> <span class='ocrx_word' id='word_1_747' title='bbox 1473 4813 1527 4859; x_wconf 92' lang='lat' dir='ltr'><strong>et</strong></span> <span class='ocrx_word' id='word_1_748' title='bbox 1565 4805 1694 4861; x_wconf 90' lang='lat' dir='ltr'><strong>dare</strong></span> <span class='ocrx_word' id='word_1_749' title='bbox 1721 4810 2000 4864; x_wconf 83' lang='lat' dir='ltr'><strong>conservis</strong></span> <span class='ocrx_word' id='word_1_750' title='bbox 2028 4810 2083 4864; x_wconf 92' lang='lat' dir='ltr'><strong>in</strong></span> 
     </span>
    </p>
   </div>
   <div class='ocr_carea' id='block_1_94' title="bbox 499 4890 2082 4970">
    <p class='ocr_par' dir='ltr' id='par_1_94' title="bbox 499 4890 2082 4970">
     <span class='ocr_line' id='line_1_94' title="bbox 499 4890 2082 4970; baseline 0.013 -34"><span class='ocrx_word' id='word_1_751' title='bbox 499 4891 739 4954; x_wconf 91' lang='lat' dir='ltr'><strong>tempore</strong></span> <span class='ocrx_word' id='word_1_752' title='bbox 770 4901 889 4954; x_wconf 92' lang='lat' dir='ltr'><strong>suo,</strong></span> <span class='ocrx_word' id='word_1_753' title='bbox 919 4890 1143 4946; x_wconf 89' lang='lat' dir='ltr'><strong>cibaria.</strong></span> <span class='ocrx_word' id='word_1_754' title='bbox 1179 4893 1332 4950; x_wconf 88' lang='lat' dir='ltr'><strong>Unde</strong></span> <span class='ocrx_word' id='word_1_755' title='bbox 1370 4895 1537 4952; x_wconf 85' lang='lat' dir='ltr'><strong>Isaias</strong></span> <span class='ocrx_word' id='word_1_756' title='bbox 1575 4900 1641 4954; x_wconf 90' lang='lat' dir='ltr'><strong>ad</strong></span> <span class='ocrx_word' id='word_1_757' title='bbox 1679 4901 1933 4970; x_wconf 89' lang='lat' dir='ltr'><strong>populum</strong></span> <span class='ocrx_word' id='word_1_758' title='bbox 1975 4916 2082 4956; x_wconf 92' lang='lat' dir='ltr'><strong>non</strong></span> 
     </span>
    </p>
   </div>
   <div class='ocr_carea' id='block_1_95' title="bbox 494 4977 2085 5060">
    <p class='ocr_par' dir='ltr' id='par_1_95' title="bbox 494 4977 2085 5060">
     <span class='ocr_line' id='line_1_95' title="bbox 494 4977 2085 5060; baseline 0.013 -32"><span class='ocrx_word' id='word_1_759' title='bbox 494 4977 802 5033; x_wconf 89' lang='lat' dir='ltr'><strong>credentem</strong></span> <span class='ocrx_word' id='word_1_760' title='bbox 838 4999 850 5034; x_wconf 89' lang='lat'>:</span> <span class='ocrx_word' id='word_1_761' title='bbox 887 5001 904 5033; x_wconf 77' lang='grc' dir='ltr'><strong>ι</strong></span> <span class='ocrx_word' id='word_1_762' title='bbox 937 4981 1122 5050; x_wconf 91' lang='lat' dir='ltr'><strong>Tacui,</strong></span> <span class='ocrx_word' id='word_1_763' title='bbox 1166 4987 1426 5057; x_wconf 88' lang='lat' dir='ltr'><strong>numquid</strong></span> <span class='ocrx_word' id='word_1_764' title='bbox 1467 5005 1682 5060; x_wconf 85' lang='lat' dir='ltr'><strong>semper</strong></span> <span class='ocrx_word' id='word_1_765' title='bbox 1715 4994 1921 5057; x_wconf 89' lang='lat' dir='ltr'><strong>tacebo,</strong></span> <span class='ocrx_word' id='word_1_766' title='bbox 1954 4993 2085 5048; x_wconf 89' lang='lat' dir='ltr'><strong>dicit</strong></span> 
     </span>
    </p>
   </div>
   <div class='ocr_carea' id='block_1_96' title="bbox 496 5065 2080 5149">
    <p class='ocr_par' dir='ltr' id='par_1_96' title="bbox 496 5065 2080 5149">
     <span class='ocr_line' id='line_1_96' title="bbox 496 5065 2080 5149; baseline 0.011 -30"><span class='ocrx_word' id='word_1_767' title='bbox 496 5065 788 5124; x_wconf 81' lang='lat' dir='ltr'><strong>Dominus?</strong></span> <span class='ocrx_word' id='word_1_768' title='bbox 817 5069 962 5142; x_wconf 79' lang='lat' dir='ltr'><strong>(Isa.</strong></span> <span class='ocrx_word' id='word_1_769' title='bbox 993 5073 1148 5147; x_wconf 76' lang='lat' dir='ltr'><strong>va.)</strong></span> <span class='ocrx_word' id='word_1_770' title='bbox 1174 5093 1196 5128; x_wconf 74' lang='grc' dir='ltr'><strong>ι</strong></span> <span class='ocrx_word' id='word_1_771' title='bbox 1245 5074 1348 5144; x_wconf 86' lang='lat' dir='ltr'><strong>Qui</strong></span> <span class='ocrx_word' id='word_1_772' title='bbox 1374 5077 1540 5149; x_wconf 91' lang='lat' dir='ltr'><strong>igitur</strong></span> <span class='ocrx_word' id='word_1_773' title='bbox 1584 5080 1653 5135; x_wconf 92' lang='lat' dir='ltr'><strong>ob</strong></span> <span class='ocrx_word' id='word_1_774' title='bbox 1683 5081 2080 5136; x_wconf 86' lang='lat' dir='ltr'><strong>multitudinem</strong></span> 
     </span>
    </p>
   </div>
   <div class='ocr_carea' id='block_1_97' title="bbox 493 5164 2082 5244">
    <p class='ocr_par' dir='ltr' id='par_1_97' title="bbox 493 5164 2082 5244">
     <span class='ocr_line' id='line_1_97' title="bbox 493 5164 2082 5244; baseline 0.011 -33"><span class='ocrx_word' id='word_1_775' title='bbox 493 5171 836 5225; x_wconf 90' lang='lat' dir='ltr'><strong>peccatorum</strong></span> <span class='ocrx_word' id='word_1_776' title='bbox 883 5164 973 5220; x_wconf 90' lang='lat' dir='ltr'><strong>diu</strong></span> <span class='ocrx_word' id='word_1_777' title='bbox 1029 5166 1272 5223; x_wconf 89' lang='lat' dir='ltr'><strong>clausum</strong></span> <span class='ocrx_word' id='word_1_778' title='bbox 1320 5184 1384 5225; x_wconf 88' lang='lat' dir='ltr'><strong>os</strong></span> <span class='ocrx_word' id='word_1_779' title='bbox 1423 5171 1613 5238; x_wconf 90' lang='lat' dir='ltr'><strong>tenuit,</strong></span> <span class='ocrx_word' id='word_1_780' title='bbox 1645 5175 1773 5244; x_wconf 88' lang='lat' dir='ltr'><strong>quia</strong></span> <span class='ocrx_word' id='word_1_781' title='bbox 1810 5175 1946 5229; x_wconf 92' lang='lat' dir='ltr'><strong>vidit</strong></span> <span class='ocrx_word' id='word_1_782' title='bbox 1983 5175 2082 5230; x_wconf 90' lang='lat' dir='ltr'><strong>ali-</strong></span> 
     </span>
    </p>
   </div>
   <div class='ocr_carea' id='block_1_98' title="bbox 493 5259 2080 5333">
    <p class='ocr_par' dir='ltr' id='par_1_98' title="bbox 493 5259 2080 5333">
     <span class='ocr_line' id='line_1_98' title="bbox 493 5259 2080 5333; baseline 0.013 -33"><span class='ocrx_word' id='word_1_783' title='bbox 493 5262 630 5316; x_wconf 87' lang='lat' dir='ltr'><strong>quos</strong></span> <span class='ocrx_word' id='word_1_784' title='bbox 671 5265 829 5318; x_wconf 89' lang='lat' dir='ltr'><strong>posse</strong></span> <span class='ocrx_word' id='word_1_785' title='bbox 868 5259 1128 5314; x_wconf 91' lang='lat' dir='ltr'><strong>converti.</strong></span> <span class='ocrx_word' id='word_1_786' title='bbox 1165 5260 1242 5315; x_wconf 93' lang='lat' dir='ltr'><strong>De</strong></span> <span class='ocrx_word' id='word_1_787' title='bbox 1284 5261 1477 5332; x_wconf 90' lang='lat' dir='ltr'><strong>quibus</strong></span> <span class='ocrx_word' id='word_1_788' title='bbox 1523 5264 1725 5320; x_wconf 90' lang='lat' dir='ltr'><strong>dictum</strong></span> <span class='ocrx_word' id='word_1_789' title='bbox 1760 5275 1846 5322; x_wconf 90' lang='lat' dir='ltr'><strong>est</strong></span> <span class='ocrx_word' id='word_1_790' title='bbox 1877 5285 1890 5319; x_wconf 86' lang='lat'><strong>:</strong></span> <span class='ocrx_word' id='word_1_791' title='bbox 1925 5283 1944 5318; x_wconf 75' lang='grc' dir='ltr'><strong>ι</strong></span> <span class='ocrx_word' id='word_1_792' title='bbox 1978 5266 2080 5333; x_wconf 89' lang='lat' dir='ltr'><strong>Qui</strong></span> 
     </span>
    </p>
   </div>
   <div class='ocr_carea' id='block_1_99' title="bbox 495 5337 2079 5424">
    <p class='ocr_par' dir='ltr' id='par_1_99' title="bbox 495 5337 2079 5424">
     <span class='ocr_line' id='line_1_99' title="bbox 495 5337 2079 5424; baseline 0.014 -35"><span class='ocrx_word' id='word_1_793' title='bbox 495 5337 662 5401; x_wconf 90' lang='lat' dir='ltr'><strong>audit,</strong></span> <span class='ocrx_word' id='word_1_794' title='bbox 695 5343 896 5412; x_wconf 87' lang='lat' dir='ltr'><strong>audiat,</strong></span> <span class='ocrx_word' id='word_1_795' title='bbox 932 5365 951 5399; x_wconf 72' lang='grc' dir='ltr'><strong>ι</strong></span> <span class='ocrx_word' id='word_1_796' title='bbox 982 5357 1038 5405; x_wconf 88' lang='lat' dir='ltr'><strong>et</strong></span> <span class='ocrx_word' id='word_1_797' title='bbox 1065 5349 1159 5419; x_wconf 92' lang='lat' dir='ltr'><strong>qui</strong></span> <span class='ocrx_word' id='word_1_798' title='bbox 1203 5364 1237 5404; x_wconf 91' lang='lat' dir='ltr'><strong>a</strong></span> <span class='ocrx_word' id='word_1_799' title='bbox 1264 5351 1422 5407; x_wconf 91' lang='lat' dir='ltr'><strong>malis</strong></span> <span class='ocrx_word' id='word_1_800' title='bbox 1461 5353 1711 5423; x_wconf 89' lang='lat' dir='ltr'><strong>quiescit,</strong></span> <span class='ocrx_word' id='word_1_801' title='bbox 1754 5356 1997 5424; x_wconf 89' lang='lat' dir='ltr'><strong>quiescat</strong></span> <span class='ocrx_word' id='word_1_802' title='bbox 2023 5363 2079 5411; x_wconf 92' lang='lat' dir='ltr'><strong>et</strong></span> 
     </span>
    </p>
   </div>
   <div class='ocr_carea' id='block_1_100' title="bbox 496 5427 2080 5518">
    <p class='ocr_par' dir='ltr' id='par_1_100' title="bbox 496 5427 2080 5518">
     <span class='ocr_line' id='line_1_100' title="bbox 496 5427 2080 5518; baseline 0.014 -36"><span class='ocrx_word' id='word_1_803' title='bbox 496 5427 708 5485; x_wconf 84' lang='lat' dir='ltr'><strong>desinat</strong></span> <span class='ocrx_word' id='word_1_804' title='bbox 734 5432 949 5505; x_wconf 61' lang='lat' dir='ltr'><strong>(Eucti.</strong></span> <span class='ocrx_word' id='word_1_805' title='bbox 975 5440 1081 5514; x_wconf 84' lang='lat' dir='ltr'><strong>in).</strong></span> <span class='ocrx_word' id='word_1_806' title='bbox 1105 5461 1124 5495; x_wconf 73' lang='grc' dir='ltr'><strong>ι</strong></span> <span class='ocrx_word' id='word_1_807' title='bbox 1158 5441 1367 5500; x_wconf 85' lang='lat' dir='ltr'><strong>Idcirco</strong></span> <span class='ocrx_word' id='word_1_808' title='bbox 1394 5455 1584 5515; x_wconf 88' lang='lat' dir='ltr'><strong>aperto</strong></span> <span class='ocrx_word' id='word_1_809' title='bbox 1608 5461 1708 5501; x_wconf 91' lang='lat' dir='ltr'><strong>ore</strong></span> <span class='ocrx_word' id='word_1_810' title='bbox 1745 5455 1800 5501; x_wconf 91' lang='lat' dir='ltr'><strong>et</strong></span> <span class='ocrx_word' id='word_1_811' title='bbox 1824 5462 1930 5502; x_wconf 93' lang='lat' dir='ltr'><strong>non</strong></span> <span class='ocrx_word' id='word_1_812' title='bbox 1954 5463 2080 5518; x_wconf 88' lang='lat' dir='ltr'><strong>pro-</strong></span> 
     </span>
    </p>
   </div>
   <div class='ocr_carea' id='block_1_101' title="bbox 495 5520 2078 5608">
    <p class='ocr_par' dir='ltr' id='par_1_101' title="bbox 495 5520 2078 5608">
     <span class='ocr_line' id='line_1_101' title="bbox 495 5520 2078 5608; baseline 0.014 -35"><span class='ocrx_word' id='word_1_813' title='bbox 495 5520 616 5590; x_wconf 90' lang='lat' dir='ltr'><strong>pria</strong></span> <span class='ocrx_word' id='word_1_814' title='bbox 640 5522 938 5595; x_wconf 82' lang='lat' dir='ltr'><strong>voluntate,</strong></span> <span class='ocrx_word' id='word_1_815' title='bbox 964 5532 1058 5587; x_wconf 89' lang='lat' dir='ltr'><strong>sed</strong></span> <span class='ocrx_word' id='word_1_816' title='bbox 1085 5533 1296 5589; x_wconf 89' lang='lat' dir='ltr'><strong>Domini</strong></span> <span class='ocrx_word' id='word_1_817' title='bbox 1319 5535 1565 5606; x_wconf 88' lang='lat' dir='ltr'><strong>jussione</strong></span> <span class='ocrx_word' id='word_1_818' title='bbox 1603 5537 1843 5606; x_wconf 85' lang='lat' dir='ltr'><strong>loquitur</strong></span> <span class='ocrx_word' id='word_1_819' title='bbox 1877 5538 1946 5592; x_wconf 91' lang='lat' dir='ltr'><strong>ad</strong></span> <span class='ocrx_word' id='word_1_820' title='bbox 1984 5555 2078 5608; x_wconf 91' lang='lat' dir='ltr'><strong>po-</strong></span> 
     </span>
    </p>
   </div>
   <div class='ocr_carea' id='block_1_102' title="bbox 495 5616 2077 5703">
    <p class='ocr_par' dir='ltr' id='par_1_102' title="bbox 495 5616 2077 5703">
     <span class='ocr_line' id='line_1_102' title="bbox 495 5616 2077 5703; baseline 0.014 -34"><span class='ocrx_word' id='word_1_821' title='bbox 495 5616 698 5686; x_wconf 89' lang='lat' dir='ltr'><strong>pulum.</strong></span> <span class='ocrx_word' id='word_1_822' title='bbox 731 5619 788 5677; x_wconf 88' lang='lat' dir='ltr'><strong>ld</strong></span> <span class='ocrx_word' id='word_1_823' title='bbox 818 5632 1017 5694; x_wconf 87' lang='lat' dir='ltr'><strong>autem,</strong></span> <span class='ocrx_word' id='word_1_824' title='bbox 1047 5631 1191 5700; x_wconf 88' lang='lat' dir='ltr'><strong>quod</strong></span> <span class='ocrx_word' id='word_1_825' title='bbox 1230 5647 1330 5686; x_wconf 92' lang='lat' dir='ltr'><strong>nos</strong></span> <span class='ocrx_word' id='word_1_826' title='bbox 1357 5647 1666 5702; x_wconf 90' lang='lat' dir='ltr'><strong>possumus,</strong></span> <span class='ocrx_word' id='word_1_827' title='bbox 1703 5652 1721 5685; x_wconf 83' lang='lat'><strong>(</strong></span> <span class='ocrx_word' id='word_1_828' title='bbox 1755 5634 1859 5701; x_wconf 90' lang='lat' dir='ltr'><strong>Qui</strong></span> <span class='ocrx_word' id='word_1_829' title='bbox 1908 5638 2077 5703; x_wconf 90' lang='lat' dir='ltr'><strong>audit,</strong></span> 
     </span>
    </p>
   </div>
   <div class='ocr_carea' id='block_1_103' title="bbox 495 5710 2078 5800">
    <p class='ocr_par' dir='ltr' id='par_1_103' title="bbox 495 5710 2078 5800">
     <span class='ocr_line' id='line_1_103' title="bbox 495 5710 2078 5800; baseline 0.023 -39"><span class='ocrx_word' id='word_1_830' title='bbox 495 5710 706 5800; x_wconf 82' lang='lat' dir='ltr'><strong>audiat;</strong></span> <span class='ocrx_word' id='word_1_831' title='bbox 739 5723 795 5770; x_wconf 90' lang='lat' dir='ltr'><strong>et</strong></span> <span class='ocrx_word' id='word_1_832' title='bbox 830 5717 920 5786; x_wconf 88' lang='lat' dir='ltr'><strong>qui</strong></span> <span class='ocrx_word' id='word_1_833' title='bbox 946 5720 1192 5790; x_wconf 83' lang='lat' dir='ltr'><strong>quiescit,</strong></span> <span class='ocrx_word' id='word_1_834' title='bbox 1228 5725 1508 5794; x_wconf 89' lang='lat' dir='ltr'><strong>quiescat;</strong></span> <span class='ocrx_word' id='word_1_835' title='bbox 1545 5745 1563 5777; x_wconf 76' lang='grc' dir='ltr'><strong>ι</strong></span> <span class='ocrx_word' id='word_1_836' title='bbox 1589 5741 1689 5796; x_wconf 83' lang='lat' dir='ltr'><strong>pro</strong></span> <span class='ocrx_word' id='word_1_837' title='bbox 1715 5743 1823 5797; x_wconf 87' lang='lat' dir='ltr'><strong>quo</strong></span> <span class='ocrx_word' id='word_1_838' title='bbox 1851 5727 2078 5800; x_wconf 70' lang='grc' dir='ltr'>δθριυει-</span> 
     </span>
    </p>
   </div>
   <div class='ocr_carea' id='block_1_104' title="bbox 491 5794 2074 5896">
    <p class='ocr_par' dir='ltr' id='par_1_104' title="bbox 491 5794 2074 5896">
     <span class='ocr_line' id='line_1_104' title="bbox 491 5794 2074 5896; baseline 0.016 -43"><span class='ocrx_word' id='word_1_839' title='bbox 491 5794 645 5872; x_wconf 67' lang='lat' dir='ltr'><strong>ginta</strong></span> <span class='ocrx_word' id='word_1_840' title='bbox 687 5799 1028 5877; x_wconf 77' lang='lat' dir='ltr'><strong>interpretati</strong></span> <span class='ocrx_word' id='word_1_841' title='bbox 1077 5817 1222 5881; x_wconf 88' lang='lat' dir='ltr'><strong>sunt,</strong></span> <span class='ocrx_word' id='word_1_842' title='bbox 1258 5829 1276 5866; x_wconf 82' lang='grc' dir='ltr'><strong>ι</strong></span> <span class='ocrx_word' id='word_1_843' title='bbox 1314 5814 1406 5887; x_wconf 90' lang='lat' dir='ltr'><strong>qui</strong></span> <span class='ocrx_word' id='word_1_844' title='bbox 1431 5794 1606 5896; x_wconf 65' lang='lat' dir='ltr'><strong>audit,</strong></span> <span class='ocrx_word' id='word_1_845' title='bbox 1649 5794 1865 5890; x_wconf 75' lang='lat' dir='ltr'><strong>audiat;</strong></span> <span class='ocrx_word' id='word_1_846' title='bbox 1898 5794 1954 5877; x_wconf 63' lang='lat' dir='ltr'><strong>et</strong></span> <span class='ocrx_word' id='word_1_847' title='bbox 1981 5818 2074 5891; x_wconf 89' lang='lat' dir='ltr'><strong>qui</strong></span> 
     </span>
    </p>
   </div>
   <div class='ocr_carea' id='block_1_105' title="bbox 2187 4638 3788 4709">
    <p class='ocr_par' dir='ltr' id='par_1_105' title="bbox 2187 4638 3788 4709">
     <span class='ocr_line' id='line_1_105' title="bbox 2187 4638 3788 4709; baseline 0.001 -15"><span class='ocrx_word' id='word_1_848' title='bbox 2187 4639 2542 4703; x_wconf 89' lang='lat' dir='ltr'><strong>contumelias</strong></span> <span class='ocrx_word' id='word_1_849' title='bbox 2572 4640 2639 4694; x_wconf 91' lang='lat' dir='ltr'><strong>de</strong></span> <span class='ocrx_word' id='word_1_850' title='bbox 2677 4648 2864 4695; x_wconf 88' lang='lat' dir='ltr'><strong>nostra</strong></span> <span class='ocrx_word' id='word_1_851' title='bbox 2910 4655 3074 4695; x_wconf 88' lang='lat' dir='ltr'><strong>carne</strong></span> <span class='ocrx_word' id='word_1_852' title='bbox 3114 4638 3424 4694; x_wconf 85' lang='lat' dir='ltr'><strong>toleremus.</strong></span> <span class='ocrx_word' id='word_1_853' title='bbox 3465 4639 3650 4709; x_wconf 60' lang='lat' dir='ltr'><strong>Egi-0</strong></span> <span class='ocrx_word' id='word_1_854' title='bbox 3693 4643 3788 4695; x_wconf 71' lang='lat' dir='ltr'><strong>ila-</strong></span> 
     </span>
    </p>
   </div>
   <div class='ocr_carea' id='block_1_106' title="bbox 2185 4731 3784 4805">
    <p class='ocr_par' dir='ltr' id='par_1_106' title="bbox 2185 4731 3784 4805">
     <span class='ocr_line' id='line_1_106' title="bbox 2185 4731 3784 4805; baseline -0.001 -19"><span class='ocrx_word' id='word_1_855' title='bbox 2185 4747 2290 4802; x_wconf 90' lang='lat' dir='ltr'><strong>que</strong></span> <span class='ocrx_word' id='word_1_856' title='bbox 2316 4732 2383 4786; x_wconf 90' lang='lat' dir='ltr'><strong>ad</strong></span> <span class='ocrx_word' id='word_1_857' title='bbox 2415 4731 2646 4786; x_wconf 88' lang='lat' dir='ltr'><strong>salutem</strong></span> <span class='ocrx_word' id='word_1_858' title='bbox 2671 4733 2894 4788; x_wconf 91' lang='lat' dir='ltr'><strong>reducto</strong></span> <span class='ocrx_word' id='word_1_859' title='bbox 2913 4733 3241 4803; x_wconf 79' lang='lat' dir='ltr'><strong>praccipitur,</strong></span> <span class='ocrx_word' id='word_1_860' title='bbox 3266 4752 3284 4783; x_wconf 81' lang='grc' dir='ltr'><strong>ι</strong></span> <span class='ocrx_word' id='word_1_861' title='bbox 3315 4732 3469 4788; x_wconf 88' lang='lat' dir='ltr'><strong>Tolle</strong></span> <span class='ocrx_word' id='word_1_862' title='bbox 3503 4734 3784 4805; x_wconf 71' lang='lat' dir='ltr'><strong>grabatum</strong></span> 
     </span>
    </p>
   </div>
   <div class='ocr_carea' id='block_1_107' title="bbox 2185 4824 3788 4894">
    <p class='ocr_par' dir='ltr' id='par_1_107' title="bbox 2185 4824 3788 4894">
     <span class='ocr_line' id='line_1_107' title="bbox 2185 4824 3788 4894; baseline 0.001 -18"><span class='ocrx_word' id='word_1_863' title='bbox 2185 4832 2358 4888; x_wconf 89' lang='lat' dir='ltr'><strong>tuum,</strong></span> <span class='ocrx_word' id='word_1_864' title='bbox 2389 4842 2407 4872; x_wconf 77' lang='grc' dir='ltr'><strong>ι</strong></span> <span class='ocrx_word' id='word_1_865' title='bbox 2435 4824 2489 4877; x_wconf 92' lang='lat' dir='ltr'><strong>id</strong></span> <span class='ocrx_word' id='word_1_866' title='bbox 2531 4833 2631 4886; x_wconf 90' lang='lat' dir='ltr'><strong>est,</strong></span> <span class='ocrx_word' id='word_1_867' title='bbox 2677 4831 2832 4893; x_wconf 88' lang='lat' dir='ltr'><strong>porta</strong></span> <span class='ocrx_word' id='word_1_868' title='bbox 2857 4824 3075 4888; x_wconf 89' lang='lat' dir='ltr'><strong>lectum,</strong></span> <span class='ocrx_word' id='word_1_869' title='bbox 3109 4825 3163 4878; x_wconf 91' lang='lat' dir='ltr'><strong>in</strong></span> <span class='ocrx_word' id='word_1_870' title='bbox 3193 4839 3301 4894; x_wconf 90' lang='lat' dir='ltr'><strong>quo</strong></span> <span class='ocrx_word' id='word_1_871' title='bbox 3338 4833 3597 4894; x_wconf 81' lang='lat' dir='ltr'><strong>portatus</strong></span> <span class='ocrx_word' id='word_1_872' title='bbox 3625 4842 3710 4888; x_wconf 86' lang='lat' dir='ltr'><strong>es,</strong></span> <span class='ocrx_word' id='word_1_873' title='bbox 3737 4833 3788 4878; x_wconf 83' lang='lat' dir='ltr'><strong>ut</strong></span> 
     </span>
    </p>
   </div>
   <div class='ocr_carea' id='block_1_108' title="bbox 2185 4915 3784 4986">
    <p class='ocr_par' dir='ltr' id='par_1_108' title="bbox 2185 4915 3784 4986">
     <span class='ocr_line' id='line_1_108' title="bbox 2185 4915 3784 4986; baseline 0 -18"><span class='ocrx_word' id='word_1_874' title='bbox 2185 4923 2404 4969; x_wconf 87' lang='lat' dir='ltr'><strong>sanatus</strong></span> <span class='ocrx_word' id='word_1_875' title='bbox 2449 4915 2677 4984; x_wconf 87' lang='lat' dir='ltr'><strong>quisque</strong></span> <span class='ocrx_word' id='word_1_876' title='bbox 2721 4923 2898 4984; x_wconf 89' lang='lat' dir='ltr'><strong>portet</strong></span> <span class='ocrx_word' id='word_1_877' title='bbox 2935 4915 3315 4970; x_wconf 87' lang='lat' dir='ltr'><strong>contumeliam</strong></span> <span class='ocrx_word' id='word_1_878' title='bbox 3362 4917 3570 4983; x_wconf 84' lang='lat' dir='ltr'><strong>carnis,</strong></span> <span class='ocrx_word' id='word_1_879' title='bbox 3597 4920 3658 4972; x_wconf 88' lang='lat' dir='ltr'><strong>in</strong></span> <span class='ocrx_word' id='word_1_880' title='bbox 3685 4934 3784 4986; x_wconf 79' lang='lat' dir='ltr'><strong>qua</strong></span> 
     </span>
    </p>
   </div>
   <div class='ocr_carea' id='block_1_109' title="bbox 2183 5005 3785 5078">
    <p class='ocr_par' dir='ltr' id='par_1_109' title="bbox 2183 5005 3785 5078">
     <span class='ocr_line' id='line_1_109' title="bbox 2183 5005 3785 5078; baseline 0.001 -19"><span class='ocrx_word' id='word_1_881' title='bbox 2183 5007 2335 5076; x_wconf 91' lang='lat' dir='ltr'><strong>prius</strong></span> <span class='ocrx_word' id='word_1_882' title='bbox 2357 5005 2574 5074; x_wconf 89' lang='lat' dir='ltr'><strong>jacebat</strong></span> <span class='ocrx_word' id='word_1_883' title='bbox 2600 5016 2856 5078; x_wconf 82' lang='lat' dir='ltr'><strong>aegrotus.</strong></span> <span class='ocrx_word' id='word_1_884' title='bbox 2895 5008 3034 5074; x_wconf 88' lang='lat' dir='ltr'><strong>Quid</strong></span> <span class='ocrx_word' id='word_1_885' title='bbox 3061 5015 3144 5062; x_wconf 89' lang='lat' dir='ltr'><strong>est</strong></span> <span class='ocrx_word' id='word_1_886' title='bbox 3168 5021 3296 5077; x_wconf 87' lang='lat' dir='ltr'><strong>ergo</strong></span> <span class='ocrx_word' id='word_1_887' title='bbox 3324 5007 3514 5063; x_wconf 88' lang='lat' dir='ltr'><strong>dicere</strong></span> <span class='ocrx_word' id='word_1_888' title='bbox 3545 5029 3559 5062; x_wconf 88' lang='lat'><strong>:</strong></span> <span class='ocrx_word' id='word_1_889' title='bbox 3592 5028 3612 5059; x_wconf 77' lang='grc' dir='ltr'><strong>ι</strong></span> <span class='ocrx_word' id='word_1_890' title='bbox 3642 5009 3785 5063; x_wconf 78' lang='lat' dir='ltr'><strong>Tolle</strong></span> 
     </span>
    </p>
   </div>
   <div class='ocr_carea' id='block_1_110' title="bbox 2186 5100 3780 5171">
    <p class='ocr_par' dir='ltr' id='par_1_110' title="bbox 2186 5100 3780 5171">
     <span class='ocr_line' id='line_1_110' title="bbox 2186 5100 3780 5171; baseline 0.001 -19"><span class='ocrx_word' id='word_1_891' title='bbox 2186 5100 2468 5170; x_wconf 86' lang='lat' dir='ltr'><strong>grabatum</strong></span> <span class='ocrx_word' id='word_1_892' title='bbox 2494 5107 2664 5165; x_wconf 83' lang='lat' dir='ltr'><strong>tuum,</strong></span> <span class='ocrx_word' id='word_1_893' title='bbox 2697 5109 2753 5154; x_wconf 90' lang='lat' dir='ltr'><strong>et</strong></span> <span class='ocrx_word' id='word_1_894' title='bbox 2783 5101 2917 5154; x_wconf 87' lang='lat' dir='ltr'><strong>vade</strong></span> <span class='ocrx_word' id='word_1_895' title='bbox 2943 5101 2996 5154; x_wconf 94' lang='lat' dir='ltr'><strong>in</strong></span> <span class='ocrx_word' id='word_1_896' title='bbox 3019 5100 3234 5154; x_wconf 88' lang='lat' dir='ltr'><strong>domum</strong></span> <span class='ocrx_word' id='word_1_897' title='bbox 3257 5107 3407 5154; x_wconf 86' lang='lat' dir='ltr'><strong>tuam</strong></span> <span class='ocrx_word' id='word_1_898' title='bbox 3438 5101 3638 5171; x_wconf 74' lang='lat' dir='ltr'><strong>(Joan.</strong></span> <span class='ocrx_word' id='word_1_899' title='bbox 3667 5107 3780 5171; x_wconf 67' lang='lat' dir='ltr'><strong>v},:</strong></span> 
     </span>
    </p>
   </div>
   <div class='ocr_carea' id='block_1_111' title="bbox 2186 5189 3788 5263">
    <p class='ocr_par' dir='ltr' id='par_1_111' title="bbox 2186 5189 3788 5263">
     <span class='ocr_line' id='line_1_111' title="bbox 2186 5189 3788 5263; baseline 0.004 -21"><span class='ocrx_word' id='word_1_900' title='bbox 2186 5189 2288 5244; x_wconf 91' lang='lat' dir='ltr'><strong>nisi</strong></span> <span class='ocrx_word' id='word_1_901' title='bbox 2318 5198 2472 5260; x_wconf 88' lang='lat' dir='ltr'><strong>porta</strong></span> <span class='ocrx_word' id='word_1_902' title='bbox 2508 5190 2833 5246; x_wconf 89' lang='lat' dir='ltr'><strong>tentationes</strong></span> <span class='ocrx_word' id='word_1_903' title='bbox 2863 5190 3066 5256; x_wconf 89' lang='lat' dir='ltr'><strong>carnis,</strong></span> <span class='ocrx_word' id='word_1_904' title='bbox 3096 5190 3151 5244; x_wconf 92' lang='lat' dir='ltr'><strong>in</strong></span> <span class='ocrx_word' id='word_1_905' title='bbox 3183 5190 3379 5260; x_wconf 87' lang='lat' dir='ltr'><strong>quibus</strong></span> <span class='ocrx_word' id='word_1_906' title='bbox 3407 5191 3688 5248; x_wconf 83' lang='lat' dir='ltr'><strong>hactenus</strong></span> <span class='ocrx_word' id='word_1_907' title='bbox 3707 5196 3788 5263; x_wconf 78' lang='lat' dir='ltr'><strong>ja-</strong></span> 
     </span>
    </p>
   </div>
   <div class='ocr_carea' id='block_1_112' title="bbox 2185 5280 3790 5350">
    <p class='ocr_par' dir='ltr' id='par_1_112' title="bbox 2185 5280 3790 5350">
     <span class='ocr_line' id='line_1_112' title="bbox 2185 5280 3790 5350; baseline 0.003 -14"><span class='ocrx_word' id='word_1_908' title='bbox 2185 5281 2367 5345; x_wconf 87' lang='lat' dir='ltr'><strong>cuisti,</strong></span> <span class='ocrx_word' id='word_1_909' title='bbox 2397 5295 2462 5336; x_wconf 89' lang='lat' dir='ltr'><strong>ac</strong></span> <span class='ocrx_word' id='word_1_910' title='bbox 2488 5290 2762 5336; x_wconf 87' lang='lat' dir='ltr'><strong>revertere</strong></span> <span class='ocrx_word' id='word_1_911' title='bbox 2789 5280 2856 5334; x_wconf 89' lang='lat' dir='ltr'><strong>ad</strong></span> <span class='ocrx_word' id='word_1_912' title='bbox 2885 5282 3274 5336; x_wconf 87' lang='lat' dir='ltr'><strong>conscientiam</strong></span> <span class='ocrx_word' id='word_1_913' title='bbox 3301 5291 3474 5350; x_wconf 84' lang='lat' dir='ltr'><strong>tuam,</strong></span> <span class='ocrx_word' id='word_1_914' title='bbox 3507 5295 3570 5339; x_wconf 89' lang='lat' dir='ltr'><strong>ut</strong></span> <span class='ocrx_word' id='word_1_915' title='bbox 3604 5287 3790 5341; x_wconf 74' lang='lat' dir='ltr'><strong>videas</strong></span> 
     </span>
    </p>
   </div>
   <div class='ocr_carea' id='block_1_113' title="bbox 2185 5368 3789 5444">
    <p class='ocr_par' dir='ltr' id='par_1_113' title="bbox 2185 5368 3789 5444">
     <span class='ocr_line' id='line_1_113' title="bbox 2185 5368 3789 5444; baseline 0.004 -21"><span class='ocrx_word' id='word_1_916' title='bbox 2185 5385 2306 5440; x_wconf 85' lang='lat' dir='ltr'><strong>quae</strong></span> <span class='ocrx_word' id='word_1_917' title='bbox 2353 5368 2575 5424; x_wconf 87' lang='lat' dir='ltr'><strong>fecisti?</strong></span> <span class='ocrx_word' id='word_1_918' title='bbox 2599 5369 2869 5441; x_wconf 90' lang='lat' dir='ltr'><strong>Propheta</strong></span> <span class='ocrx_word' id='word_1_919' title='bbox 2909 5371 3072 5444; x_wconf 90' lang='lat' dir='ltr'><strong>igitur</strong></span> <span class='ocrx_word' id='word_1_920' title='bbox 3097 5381 3221 5443; x_wconf 89' lang='lat' dir='ltr'><strong>post</strong></span> <span class='ocrx_word' id='word_1_921' title='bbox 3245 5389 3505 5444; x_wconf 85' lang='lat' dir='ltr'><strong>campum</strong></span> <span class='ocrx_word' id='word_1_922' title='bbox 3537 5377 3594 5430; x_wconf 83' lang='lat' dir='ltr'><strong>in</strong></span> <span class='ocrx_word' id='word_1_923' title='bbox 3627 5377 3789 5430; x_wconf 74' lang='lat' dir='ltr'><strong>dom</strong></span> 
     </span>
    </p>
   </div>
   <div class='ocr_carea' id='block_1_114' title="bbox 2182 5460 3791 5536">
    <p class='ocr_par' dir='ltr' id='par_1_114' title="bbox 2182 5460 3791 5536">
     <span class='ocr_line' id='line_1_114' title="bbox 2182 5460 3791 5536; baseline 0.002 -22"><span class='ocrx_word' id='word_1_924' title='bbox 2182 5460 2383 5515; x_wconf 91' lang='lat' dir='ltr'><strong>includi</strong></span> <span class='ocrx_word' id='word_1_925' title='bbox 2425 5461 2758 5531; x_wconf 83' lang='lat' dir='ltr'><strong>praecipitur,</strong></span> <span class='ocrx_word' id='word_1_926' title='bbox 2788 5472 2848 5516; x_wconf 92' lang='lat' dir='ltr'><strong>ut</strong></span> <span class='ocrx_word' id='word_1_927' title='bbox 2895 5463 3215 5533; x_wconf 57' lang='lat' dir='ltr'><strong>praedicator</strong></span> <span class='ocrx_word' id='word_1_928' title='bbox 3255 5480 3475 5535; x_wconf 88' lang='lat' dir='ltr'><strong>semper</strong></span> <span class='ocrx_word' id='word_1_929' title='bbox 3511 5476 3642 5536; x_wconf 88' lang='lat' dir='ltr'><strong>post</strong></span> <span class='ocrx_word' id='word_1_930' title='bbox 3669 5483 3791 5536; x_wconf 75' lang='lat' dir='ltr'><strong>gra-</strong></span> 
     </span>
    </p>
   </div>
   <div class='ocr_carea' id='block_1_115' title="bbox 2180 5551 3793 5622">
    <p class='ocr_par' dir='ltr' id='par_1_115' title="bbox 2180 5551 3793 5622">
     <span class='ocr_line' id='line_1_115' title="bbox 2180 5551 3793 5622; baseline 0.004 -17"><span class='ocrx_word' id='word_1_931' title='bbox 2180 5551 2312 5605; x_wconf 86' lang='lat' dir='ltr'><strong>tiam</strong></span> <span class='ocrx_word' id='word_1_932' title='bbox 2359 5552 2639 5617; x_wconf 62' lang='lat' dir='ltr'><strong>doctrinae,</strong></span> <span class='ocrx_word' id='word_1_933' title='bbox 2698 5569 2858 5622; x_wconf 91' lang='lat' dir='ltr'><strong>quam</strong></span> <span class='ocrx_word' id='word_1_934' title='bbox 2906 5553 3166 5622; x_wconf 88' lang='lat' dir='ltr'><strong>proximis</strong></span> <span class='ocrx_word' id='word_1_935' title='bbox 3212 5555 3516 5620; x_wconf 85' lang='lat' dir='ltr'><strong>ministrat,</strong></span> <span class='ocrx_word' id='word_1_936' title='bbox 3548 5557 3616 5611; x_wconf 88' lang='lat' dir='ltr'><strong>ad</strong></span> <span class='ocrx_word' id='word_1_937' title='bbox 3661 5574 3793 5612; x_wconf 80' lang='lat' dir='ltr'><strong>con-</strong></span> 
     </span>
    </p>
   </div>
   <div class='ocr_carea' id='block_1_116' title="bbox 2179 5641 3791 5712">
    <p class='ocr_par' dir='ltr' id='par_1_116' title="bbox 2179 5641 3791 5712">
     <span class='ocr_line' id='line_1_116' title="bbox 2179 5641 3791 5712; baseline 0.006 -16"><span class='ocrx_word' id='word_1_938' title='bbox 2179 5641 2460 5696; x_wconf 90' lang='lat' dir='ltr'><strong>scientiam</strong></span> <span class='ocrx_word' id='word_1_939' title='bbox 2499 5643 2708 5707; x_wconf 90' lang='lat' dir='ltr'><strong>redeat,</strong></span> <span class='ocrx_word' id='word_1_940' title='bbox 2739 5658 2901 5711; x_wconf 90' lang='lat' dir='ltr'><strong>seque</strong></span> <span class='ocrx_word' id='word_1_941' title='bbox 2935 5643 3112 5712; x_wconf 90' lang='lat' dir='ltr'><strong>ipsum</strong></span> <span class='ocrx_word' id='word_1_942' title='bbox 3157 5646 3339 5700; x_wconf 87' lang='lat' dir='ltr'><strong>subtili</strong></span> <span class='ocrx_word' id='word_1_943' title='bbox 3374 5649 3791 5705; x_wconf 78' lang='lat' dir='ltr'><strong>examinatione</strong></span> 
     </span>
    </p>
   </div>
   <div class='ocr_carea' id='block_1_117' title="bbox 2179 5729 3792 5809">
    <p class='ocr_par' dir='ltr' id='par_1_117' title="bbox 2179 5729 3792 5809">
     <span class='ocr_line' id='line_1_117' title="bbox 2179 5729 3792 5809; baseline 0.009 -27"><span class='ocrx_word' id='word_1_944' title='bbox 2179 5729 2453 5796; x_wconf 90' lang='lat' dir='ltr'><strong>discutiat,</strong></span> <span class='ocrx_word' id='word_1_945' title='bbox 2491 5747 2561 5786; x_wconf 91' lang='lat' dir='ltr'><strong>ne</strong></span> <span class='ocrx_word' id='word_1_946' title='bbox 2601 5733 2667 5786; x_wconf 91' lang='lat' dir='ltr'><strong>de</strong></span> <span class='ocrx_word' id='word_1_947' title='bbox 2692 5732 2793 5797; x_wconf 89' lang='lat' dir='ltr'><strong>his,</strong></span> <span class='ocrx_word' id='word_1_948' title='bbox 2813 5748 2932 5802; x_wconf 61' lang='lat' dir='ltr'><strong>quat</strong></span> <span class='ocrx_word' id='word_1_949' title='bbox 2959 5732 3091 5788; x_wconf 88' lang='lat' dir='ltr'><strong>foris</strong></span> <span class='ocrx_word' id='word_1_950' title='bbox 3126 5736 3406 5804; x_wconf 70' lang='lat' dir='ltr'><strong>praedicat,</strong></span> <span class='ocrx_word' id='word_1_951' title='bbox 3436 5738 3655 5808; x_wconf 81' lang='lat' dir='ltr'><strong>aliquid</strong></span> <span class='ocrx_word' id='word_1_952' title='bbox 3676 5744 3792 5809; x_wconf 76' lang='lat' dir='ltr'><strong>ipse</strong></span> 
     </span>
    </p>
   </div>
   <div class='ocr_carea' id='block_1_118' title="bbox 2177 5819 3796 5902">
    <p class='ocr_par' dir='ltr' id='par_1_118' title="bbox 2177 5819 3796 5902">
     <span class='ocr_line' id='line_1_118' title="bbox 2177 5819 3796 5902; baseline 0.009 -26"><span class='ocrx_word' id='word_1_953' title='bbox 2177 5819 2319 5892; x_wconf 85' lang='lat' dir='ltr'><strong>apud</strong></span> <span class='ocrx_word' id='word_1_954' title='bbox 2344 5837 2404 5882; x_wconf 83' lang='lat' dir='ltr'><strong>se</strong></span> <span class='ocrx_word' id='word_1_955' title='bbox 2435 5823 2764 5885; x_wconf 80' lang='lat' dir='ltr'><strong>intrinsecus</strong></span> <span class='ocrx_word' id='word_1_956' title='bbox 2815 5825 3138 5888; x_wconf 57' lang='lat' dir='ltr'><strong>transitoria</strong></span> <span class='ocrx_word' id='word_1_957' title='bbox 3185 5827 3363 5888; x_wconf 87' lang='lat' dir='ltr'><strong>laudis</strong></span> <span class='ocrx_word' id='word_1_958' title='bbox 3407 5842 3649 5902; x_wconf 78' lang='lat' dir='ltr'><strong>quaerat.</strong></span> <span class='ocrx_word' id='word_1_959' title='bbox 3683 5833 3796 5890; x_wconf 81' lang='lat' dir='ltr'><strong>Sed</strong></span> 
     </span>
    </p>
   </div>
  </div>
