3938 6360
95 297 340 358 585.

1030 297 1383 355 COMMENT.
1423 297 1486 352 ΙΝ
1528 297 1980 382 EZECllIELEM.
2024 329 2095 341 —
2131 299 2261 357 LIB.
2299 301 2384 356 IV.

3249 305 3354 362 586

96 426 216 478 iaec,
238 424 356 482 quae
374 401 617 468 breviter
636 393 737 466 sub
761 411 959 482 duplici
991 412 1262 466 intellectu
1286 411 1659 473 discnssimus,
1692 414 1743 474 Α
1770 411 1855 465 nis
1879 412 2103 466 verbum
2147 428 2254 467 non
2289 411 2498 478 habuit,
2529 412 2655 483 quia
2695 421 2749 468 ct
2776 409 2895 483 ejus
2924 414 3275 496 negligentia,
3301 427 3360 476 et

96 503 250 558 ›ι;ιορῑ
292 509 352 557 ut
387 501 543 573 juxta
582 500 1075 559 considerationem
1106 502 1298 558 littera:
1332 502 1526 556 leniter
1551 510 1664 557 tan-

95 594 249 663 gendo
271 601 630 648 transeamus.
663 590 802 660 Quid
822 592 968 648 enim
1000 592 1229 662 amplius
1252 608 1350 664 per
1370 593 1485 664 ipsa
1506 592 1668 648 verba

97 687 341 751 iistoriaz,
407 701 569 757 quam
619 687 790 740 virtus
841 685 1163 741 obedientiae
1219 685 1666 752 commendatur,

95 793 200 835 :um
230 778 383 833 modo
406 779 458 832 in
484 777 1015 850 transmigrationem
1031 777 1188 846 juxta
1211 776 1431 832 ﬁuvium
1453 776 1671 833 Chohar

100 884 324 939 tergere,
370 870 528 924 modo
577 869 631 924 in
669 883 921 940 campum
950 869 1157 940 egredi,
1194 869 1354 925 modo
1381 885 1447 925 ex
1478 883 1670 941 campo

96 963 149 1017 td
180 963 391 1017 domum
438 961 614 1017 redire
652 963 918 1033 propheta
959 961 1291 1032 praecipitur,
1331 971 1391 1016 ut
1422 963 1572 1032 prius
1603 977 1669 1018 ex

98 1054 311 1110 ussione
336 1069 586 1125 pergens,
612 1065 669 1110 et
693 1055 856 1126 paulo
883 1062 1006 1126 post
1033 1055 1244 1121 exiens,
1272 1063 1435 1125 atque
1475 1056 1669 1110 iterum

96 1145 292 1199 lomum
336 1145 573 1212 rediens,
617 1154 672 1201 et
714 1146 1065 1216 semetipsum
1110 1145 1411 1210 recludens,
1460 1161 1674 1217 semper

95 1253 190 1292 sua:
232 1237 520 1294 voluntatis
569 1239 878 1305 arbitrium,
927 1239 992 1292 ad
1040 1238 1208 1293 divini
1245 1239 1442 1310 eloquii
1469 1254 1674 1309 praece-

96 1337 227 1381 itum
270 1327 503 1398 frangat,
551 1336 819 1400 quatenus
862 1328 917 1382 in
957 1327 1164 1384 cmlesti
1205 1329 1416 1383 visione
1446 1345 1673 1400 suspen-

95 1437 193 1486 ms,
236 1437 337 1478 non
383 1438 559 1488 suam,
596 1422 690 1479 sed
719 1421 1027 1478 Conditoris
1075 1422 1158 1477 sui
1209 1423 1541 1477 voluntatem
1575 1423 1672 1478 im-

95 1515 262 1570 )leat?
286 1515 384 1572 Cui
437 1516 678 1572 dicitur:
712 1534 730 1567 ‹
763 1515 830 1570 Ει
865 1523 945 1580 ιιι,
985 1513 1058 1568 ﬁli
1094 1515 1348 1580 hominis,
1373 1531 1501 1571 ecce
1545 1515 1671 1570 data

95 1622 242 1676 super
288 1615 340 1663 te
383 1615 510 1663 sunt
552 1606 789 1671 vincula,
827 1613 880 1660 ct
918 1605 1164 1676 ligabunt
1193 1614 1245 1660 te
1277 1607 1329 1660 in
1358 1606 1456 1671 eis,
1486 1614 1541 1661 et
1564 1623 1671 1663 non

95 1697 374 1766 agredieris
419 1699 475 1753 in
520 1698 696 1754 medio
739 1711 945 1752 eorum.
982 1717 1000 1748 ›
1047 1696 1162 1763 Qua
1204 1697 1349 1751 in-re
1375 1698 1669 1752 notandum

1770 504 2004 560 ﬁliorum
2031 505 2282 576 exigebat
2299 505 2430 571 vita,
2447 514 2507 560 ut
2530 520 2653 560 cum
2678 505 2755 561 eis
2778 516 2834 560 et
2859 508 3088 577 populus
3113 511 3354 578 caderet,

1768 607 1824 654 et
1851 612 1980 652 arca
2004 595 2218 652 Domini
2245 604 2402 668 capta
2429 596 2498 652 ad
2518 596 2830 668 Allophylos
2856 599 3116 655 transiret
3145 601 3198 672 (l
3226 600 3356 676 Reg.

1767 687 1861 760 ιι).
1902 687 2089 760 Magna
2133 687 2280 742 enim
2322 686 2707 759 omnipotentis
2747 688 2844 744 Dei
2895 698 2977 746 est
3015 691 3189 762 gratia
3235 710 3358 750 cum

1770 779 1955 848 inique
1979 780 2283 848 agentibus,
2308 779 2474 837 durus
2500 796 2532 836 a
2561 781 2873 838 doctoribus
2901 797 3081 842 sermo
3107 784 3362 856 increpa-

1771 872 1934 926 tionis
1962 869 2254 942 profertur,
2288 887 2394 942 quo
2421 879 2609 928 contra
2642 889 2786 930 nunc
2825 872 3024 929 dicitur
3057 892 3070 904 ·
3104 894 3122 925 ι
3159 875 3226 930 Ει
3253 876 3365 932 eris

1771 973 1973 1030 mutus,
1990 979 2092 1020 nec
2112 964 2266 1035 quasi
2285 965 2370 1020 vir
2388 965 2698 1038 objurgans.
2722 985 2740 1018 ι
2761 965 3142 1038 Dclinquentes
3162 969 3365 1022 etenim

1771 1054 2130 1127 objurgassct,
2168 1056 2213 1110 si
2257 1055 2406 1128 digni
2449 1055 2563 1126 ipsa
2602 1055 2994 1126 objurgationis
3023 1057 3194 1128 gratia
3228 1054 3363 1113 fuis-

1773 1154 1913 1201 sent.
1953 1145 2059 1202 Sed
2088 1163 2212 1202 cum
2239 1147 2295 1202 in
2323 1147 2569 1202 doctrina
2593 1157 2754 1218 atque
2781 1149 3000 1205 silentio
3041 1150 3112 1205 sit
3139 1151 3366 1207 merito-

1774 1253 1893 1292 rum
1919 1246 2065 1292 tanta
2101 1238 2409 1304 diversitas,
2437 1247 2496 1292 ut
2516 1240 2642 1294 sciri
2667 1239 2819 1295 facile
2839 1257 2946 1296 non
2967 1243 3158 1312 possit,
3181 1250 3364 1298 utrum

1771 1345 1839 1383 ex
1867 1329 2204 1384 auditoribus
2241 1343 2310 1383 an
2339 1344 2407 1384 ex
2441 1328 2559 1397 ejus
2586 1329 2738 1395 vitio,
2767 1331 2859 1399 qui
2887 1332 3146 1388 doctrinae
3185 1331 3364 1388 locum

1772 1420 1986 1476 videtur
2035 1427 2252 1486 tenere,
2305 1420 2529 1476 docendi
2581 1437 2760 1476 sermo
2812 1422 3186 1489 subtrahetur,
3238 1425 3366 1492 quid

1774 1510 1917 1566 aliud
1945 1511 2122 1577 nobis,
2172 1527 2334 1582 quam
2381 1526 2601 1566 servare
2647 1527 2860 1582 semper
2897 1512 2949 1566 in
2995 1513 3157 1568 rebus
3187 1513 3368 1569 dubiis

1774 1603 2050 1659 humilitas
2087 1602 2332 1674 jubet‘ur,
2380 1612 2440 1658 ut
2485 1613 2539 1658 et
2583 1602 2799 1674 quando
2846 1604 2993 1674 loqui
3037 1619 3364 1674 possumus,

1771 1712 1879 1751 non
1928 1695 2268 1763 extollamur,
2318 1711 2387 1750 ne
2433 1695 2572 1750 forte
2619 1698 2733 1751 hzec
2781 1696 2896 1768 ipsa
2942 1697 3144 1754 locutio
3178 1706 3368 1754 nostra

95 1789 223 1858 [ι]ού
257 1787 484 1845 adversa
512 1789 770 1859 propheta
804 1787 1115 1858 praenoscit,
1154 1794 1217 1842 ut
1259 1794 1450 1842 contra
1486 1788 1669 1843 omnia
1697 1790 1745 1850 B
1773 1787 1945 1858 gratia
1970 1802 2076 1842 non
2111 1788 2287 1853 nobis,
2317 1788 2411 1843 sed
2441 1787 2780 1844 auditoribus
2805 1791 3008 1846 nostris
3031 1790 3227 1846 collata
3273 1791 3366 1846 sit.

95 1887 320 1934 iaretur.
351 1879 527 1936 Minus
551 1880 694 1934 enim
720 1879 861 1934 mala
884 1888 1077 1936 contra
1096 1888 1331 1934 mentem
1354 1879 1668 1951 praevalent,

95 1987 197 2042 [uze
222 1972 497 2044 inopinata
521 1985 628 2027 non
653 1971 900 2027 veniunt.
927 1971 996 2026 Et
1017 1980 1220 2038 tamen,
1251 1972 1376 2026 dum
1398 1970 1669 2026 contraria

95 2073 504 2132 iraenoscuntur,
536 2072 743 2137 quanta
795 2064 868 2120 sit
917 2064 973 2120 in
1019 2079 1084 2120 eo
1131 2064 1453 2120 obedientize
1500 2063 1673 2118 virtus

95 2157 398 2221 istenditur,
436 2155 530 2225 qui
570 2163 625 2211 et
653 2153 953 2224 cognoscit,
983 2155 1127 2224 quod
1162 2154 1388 2210 adversa
1414 2169 1674 2224 passurus

95 2255 184 2312 :st,
213 2254 268 2302 et
309 2253 495 2301 tamen
547 2244 668 2301 voci
704 2245 1002 2301 Dominica:
1053 2243 1368 2301 inobediens
1411 2261 1520 2302 non
1568 2254 1671 2302 est.

95 2335 270 2406 dagna
314 2343 498 2392 autem
544 2334 982 2392 consideratione
1032 2333 1274 2407 indigent
1323 2336 1490 2392 verba
1553 2351 1677 2407 quae

95 2429 323 2484 irotinus
369 2429 642 2485 adduntur
680 2445 695 2482 :
742 2445 762 2479 ι
803 2427 872 2484 Et
919 2427 1158 2500 linguam
1195 2437 1345 2485 tuam
1396 2430 1677 2487 adhaerere

95 2523 274 2579 ’aciam
318 2521 500 2596 palato
542 2529 656 2591 tuo,
688 2529 745 2578 et
782 2521 893 2577 eris
919 2528 1119 2585 mutus,
1155 2535 1258 2577 nec
1283 2521 1441 2593 quasi
1468 2522 1554 2577 vir
1582 2521 1677 2576 ob-

96 2629 322 2685 urgans.
359 2633 378 2667 ι
406 2614 830 2671 Discernendum
855 2613 1054 2686 quippe
1080 2612 1237 2670 nobis
1261 2620 1345 2669 est
1371 2621 1549 2668 utrum
1579 2628 1678 2684 pro

95 2707 210 2763 ιοιὶε
235 2707 391 2763 malis
415 2706 773 2774 auditoribus,
805 2721 874 2761 an
919 2706 1206 2776 aliquando
1232 2706 1396 2760 etiam
1420 2719 1519 2776 pro
1545 2705 1678 2760 vitio

95 2799 450 2866 praedicantis,
477 2798 881 2870 praedicationis
911 2814 1092 2856 sermo
1127 2800 1498 2855 subtrahatur.
1534 2799 1679 2866 Qua-

99 2904 204 2944 uor
248 2889 393 2945 enim
441 2887 794 2961 qualitatibus
835 2904 922 2945 res
970 2889 1084 2943 haec
1116 2887 1458 2943 considerata
1488 2888 1678 2942 distin-

95 2977 283 3046 guitur.
339 2977 475 3034 Nam
532 2977 823 3048 aliquando
873 2987 1094 3050 propter
1141 2978 1416 3034 auditores
1471 2979 1677 3046 malos,

96 3067 238 3122 ponis
277 3063 484 3123 tollitur
511 3081 692 3124 sermo
720 3069 1057 3135 doctoribus,
1081 3068 1372 3141 aliquando
1402 3084 1529 3124 vero
1552 3085 1678 3140 pro-

1775 1879 1841 1931 Et
1871 1893 2081 1946 rursus,
2121 1881 2335 1949 quando
2355 1878 2502 1948 loqui
2525 1894 2631 1934 non
2660 1895 2970 1949 possumus,
2997 1882 3053 1935 hi
3091 1882 3182 1951 qui
3212 1882 3370 1937 nobis

1775 1972 2051 2026 commissi
2095 1979 2239 2037 sunt,
2278 1971 2501 2025 minime
2547 1985 2646 2026 nos
2691 1969 3005 2040 dijudicent,
3036 1985 3106 2026 ne
3134 1969 3370 2027 fortasse

1775 2077 1882 2117 non
1909 2078 1977 2117 ex
2006 2070 2215 2126 nostro,
2242 2062 2336 2115 sed
2367 2077 2435 2116 ex
2467 2070 2690 2131 peccato
2719 2062 3052 2118 audientium
3091 2062 3238 2133 loqui
3268 2063 3370 2118 mi-

1777 2158 1924 2212 nime
1960 2156 2252 2228 possimus.
2277 2154 2362 2210 Ad
2388 2154 2492 2210 hoc
2518 2170 2648 2225 ergo
2672 2155 2826 2210 nobis
2849 2162 3043 2211 cuncta
3066 2156 3132 2210 de
3159 2155 3371 2212 meritis

1777 2249 1978 2305 nostris
2005 2250 2214 2305 incerta
2251 2257 2402 2315 sunt,
2428 2257 2490 2304 ut
2513 2265 2676 2304 unam
2703 2257 2909 2306 certam
2930 2249 3160 2319 gratiam
3188 2258 3372 2304 tenea-

1776 2356 1898 2398 mus
1932 2341 2272 2406 bumilitatis,
2303 2347 2570 2411 quatenus
2597 2347 2653 2396 et
2686 2355 2786 2396 nos
2812 2355 2939 2396 cum
2964 2339 3260 2410 loquimur,
3303 2353 3368 2393 ex

1777 2433 2162 2504 omnipotentis
2191 2432 2288 2487 Dei
2336 2433 2499 2498 dono,
2542 2432 2646 2488 hoc
2691 2445 2813 2488 esse
2840 2439 3082 2487 vestrum
3113 2430 3369 2486 meritum

1778 2533 2048 2595 putemus.
2079 2524 2148 2580 Et
2172 2525 2392 2595 quando
2412 2539 2444 2579 a
2462 2524 2736 2580 locutione
2760 2524 3024 2581 doctrinae
3041 2524 3373 2580 obmutesci-

1779 2631 1922 2681 mus,
1952 2616 2201 2686 quamvis
2235 2624 2423 2672 nostra
2449 2615 2608 2688 culpa
2635 2616 2727 2682 sit,
2757 2631 2854 2670 vos
2883 2625 3064 2671 tamen
3093 2617 3234 2672 hanc
3255 2627 3375 2672 esse

1779 2713 2017 2759 vestram
2069 2704 2376 2774 specialiter
2414 2705 2671 2770 credatis,
2704 2715 2765 2760 ut
2805 2705 2931 2760 dum
2965 2704 3205 2761 vicissim
3232 2704 3374 2759 mala

1781 2795 1937 2851 nobis
1981 2792 2290 2861 tribuimus,
2336 2803 2394 2850 et
2429 2795 2570 2851 bona
2613 2795 2737 2851 aliis
2774 2810 2872 2866 per
2895 2795 3221 2852 humilitatis
3249 2811 3375 2868 gra-

1783 2888 1913 2941 tiam
1963 2886 2081 2953 fiat,
2130 2896 2191 2942 ut
2244 2887 2505 2944 doctrinae
2554 2901 2754 2952 sermo,
2803 2887 2896 2958 qui
2934 2887 3148 2944 ablatus
3175 2886 3375 2952 fuerat,

1782 2979 1987 3036 redeat.
2021 2979 2279 3049 Sequitur
2310 2997 2323 3032 :
2357 2997 2376 3030 ι
2413 2977 2548 3034 Cum
2585 2987 2768 3034 autem
2808 2978 3018 3034 locutus
3062 2976 3216 3034 fuero
3257 2978 3377 3044 tibi,

1783 3071 1994 3141 aperies
2014 3085 2076 3124 os
2101 3079 2273 3135 tuum,
2296 3076 2350 3123 et
2371 3067 2612 3138 loqueris
2637 3067 2705 3122 ad
2725 3081 2818 3122 eos
2852 3085 2863 3120 :
2895 3067 3022 3122 Haec
3035 3067 3167 3122 dicit
3197 3067 3380 3122 Domi-

95 3167 204 3214 iter
255 3157 429 3214 bonos
481 3158 781 3226 auditores,
831 3159 992 3214 datur
1039 3173 1220 3214 sermo
1269 3159 1581 3214 doctoribus
1625 3150 1751 3215 etC
1783 3178 1885 3219 nus
1903 3161 2188 3230 Deuszqui
2215 3161 2385 3226 audit,
2409 3159 2625 3226 audiat;
2651 3167 2704 3212 et
2725 3158 2818 3230 qui
2838 3159 3088 3229 quiescit,
3112 3159 3377 3229 quiescat,

95 3249 262 3316 nalis,
281 3249 573 3320 aliquando
599 3259 780 3305 autem
797 3259 1022 3321 propter
1049 3251 1360 3307 docentium
1387 3259 1550 3322 atque
1579 3268 1680 3306 au-

95 3343 346 3398 lientium
392 3343 875 3415 justiﬁeationem,
927 3345 1084 3401 bonis
1132 3347 1445 3402 doctoribus
1500 3361 1681 3401 sermo

95 3437 268 3504 Iatur,
298 3444 360 3492 ut
386 3445 455 3509 et
478 3436 583 3508 ipsi
608 3450 708 3508 per
733 3437 983 3492 meritum
1015 3446 1283 3505 crescant,
1320 3447 1377 3493 et
1407 3440 1682 3495 auditores

95 3541 273 3583 eorum
323 3527 602 3584 intellectu
638 3539 694 3584 et
719 3529 830 3600 vita
864 3528 1172 3600 proﬁciant.
1205 3531 1508 3602 Aliquando
1528 3548 1679 3600 vero,

95 3618 211 3690 [uia
239 3633 419 3690 neque
453 3619 510 3675 hi
550 3619 697 3691 digni
740 3621 1169 3691 suntaccipere,
1202 3621 1397 3690 quibus
1424 3622 1684 3678 doctrinm

95 3726 266 3767 termo
301 3711 609 3781 profertur,
656 3727 834 3783 neque
875 3714 951 3769 illi
994 3714 1252 3770 doctrinae
1295 3716 1520 3770 verbum
1561 3731 1685 3786 pro-

95 3803 250 3869 ‘erre,
275 3804 368 3874 qui
393 3802 571 3860 locum
596 3805 822 3860 docendi
848 3813 1056 3871 tenent,
1081 3805 1481 3878 praedicationis
1505 3821 1685 3862 sermo

96 3893 318 3960 ollitur,
345 3903 406 3949 ut
431 3903 663 3965 utraque
692 3911 821 3966 pars
846 3896 1090 3952 districte
1109 3897 1384 3968 judicetur
1415 3917 1427 3950 :
1461 3907 1686 3967 propter

95 3983 258 4038 nalos
306 3993 567 4055 namque~
596 3984 906 4050 auditores,
937 3986 1094 4040 bonis
1140 4002 1321 4042 sermo
1370 3987 1686 4042 doctoribus

99 4073 317 4138 ollitur,
334 4073 476 4128 sicut
499 4086 647 4127 nunc
670 4073 740 4127 ad
750 4071 1093 4129 Ezechielem
1112 4076 1430 4145 prophetam
1454 4075 1684 4130 dicitur:

96 4183 99 4214 :
138 4163 416 4233 Linguam
445 4169 595 4217 tuam
616 4162 894 4220 adhaerere
923 4163 1120 4220 faciam
1146 4167 1329 4238 palato
1359 4177 1471 4235 tuo,
1499 4177 1554 4222 et
1580 4168 1689 4224 eris

95 4263 294 4322 nutus,
323 4269 427 4311 nec
448 4255 608 4324 quasi
635 4256 720 4311 vir
745 4256 1058 4330 obiurgans,
1091 4259 1221 4330 quia
1251 4261 1442 4315 domus
1463 4276 1690 4332 exaspe-

95 4361 217 4400 -ans
241 4353 350 4417 est.
389 4365 412 4399 ι
446 4345 516 4402 Et
542 4347 686 4402 sicut
723 4347 892 4404 Paulo
945 4350 1148 4406 dicitur
1176 4369 1189 4407 :
1224 4370 1244 4404 ι
1277 4350 1502 4409 Festina
1525 4363 1578 4410 et
1600 4355 1689 4410 exi

95 4436 350 4492 velociter
398 4451 466 4493 ex
524 4435 891 4506 Hierusalem,
947 4442 1205 4510 quoniam
1263 4458 1373 4498 non
1425 4445 1689 4516 recipient

95 4529 465 4587 estimonium
509 4521 662 4586 tuum
699 4531 767 4587 de
789 4546 877 4587 me
903 4533 1042 4604 (Act.
1073 4534 1232 4608 χχιι).
1267 4555 1288 4588 ι
1323 4534 1391 4590 Et
1416 4535 1556 4591 sicut
1589 4551 1685 4591 vo-

96 4623 332 4680 lentibus
374 4623 648 4695 Apostolis
686 4626 985 4696 praedicare
1028 4627 1090 4706 in
1117 4627 1247 4684 Asia
1294 4629 1557 4700 scriptum
1600 4637 1686 4686 est

96 4719 220 4791 quia
251 4735 272 4770 ι
308 4718 588 4790 prohibuit
623 4733 718 4775 eos
749 4719 973 4790 spiritus
999 4717 1130 4775 Iesu
1158 4719 1297 4792 (Act.
1329 4725 1464 4789 xvi).
1501 4740 1520 4771 ›
1554 4721 1687 4777 Pro-

95 4819 216 4879 pter
242 4810 420 4866 bonos
450 4809 726 4866 auditores
764 4810 930 4866 etiam
981 4811 1138 4866 malis
1172 4812 1483 4867 doctoribus
1507 4826 1685 4867 sermo

95 4901 280 4965 datur,
310 4901 452 4957 sicut
495 4900 565 4956 de
606 4899 898 4956 Pharisaais
937 4899 1198 4955 Dominus
1232 4901 1363 4956 dicit
1391 4920 1404 4955 :
1439 4919 1458 4952 (
1491 4899 1687 4957 Omnia

95 5004 437 5061 quaecunque
471 4987 710 5045 dixerint
734 4989 912 5056 vobis,
946 4998 1160 5046 servate
1189 4999 1245 5046 et
1270 4989 1449 5045 facite.
1479 4989 1692 5046 Secun-

95 5083 229 5137 dum
256 5095 392 5137 vero
416 5095 585 5152 opera
613 5095 802 5138 eorum
838 5080 1007 5136 nolite
1041 5079 1255 5146 facere;
1295 5081 1482 5137 dicunt
1521 5081 1690 5148 enim,

95 5183 153 5229 et
196 5188 311 5230 non
354 5172 562 5230 faciunt
591 5172 807 5246 (Matth.
838 5171 1019 5246 χχιιι).
1057 5190 1076 5226 ι
1117 5172 1345 5246 Propter
1380 5175 1690 5230 docentium

95 5279 322 5336 quoque
340 5265 596 5321 meritum
620 5271 676 5320 et
697 5263 1029 5319 audientium
1046 5263 1492 5334 justiﬁeationem
1513 5282 1693 5323 sermo

96 5358 369 5414 doctrinae
406 5357 684 5424 tribuitur,
727 5356 868 5413 sicut
908 5357 1110 5413 sanctis
1156 5360 1411 5428 apostolis
1445 5361 1642 5416 dicitur
1676 5379 1691 5416 :

103 5468 125 5502 ‹
149 5449 366 5505 Euntes
382 5463 528 5505 nunc
547 5447 738 5505 docete
755 5463 946 5505 omnes
966 5458 1156 5520 gentes
1182 5449 1395 5521 (Matth.
1424 5451 1640 5522 xxviii).
1671 5471 1690 5505 ι

97 5539 340 5609 Propter
368 5540 539 5595 malos
573 5539 848 5594 auditores
875 5547 931 5595 et
957 5540 1233 5611 indignam
1270 5541 1433 5596 vitam
1483 5557 1695 5608 eorum,

98 5632 201 5703 qui
243 5632 442 5688 docere
471 5633 801 5699 debuerunt,
843 5647 1022 5688 sermo
1048 5631 1307 5690 doctrinae
1338 5636 1694 5703 subtrahitur,

98 5727 256 5781 sicut
283 5722 498 5788 Baiad
527 5724 874 5794 corrigendos
902 5725 1060 5792 ﬁlios,
1090 5726 1348 5784 districta:
1375 5727 1698 5799 increpatio—

489 5818 774 5879 PA'rnOL.
811 5815 949 5880 CX.

1780 3257 1906 3327 quia
1935 3257 2126 3310 domus
2157 3268 2489 3324 exasperatis
2515 3261 2617 3308 est.
2657 3271 2676 3306 ι
2715 3250 2869 3322 Saepe
2900 3252 3121 3322 quidam
3150 3253 3378 3306 verbum

1781 3346 1878 3403 Dei
1929 3345 2116 3400 audire
2169 3343 2502 3407 desiderant,
2555 3341 2650 3397 sed
2693 3341 2819 3397 dum
2868 3341 3002 3397 alios
3039 3341 3384 3412 conspiciunt

1782 3450 1971 3492 aurem
2001 3443 2268 3497 avertere,
2297 3433 2462 3486 etiam
2493 3431 2597 3502 ipsi
2637 3447 2668 3486 a
2695 3431 2886 3487 salutis
2929 3432 3115 3487 auditu
3162 3433 3384 3488 devian—

1786 3539 1892 3585 tur.
1941 3528 2009 3583 Et
2044 3527 2364 3597 plerumque
2393 3524 2552 3579 multi
2584 3523 2866 3593 quiescam
2907 3531 3186 3592 appetunt,
3219 3532 3382 3592 atque

1782 3635 1814 3674 a
1863 3618 2071 3673 cunctis
2106 3617 2289 3672 mundi
2322 3615 2480 3684 hujus
2531 3616 2742 3671 actibus
2788 3630 3007 3680 vacare,
3054 3615 3214 3670 nullis
3264 3614 3379 3683 jam

1784 3709 2066 3764 desideriis
2095 3709 2326 3763 terrenis
2349 3708 2724 3764 succumbere.
2752 3706 2859 3763 Sed
2886 3708 3014 3762 dum
3034 3708 3221 3762 vident
3247 3709 3383 3762 alios

1781 3801 2022 3870 inquieto
2051 3801 2257 3871 agendo
2285 3800 2576 3872 proﬁcere,
2603 3809 2767 3869 atque
2795 3799 2850 3853 in
2878 3800 2981 3854 hoc
3010 3799 3210 3854 mundo
3249 3800 3385 3854 divi-

1785 3895 1878 3948 tiis
1904 3903 1957 3948 et
1981 3895 2278 3949 honoribus
2306 3894 2511 3960 extolli,
2538 3893 2665 3963 quia
2697 3892 2927 3948 necdum
2958 3893 3009 3947 in
3040 3893 3126 3947 via
3161 3893 3385 3947 rectitu-

1787 3985 1929 4041 dinis
1955 3984 2097 4039 ﬁrmi
2123 3993 2265 4048 sunt,
2293 3984 2361 4039 ad
2391 3999 2560 4053 prava
2586 3999 2751 4053 opera
2781 4000 2849 4038 ex
2879 3984 3108 4037 aliorum
3137 3984 3384 4053 exemplo

1788 4077 2130 4132 delabuntur.
2161 4076 2300 4130 Hinc
2344 4083 2428 4130 est
2468 4075 2638 4139 enim,
2668 4076 2812 4144 quod
2843 4075 2896 4128 in
2937 4083 3064 4144 typo
3095 4075 3382 4128 inﬁrman-

1789 4168 1924 4222 tium
1954 4166 2240 4222 Psalmista
2268 4167 2494 4236 loquens
2531 4165 2746 4220 dicebat
2780 4182 2792 4217 :
2830 4183 2848 4216 ‹
2881 4163 2984 4218 Mei
3025 4173 3204 4219 autem
3248 4180 3386 4235 pene

1789 4260 1924 4316 moti
1956 4268 2081 4315 sunt
2121 4259 2306 4330 pedes,
2347 4272 2484 4328 pene
2509 4255 2666 4312 effusi
2698 4266 2822 4312 sunt
2854 4270 3072 4328 gressus
3097 4258 3226 4323 mei,
3257 4257 3386 4328 quia

1790 4352 1994 4409 zelatus
2019 4368 2138 4407 sum
2169 4352 2222 4405 in
2265 4351 2673 4421 peccatoribus,
2703 4365 2892 4420 pacem
2925 4359 3272 4421 peccatorum
3301 4352 3384 4406 vi-

1793 4445 1925 4500 dens
1955 4441 2129 4516 (Psal.
2159 4442 2354 4514 Lxxn).
2387 4461 2405 4494 ›
2448 4440 2586 4498 Hinc
2629 4441 2825 4497 iterum
2863 4442 2994 4498 dicit
3021 4459 3034 4496 :
3069 4461 3088 4494 ι
3119 4444 3254 4499 Dum
3296 4460 3388 4500 su-

1792 4533 1970 4606 perbit
1993 4533 2212 4603 impius,
2246 4532 2554 4588 incenditur
2578 4547 2784 4605 pauper
2813 4531 2989 4605 (Psal.
3015 4533 3093 4606 ι).
3119 4553 3139 4586 ι

2405 4645 2635 4702 CAPUT
2681 4644 2770 4700 IV.

1794 4737 2000 4794 Lateri:
2043 4735 2355 4807 explicatio;
2397 4737 2461 4789 de
2497 4735 2808 4807 captivitate
2830 4734 3008 4791 decem
3040 4733 3293 4796 tribuum.
3339 4747 3390 4792 et

2315 4806 2380 4859 de
2407 4805 2650 4882 angustia
2679 4805 2857 4876 famis.

1874 4917 1894 4951 ι
1928 4899 1998 4953 Et
2027 4905 2109 4964 tu,
2139 4897 2215 4951 fili
2245 4897 2500 4962 hominis,
2536 4912 2688 4954 sume
2726 4899 2821 4955 tibi
2857 4899 3110 4967 laterem,
3140 4908 3196 4955 et
3221 4915 3391 4971 pones

1802 5011 1822 5044 ι
1865 5005 1988 5046 eum
2017 5004 2199 5046 coram
2225 4999 2297 5055 te,
2327 4997 2380 5045 et
2414 4989 2690 5046 describes
2712 4991 2768 5046 in
2797 5006 2862 5048 eo
2889 4991 3166 5048 civitatem
3195 4991 3392 5048 Hieru-

1804 5100 1824 5134 ‹
1868 5083 2055 5148 salem,
2087 5090 2142 5138 et
2169 5083 2447 5138 ordinabis
2475 5081 2763 5139 adversum
2792 5099 2914 5140 eam
2948 5084 3302 5151 obsidionem,
3336 5095 3392 5142 et

1803 5194 1823 5228 ι
1869 5175 2161 5232 aediﬁcabis
2209 5177 2563 5244 munitiones,
2599 5187 2655 5233 et
2701 5178 3068 5249 comportabis
3114 5194 3388 5252 aggerem,

1805 5287 1824 5320 ι
1869 5277 1923 5324 et
1967 5269 2122 5324 dabis
2165 5277 2356 5324 contra
2409 5285 2530 5325 eam
2571 5279 2772 5336 castra,
2816 5277 2871 5326 et
2909 5285 3078 5342 pones
3106 5272 3305 5328 arietes
3335 5273 3390 5328 in

1805 5379 1825 5412 ι
1872 5376 2025 5432 gyro,
2060 5380 2078 5413 ι
2109 5371 2214 5416 etc.
2244 5360 2514 5433 (Ηίενοη.)
2543 5361 2693 5418 Sicut
2721 5362 2872 5434 prius
2898 5364 3132 5420 diximus
3158 5383 3171 5420 :
3201 5385 3220 5418 ι
3243 5365 3391 5420 Intra

1801 5461 1857 5505 et
1889 5450 2162 5506 includere
2195 5451 2251 5506 in
2287 5453 2465 5507 medio
2497 5452 2686 5508 domus
2712 5460 2834 5508 tuae.
2863 5453 2931 5509 Et
2959 5470 3088 5512 ecce
3115 5456 3241 5511 data
3263 5464 3392 5510 sunt

1800 5558 1962 5612 super
1996 5551 2048 5597 te
2074 5542 2312 5609 vincula,
2340 5552 2394 5598 et
2418 5542 2661 5612 ligabunt
2694 5550 2768 5611 te,
2796 5554 2850 5599 et
2875 5562 2980 5602 non
3011 5547 3325 5618 egredieris,
3365 5564 3388 5599 ι

1799 5645 1986 5706 typum
2026 5651 2146 5691 esse
2178 5635 2497 5706 prophetam
2539 5634 2732 5692 futurae
2760 5639 3058 5696 obsidionis
3085 5641 3235 5696 urbis
3267 5636 3394 5695 llic-

1800 5726 2060 5793 rusalem,
2106 5726 2179 5781 ita
2217 5741 2359 5780 nunc
2388 5727 2713 5796 geometrica
2732 5727 2956 5798 jubetur
2986 5731 3039 5784 in
3078 5729 3247 5788 latere
3274 5739 3392 5785 arte

2920 5823 2990 5884 19
