3938 6360
532 369 639 427 ωτ
1175 361 1237 418 Β.
1278 354 1533 417 RABANI
1571 352 1792 415 MAURI
1828 350 2114 413 ARCHIEP

2216 350 2497 414 l0GUNT.
2537 348 2826 414 OPERUM
2862 353 3045 412 PARS
3077 354 3146 412 Il.
3528 348 3571 357 ⁷
3760 350 3850 413 δῦ

533 476 864 548 ttescribere,
892 479 1176 552 ipsumque
1200 477 1427 535 laterem
1446 477 1573 548 poni
1606 476 1662 533 in
1686 482 1975 548 conspectu
2002 489 2127 548 pro-
2232 473 2375 531 inter
2402 472 2698 542 civitatem,
2726 481 2782 559 et
2807 462 3122 563 obﬁrmabis
3374 466 3578 563 tuna
3597 462 3679 522 ad
3718 482 3847 561 eam,

530 578 728 649 pheue,
758 582 820 629 ut
856 578 1139 644 postquam
1172 568 1539 641 descripserit,
1564 568 1630 624 in
1672 568 1891 641 pulvere
1928 566 2124 625 Hieru—
2152 552 2165 573 ί
2226 575 2283 624 et
2305 567 2410 622 erit
2435 566 2490 622 in
2520 552 2818 630 obsidione,
2852 566 2907 619 et
2934 552 3297 619 circumdabis
3322 574 3482 649 eam.
3506 552 3759 632 Signum
3777 552 3844 617 est

500 648 702 724 salvam
759 674 976 721 omnem
1010 663 1298 719 adversum
1355 670 1475 719 eam
1521 662 1712 734 pingat
1764 659 2122 729 obsidionem,
2219 648 3287 741 vdomuilSracl.i(Hieron.)Quodsupra
3302 648 3839 741 diximus,etipsuzn

536 750 866 815 adumbratis
909 752 1259 820 munitiones,
1306 760 1361 811 et
1396 760 1763 826 comportatos
1796 761 2039 827 aggeres,
2069 760 2129 811 et
2192 754 2199 759 ’
2224 752 2544 824 pr0pbetam
2567 754 2624 805 et
2647 747 3069 821 descriptionem
3085 740 3272 804 lateris
3289 740 3743 813 munitionibus,
3767 761 3839 821 ag-

484 827 795 910 ricOrouam
835 844 1090 904 vallantis
1130 846 1426 913 exercitus,
1465 853 1520 902 et
1557 845 1753 902 arietes
1792 843 1847 901 in
1871 845 2123 914 circuitu,

532 958 633 1016 per
662 950 781 1015 quze
807 940 989 997 omnia
1015 938 1181 996 urbes
1209 938 1329 1012 capi
1358 937 1550 1007 solent,
1582 937 1911 996 munitiones
1938 936 2128 996 dicun-

533 1045 624 1091 tur
656 1033 851 1104 quibus
878 1031 1011 1087 urbs
1062 1029 1349 1096 clauditur,
1384 1044 1455 1085 ne
1485 1029 1607 1103 quis
1635 1023 1972 1086 obsessorem
2001 1038 2126 1101 pos-

533 1129 605 1183 sit
634 1122 887 1197 effugere,
921 1123 1243 1195 comportat!
1276 1130 1521 1196 aggeres,
1556 1122 1753 1197 quibus
1787 1120 1987 1179 vallum
2017 1121 2128 1178 fos-

532 1210 713 1291 szeque
739 1215 1095 1289 cumplentur.
1125 1214 1315 1273 Castra
1345 1215 1578 1272 militum
1607 1215 1863 1272 custodiae
1892 1230 1991 1289 per
2020 1213 2127 1271 cir-

533 1312 755 1374 cuitum,
801 1302 1003 1364 arietes
1040 1307 1235 1379 quibus
1275 1314 1555 1365 murorum
1594 1307 1946 1364 fundamenta
1991 1322 2125 1379 qua-

531 1402 758 1469 tiuntur,
796 1407 852 1457 et
883 1398 1124 1472 lapidum
1149 1399 1405 1472 junctura
1431 1394 1764 1457 dissolvitur.
1799 1394 1914 1457 Hoc
1943 1406 2127 1456 autem

2227 855 2355 919 gere
2369 839 2735 913 arietibusque
2755 835 3181 896 circumdantem
3200 836 3258 894 in
3286 838 3524 910 signum
3542 838 3835 908 precedent

2225 930 2535 991 obsidenda:
2556 928 2893 989 Hierusalem
2913 973 2929 999 ,
2963 928 3069 989 hoc
3088 946 3235 988 nunc
3256 926 3643 986 manifestius
3665 929 3834 985 dicitur

2224 1032 2349 1105 post
2396 1014 2586 1092 multa,
2613 1024 2733 1098 quae
2785 1020 2961 1080 media
3011 1028 3163 1087 sunt,
3196 1012 3481 1095 «Signum
3534 1028 3634 1077 est
3680 1019 3829 1085 derasi

2226 1117 2445 1185 lsracl,r
2466 1116 2682 1188 sartago
2708 1114 2905 1184 ferrea,
2929 1114 3049 1188 quae
3070 1110 3242 1169 instar
3256 1111 3409 1169 muri
3431 1111 3605 1168 inter
3628 1108 3830 1184 propte-

2230 1214 2340 1267 tam
2374 1218 2430 1266 et
2471 1208 2661 1265 Urbem
2704 1204 2943 1281 ponitur,
2992 1206 3253 1281 grandem
3296 1205 3445 1261 iram
3509 1200 3825 1269 deumnstra:

2227 1298 2346 1372 Dei,
2391 1296 2717 1375 quae-nullis
2760 1292 3011 1372 precibus
3054 1292 3314 1372 fatigetur
3346 1310 3460 1353 nec
3502 1294 3757 1352 ﬂectatur
3775 1298 3823 1351 δὲ

2229 1389 2678 1448 misericordiam.
2707 1386 2861 1445 Sicut
2878 1389 3024 1444 enim
3043 1384 3221 1461 omnia
3247 1384 3488 1443 metalla
3514 1384 3731 1449 ferrum
3751 1388 3819 1443 do-

532 1493 749 1558 dicitur,
787 1501 849 1548 ut
879 1488 1213 1563 significetur
1248 1491 1400 1549 urbis
1442 1488 1779 1549 Hierusalem
1822 1490 1922 1553 sub
1965 1488 2130 1550 Sede-
2228 1488 2359 1561 mal,
2389 1479 2634 1563 nihiqu
2661 1484 2727 1539 ῦὸ
2767 1481 2954 1539 durius
2983 1492 3089 1550 est»
3120 1482 3201 1539 Sic
3240 1476 3620 1538 incredibilia
3652 1478 3818 1539 “de”

532 1582 655 1640 chia
686 1594 835 1654 rege,
872 1558 1051 1639 vicina
1093 1583 1403 1655 captivitas,
1437 1584 1592 1656 cujus
1640 1597 1784 1640 anno
1814 1580 2123 1653 undecimo,
2229 1558 2567 1630 Hierusalem
2595 1558 2765 1628 Deum
2795 1579 2991 1629 natura
3020 1568 3236 1627 nionem
3273 1585 3380 1627 δυο
3418 1566 3578 1649 Vitio
3613 1567 3817 1626 rem

529 1680 585 1729 et
627 1682 723 1729 rex
763 1680 819 1729 et
854 1670 1047 1730 civitas
1093 1680 1252 1749 capta
1297 1681 1402 1730 est.
1447 1672 1554 1731 Pro
1590 1671 1782 1740 latere,
1817 1673 1909 1747 qui
1940 1672 2127 1732 Graece
2228 1672 2352 1749 esse
2399 1664 2767 1721 duriSSimllm-
2817 1662 3049 1738 Sarlago
3096 1677 3315 1737 quoque
3364 1660 3593 1720 dicitur
3644 1660 3813 1717 mediis

528 1763 730 1821 dicitur
753 1776 951 1839 genere
976 1744 1234 1822 feminino
1261 1770 1292 1829 ἡ
1320 1767 1534 1833 πλίνθος,
1571 1744 1930 1841 Symmachus
1953 1753 2130 1824 mani-5
2153 1774 2188 1841 ﬁ
2229 1744 2375 1818 inter
2413 1754 2668 1833 populum
2699 1762 2753 1841 et
2796 1756 2967 1814 Deum
2998 1773 3183 1841 murus
3215 1750 3552 1833 oppositus,
3586 1764 3649 1812 ut
3671 1764 3813 1815 esta-

528 1854 721 1913 l‘estius
751 1838 1138 1927 interpretatus
1162 1864 1267 1925 est,
1303 1857 1543 1924 πλίντιον,
1572 1838 1732 1928 quem
1762 1860 1862 1914 nes
1891 1857 2127 1914 latercu-
2230 1849 2323 1937 dat
2350 1864 2568 1937 omnem
2597 1840 2998 1937 multitudinem
3029 1838 3085 1905 in
3114 1842 3266 1937 brevi
3303 1860 3441 1905 esse
3484 1842 3813 1920 frangentia!

498 1962 499 1965 ‘
527 1944 640 2004 ium
669 1958 723 2005 et
744 1950 971 2005 abacum
997 1948 1271 2022 appellare
1299 1956 1608 2023 possumus.
1635 1946 1696 2003 In
1722 1948 1874 2021 cujus
1905 1940 2128 2019 pulv'ere
2158 1930 2185 1953 ⁷
2229 1930 2687 2014 redigendamque
2707 1938 2777 1997 ad
2797 1930 3047 2005 nihilum.
3079 1930 3411 2001 Oblirmatio
3440 1952 3641 2000 autem

529 2039 709 2098 solent
750 2047 1041 2113 geometra:
1079 2040 1352 2119 γραμμάς,
1391 2038 1447 2095 id
1488 2046 1592 2107 est,
1636 2038 1809 2096 lineas
1838 2037 2129 2111 radiosque
2229 2037 2417 2089 contra
2461 2028 2674 2100 urbem,
2710 2028 3017 2097 severitatis
3044 2026 3315 2119 judicium
3364 2044 3462 2093 est
3489 2024 3653 2119 inita
3694 2022 3808 2102 illud

530 2108 855 2188 describere.
908 2128 989 2186 Ex
1040 2108 1150 2202 quo
1189 2108 1414 2201 quidam
1459 2127 1649 2185 volunt
1692 2141 1801 2184 non
1831 2108 2114 2184 absurdum

2228 2124 2373 2199 quod
2388 2122 2514 2199 alibi
2529 2123 2789 2199 scriptum
2801 2118 3027 2207 legimus
3042 2108 3067 2209 ς’
3081 2145 3102 2181 ‹
3127 2108 3322 2193 Facieé
3594 2132 3809 2209 superla—

525 2230 647 2281 esse
699 2224 864 2281 etiam
906 2218 1070 2291 hujus
1116 2222 1379 2278 doctrinae
1422 2222 1628 2277 habere
1678 2218 1984 2286 scientiam,
2036 2217 2128 2275 illa
2228 2216 2434 2303 cientes
2457 2214 2695 2285 mala,ut
2721 2204 3001 2290 disperdat
3023 2204 3089 2303 de
3116 2222 3262 2279 terra
3276 2221 3629 2291 memoriam

526 2306 771 2386 exempla
801 2312 1149 2386 replicantes,
1179 2312 1324 2386 quod
1354 2312 1510 2369 Jesus
1536 2311 1680 2368 illius
1706 2306 1854 2368 Nave
1877 2308 2126 2382 explora-

526 2417 673 2464 tores
702 2407 936 2476 miserit,
972 2407 1067 2479 qui
1092 2414 1295 2463 terram
1328 2400 1732 2473 describerent,
1757 2414 1879 2477 qua:
1905 2400 2126 2477 preprie

525 2510 753 2556 vocatur
786 2500 1116 2565 Geometria,
1147 2507 1203 2555 et
1232 2498 1454 2571 angelus
1480 2498 1534 2553 in
1573 2490 1835 2553 Zacharia
1874 2494 2126 2553 habuerit

526 2589 829 2646 funiculum
862 2590 1251 2662 geometricum
1294 2588 1363 2644 ad
1398 2584 1738 2644 Hierusalem
1766 2588 2120 2661 metiendam.

526 2681 595 2736 Et
621 2678 764 2752 quod
804 2688 949 2737 nunc
986 2682 1206 2754 jubetur
1236 2679 1500 2756 propheta
1539 2678 1883 2738 Hierusalem
1924 2682 1980 2737 in
2004 2680 2123 2754 pul-

526 2784 659 2828 vere
698 2771 1026 2840 describere,
1066 2784 1186 2845 quae
1222 2773 1362 2844 apud
1406 2778 1501 2829 eos
1538 2772 1758 2845 proprie
1797 2771 2119 2847 appellatur,

526 2868 904 2944 σκηνογρἁφια,
933 2880 1221 2938 possumus
1252 2866 1479 2924 laterem
1511 2876 1565 2923 et
1606 2865 1661 2923 in
1692 2865 2121 2939 Suggillationem

524 2950 737 3013 lsraells
785 2958 1055 3030 accipere,
1104 2958 1247 3031 quod
1286 2956 1341 3013 in
1390 2954 1505 3015 luto
1557 2956 1612 3015 et
1653 2958 1824 3014 latere
1868 2956 2121 3016 servierit

524 3040 817 3119 P‘barabni,
850 3048 962 3108 sive
999 3056 1060 3106 ut
1088 3050 1237 3117 urbs,
1269 3052 1433 3122 quam
1462 3050 1726 3123 putabant
1749 3049 1870 3107 eSSe
1905 3040 2119 3107 ﬁrmam

521 3144 577 3197 et
622 3142 1112 3216 inexpdgnabilem,
1165 3140 1512 3217 fragilissimo
1551 3142 1712 3200 lateri
1749 3152 2116 3216 comparetdr,

2228 2302 2632 2381 (Psa'l.ixx111).
2656 2328 2675 2362 ι
2694 2302 2896 2383 (ἄνες.)
2914 2298 3051 2378 Quid
3066 2317 3283 2385 sartago
3306 2304 3509 2375 ferrea

2224 2401 2502 2473 propheta:
2521 2396 2643 2469 fuit,
2666 2404 2724 2455 ut
2750 2400 2891 2479 hanc
2913 2400 3056 2461 inter
3075 2417 3134 2459 se
3167 2388 3224 2467 et
3262 2392 3805 2479 civitatem

2225 2488 2493 2563 quatenus
2522 2490 2581 2547 Se
2608 2488 2676 2548 ab
2705 2490 2821 2563 ejus
2843 2474 3122 2550 obsidione
3146 2486 3489 2564 separaret?
3521 2474 3664 2551 Cum
3693 2474 3805 2555 calin

2226 2582 2472 2639 dicitur:
2510 2600 2531 2635 ‹
2582 2580 2748 2639 Sume
2800 2570 2897 2638 tibi
2942 2572 3268 2657 sartaginem
3320 2582 3589 2643 ferream
3637 2593 3691 2649 et
3728 2602 3805 2658 pa»

2224 2691 2323 2733 nes
2365 2691 2486 2733 eam
2529 2692 2744 2733 murum
2781 2674 3023 2734 ferreum
3070 2676 3210 2733 inter
3257 2684 3314 2734 te
3365 2685 3430 2734 et
3468 2678 3800 2744 civitatem.)

2224 2773 2411 2845 aperte
2437 2769 2765 2839 declaratur,
2794 2770 2921 2843 quia
2951 2784 3048 2845 per
3069 2768 3320 2841 eamdem
3348 2771 3708 2845 sartaginem
3722 2771 3806 2835 ler-

2223 2879 2373 2921 ream
2400 2862 2468 2925 ab
2491 2852 2772 2920 obsidione
2794 2860 3032 2920 civitatis
3057 2878 3117 2927 se
3158 2850 3395 2921 liberum
3420 2858 3647 2925 reddat.
3680 2860 3806 2927 Ειὰι

2224 2966 2279 3016 et
2298 2946 2443 3030 quod
2465 2954 2692 3035 praadixi
2718 2948 3063 3028 subiungitur
3091 2973 3110 3017 ξ
3136 2976 3154 3013 ί
3182 2942 3250 3019 Et
3270 2942 3618 3019 obfirmabis
3636 2957 3807 3019 faciem

2223 3056 2373 3105 tuam
2399 3049 2469 3106 ad
2495 3065 2634 3117 eam,
2679 3057 2739 3106 et
2761 3044 2870 3107 erit
2917 3047 2976 3105 in
3008 3048 3369 3111 obsidionem.
3430 3069 3457 3107 ι
3496 3051 3593 3115 Bs
3616 3065 3725 3123 qua
3758 3065 3810 3109 re

2222 3138 2546 3212 ostenditur,
2598 3141 2726 3215 quia
2766 3142 3035 3214 propheta
3068 3143 3126 3201 in
3162 3144 3359 3221 eadem
3393 3144 3689 3205 obsidione
3709 3159 3810 3207 ω

528 3233 620 3306 qui
653 3196 960 3292 ad~iagtum
1006 3196 1156 3307 aqua:
1191 3196 1333 3293 illch
1364 3235 1610 3293 solvitur.
1643 3234 1716 3293 Ut
1739 3236 1808 3293 de
1836 3196 1942 3308 qua
1969 3196 2120 3311 prius
2147 3196 2194 3277 δ
2225 3232 2412 3302 fuerit,
2449 3235 2495 3292 si
2531 3196 3136 3307 sartaginiimvferream
3362 3247 3519 3299 seet
3544 3239 3807 3301 uirium

529 3326 736 3382 dictum
763 3325 850 3383 est
876 3347 889 3382 :
928 3346 948 3379 ‹
975 3325 1250 3400 Numquid
1270 3332 1427 3399 petra
1463 3323 1751 3383 durissima
1797 3327 1885 3384 vel
1918 3328 2121 3405 deserti
2223 3340 2439 3381 murum
2459 3322 2697 3389 ferreum
2715 3325 2890 3398 ponit,
2910 3334 2967 3383 et
3000 3334 3149 3384 certe
3170 3328 3295 3387 sive
3325 3328 3385 3385 in
3404 3331 3806 3405 eacapnvitah

528 3432 688 3475 mons
711 3424 817 3487 est,
844 3416 969 3474 tiliae
998 3417 1183 3485 Sion,»
1217 3426 1461 3474 vertatur
1482 3417 1540 3475 in
1561 3417 1811 3487 laterem,
1843 3402 1936 3491 qui
1962 3418 2120 3479 inun-
2222 3433 2343 3492 quae
2366 3417 2542 3491 prius,
2569 3417 2685 3483 sive
2732 3418 2790 3477 in
2814 3434 2900 3485 ea,
2946 3433 3070 3493 qua:
3113 3420 3461 3494 postmodum

525 3509 743 3567 datione
793 3509 1100 3584 Babyloniae
1140 3522 1537 3583 corrumpatur,
1582 3509 1739 3581 juxta
1788 3510 1940 3582 illud,
1977 3511 2120 3584 quod
2200 3502 2417 3587 populo
2446 3511 2692 3583 contigit,
2721 3500 2903 3571 nullus
2938 3498 3008 3573 ait
3035 3513 3279 3588 ejusdem
3684 3514 3803 3588 pii

522 3599 785 3672 scriptum
808 3608 922 3657 est:
942 3601 1265 3675 «Propterea
1289 3600 1521 3661 adducet
1544 3592 1806 3661 Dominus
1835 3598 1999 3678 super
2019 3620 2117 3671 vos
2220 3602 2343 3662 culo
2362 3603 2500 3662 liber
2519 3601 2641 3671 fuit,
2673 3603 2769 3667 sed
2788 3618 2977 3668 omnes
3003 3605 3164 3675 simul
3190 3621 3292 3683 par
3312 3605 3619 3669 calamitas
3644 3608 3804 3667 invdv

522 3707 692 3768 aquas
721 3695 940 3765 multas,
972 3694 1027 3753 et
1051 3696 1244 3775 fortes,
1269 3713 1453 3772 regem
1478 3699 1847 3773 Assyriorum.
1878 3720 1899 3754 ι
2218 3694 2317 3761 Vit.
2364 3694 2506 3765 Quid
2555 3710 2683 3768 ergo
2722 3694 2946 3769 intelligi
2984 3696 3142 3771 juxta
3191 3698 3441 3757 litteram
3486 3710 3719 3774 potest.
3751 3712 3805 3769 Ii

598 3800 618 3840 ι
656 3787 724 3843 Et
749 3794 826 3856 'tu,
868 3786 1060 3861 inquit,
1099 3786 1204 3846 Fili
1236 3789 1494 3860 hominis,
1537 3807 1691 3849 sume
1729 3792 1827 3850 tibi
1866 3792 2115 3864 laterem,
2216 3790 2487 3862 propheta
2513 3790 2657 3848 inter
2708 3807 2770 3850 se
2796 3799 2852 3848 et
2879 3792 3183 3862 civitatem,
3224 3797 3685 3866 (iurem
3708 3809 3801 3866 α.

526 3897 547 3933 ι
595 3885 649 3934 et
675 3893 844 3953 pones
865 3895 988 3937 eum
1010 3896 1194 3938 coram
1223 3890 1295 3952 te,
1338 3891 1393 3940 et
1431 3884 1704 3945 describes
1733 3885 1792 3942 in
1819 3900 1884 3945 eo
1923 3885 2116 3947 civita-
2217 3881 2549 3954 Sartaginem
2568 3882 2805 3943 ferream
2836 3885 3042 3955 ponat?
3070 3884 3179 3945 Sed
3197 3887 3459 3958 quamvis
3491 3890 3800 3957 omnem

526 3993 546 4027 ι
595 3979 704 4029 tem
730 3970 1085 4042 Hierusalem,
1127 3983 1181 4031 et
1209 3971 1486 4035 ordinabis
1517 3978 1775 4036 adversus
1807 3993 1929 4037 eam
1968 3980 2125 4061 obsi-l
2218 3974 2367 4045 quod
2393 3973 2450 4030 in
2474 3973 2839 4045 descriptione
2862 3975 3052 4035 lateris
3091 3977 3195 4033 sub
3219 3977 3375 4050 signo
3396 3977 3802 4052 Hiems-olm-

526 4086 547 4120 ‹
594 4065 834 4134 dionem,
861 4074 917 4122 et
949 4067 1244 4125 aediﬁcabis
1270 4069 1616 4126 munitiones.
1656 4071 1725 4127 Et
1749 4071 2116 4145 comportabis
2212 4083 2339 4127 rum
2359 4067 2594 4126 civitatis
2615 4067 3010 4140 legitumum
3033 4069 3267 4131 litteram
3291 4070 3801 4141 factumsitud'l

525 4173 544 4209 ι
591 4172 862 4229 aggerem,
907 4166 963 4213 et
1002 4157 1155 4214 dabis
1199 4167 1391 4215 contra
1436 4176 1556 4218 eam
1597 4171 1800 4231 castra,
1848 4173 1907 4221 et
1946 4177 2116 4236 pones
2216 4171 2402 4227 tamen
2430 4163 2712 4221 sciendum
2745 4164 2998 4236 cst,quia
3021 4164 3261 4237 typictm
3277 4164 3798 4238 aliquidpecau-tt

520 4268 540 4303 ‹
587 4251 784 4307 arietes
818 4250 874 4306 in
910 4266 1061 4322 gyro.
1107 4250 1175 4306 Et
1212 4258 1270 4307 tu
1310 4268 1463 4308 sume
1503 4254 1601 4310 tibi
1638 4256 1970 4328 sartaginem
2003 4256 2115 4314 fer-

523 4361 542 4394 r
589 4356 762 4410 ream,
805 4350 860 4396 et
884 4356 1056 4413 pones
1094 4357 1216 4398 eam
1262 4359 1479 4402 murum
1515 4341 1753 4405 ferreum
1796 4347 1942 4405 inter
1981 4357 2034 4407 te
2057 4357 2114 4408 et

521 4456 541 4488 ι
583 4435 882 4503 civitatem,
907 4441 963 4490 et
999 4434 1316 4501 obfirmabis
1360 4434 1557 4503 faciem
1593 4448 1743 4496 tuam
1791 4441 1861 4498 ad
1885 4456 2032 4511 eam,
2058 4449 2114 4500 et

522 4546 543 4582 ι
586 4525 693 4582 erit
736 4522 793 4581 in
821 4522 1177 4584 obsidionem.
1220 4522 1290 4586 Et
1310 4529 1673 4591 circumdabis
1711 4546 1851 4589 eam.
1880 4532 2106 4606 Signum

519 4638 540 4673 ι
581 4619 775 4676 domus
804 4617 989 4675 Israel.
1021 4638 1041 4673 ι
1075 4615 1296 4694 (Gz-eg.)
1319 4619 1379 4677 In
1404 4621 1601 4692 quibus
1627 4622 1880 4679 videlicet
1902 4625 2100 4693 verbis,

512 4710 644 4784 quid
690 4709 834 4766 aliud
872 4709 1029 4780 juxta
1071 4712 1377 4779 historiam,
1431 4711 1537 4769 nisi
1576 4711 1914 4773 Hierusalem
1954 4715 2104 4775 urbis

511 4798 721 4860 obsidio
765 4810 927 4873 atque
970 4798 1269 4863 destructio
1320 4803 1653 4877 designatur,
1701 4806 1757 4861 et
1802 4807 2104 4879 peccatoris

507 4896 694 4971 populi
730 4894 953 4963 afﬂictio
980 4896 1345 4968 exprimitur?
1387 4899 1480 4971 qui
1542 4900 1732 4958 domus
1778 4916 2105 4975 exasperans

508 4997 754 5059 vocatur,
796 5004 922 5053 cum
959 4998 1147 5065 aperte
1189 4990 1388 5049 dicitur
1418 5009 1431 5047 :
1461 5011 1480 5045 ‹
1516 4991 1805 5053 Ordinabis
1844 4978 2106 5057 adversus

509 5097 631 5138 eam
659 5078 1109 5150 obsidionem,.et
1149 5081 1440 5140 tedilicabis
1481 5085 1830 5153 munitiones,
1863 5093 1918 5142 et
1947 5101 2103 5142 com-

506 5173 753 5245 portabis
775 5170 1051 5249 aggerem,
1077 5181 1133 5230 et
1160 5175 1313 5241 dabis
1340 5184 1529 5233 contra
1556 5191 1678 5235 eam
1706 5185 1910 5245 castra,
1935 5193 2104 5249 pones

511 5265 713 5322 arietes
745 5262 802 5320 in
831 5264 986 5340 gyro.
1024 5287 1045 5329 ι
1080 5250 1189 5329 Sed
1216 5268 1344 5343 quia
1369 5269 1535 5327 verba
1559 5269 1857 5340 prophetia
1885 5269 1964 5325 sic
1992 5269 2106 5340 ple-

443 5366 461 5425 ζ
509 5371 743 5429 rumque
766 5360 995 5417 narrant
1026 5344 1306 5427 historica,
1326 5368 1387 5418 ut
1411 5374 1509 5431 per
1536 5361 1654 5417 haec
1679 5360 1843 5417 etiam
1875 5360 2103 5432 mystica

512 5446 844 5519 describant,
871 5457 1084 5523 oportet
1124 5459 1185 5511 ut
1212 5446 1330 5508 haec
1357 5451 1547 5507 eadem
1578 5451 1747 5519 dicta,
1772 5468 1894 5524 qua:
1916 5462 2104 5524 proin.-

509 5526 697 5610 limus,
723 5539 1039 5614 spiritaliter
1086 5542 1435 5609 disseramus,
1482 5542 1719 5601 maxime
1762 5544 1889 5615 quia
1921 5545 1977 5601 in
2023 5546 2103 5609 eis

510 5630 894 5707 interponitur,
936 5634 1081 5707 quod
1128 5636 1301 5692 teneri
1344 5650 1504 5707 posse
1539 5634 1607 5690 ad
1638 5636 1873 5695 litteram
1901 5652 2008 5694 non
2028 5639 2101 5695 vi-

512 5726 691 5796 detur,
734 5743 860 5786 cum
896 5726 1095 5785 dicitur
1127 5745 1141 5787 :
1179 5746 1198 5779 ‹
1237 5729 1301 5786 Et
1336 5737 1393 5785 tu
1437 5744 1589 5785 sume
1633 5728 1733 5786 tibi
1770 5732 2099 5803 sartaginem

511 5810 770 5890 ferream,
796 5826 852 5878 et
879 5834 1048 5891 pones
1073 5833 1192 5876 eam
1221 5836 1429 5877 murum
1467 5819 1721 5888 ferreum,
1761 5822 1899 5879 inter
1949 5834 2000 5881 te
2046 5834 2097 5883 et

2214 4255 2397 4327 ginem
2428 4256 2715 4328 ﬁguratur,
2756 4257 2852 4316 sed
2902 4256 3144 4317 obsessio
3168 4255 3653 4330 Ιθῑωοιμκηιιι
3682 4274 3797 4318 ιιι

2213 4347 2584 4419 describitur;
2647 4364 2717 4408 ex
2751 4364 2860 4423 qua
2897 4364 2958 4408 re
3012 4348 3335 4413 instruimur
3371 4357 3439 4413 tn
3480 4352 3622 4410 dum
3666 4352 3799 4410 ω

2213 4444 2542 4517 completum
2558 4444 2715 4518 juxta
2744 4444 3034 4507 historiam
3074 4444 3305 4511 scimus,
3346 4451 3404 4501 et
3444 4444 3613 4507 aliud
3652 4446 3799 4518 iam

2214 4536 2496 4601 historiam
2525 4552 2559 4594 a
2602 4537 2813 4597 ratione
2855 4551 3055 4595 vacare
3073 4535 3487 4610 cognoscimus.
3548 4538 3615 4599 in
3652 4552 3801 4595 me

2209 4628 2379 4689 verbo
2428 4635 2660 4701 utraque
2697 4635 2998 4698 teneamus,
3037 4636 3307 4701 quamne
3351 4635 3412 4691 et
3460 4629 3798 4691 ὠείὐίαε-

2206 4718 2692 4795 Jeresolymorum,
2711 4736 2833 4794 quae
2846 4720 3005 4792 juxta
3022 4721 3265 4785 litteram
3284 4722 3653 4795 nam
3667 4724 3799 4783 facta

2210 4820 2317 4878 est,
2348 4814 2402 4875 in
2427 4814 2708 4887 prophetae
2726 4814 2909 4873 verbis
2930 4804 2986 4874 ei
3020 4814 3183 4875 laetis
3199 4817 3497 4879 Ws
3517 4832 3657 4876 suo
3679 4818 3801 4891 ερ-

2212 4912 2408 4973 ratam,
2455 4914 2512 4961 et
2539 4915 2719 4965 tamen
2756 4921 2857 4978 per
2880 4908 3128 4966 eundem
3170 4908 3539 4977 obsidia-mp.
3592 4911 3799 4968 οωᾶδ

2208 4997 2336 5067 alia,
2360 5000 2417 5055 id
2444 5006 2549 5067 est,
2574 5000 2804 5059 interior
2832 5003 3165 5076 designetur.
3190 5002 3253 5061 In
3273 5019 3384 5075 qua
3408 5019 3475 5061 re
3503 5007 3801 5076 gnari-cs

2206 5089 2338 5162 quid
2356 5104 2456 5162 per
2479 5092 2811 5165 sartaginem
2826 5093 3085 5161 ferream,
3111 5111 3234 5166 quas
3252 5110 3446 5159 murus
3470 5094 3701 5154 fortuna
3718 5098 3801 5153 di-

2206 5181 2372 5249 citur,
2392 5182 2575 5249 valeat
2595 5184 2887 5256 designari.
2917 5185 3066 5246 illam
3094 5187 3282 5259 itaque
3296 5187 3673 5257 obsidium.
3698 5202 3805 5259 qu

2206 5269 2671 5345 ierosolymomm
2713 5274 2908 5335 civitas
2972 5277 3257 5336 destructa
3299 5286 3390 5335 est
3420 5276 3549 5348 jam
3594 5278 3807 5337 heu-

2208 5365 2477 5437 novimus,
2512 5366 2609 5427 sed
2634 5366 2797 5425 aliam
2840 5384 2987 5429 nune
3030 5370 3383 5440 intrinsoeus,
3408 5372 3810 5443 quem

2208 5454 2412 5527 agitur,
2442 5458 2803 5530 requiramus.
2824 5458 2905 5518 De
2944 5477 3053 5533 qua
3088 5477 3189 5534 per
3215 5464 3679 5534 signiﬁca-ln-
3707 5462 3808 5519 ε.

2208 5546 2436 5605 eiturzr
2467 5548 2538 5606 Et
2570 5558 2650 5618 tu,
2696 5550 2772 5609 liii
2816 5552 3072 5621 hominis,
3120 5564 3275 5610 sume
3312 5554 3413 5610 tibi
3440 5555 3702 5622 ωαω.
3748 5558 3809 5612 α

2206 5653 2375 5713 pones
2391 5655 2517 5697 eum
2543 5657 2727 5700 coram
2748 5651 2821 5711 te,
2847 5651 2907 5701 et
2929 5645 3206 5703 describes
3226 5646 3284 5701 in
3306 5659 3375 5702 eo
3392 5646 3685 5704 civitatum
3709 5644 3805 5701 lo-

2208 5732 2463 5789 rusalem.
2495 5754 2513 5787 ι
2551 5733 2660 5791 Sed
2690 5744 2815 5793 ante
2840 5738 2998 5795 nobis
3024 5740 3376 5808 qummndum
3400 5748 3510 5804 est.
3536 5753 3648 5796 cur
3672 5738 3807 5795 EI:-

2208 5822 2347 5882 chiel
2381 5827 2645 5897 propheta
2681 5828 2764 5884 vel
2807 5829 3017 5899 quoties
3071 5830 3324 5891 sublimia
3372 5831 3675 5902 conspicit,
3722 5832 3805 5887 rei
