3938 6360
97 397 174 454 ea
319 339 344 478 vv
666 381 672 388 '
837 365 844 370 ’
889 357 926 364 ”
983 367 986 370 ’
1029 339 1972 478 comm.mammam.
2018 416 2088 428 —
2121 385 2250 442 Lm.
2294 387 2380 446 1v.
2721 464 2724 466 γ
3217 385 3322 445 590

95 511 278 588 pioties
321 525 482 582 agere
529 494 721 586 aliqua.
761 489 986 578 mystica
1027 487 1266 575 jubetur,
1314 501 1464 572 prius
1500 499 1641 588 filius
1667 499 1948 584 Antidota
1980 501 2269 557 sustinere.
2302 502 2378 558 De
2418 517 2524 573 qua
2549 497 2688 582 bene
2725 503 2941 572 dicitur,
2981 523 2999 556 ι
3036 505 3323 580 Ordinabi,

96 579 299 659 iominis
345 579 659 672 appellatur.
709 591 861 676 Saepe
897 597 1038 652 enim
1073 594 1387 650 sublevatur
1425 589 1492 647 ad
1526 579 1639 666 etei
1747 579 2008 646 adversus
2029 608 2147 646 eam
2175 591 2532 676 obsidionem.
2633 594 3170 668 Prmdicatorquippe
3195 579 3327 656 con?

97 693 244 758 estia,
296 699 350 747 et
408 689 634 747 occultis
688 673 846 760 atque
909 681 1265 742 iuvisibilibus
1318 681 1479 738 rebus
1527 680 1644 766 ejus
1741 690 1835 763 tra
1879 673 2235 766 erudiendam
2269 685 2531 756 animam
2550 681 2882 751 obsidionem
2927 689 3159 754 ordinat,
3204 706 3326 746 cum

96 798 222 840 nens
265 774 522 853 pascitur.
556 773 788 838 Necesse
842 785 923 832 est
975 771 1104 848 ergo
1125 782 1199 860 ut
1220 775 1379 860 'inter
1409 761 1643 842 occulta,
1744 761 2155 850 prtemuniendo
2184 761 2386 833 indicat
2415 769 2610 850 quibus
2640 792 2698 844 se
2750 765 2926 834 modis
2951 780 3083 837 vitia
3112 781 3330 838 virtuti-

95 890 186 947 pice
235 880 503 945 penetrat,
533 863 701 926 Filius
729 863 963 924 iiominis
1019 855 1265 954 vocetur,
1293 871 1375 954 fut
1431 875 1646 954 semper
1748 865 1850 954 bus
1880 873 2177 941 opponunt,
2222 863 2489 950 quomodo
2541 855 2752 938 luxuria
2794 870 3101 928 castitatem
3147 871 3326 942 feriat,

95 941 322 1038 ignoscat
347 964 487 1036 quod
511 971 617 1031 est,
643 955 698 1019 et
724 953 998 1031 nunquam
1026 941 1314 1015 entoilatur
1344 957 1408 1012 de
1437 951 1530 1040 bis
1578 941 1646 1012 ald
1743 949 1984 1038 qualiter
2015 953 2095 1036 ira
2146 947 2588 1030 tranquillitatem
2620 951 2785 1016 animi
2813 957 3114 1033 perturbet,
3155 941 3327 1032 quan?

95 1075 187 1132 pne
222 1057 450 1112 ducitur.
485 1051 624 1126 Quid
655 1063 750 1128 est
780 1045 924 1110 enim
968 1053 1241 1134 proplietze
1272 1049 1336 1128 ad
1379 1041 1645 1128 spiritalia
1749 1045 1866 1132 tum
1897 1047 2076 1122 inepta
2113 1043 2300 1103 iretitia
2327 1042 2567 1122 vigorem
2592 1041 2791 1108 uiculis
2814 1043 3068 1120 resolvat,
3101 1053 3331 1124 qualiter

95 1150 277 1204 elevato
329 1162 542 1220 semper
583 1165 601 1196 (
634 1139 742 1202 Fili
767 1139 1004 1200 hominis
1043 1164 1060 1197 ι
1097 1137 1315 1198 dicere?
1374 1137 1481 1196 nisi
1520 1156 1645 1203 eum
1750 1137 2153 1214 multiloquium
2181 1141 2534 1197 munitionem
2560 1137 2741 1200 cordis
2769 1143 3034 1210 destruat,
3060 1137 3330 1216 quemodo

99 1239 397 1294 nlirmitatis
438 1235 671 1310 proprire
705 1249 1002 1291 memorem
1054 1227 1251 1299 facere,
1283 1241 1348 1288 ut
1395 1231 1643 1295 conscius
1748 1225 1952 1290 invidia
1984 1233 2303 1289 ebaritatem
2334 1235 2645 1303 interficiat,
2670 1235 3118 1310 quemadmodum
3140 1253 3332 1308 supcr-

95 1327 391 1388 ronditionis
420 1329 644 1386 infirmae
683 1325 884 1383 elevari
907 1325 961 1380 in
994 1324 1301 1396 cognitione
1321 1321 1426 1379 non
1455 1323 1647 1379 debeat
1748 1313 1838 1379 bia
1867 1341 2047 1396 arcem
2078 1323 2402 1381 humilitatis
2433 1327 2672 1395 effodiat,
2691 1313 2922 1399 qualiter
2950 1321 3186 1393 fallacia,
3208 1344 3329 1381 cum

95 1424 136 1478 Ie
158 1420 521 1492 magnitudine
561 1413 1029 1490 contemplationis
1071 1405 1200 1471 sure.
1232 1411 1368 1482 Quia
1409 1429 1539 1468 vero
1569 1411 1643 1468 is—
1749 1409 2036 1472 veritatem
2088 1415 2156 1485 in
2185 1411 2439 1484 ,scrmoiie
2497 1409 2814 1494 corruperit,
2869 1421 3007 1476 hanc
3065 1419 3229 1475 etiam
3276 1420 3330 1474 in

95 1509 190 1570 lem
209 1515 487 1586 propheta,
523 1520 653 1567 utet
681 1507 843 1581 supra
862 1501 976 1578 jam
1005 1508 1262 1573 diximUS,
1298 1515 1480 1579 typum
1510 1521 1645 1576 prae-
1751 1497 2078 1580 cogitatione
2134 1505 2334 1576 violet,
2386 1519 2445 1568 ut
2483 1513 2577 1582 qui
2628 1528 2816 1568 verum
2878 1513 3060 1569 dicere
3117 1511 3330 1576 noluit,

95 1605 365 1661 licantium
386 1603 766 1660 veldoctorum
791 1609 1131 1667 tenet,rectc
1153 1600 1370 1654 einunc
1403 1598 1642 1678 dicitur;
1747 1598 1894 1676 quod
1970 1594 2275 1668 intellexit,
2331 1600 2444 1671 jam
2515 1617 2616 1657 nec
2674 1602 2978 1672 intelligat,
3037 1605 3180 1674 quod
3247 1603 3328 1657 di-

127 1696 290 1751 Snme
313 1691 409 1756 tibi
430 1695 674 1760 laterem,
700 1702 1072 1764 ctponeseum
1095 1706 1276 1745 coram
1308 1699 1378 1772 te.
1413 1709 1431 1742 ι
1459 1689 1646 1745 Omnis
1751 1704 1876 1745 cere
1898 1689 2093 1745 valeat.
2125 1687 2420 1746 Ordinatur
2460 1708 2588 1763 ergo
2632 1709 2660 1747 a
2703 1695 3059 1765 prazdicatorc
3097 1680 3327 1760 obsidio,

103 1789 272 1843 tenim
312 1780 500 1843 doctor
539 1801 658 1842 cum
686 1794 956 1842 terrenum
989 1785 1297 1854 quempiam
1345 1767 1708 1862 auditorem
1751 1794 1873 1848 cum
1915 1795 2015 1851 per
2069 1771 2270 1836 Sanctae
2320 1783 2699 1838 admonitionis
2742 1785 2907 1839 verba
2956 1785 3181 1856 singulis
3211 1785 3328 1855 qui-

95 1879 135 1933 .d
175 1877 414 1933 caelestis
446 1877 594 1933 verbi
622 1876 922 1932 doctrinam
954 1875 1201 1946 suscipit,
1228 1867 1451 1930 laterem
1491 1889 1646 1929 assu-
1673 1873 1722 1934 B
1750 1869 1955 1940 busque
1989 1870 2071 1923 νει
2109 1869 2303 1941 ﬁnibus
2333 1872 2507 1927 modis
2553 1874 2682 1928 Vilia
2726 1875 3050 1937 insidientur
3095 1877 3307 1933 ostendi

95 1973 185 2040 nit,
217 1971 310 2042 qui
349 1971 473 2030 dum
505 1971 648 2048 loqui
680 1959 910 2042 coeperit
959 1985 1078 2042 qute
1118 1968 1188 2023 sit
1226 1967 1507 2023 retributio
1535 1953 1649 2046 (ιωξ
1749 1970 1861 2040 tur.
1895 1957 1962 2016 Et
1986 1970 2174 2017 contra
2219 1961 2539 2032 Jerusalem,
2581 1982 2743 2036 quam
2771 1968 3028 2024 describit
3057 1971 3111 2026 in
3143 1970 3311 2025 latere

95 2059 220 2114 estis
251 2058 458 2130 patriae,
485 2057 605 2130 qua:
635 2053 772 2113 visio
802 2056 952 2129 pacis
977 2071 1246 2128 supernre,
1271 2055 1543 2112 civitatem
1565 2053 1651 2111 Je-
1750 2051 2074 2126 praedicator
2104 2053 2431 2110 munitiones
2463 2055 2711 2122 aedificat,
2758 2061 2973 2130 quando
3014 2061 3154 2114 mala
3183 2077 3303 2130 qua:

96 2145 306 2206 usalcm
351 2147 608 2206 describit
662 2150 716 2205 in
758 2145 951 2216 latere,
987 2166 1146 2222 quem
1187 2144 1370 2205 coram
1394 2135 1649 2222 seponit,
1752 2155 1880 2216 que,
1931 2153 2094 2213 quam
2135 2141 2341 2197 munita
2374 2154 2561 2200 contra
2594 2154 2831 2201 mentem
2858 2149 3079 2204 veniant
3116 2149 3338 2203 demon.

95 2248 194 2316 [uia
226 2246 431 2300 intenta
457 2252 640 2299 mente
674 2231 988 2322 qualitatem
1018 2240 1285 2298 audientis
1316 2241 1650 2320 considerat,
1695 2256 1719 2321 ς
1751 2229 1910 2302 strat,
1936 2245 1997 2291 ut
2025 2229 2143 2293 sese
2175 2237 2308 2293 vitia
2336 2239 2436 2294 sub
2463 2240 2726 2296 virtutum
2753 2242 2933 2312 specie
2976 2242 3335 2309 abscondant,

95 2338 121 2392 d
158 2327 264 2402 est,
319 2323 622 2406 profectum
651 2321 735 2388 vel
783 2317 1051 2389 defectum
1087 2331 1372 2404 conspicit,
1406 2339 1459 2387 et
1493 2317 1663 2401 juxta.
1687 2400 1690 2402 η
1717 2319 1719 2321 ’
1747 2321 2055 2408 quatenus,
2083 2332 2225 2385 sicut
2255 2345 2394 2403 saepe
2413 2332 2530 2404 jam
2555 2333 2812 2399 diximus,
2866 2334 3219 2390 immoderata
3255 2335 3334 2389 ira

95 2419 184 2496 jus
229 2419 1088 2498 intelligentiampraedicationis
1117 2437 1227 2478 suae
1272 2423 1438 2477 verba
1469 2421 1653 2488 mode:
1746 2421 1958 2497 justitia
1992 2421 2164 2478 videri
2195 2431 2412 2496 appetat
2463 2436 2518 2482 et
2562 2411 2862 2498 disciplinae
2913 2429 3159 2484 remissio
3188 2443 3338 2484 man-

99 2527 247 2588 atur,
284 2528 344 2575 ut
391 2517 623 2575 describi
661 2517 719 2573 in
756 2505 1022 2594 audientis
1057 2505 1294 2572 mentem
1341 2515 1533 2570 civitas
1560 2511 1651 2570 Je-
1748 2505 1983 2571 ‘Sue'tudo
2006 2514 2180 2572 videri
2207 2515 2431 2585 velit,et
2454 2520 2664 2576 tenacia
2684 2535 2805 2576 sese
2831 2521 3339 2596 parcimoniamuor

101 2609 330 2675 usalem,
376 2603 430 2662 id
457 2613 562 2672 est,
609 2603 747 2688 visio
785 2605 935 2682 pacis
993 2604 1184 2676 possit.
1233 2603 1459 2686 Dicatur
1500 2619 1650 2676 ergo,
1755 2605 1951 2674 minet,
1981 2615 2037 2662 et
2058 2607 2367 2665 inordinata
2397 2625 2579 2666 rerum
2603 2610 2794 2668 effusio
2815 2611 3340 2687 Sebencvolentiaut

137 2701 308 2757 Sume
354 2691 448 2754 tibi
481 2698 745 2765 laterem;
784 2717 802 2752 ›
848 2697 902 2760 id
933 2705 1035 2765 est,
1066 2697 1300 2769 proximi
1351 2711 1448 2752 cor
1476 2703 1651 2752 terre-

95 2811 261 2862 num,»
291 2807 459 2866 pones
489 2807 612 2848 eum
638 2777 823 2850 coram
848 2801 927 2848 te:
950 2783 1187 2847 «scilicet
1216 2800 1277 2846 ut
1303 2783 1469 2847 vitam
1491 2799 1656 2862 atque

95 2877 409 2940 ntellectum
459 2878 600 2942 illius
653 2879 860 2937 intenta
908 2887 1090 2937 mente
1153 2880 1444 2938 custodias.
1502 2897 1522 2931 ι
1590 2878 1660 2934 Et

95 2974 356 3032 lescribes
384 2973 440 3029 in
482 2988 547 3030 eo
575 2972 851 3029 civitatem
898 2967 1233 3039 Jerusalem;
1285 2992 1303 3024 ι
1356 2979 1416 3027 ut
1454 2969 1504 3028 ei
1537 2961 1657 3042 quae

99 3067 178 3122 int
232 3079 470 3137 superna
515 3060 710 3137 gaudia
761 3061 826 3118 de
861 3063 1070 3120 visione
1117 3064 1271 3134 pacis
1326 3062 1652 3118 innotescas.

95 3157 239 3226 Quasi
290 3157 434 3212 enim
475 3153 588 3225 jam
628 3151 925 3210 Jerusalem
955 3157 1009 3210 in
1051 3155 1223 3210 latere
1253 3153 1523 3228 descripta
1551 3162 1654 3220 est,

1757 2695 1987 2770 appellet
2038 2717 2050 2754 :
2093 2701 2248 2772 quasi
2290 2702 2438 2757 enim
2478 2702 2757 2762 adificatas
2783 2705 3110 2761 munitiones
3154 2715 3343 2766 contra

1758 2797 1996 2874 mentem
2031 2800 2176 2860 sunt,
2201 2793 2416 2864 quando
2445 2793 2576 2848 vitia
2610 2796 2710 2850 sub
2751 2794 3018 2852 virtutum
3045 2797 3224 2867 specie
3250 2811 3344 2850 ex-

1758 2873 2029 2956 crescunt,
2061 2893 2114 2937 et
2155 2884 2208 2938 in
2234 2885 2341 2940 alto
2370 2901 2428 2942 se
2452 2883 2744 2943 ostendunt
2766 2904 2866 2960 per
2890 2889 3194 2960 imaginem,
3224 2904 3345 2960 quae

1759 2969 1817 3026 in
1854 2967 1963 3028 imo
1983 2971 2167 3042 jacent
2196 2991 2412 3048 semper
2437 2993 2534 3049 per
2561 2979 2852 3035 actionem.
2867 2980 3060 3035 Adhuc
3088 2980 3303 3036 additur
3329 3000 3340 3034 :

1765 3084 1792 3148 ¢_
1823 3061 1891 3121 Et
1932 3057 2295 3136 eomportabis
2349 3083 2620 3140 aggerem.
2659 3090 2678 3122 ›
2735 3071 2851 3137 Quo
2885 3071 3029 3126 enim
3074 3087 3228 3126 mens
3256 3073 3349 3126 de-

1761 3158 2001 3216 siderare
2021 3159 2264 3214 coelestia
2290 3161 2535 3230 coeperit,
2551 3169 2606 3217 et
2630 3162 2684 3216 in
2706 3162 2851 3216 illam
2881 3161 3098 3233 maligni
3125 3162 3348 3233 spiritus

96 3265 191 3305 ,um
247 3256 464 3304 terrena
494 3261 648 3302 mens
705 3246 930 3317 coeperit
978 3261 1095 3318 quae
1143 3247 1250 3303 sint
1301 3246 1392 3300 illa
1434 3235 1733 3301 internzeC
1765 3248 2160 3328 tentationibus
2210 3249 2323 3306 suis
2384 3257 2632 3308 terrenas
2709 3252 2940 3322 amplius
2995 3250 3348 3323 cogitationes

95 3344 224 3399 ,πρῖε
281 3336 476 3413 gaudia
526 3354 657 3395 vera
718 3333 1062 3410 cognOscere,
1112 3340 1179 3395 ad
1223 3329 1660 3418 conspiciendam

95 3435 311 3502 ;loriam
341 3431 533 3504 patriae
561 3431 802 3488 coelestis
850 3432 1128 3500 anhelare,
1162 3433 1318 3502 quasi
1343 3433 1556 3488 interna
1583 3432 1664 3488 vi-

98 3526 152 3581 io
183 3523 342 3596 pacis
371 3521 718 3588 describitur,
751 3521 964 3591 quando
992 3536 1146 3577 mens
1169 3537 1286 3592 qua:
1311 3523 1461 3591 prius
1487 3530 1664 3575 terre-

95 3632 140 3672 ia
194 3623 477 3688 sapuerat,
528 3629 625 3687 per
653 3629 893 3669 amorem
932 3611 1045 3682 jam
1086 3611 1153 3668 ad
1199 3611 1667 3684 coriten'iplamlarn

95 3710 313 3774 loriam
344 3703 496 3780 regni
522 3705 756 3762 coelestis
786 3705 1031 3762 elevatur
1066 3723 1078 3759 :
1105 3705 1200 3762 sed
1217 3719 1342 3761 mox
1365 3711 1425 3758 ut
1456 3703 1670 3758 animus

95 3817 276 3859 tmare
310 3800 555 3858 cmlestia
583 3798 830 3870 coeperit,
875 3813 1002 3853 mox
1033 3806 1094 3853 ut
1124 3796 1192 3852 ad
1221 3797 1486 3854 visionem
1522 3796 1670 3867 pacis

95 3897 296 3950 intima:
335 3901 448 3947 tota
501 3905 560 3947 se
605 3890 906 3946 intentione
950 3888 1246 3960 collegerit,
1281 3887 1535 3958 antiquus
1583 3885 1673 3968 ille

95 3990 452 4054 .dversarius,
495 3986 589 4058 qui
619 3987 685 4044 de
717 3985 857 4042 cosio
884 3984 1070 4058 lapsus
1099 3994 1203 4046 est,
1245 3982 1472 4048 invidet,
1503 3988 1558 4035 et
1586 3981 1672 4034 in-

96 4084 281 4142 idiari
329 4082 559 4152 amplius
605 4079 814 4150 incipit,
879 4077 1121 4132 acriores
1174 4089 1338 4145 quam
1388 4079 1678 4128 consuerat

95 4177 436 4243 entationes
465 4174 735 4237 admovet,
781 4171 855 4226 ita
885 4176 944 4225 ut
969 4169 1286 4240 plerumque
1317 4168 1397 4222 sic
1417 4166 1678 4222 resisten-

95 4286 192 4328 em
254 4267 493 4322 animam
547 4271 735 4330 tentet,
769 4265 909 4320 sicut
950 4271 1076 4318 ante
1124 4276 1400 4333 nunquam
1437 4267 1680 4316 tentare-

97 4373 183 4429 at,
216 4361 438 4433 quando
468 4358 797 4430 possidebat.
856 4355 1011 4413 Unde
1045 4355 1308 4426 scriptum
1343 4362 1424 4411 est
1453 4372 1466 4409 :
1499 4372 1518 4405 ‹
1553 4351 1676 4419 Fili,

103 4454 358 4515 ccedens
382 4453 451 4508 ad
478 4451 757 4508 servitium
785 4449 902 4516 Dei,
928 4457 1010 4505 sta
1041 4447 1092 4504 in
1115 4448 1328 4520 justitia
1369 4455 1424 4503 et
1449 4447 1676 4513 timore,

95 4559 129 4603 τι
154 4559 424 4621 praepara
442 4543 677 4598 animam
704 4551 850 4598 tuam
870 4542 937 4596 ad
959 4539 1314 4598 tentationem
1337 4539 1527 4613 (Eccli.
1557 4538 1673 4612 11).)

1765 3351 2112 3414 exaggerant.
2149 3341 2422 3412 Propheta
2449 3359 2578 3416 ergo
2603 3359 2857 3415 aggerem
2875 3350 3197 3412 comportat,
3225 3357 3349 3398 cum

1765 3433 2091 3507 praedicator
2128 3442 2349 3489 sanctus
2373 3435 2531 3490 bonis
2559 3435 2830 3490 mentibus
2868 3434 3101 3507 qualiter
3133 3442 3348 3489 terrena

1768 3523 2036 3579 desideria
2059 3525 2354 3595 subrepere
2374 3525 2549 3581 solent
2570 3527 2872 3592 denuntiat,
2886 3535 3050 3598 atque
3069 3527 3245 3582 adhuc
3263 3525 3354 3580 ad-

1771 3612 1947 3668 ditur:
1992 3629 2010 3664 (
2045 3613 2113 3666 Et
2137 3613 2290 3669 dabis
2317 3623 2504 3670 contra
2534 3631 2652 3671 eam
2673 3625 2941 3682 castra,'.et
2963 3632 3131 3688 pones
3155 3616 3354 3671 arietes

1772 3699 1826 3758 in
1856 3720 2007 3777 gyro.
2056 3724 2076 3758 ι
2112 3704 2278 3778 Quasi
2325 3708 2418 3763 dat
2442 3717 2631 3764 contra
2664 3711 2900 3766 animam
2930 3710 3117 3766 doctor
3149 3719 3353 3776 castra,

1773 3797 1988 3866 quando
2026 3797 2388 3868 malignorum
2420 3801 2708 3871 spirituum
2737 3809 2926 3858 contra
2952 3818 3072 3858 eam
3102 3802 3355 3858 collectas

1776 3894 1939 3956 atque
1971 3888 2241 3944 adunatas
2296 3889 2524 3945 insidias
2558 3891 2780 3958 indicat,
2811 3901 2868 3946 ut
2917 3893 3205 3963 aliquando
3247 3909 3357 3949 non

1777 3975 2118 4036 solummodo
2151 3994 2217 4034 ex
2243 3993 2372 4046 uno,
2405 3981 2500 4036 sed
2538 3996 2607 4036 ex
2638 3984 2850 4037 cunctis
2880 3983 3024 4039 vitiis
3048 3984 3206 4039 simul
3245 3993 3361 4040 ten-

1777 4081 1912 4128 tent.
1942 4073 2078 4128 Nam
2108 4082 2235 4129 sunt
2257 4075 2504 4144 quzedam
2557 4075 2709 4140 vitia,
2741 4077 2896 4147 quasi
2925 4092 3021 4147 per
3068 4077 3362 4148 quamdam

1777 4167 1882 4224 sibi
1909 4168 2287 4238 cognationem
2305 4166 2630 4237 propinqua,
2650 4167 2790 4224 sicut
2812 4168 3093 4224 dissolutio
3115 4170 3359 4238 spiritus,

1779 4262 2054 4332 appetitus
2081 4263 2240 4334 gulm,
2270 4271 2327 4318 et
2361 4261 2706 4317 immunditia
2735 4261 2981 4329 luxuriae,
3013 4262 3152 4320 sicut
3189 4262 3366 4318 multi-

1779 4351 2044 4423 loquium,
2090 4351 2309 4408 fallacia
2355 4361 2519 4424 atque
2564 4351 2883 4428 periurium.
2929 4352 3365 4410 Exdesolatione

1781 4445 2182 4521 [dissolutione]
2235 4449 2440 4521 quippe
2488 4448 2712 4519 spiritus
2761 4463 2918 4506 mens
2971 4450 3041 4506 ad
3079 4449 3367 4521 ingluviem

1779 4547 1988 4605 ventris
2034 4548 2265 4619 rapitur,
2312 4555 2370 4604 et
2403 4547 2532 4604 dum
2575 4547 2712 4604 cibis
2751 4555 2943 4602 venter
2999 4547 3257 4611 tenditur,
3299 4547 3367 4602 ad

95 4617 245 4697 Inde
295 4643 349 4692 et
400 4619 760 4691 daemoniacus
799 4632 893 4703 qui
945 4647 976 4687 ιι
1037 4631 1265 4687 Domino
1317 4637 1556 4697 sanatur,
1611 4631 1678 4685 ab
1704 4617 1758 4677 D
1785 4641 2058 4698 luxuriam
2098 4617 2238 4698 “eam
2268 4641 2588 4705 mrahimr,
2629 4640 2991 4708 sliperbtendo
3028 4639 3258 4709 captiva.
3301 4638 3369 4691 Et

95 4735 328 4785 :xeunte
350 4726 592 4782 daemone
611 4724 958 4794 discerpitur,
973 4723 1392 4794 sicutscriptum
1414 4730 1496 4778 est
1524 4740 1536 4776 :
1571 4741 1589 4775 ι
1615 4723 1685 4777 Et

96 4822 362 4884 :lamans,
420 4825 474 4872 et
518 4816 748 4872 multum
802 4813 1118 4886 discerpcns
1172 4826 1297 4866 eum
1337 4813 1468 4868 exiit
1510 4814 1579 4868 ab
1620 4827 1684 4868 eo

105 4909 294 4964 Marc.
334 4906 434 4978 ιχ).
473 4927 492 4960 ι
520 4907 690 4964 Debet
714 4919 844 4976 ergo
872 4903 1161 4974 vigilanter
1182 4902 1375 4958 doctor
1397 4901 1684 4974 proﬁcien-

95 5004 123 5057 ;i
176 5001 406 5067 animae,
436 5015 557 5070 quae
601 4999 750 5054 illam
803 4997 1132 5052 tentationes
1177 5003 1496 5068 sequantur,
1533 4996 1686 5050 inno-

95 5109 334 5162 escere,
361 5101 422 5147 ut
461 5098 678 5148 cautam
706 5107 765 5147 se
794 5089 973 5146 valeat
1002 5097 1192 5146 contra
1216 5089 1435 5160 maligni
1467 5088 1688 5160 spiritus

96 5186 332 5242 insidias
371 5197 700 5255 prmparare.
753 5181 907 5238 Unde
942 5181 1080 5237 bene
1121 5196 1266 5236 nunc
1313 5189 1436 5253 post
1486 5179 1690 5235 descri-

95 5286 252 5348 ptam
287 5274 560 5330 civitatem
591 5270 890 5329 Jerusalem
920 5271 974 5326 in
1010 5271 1202 5337 latere,
1234 5270 1432 5327 dicitur
1456 5271 1690 5342 prophe-

95 5383 210 5429 κει
256 5389 277 5424 ι
315 5370 384 5425 Et
434 5368 711 5424 ordinabis
767 5367 1028 5421 adversus
1065 5380 1184 5420 eam
1235 5365 1588 5430 obsidionem,
1641 5371 1698 5420 et

95 5463 406 5522 aedificabis
441 5461 787 5528 munitiones,
831 5467 886 5515 et
935 5458 1301 5530 comportabis
1351 5472 1619 5528 aggerem.
1670 5476 1690 5510 ι

95 5556 155 5612 ln
191 5569 310 5626 qua
341 5554 484 5610 enim
509 5554 623 5626 jam
654 5553 806 5626 pacis
833 5552 971 5608 visio
1015 5550 1359 5615 describitur,
1393 5552 1440 5606 ei
1473 5564 1696 5607 necesse

95 5657 213 5714 est,
266 5653 326 5699 ut
370 5644 731 5702 tentationum
778 5643 980 5698 bellum
1027 5642 1326 5708 nuntietur,
1359 5656 1482 5696 nam
1513 5651 1572 5696 ut
1601 5655 1697 5696 v.1-

96 5739 222 5796 leat
282 5736 371 5792 illa
417 5736 568 5806 pacis
612 5734 802 5806 gaudia
833 5743 1032 5789 ait-orna
1062 5734 1390 5805 pertingere,
1423 5733 1562 5789 lianc
1612 5733 1700 5788 hic

96 5826 312 5898 procul
360 5825 522 5883 dubio
571 5832 782 5895 oportet
819 5820 1564 5882 tribulationum‘certamina
1605 5841 1699 5881 cu-

1788 4749 2002 4788 rursum
2025 4749 2093 4788 ex
2120 4731 2462 4801 multiloqnio
2490 4727 2706 4785 fallacia
2724 4736 3034 4798 generatur,
3065 4729 3191 4798 quin
3211 4727 3369 4781 valde

1790 4823 2004 4880 ditticile
2027 4831 2131 4888 est,
2159 4830 2222 4877 ut
2245 4821 2339 4892 qui
2369 4819 2540 4876 multa
2569 4819 2809 4891 loquitur
2827 4832 2934 4876 non
2955 4821 3118 4876 etiam
3149 4819 3371 4874 mentia-

1792 4918 1899 4966 tur.
1961 4910 2116 4980 Ssepe
2167 4909 2513 4966 mendacium
2555 4909 2720 4965 etiam
2771 4909 3011 4981 periurio
3045 4908 3264 4979 tegitur,
3310 4913 3374 4960 ut

1791 5009 1919 5058 ante
1968 5001 2205 5058 humana
2227 5001 2433 5073 judicia
2457 5000 2686 5058 veletur.
2720 4999 2986 5072 Superbia
3012 5006 3225 5070 quoque
3251 5013 3372 5055 esse

1791 5094 1910 5150 sine
1953 5093 2154 5149 invidia
2196 5100 2288 5148 aut
2329 5093 2479 5150 inani
2506 5093 2677 5167 gloria
2712 5091 3020 5149 nullatenus
3044 5099 3244 5162 petest.
3275 5090 3374 5147 Su-

1791 5185 1991 5255 perbus
2019 5184 2218 5240 etenim
2261 5184 2492 5257 quisque
2514 5185 2777 5242 honorem
2820 5196 2981 5254 quem
3019 5183 3134 5253 ipse
3182 5183 3371 5250 ambit,

1795 5276 1917 5332 aliis
1962 5276 2182 5332 invidet.
2216 5276 2288 5332 Et
2316 5291 2441 5333 cum
2493 5277 2638 5332 hunc
2672 5274 2902 5331 fortasse
2953 5274 3266 5341 obtinuerit,
3319 5276 3376 5330 in

1798 5366 2030 5423 elatione
2068 5366 2254 5438 gloria
2303 5366 2619 5438 temperatis
2669 5364 2952 5431 attollitur,
3021 5375 3182 5436 atque
3231 5364 3377 5437 quod

1797 5457 1937 5523 alios
1961 5457 2224 5528 conspicit
2244 5457 2464 5512 minime
2486 5456 2765 5527 percipere
2782 5457 3037 5526 potuisse,
3064 5455 3170 5513 hoc
3196 5470 3256 5512 se
3278 5468 3380 5525 per

1801 5549 2020 5606 itionem
2049 5548 2276 5617 gloriam
2314 5548 2513 5619 gaudet
2537 5561 2650 5618 prae
2675 5547 2890 5603 caeteris
2925 5550 3145 5605 habere.
3195 5546 3378 5603 Scien-

1803 5647 1928 5702 dum
1955 5659 2172 5714 quoque
2207 5651 2310 5710 est,
2355 5641 2498 5713 quod
2519 5646 2660 5712 stepe
2683 5641 2936 5698 nonnulla
2962 5643 3092 5698 vitia
3119 5644 3185 5697 ad
3229 5651 3379 5696 nien-

1804 5746 1913 5794 tem
1952 5744 2058 5792 neu
2084 5735 2242 5792 simul
2276 5734 2516 5801 veniunt,
2561 5734 2654 5791 sed
2686 5742 3078 5806 supponuntur,
3109 5740 3168 5787 ut
3210 5746 3374 5786 unum

1808 5829 1960 5884 alteri
1994 5829 2047 5884 in
2077 5829 2370 5885 tentatione
2394 5827 2664 5886 succedat.
2699 5829 2766 5885 Et
2793 5827 2938 5886 aliud
2963 5836 3151 5884 cont-ra
3181 5823 3375 5879 facient
