3938 6360
522 369 622 434 591

1227 369 1289 422 Β.
1332 366 1582 422 RABANI
1617 366 1837 423 MAURI
1872 363 2190 422 ARCHIEP;
2213 362 2536 421 'MOG’UNT‘.
2569 357 2861 417 OPERUM
2899 354 3080 412 PARS
3113 355 3180 412 11.

3665 387 3672 395 ι
3708 350 3818 412 593

515 489 686 556 venit,
701 486 846 543 aliud
872 497 1004 540 vero
1028 469 1472 538 intentationem
1491 495 1550 536 se
1573 495 1638 535 ex
1664 480 1838 536 latere
1863 477 2098 546 subjicit,
2129 483 2176 542 Α
2203 477 2367 530 etiam
2395 473 2638 529 severius
2665 470 2892 542 agendo.
2925 467 3138 538 De'qua‘
3161 473 3310 523 recte
3333 465 3658 523 severitate
3681 466 3810 520 sub-

520 591 790 655 quatenus
811 579 941 634 dum
953 575 1109 632 alteri
1130 575 1423 639 resistitur,
1444 574 1512 628 ab
1528 572 1698 628 altero
1714 587 1864 628 mens
1877 572 2100 640 decepta

519 674 786 744 rapiatur.
810 671 928 740 lpsa
952 669 1119 733 enim,
1145 681 1264 736 quae
1292 666 1542 736 superius
1567 665 1800 720 diximus
1828 663 1959 717 vitia
1989 661 2104 733 ple-

519 777 750 834 rumque
769 775 828 818 se
849 761 953 815 alia
975 774 1076 831 pro
1095 757 1213 813 aliis
1231 757 1428 812 furtive
1443 763 1773 827 supponunt.
1790 753 1944 808 Sicut
1965 766 2103 807 non-

520 867 800 924 nunquam
828 852 954 906 dum
985 851 1124 904 iram
1167 849 1388 903 vincere
1419 847 1472 902 in
1513 845 1914 916 nobismetipsis
1943 857 2108 900 cona-

519 963 663 1011 mur,
699 945 986 1016 plusquam
1014 956 1235 998 necesse
1263 948 1348 995 est
1375 939 1572 994 lenitas
1600 947 1837 993 mentem
1855 943 2104 1008 occupat,

521 1033 584 1092 ut
596 1037 941 1108 asperitatem
953 1033 1327 1104 peccantibus,
1343 1045 1503 1102 quam
1517 1037 1730 1101 oportet
1739 1029 1961 1083 minime
1975 1043 2110 1098 prte-

521 1137 708 1203 ponat.
739 1127 892 1198 Saepe
933 1141 1064 1182 vero
1089 1125 1215 1181 dum
1243 1125 1398 1178 nobis
1427 1123 1605 1178 inesse
1645 1122 1866 1177 incauta
1914 1121 2108 1177 lenitas

522 1220 792 1289 displicet,
818 1218 968 1273 zelus
1002 1232 1062 1273 se
1097 1216 1167 1270 ad
1194 1214 1464 1270 fervorem
1497 1214 1685 1280 trahit,
1742 1221 1906 1284 atque
1951 1222 2108 1268 extra

521 1310 800 1378 patientize
854 1308 1082 1364 limitem
1138 1305 1378 1360 animum
1431 1305 1706 1374 captivum
1764 1304 1932 1359 ducit.
1969 1303 2107 1371 Quia

522 1419 656 1474 ergo
706 1401 970 1473 permista
1021 1398 1180 1454 simul
1229 1398 1361 1452 vitia
1404 1404 1570 1466 atque
1617 1396 1856 1473 adunata
1915 1403 2108 1450 contra

525 1501 762 1548 mentem
805 1491 1048 1554 veniunt,
1084 1497 1234 1544 recte
1272 1488 1327 1541 in
1375 1485 1750 1558 praedicatoris
1777 1500 1874 1541 ore
1918 1493 2108 1540 contra

524 1583 855 1653 descriptam
883 1579 1185 1636 Jerusalem
1221 1586 1400 1634 castra
1444 1585 1838 1648 proponuntur.
1879 1576 1948 1630 Et
1982 1577 2105 1646 quia

525 1674 815 1744 aliquando
835 1670 1045 1742 singula
1073 1671 1199 1725 hinc
1230 1671 1355 1724 inde
1381 1677 1618 1724 mentem
1641 1668 1863 1733 feriunt,
1893 1668 1949 1722 in
1977 1683 2108 1739 gyro

524 1763 727 1817 arietes
751 1761 1096 1816 ordinantur.
1137 1759 1297 1813 Ponit
1322 1774 1450 1828 ergo
1478 1757 1802 1827 praedicator
1827 1758 2025 1812 arietes
2054 1758 2108 1812 in

2207 569 2374 623 ditur.
2407 586 2426 617 ί
2450 566 2518 621 Ει
2545 564 2862 620 obfirmabis
2883 562 3074 617 faciem
3105 569 3252 615 tuam
3270 561 3336 615 ad
3359 573 3516 625 eam,
3533 566 3608 615 ἐι
3627 560 3810 614 eriti-

2205 657 2562 714 obsidionem.
2576 676 2594 708 ι
2615 655 2755 723 Quid
2769 661 2856 709 εει
2865 652 3158 709 obfirmare
3178 651 3372 708 faciem
3395 649 3812 706 adilerusalen

2207 748 2264 803 in
2291 750 2466 803 latere
2495 746 2845 816 descriptam,
2880 743 2985 799 nisi
3021 751 3085 798 ut
3109 743 3161 799 ei
3193 743 3416 808 animae,
3437 741 3538 798 cui
3567 743 3812 799 celestis

2203 838 2355 910 pacis
2388 837 2582 894 doctor
2602 835 2872 892 visionem
2915 833 3217 900 denuntiat,
3237 835 3300 888 si
3323 834 3524 888 adhuc
3544 835 3694 887 eam
3733 833 3811 886 in-

2205 931 2413 986 firmari
2438 930 2492 985 in
2513 929 2628 984 suis
2653 927 2868 984 actibus
2893 927 3178 998 conspicit,
3206 927 3597 982 remissiorem
3619 935 3679 980 et
3703 927 3808 980 de»

2206 1023 2530 1079 mentiorem
2555 1036 2621 1075 se
2637 1019 2922 1075 ostendat?
2952 1018 3108 1075 Unde
3133 1019 3404 1089 scriptum
3438 1028 3536 1073 est
3565 1036 3580 1071 :
3612 1037 3638 1069 ι
3670 1017 3807 1072 Filia

2207 1116 2304 1171 tibi
2335 1115 2492 1170 sunt?
2513 1129 2671 1170 serva
2696 1129 2911 1182 corpus
2928 1127 3136 1178 earum,
3164 1121 3222 1168 et
3247 1125 3357 1167 non
3381 1112 3662 1167 ostendas
3694 1111 3808 1166 hila-

2207 1221 2322 1260 rem
2352 1204 2548 1261 faciem
2571 1213 2720 1259 tuam
2739 1203 2809 1260 ad
2830 1202 3168 1274 illas‘(Ecch’.
3183 1201 3305 1275 vn).
3337 1222 3360 1256 ι
3383 1203 3644 1258 Infirmae
3665 1205 3804 1274 quip-

2207 1313 2276 1369 pe
2313 1297 2522 1361 animaz,
2568 1304 2734 1367 atque
2770 1297 2839 1351 ad
2869 1295 3171 1367 appetitum
3202 1295 3394 1348 mundi
3447 1293 3684 1357 deditae,
3709 1295 3804 1348 eali-

2207 1387 2424 1459 quando
2449 1388 2642 1444 melius
2666 1403 2732 1442 ex
2761 1386 3053 1442 severitate
3078 1394 3395 1449 servantur,
3427 1391 3503 1438 ut
3527 1384 3798 1439 obﬁrmata

2209 1478 2399 1546 facics,
2429 1479 2482 1534 id
2517 1487 2619 1544 est,
2647 1493 2744 1549 per
2765 1477 3074 1533 severitatis
3100 1477 3412 1532 custodiam
3444 1476 3524 1529 ab
3553 1475 3705 1528 omni
3723 1489 3800 1544 spe

2209 1570 2416 1625 frivola:
2469 1570 2804 1624 remissionis
2841 1569 3073 1623 abducta
3110 1567 3536 1622 inconstantem
3586 1567 3798 1620 animam

2209 1669 2434 1727 terreat,
2469 1670 2631 1730 atque
2657 1677 2688 1715 a
2723 1661 3010 1718 dilectione
3037 1659 3296 1714 vitiorum
3339 1657 3718 1713 districtionis
3737 1659 3799 1711 ri-

2211 1769 2340 1825 gore
2368 1753 2721 1824 constringat.
2747 1752 2900 1819 Quod
2926 1767 3050 1806 cum
3073 1765 3105 1805 a
3124 1751 3353 1805 doctore
3382 1749 3590 1820 agitur
3617 1764 3800 1818 semper

525 1871 680 1927 gyro,
708 1855 836 1909 dum
862 1862 1020 1909 caute
1046 1851 1353 1915 denuntiat,
1380 1865 1545 1920 quam
1566 1861 1725 1905 caute
1746 1849 1955 1904 luxuria
1986 1864 2110 1918 per-
2135 1841 2183 1900 B
2211 1861 2435 1902 necesse
2455 1854 2561 1911 est,
2582 1853 2642 1900 ut
2670 1845 2899 1900 dulcedo
2940 1852 2996 1897 et
3021 1843 3300 1898 humilitas
3338 1842 3400 1896 in
3437 1841 3623 1897 corde
3650 1852 3799 1896 terrea-

526 1949 693 2012 cutit,
728 1962 894 2016 quam
936 1959 1129 2015 aspere
1168 1944 1505 2013 impatientia
1555 1943 1785 2005 occidat,
1840 1957 2004 2012 quam
2034 1941 2112 1996 1a-

528 2041 744 2095 boriose
773 2038 1001 2092 avaritia
1024 2037 1273 2092 accendit
1307 2044 1361 2090 et
1403 2037 1683 2100 interimit,
1716 2050 1879 2104 quam
1907 2034 2112 2089 tumide

527 2129 782 2198 superbia
803 2127 1119 2198 exstinguit.
1137 2126 1192 2179 ln
1206 2139 1337 2196 gyro
1352 2124 1535 2193 itaque
1556 2124 1757 2178 arietes
1781 2137 2006 2194 ponere,
2028 2129 2112 2176 est

525 2215 874 2286 praedicando
921 2214 1210 2270 ostendere
1235 2214 1325 2282 qui
1355 2213 1594 2283 undique
1624 2213 1836 2268 soleant
1873 2213 2112 2280 animam

522 2322 819 2363 mucrones
857 2306 1114 2361 vitiorum
1144 2304 1326 2362 ferire.
1375 2304 1674 2374 Sequitur:
1703 2322 1723 2356 ι
1761 2304 1830 2358 Ει
1869 2312 1928 2358 ιιι
1959 2313 2113 2358 sume

523 2398 624 2453 tibi
670 2397 1002 2468 sartaginem
1031 2396 1284 2459 ferream,
1314 2404 1368 2450 et
1397 2410 1575 2465 pones
1607 2410 1738 2450 eam.
1761 2409 1977 2450 murum
2004 2393 2115 2450 fer-

531 2507 686 2546 reum
732 2492 886 2562 inter,
928 2500 984 2548 te
1030 2499 1086 2546 et
1116 2491 1431 2546 civitatem-
1473 2511 1491 2543 ι
1529 2490 1667 2557 Quia
1718 2489 1924 2545 ferrum
1971 2489 2113 2545 forte

525 2581 807 2634 metallum
858 2588 961 2645 est,
992 2589 1051 2636 et
1075 2579 1131 2635 in
1157 2579 1432 2650 sartagine
1483 2580 1638 2634 cibus
1686 2578 1942 2652 frigitur.
1972 2578 2112 2646 Quid

522 2684 622 2738 per
670 2671 1004 2742 sartaginem
1030 2670 1292 2737 ferream,
1353 2671 1456 2726 nisi
1505 2671 1766 2740 spiritalis
1813 2671 1915 2725 zeli
1956 2669 2113 2726 fortis

527 2757 736 2815 frixura
775 2762 1056 2830 signatur?
1102 2749 1291 2819 omnis
1320 2763 1518 2833 quippe
1541 2749 1818 2832 spiritalis.
1854 2762 2003 2818 zelus
2021 2763 2114 2816 do-

525 2851 693 2905 ctoris
721 2851 960 2906 animam
999 2851 1166 2924 frigit,
1201 2853 1327 2923 quia
1353 2853 1509 2909 valde
1538 2854 1833 2919 cruciatur,
1867 2853 1996 2908 dum
2025 2852 2110 2906 in-

524 2942 715 2998 ﬁrmos
740 2959 984 3013 quosque
1011 2953 1218 3000 :eterna
1255 2946 1530 3010 deserere,
1560 2954 1616 3000 et
1655 2946 1816 3001 rebus
1843 2953 2112 3016 tempora-

522 3035 666 3090 libus
689 3036 947 3092 delectari
984 3039 1268 3108 conspicit.
1295 3039 1463 3105 Quam
1490 3039 1628 3094 bene
1661 3039 1858 3094 Paulus
1886 3039 2114 3110 sartagi-

2213 1945 2339 1992 tur:
2370 1945 2638 2008 quatenus
2662 1945 2717 1992 et
2744 1936 2972 1991 multum
3010 1943 3178 2001 amet,
3207 1942 3597 2004 etenunquam
3643 1942 3796 1988 contra

2211 2042 2334 2083 eum
2372 2041 2471 2097 per
2520 2027 2810 2083 elationem
2869 2027 3170 2096 superbiat,
3200 2026 3291 2081 cui
3335 2034 3546 2080 tamen
3586 2039 3796 2079 amore-

2210 2135 2370 2178 suum
2415 2128 2471 2174 et
2518 2120 2882 2176 humilitatem
2915 2135 3014 2191 pro
3059 2119 3298 2175 utilitate
3319 2116 3451 2188 ejus
3475 2117 3799 2187 proderem

2211 2217 2386 2278 auset.
2433 2207 2690 2279 Sequitur
2721 2228 2734 2263 :
2765 2227 2792 2271 ,‹
2831 2210 2900 2264 Ει
2932 2209 3297 2268 circumdabis
3325 2223 3480 2264 eam.
3530 2227 3554 2260 ι
3583 2207 3798 2263 Circum-

2191 2301 2308 2362 .dat
2335 2299 2528 2362 doctor
2559 2299 2837 2360 auditoris
2866 2301 3298 2366 ~animum,,cum
3347 2300 3413 2354 in
3451 2313 3657 2364 omne,
3686 2297 3796 2366 μοι

2213 2392 2270 2456 in
2295 2392 2538 2454 hacvita
2565 2392 2762 2463 agitur,
2779 2393 3138 2448 tentationum
3165 2390 3400 2460 laqueos
3427 2389 3647 2461 apponi
3673 2403 3798 2458 pane

2209 2483 2517 2551 idenuntiat,
2567 2491 2627 2537 ut
2652 2483 2788 2559 dum
2823 2482 3029 2552 ubique
3059 2481 3302 2543 litamus
3341 2479 3588 2550 pavida,
3629 2481 3797 2548 ubipt

2204 2575 2823 2646 ,circumspectaquanto
2846 2561 3106 2640 timidior,
3124 2582 3275 2629 tanto
3295 2572 3638 2643 vigilatior
3660 2572 3794 2624 vivat.

2214 2664 2476 2734 Sequitur
2507 2681 2520 2718 :
2558 2682 2578 2714 ι
2609 2662 2832 2734 Signum
2855 2671 2938 2718 est
2959 2664 3152 2725 domus
3173 2655 3364 2718 israel.
3389 2682 3412 2714 ι
3447 2661 3513 2716 Si
3548 2661 3636 2717 ad
3656 2663 3799 2716 histo-

2215 2759 2351 2821 riam
2374 2756 2695 2824 obsidionis,
2717 2771 2838 2827 qua:
2858 2755 3016 2825 juxta
3041 2757 3280 2811 litteram
3304 2753 3454 2810 facta
3474 2764 3587 2820 est,
3607 2755 3798 2824 signu-

2212 2858 2297 2906 est
2318 2848 2512 2904 domus
2535 2847 2726 2914 Israel,
2757 2847 2902 2916 quod
2937 2847 3204 2918 propheta
3232 2845 3400 2911 fecit;
3434 2846 3483 2901 si
3512 2845 3592 2900 ad
3623 2854 3798 2916 mysta

2212 2942 2380 3009 rium,
2406 2941 2551 3010 quod
2591 2940 2831 3011 quotidie
2860 2955 2990 3010 erga
3019 2940 3178 2995 unius
3211 2939 3481 3010 cujusque
3509 2939 3753 2993 animam
3774 2953 3797 2990 a

2214 3034 2437 3103 doctore
2462 3032 2663 3103 agitur,
2690 3033 2903 3102 signum
2925 3040 3010 3087 est
3023 3032 3216 3088 domus
3236 3030 3432 3096 Israel,
3452 3038 3506 3085 et
3544 3031 3658 3085 hoc
3678 3030 3800 3099 quod

518 3143 650 3183 nem
679 3127 918 3183 ferream
941 3131 1190 3200 sumpsit,
1223 3145 1346 3186 cum
1377 3132 1491 3187 zelo
1513 3133 1816 3187 animarum
1838 3133 2114 3188 cruciatus
2148 3191 2184 3200 _
2215 3124 2326 3196 egit
2349 3133 2403 3180 ει
2425 3123 2529 3178 hoc
2551 3123 2692 3192 quod
2720 3122 2928 3194 agendo
2950 3123 3240 3178 nuntiaVil-
3271 3122 3414 3189 Qnia
3450 3121 3605 3178 sicut
3627 3121 3800 3177 donni

525 3222 784 3278 dicebat:
823 3240 842 3272 ι
874 3222 1004 3288 Quis
1055 3191 1382 3290 infirmatur,
1431 3233 1486 3278 et
1534 3239 1633 3296 ego
1680 3240 1787 3279 non
1833 3222 2114 3278 intlrmor?
2139 3191 2187 3253 δ
2217 3191 2382 3271 Israel
2419 3191 2778 3271 obsidionem
2795 3215 3151 3286 corporaliter
3176 3215 3422 3286 pertulit,
3452 3214 3536 3268 ita
3560 3229 3803 3284 unaqu-

525 3310 660 3378 Quis
681 3309 1104 3375 scandalizatur,
1134 3320 1188 3365 et
1233 3327 1332 3382 ego
1361 3328 1469 3366 non
1504 3313 1669 3366 uror?
1695 3332 1714 3364 ι
1746 3311 1832 3384 (II
1856 3311 1980 3366 Cor.
2008 3311 2111 3383 xl.)

524 3397 705 3467 lp'sum
734 3413 892 3452 suum
915 3411 1031 3462 cor,
1061 3401 1203 3467 quod
1229 3401 1534 3455 animarum
1559 3401 1706 3457 zelus
1727 3403 2109 3467 succenderat,

527 3490 660 3561 quid
695 3490 863 3557 aliud,
885 3505 1047 3560 quam
1083 3494 1410 3564 sartaginem
1439 3494 1663 3560 fecerat,
1695 3495 1750 3549 in
1782 3509 1890 3565 quo
1925 3509 2112 3550 amore

523 3582 788 3637 virtutum
841 3591 1031 3638 contra
1064 3584 1196 3639 vitia
1242 3585 1512 3640 ardebat?
1547 3585 1702 3652 Quod
1732 3587 1877 3640 enim
1922 3586 2114 3640 ureba-

529 3679 638 3737 tur,
689 3682 907 3743 sartago
946 3682 1082 3729 erat.
1120 3674 1500 3731 lnardescebat
1531 3677 1678 3731 enim
1731 3683 1786 3730 et
1823 3679 2110 3746 coquebat,

527 3761 656 3830 quia
702 3762 1098 3818 accendebatur
1146 3764 1532 3829 amaritudine,
1572 3765 1666 3819 sed
1710 3764 1972 3819 virtutum
2016 3765 2115 3819 ali-

529 3860 710 3907 menta
744 3856 1088 3925 prteparabat
1134 3870 1203 3910 ex
1237 3871 1336 3910 sua
1384 3855 1587 3911 afﬂicta
1628 3857 1976 3927 cogitatione.
2005 3857 2114 3913 Sed

506 3943 657 4015 quid
682 3953 788 4012 est,
835 3947 977 4015 quod
1029 3946 1273 4002 eamdem
1320 3948 1649 4018 sartaginem
1675 3949 1941 4018 propheta
1970 3949 2114 4004 inter

523 4049 584 4090 se
614 4043 668 4090 et
710 4035 1010 4102 civitatem,
1059 4051 1276 4092 murum
1321 4034 1558 4092 ferreum
1591 4037 1790 4106 ponit?
1837 4037 1942 4110 nisi
1970 4037 2113 4106 quod

523 4127 667 4181 idem
690 4125 848 4183 fortis
871 4127 1040 4193 zelus,
1069 4127 1161 4198 qui
1196 4142 1339 4183 nunc
1362 4128 1416 4182 in
1440 4136 1622 4184 mente
1647 4128 1885 4184 doctoris
1913 4129 2110 4200 agitur,

504 4217 584 4282 in
615 4219 703 4274 die
730 4221 962 4275 extremi
985 4220 1194 4290 iudicii,
1221 4221 1368 4277 inter
1405 4235 1529 4276 eum
1552 4230 1607 4277 et
1627 4222 1865 4276 animam
1885 4237 2049 4292 quam
2078 4233 2112 4276 a

525 4309 676 4363 vitiis
698 4309 906 4363 zelatur
930 4312 1086 4366 testis
1111 4321 1220 4377 est,
1244 4320 1305 4366 ut
1324 4313 1429 4366 etsi
1464 4312 1654 4368 audire
1688 4313 1735 4367 is
1767 4313 1862 4382 qui
1888 4313 2115 4367 docetur

524 4398 787 4464 noluerit,
819 4400 1008 4454 doctor
1059 4408 1241 4456 tamen
1289 4416 1390 4471 pro
1416 4402 1552 4466 zelo,
1583 4415 1747 4471 quem
1775 4401 1996 4458 exhibet
2045 4402 2114 4458 de

530 4487 794 4543 auditoris
820 4489 1168 4560 negligentia,
1199 4506 1325 4546 reus
1351 4506 1459 4546 non
1481 4491 1570 4547 sit.
1602 4491 1810 4546 Murum
1856 4505 1986 4563 ergo
2007 4491 2114 4547 fer-

509 4587 681 4633 reum
729 4578 872 4635 inter
894 4554 1062 4637 vse'et
1097 4554 1374 4637 civitatem
1399 4582 1570 4651 ponit,
1611 4582 1738 4653 quia
1784 4582 1839 4636 in
1888 4554 2110 4639 ultionis
2136 4554 2190 4624 Ῑ)

526 4677 774 4740 tempore
801 4670 929 4728 inde
979 4672 1172 4728 doctor
1198 4687 1231 4728 a
1257 4672 1618 4729 damnationis
1662 4672 1904 4743 periculo
1933 4673 2109 4729 muni-

524 4770 636 4828 tur,
677 4763 820 4818 unde
854 4778 998 4820 nunc
1019 4779 1117 4835 per
1142 4764 1315 4821 zelum
1340 4767 1601 4822 custodiae
1624 4766 1804 4821 cordis
1841 4765 2106 4820 fr‘ixuram

503 4853 749 4924 patitur.
782 4852 998 4910 Nullum
1023 4856 1220 4927 quippe
1259 4859 1611 4928 omnipotenti
1641 4857 1751 4913 Deo
1779 4858 1888 4913 tale
1912 4867 1996 4914 est
2025 4873 2108 4914 sa-

523 4944 814 5010 crilicium,
845 4947 1007 5015 quale
1030 4955 1116 5001 est
1142 4946 1288 4999 zelus
1322 4950 1646 5003 animarum.
1681 4949 1817 5005 Hinc
1842 4952 1987 5005 enim
2007 4967 2107 5022 per

521 5033 866 5090 Psalmistam
906 5037 1146 5091 dicitur:
1177 5053 1194 5086 ‹
1222 5035 1380 5089 Zelus
1410 5038 1600 5093 domus
1638 5047 1745 5094 tum
1765 5043 2001 5096 comedit
2021 5057 2108 5097 me

523 5123 699 5194 (Psal.
734 5125 948 5193 vam).
982 5144 1000 5175 ι
1024 5125 1316 5178 Sumamus
1339 5142 1467 5196 ergo
1493 5129 1821 5197 sartaginem
1850 5129 2104 5198 ferream,

502 5223 576 5280 et
596 5227 863 5280 ponamus
899 5227 1021 5267 eam
1055 5227 1271 5268 murum
1299 5213 1534 5269 ferreum
1563 5217 1704 5271 inter
1721 5219 1825 5273 "nos
1849 5232 1904 5274 et
1925 5221 2112 5277 civita—

502 5315 656 5370 tem,
686 5304 742 5359 id
774 5313 876 5372 est,
908 5321 1246 5363 assumamus
1289 5309 1464 5364 zelum
1487 5309 1708 5377 fortem,
1734 5320 1794 5366 ut
1832 5307 1973 5368 inter
2011 5330 2109 5370 nos

522 5401 578 5448 ct
615 5394 879 5451 auditoris
919 5399 1089 5452 nostri
1130 5400 1368 5454 animam
1395 5401 1735 5457 inveniamus
1779 5405 1920 5460 hanc
1956 5403 2108 5476 post-

525 5486 743 5540 modum
789 5487 982 5545 fortem
1036 5493 1408 5549 munitionem.
1445 5493 1599 5549 Tunc
1642 5495 1788 5550 enim
1820 5496 1964 5552 hunc
1991 5515 2106 5555 mu-

524 5590 646 5630 rum
669 5575 906 5634 ferreum
950 5581 1219 5638 inventuri
1247 5600 1454 5650 sumus,
1484 5584 1532 5640 si
1561 5600 1706 5642 nunc
1738 5602 1868 5643 eum
1893 5589 2108 5647 fortiter

497 5679 826 5736 .teueamus,
852 5673 1101 5730 videlicet
1131 5676 1389 5740 docendo,
1431 5677 1727 5744 suadendo,
1753 5679 2103 5752 increpando,

526 5760 834 5820 mulcendo.
867 5766 1140 5830 terrendo,
1191 5767 1478 5835 aliquando
1533 5767 1748 5835 leniter,
1810 5771 2103 5843 aliquando

2217 3322 2322 3378 quc
2345 3307 2547 3372 anima,
2562 3322 2682 3378 qum
2711 3307 2824 3378 jam
2849 3307 3054 3362 servire
3077 3306 3438 3376 omnipotenti
3463 3305 3588 3360 Deo
3609 3304 3799 3372 incipit,

2216 3397 2527 3454 obsidentes
2548 3413 2607 3452 se
2629 3397 2858 3452 insidias
2880 3397 3238 3468 malignorum
3260 3396 3563 3466 spirituum
3590 3397 3800 3458 sentit:

2216 3487 2411 3557 quibus
2460 3488 2507 3543 si
2537 3503 2665 3544 vere
2712 3488 2852 3560 eripi
2892 3489 3116 3560 appetit,
3149 3489 3291 3544 scire
3329 3488 3493 3543 debet
3556 3491 3692 3559 quia
3719 3503 3798 3542 sua

2217 3580 2418 3634 virtute
2451 3580 2587 3652 eripi
2641 3595 2750 3635 non
2801 3581 2992 3651 possit,
3037 3581 3132 3636 sed
3173 3581 3294 3652 ejus
3343 3594 3591 3636 necesse
3636 3591 3726 3636 est
3753 3589 3800 3633 ut

2217 3669 2542 3739 adiutorium
2589 3679 2790 3742 speret,
2819 3673 2911 3742 qui
2941 3687 3040 3727 nos
3088 3679 3146 3736 et
3180 3673 3235 3726 in
3268 3686 3440 3726 carne
3470 3671 3800 3742 corruptam

2213 3763 2480 3829 viventes,
2521 3778 2619 3834 per
2662 3763 3052 3833 redemptionis
3100 3777 3210 3818 suae
3257 3763 3598 3833 mysterium
3642 3771 3802 3832 potest

2201 3843 2382 3927 etiam
2418 3869 2688 3924 supernos
2717 3854 2962 3926 spiritus,
2991 3854 3084 3924 qui
3133 3864 3258 3910 sunt
3280 3855 3405 3912 sine
3431 3868 3632 3918 carne,
3663 3855 3800 3910 robe-

2215 3959 2364 4009 rare,
2389 3943 2546 4000 Iesus
2566 3943 2816 4002 Christus
2844 3933 3105 4002 Dominus
3127 3953 3333 4012 noster.
3523 4003 3526 4005 λ
3677 4007 3680 4010 ,
3725 3997 3728 4004 .

2200 4101 2222 4114 ,ν
2291 4057 2310 4090 ι
2346 4039 2413 4094 Ει
2438 4047 2496 4112 ιιι
2519 4040 2755 4112 dormies
2777 4053 2942 4110 super
2961 4039 3102 4096 latus
3125 4047 3276 4100 tuum
3291 4037 3628 4105 sinistrum,
3649 4050 3800 4108 pones

2222 4147 2243 4182 ι
2277 4130 2591 4201 iniquitates
2618 4131 2810 4192 domus
2829 4115 2997 4194 Israel
3036 4146 3200 4200 super
3215 4144 3302 4195 eo,
3331 4144 3576 4204 numero
3606 4132 3798 4188 diem

2220 4241 2239 4296 ς
2273 4223 2468 4300 quibus
2514 4223 2749 4284 dormies
2789 4238 2956 4292 super
3002 4223 3151 4290 illud,
3175 4233 3234 4288 et
3267 4239 3522 4282 assumes
3553 4226 3800 4295 iniquiu-

2220 4333 2240 4366 ‹
2279 4324 2386 4369 tem
2436 4331 2646 4386 eorum.
2697 4315 2809 4387 Ego
2856 4325 3037 4374 autem
3084 4316 3205 4384 dedi
3238 4316 3335 4372 libi
3381 4332 3570 4377 annos
3621 4317 3801 4387 iniqui-

2220 4424 2240 4457 ‹
2277 4407 2402 4461 tatis
2441 4422 2649 4473 eorum,
2695 4407 2907 4463 dierum
2957 4424 3184 4464 numero
3214 4416 3502 4466 trecentos
3543 4420 3606 4466 et
3651 4425 3802 4466 Iam-

2201 4516 2241 4572 ’t
2276 4499 2421 4568 ginta
2453 4498 2590 4564 dies,
2632 4507 2687 4553 et
2713 4500 2953 4569 portabis
2997 4500 3336 4572 iniquitatem
3374 4502 3589 4559 domus
3627 4504 3802 4560 Israel.

2222 4606 2241 4638 ‹
2275 4587 2340 4641 Ει
2387 4603 2513 4642 cum
2547 4589 2906 4659 compleveris
2960 4592 3100 4658 haec,
3149 4593 3390 4649 dormies
3449 4609 3628 4665 super
3675 4597 3803 4650 latus

2221 4699 2240 4732 ι
2276 4690 2427 4734 tuum
2450 4680 2702 4735 dextrum
2726 4683 2964 4739 secundo
2981 4701 2994 4737 :
3013 4692 3068 4738 et
3083 4699 3330 4740 assumes
3356 4685 3803 4756 iniquitatemdo

2221 4791 2240 4823 ‹
2277 4789 2398 4827 mus
2419 4771 2555 4827 Juda
2572 4774 2928 4855 quadraginta
2947 4777 3156 4831 diebus.
3172 4775 3326 4831 Diem
3341 4793 3447 4847 pro
3459 4795 3637 4842 anno,
3655 4781 3802 4833 diem.

2221 4881 2240 4913 ί
2274 4863 2516 4933 inquam,
2538 4879 2638 4934 pro
2663 4879 2807 4920 anno
2837 4864 2960 4921 dedi
2986 4867 3102 4921 tibi.
3141 4887 3158 4920 ι
3187 4865 3469 4941 (Ηίενοη.)
3493 4869 3804 4937 Qum-aluus

2191 4956 2304 5024 ‘qui
2354 4965 2479 5010 sunt
2508 4957 2633 5011 anni
2684 4960 2912 5013 trecenti
2964 4961 3279 5033 nonaginta,
3335 4963 3432 5032 qui
3488 4980 3596 5034 pro
3629 4969 3806 5020 diei-ns

2187 5045 2435 5100 totidem
2466 5055 2847 5116 supputentur,
2888 5050 3086 5120 quibus
3130 5051 3186 5106 in
3229 5051 3462 5108 sinistro
3488 5054 3674 5111 latere
3703 5071 3809 5126 pm-

2208 5139 2373 5207 pheta
2413 5138 2712 5205 dormierit,
2744 5141 2958 5197 vinctus
3007 5153 3171 5214 atque
3203 5147 3572 5212 constrictus,
3630 5151 3710 5203 ita
3761 5157 3810 5200 ut

2185 5245 2188 5247 λ
2210 5230 2264 5283 in
2289 5230 2429 5286 latus
2455 5246 2514 5285 se
2543 5231 2774 5286 alterum
2800 5249 2909 5288 non
2932 5244 3192 5300 moveret,
3225 5239 3617 5308 captivitatem
3639 5252 3702 5295 et
3727 5243 3811 5293 mi-

2211 5321 2380 5375 serias
2404 5323 2591 5378 dcccm
2625 5325 2884 5392 tribuum,
2915 5327 2968 5381 id
2999 5338 3102 5394 est,
3138 5328 3358 5386 lsraelis
3382 5336 3724 5390 ostendens.
3757 5335 3810 5388 Et

2211 5411 2301 5478 qui
2333 5412 2422 5467 alii
2448 5414 2808 5486 quadraginta
2837 5417 2987 5484 anni,
3011 5419 3208 5489 quibus
3230 5436 3330 5490 pro
3349 5421 3496 5478 Juda
3523 5435 3582 5478 et
3616 5425 3812 5495 iniqni-

2211 5503 2414 5558 tatibus
2435 5503 2553 5574 ejus
2581 5507 2633 5562 in
2663 5508 2854 5562 dextro
2873 5508 3110 5578 jacuerit
3134 5511 3325 5578 latere,
3351 5513 3495 5581 sive,
3530 5525 3597 5570 ut
3627 5529 3816 5572 narrat

2211 5603 2397 5650 sancta
2449 5594 2729 5667 Scriptura
2760 5598 2869 5670 (IV
2899 5599 3026 5672 Reg.
3053 5604 3168 5675 xv),
3196 5603 3510 5674 dormierit,
3542 5608 3817 5674 dels-ad

2209 5687 2312 5741 hoc
2356 5685 2643 5743 dicendum
2685 5698 2790 5756 est,
2821 5693 2966 5761 quod
2991 5695 3092 5749 sub
3133 5710 3259 5766 rege
3296 5695 3519 5754 Phaccc
3548 5700 3679 5757 ﬁlio
3721 5701 3822 5758 Ro-

2208 5777 2402 5852 meliae,
2435 5779 2526 5864 qui
2557 5781 2995 5860 undevicesimus
3023 5787 3271 5857 regnavit
3314 5788 3375 5844 in
3423 5788 3609 5848 Israel
3633 5852 3637 5856 ,
3658 5794 3823 5850 annis
