3938 6360
137 389 149 426 η
176 368 276 423 αςε
749 379 778 418 .·
1119 375 1468 434 οοΜΜΕΝτ.
1511 380 1578 436 IN
1617 379 2068 444 EZECHIELEM.
2106 420 2174 432 -
2212 395 2337 449 un.
2376 383 2459 454 Iv.
3181 391 3186 398 ’
3312 415 3416 473 594

159 483 380 554 .viginti,
423 482 571 540 venit
606 485 1101 560 T-heglatphalasar,
1131 504 1227 544 rex
1279 493 1438 558 Asur,
1487 503 1543 548 et
1601 495 1744 563 cepit
1771 500 1818 558 Α
1847 497 1983 554 Juda
2013 501 2080 555 ad
2111 518 2288 572 regem
2311 506 2594 578 Babylonis
2615 510 2728 580 ipse
2755 520 2810 567 et
2825 524 3001 572 mater
3026 488 3175 589 ejus,
3200 530 3252 574 et
3279 536 3424 576 servi

131 576 302 632 .-.Aion
337 583 394 631 et
416 575 810 634 Abel'domum
843 579 1066 636 Maacha
1109 589 1165 636 et
1202 581 1372 638 Janoe
1399 592 1456 639 et
1481 585 1655 641 Cedes
1685 594 1742 641 et
1841 586 1960 657 ejus
1985 599 2039 645 et
2062 593 2332 664 principes
2369 575 2505 664 ejus,
2541 607 2597 654 et
2631 575 2866 658 eunuchi
2902 605 3038 674 ejus.
3053 575 3148 663 'Et
3163 575 3424 683 suscepit

128 665 330 732 “hor,
345 665 1070 740 etGaIaad,universamque
1083 678 1285 727 terram
1304 672 1668 742 Ncphthalim,
1683 683 1738 732 et
1841 693 1965 734 eum
1989 693 2083 734 rex
2109 681 2397 754 Babylonis
2425 700 2569 743 anno
2593 699 2788 745 octavo
2813 665 2966 764 regni
2983 696 3090 762 sui,
3111 705 3169 752 et
3194 665 3423 769 protulit

127 755 894 829 .ItranstuliteosinAssyrios.
907 758 1037 816 Post
1050 775 1210 830 quem
1235 765 1546 833 regnavitin
1569 765 1735 824 Israel
1837 769 1964 826 inde
2001 786 2190 828 omnes
2222 775 2503 834 thesauros
2531 780 2725 838 domus
2755 755 2991 856 Domini,
3033 782 3092 844 et
3130 755 3420 848 thesauros

125 844 491 904 dOsaeuﬁlius
537 847 668 904 Heia
709 851 873 906 annis
899 865 1116 919 novem,
1146 863 1573 925 captusque-est
1611 873 1734 914 cum
1836 865 2026 920 domus
2065 867 2224 938 regia:
2251 855 2358 938 (IV
2393 871 2524 944 Reg.
2564 864 2735 948 xxiv).
2786 899 2804 932 ι
2933 844 3058 956 post
3080 844 3416 956 paul—ululat:

152 937 308 994 omni
331 981 335 990 .
359 936 607 996 Samaria
649 956 683 996 a
731 939 1080 999 Salmanasar
1120 961 1246 1018 rege
1270 947 1651 1021 Assyriorum,
1677 960 1734 1008 et
1827 969 1861 1004 ι
1914 954 1984 1009 Ει
2025 936 2298 1013 transtulit
2339 975 2556 1018 omnem
2621 936 2961 1038 Jerusalem:
3022 936 3110 1028 etr
3130 975 3416 1034 universos

125 1029 532 1088 vitanslatusin
556 1031 690 1088 Heia
713 1040 768 1088 et
788 1035 937 1090 Abor
970 1034 1162 1093 ﬂuvios
1186 1037 1390 1094 Gozam
1414 1041 1471 1096 in
1499 1042 1731 1099 civitati—
1830 1045 2103 1118 principes
2127 1087 2143 1114 ,
2175 1058 2230 1104 et
2267 1066 2456 1109 omnes
2485 1055 2652 1113 fortes
2696 1029 2988 1132 exercitus,
3034 1065 3220 1122 decem
3246 1069 3416 1126 millia

139 1123 261 1183 .bus
283 1123 586 1182 Medorum.
614 1125 780 1183 Sexto
808 1138 992 1184 autem
1029 1131 1276 1188 Ezechiae
1301 1134 1444 1204 regis
1470 1149 1636 1203 anno,
1666 1146 1729 1193 ut

142 1227 360 1274 .sancta'
396 1219 606 1292 Regum
655 1237 842 1279 narrat
871 1226 1120 1291 historia,
1149 1236 1338 1298 captus
1379 1240 1466 1286 est
1490 1228 1647 1286 Osee.
1675 1230 1724 1285 A

159 1323 284 1377 quo,
313 1309 358 1364 si
382 1325 477 1380 per
495 1311 739 1367 ordinem
787 1323 1168 1384 supputemus,
1214 1327 1346 1388 quot
1373 1320 1531 1376 annis
1557 1319 1724 1376 Israel

120 1397 318 1454 deerit
365 1399 420 1454 in
446 1403 713 1472 angustia,
751 1412 808 1459 et
829 1403 960 1476 jugo
997 1418 1221 1476 pressus
1251 1410 1604 1478 captivitatis,
1645 1413 1724 1468 sic

115 1490 394 1546 «invenire
433 1495 776 1563 poterimus:
819 1512 851 1552 a
879 1508 1036 1555 sexto
1085 1516 1229 1557 anno
1272 1518 1444 1573 usque
1483 1505 1549 1559 ad
1579 1505 1724 1561 vice-

133 1583 346 1646 :simum
374 1602 576 1665 nonum
613 1605 836 1657 annum,
869 1601 949 1648 tot
970 1593 1114 1649 enim
1165 1595 1424 1652 Ezechias
1478 1602 1722 1668 regnavit

110 1675 329 1739 mannis,
356 1659 722 1746 supputamur
748 1683 875 1737 anni
895 1683 1082 1755 viginti
1103 1685 1369 1756 quatuor;
1394 1689 1480 1744 cui
1508 1685 1721 1747 succes-

119 1763 218 1818 .sit
268 1765 570 1837 Manasses,
627 1775 978 1846 regnavitque
1011 1777 1401 1851 quinquaginta
1457 1784 1714 1855 quinque.

1791 1136 1888 1191 ~in
1935 1139 2322 1210 captivitatem,
2355 1152 2410 1201 et
2455 1163 2670 1204 omnem
2714 1153 2978 1210 artiﬁcem
3023 1164 3079 1212 et
3118 1157 3411 1216 clusorem.

1797 1227 2080 1301 ~Nihilque
2126 1234 2374 1292 relictum
2422 1248 2524 1305 est,
2576 1245 2819 1314 exceptis
2847 1250 3176 1319 pauperibus
3222 1255 3410 1324 populi

1828 1328 1990 1378 teme
2002 1322 2212 1400 (Ibid.).
2234 1346 2254 1379 ι
2282 1328 2401 1396 Quo
2420 1330 2565 1388 facto
2577 1349 2698 1390 cum
2711 1335 2924 1394 inﬁnita
2956 1343 3140 1414 populi
3166 1322 3411 1402 multitu-

1825 1417 1950 1473 dine
1978 1428 2034 1474 et
2070 1423 2280 1480 cunctis
2319 1427 2511 1496 opibus
2555 1428 2891 1501 Jerusalem,
2938 1440 3184 1509 regnavit
3237 1439 3407 1496 Sede-

1824 1510 1975 1567 chias
2000 1514 2157 1568 annis
2185 1517 2432 1573 undecim
2449 1561 2464 1584 ,
2497 1523 2596 1576 sub
2617 1539 2724 1593 quo
2751 1536 2908 1595 capta
2934 1530 3082 1598 urbs,
3113 1533 3401 1603 templum-

1822 1617 1928 1670 que
1955 1604 2286 1662 destructum
2317 1619 2419 1666 est.
2453 1609 2618 1683 Cujus
2647 1617 2878 1674 solitudo
2906 1637 3078 1691 usque
3107 1624 3175 1678 ad
3205 1640 3401 1681 secun-

1822 1692 1948 1747 dum
1975 1711 2177 1750 annum
2206 1699 2353 1754 Darii
2377 1707 2676 1770 permansit
2703 1709 2858 1764 annis
2889 1713 3248 1784 septuaginta.
3283 1715 3403 1770 Tri-

1823 1786 2026 1841 cesimo
2055 1796 2236 1844 autem
2260 1791 2607 1850 desolationis
2631 1798 2812 1867 templi
2834 1816 2976 1855 anno
3011 1801 3181 1873 Cyrus
3211 1820 3404 1876 regna-

107 1893 114 1896 .
139 1855 277 1913 post
295 1859 438 1918 hunc
456 1863 684 1920 Αωωοη
716 1869 960 1938 regnavit
985 1871 1143 1924 annis
1163 1873 1387 1938 duobus,
1413 1851 1536 1944 post
1556 1851 1716 1947 quem
1745 1851 1793 1910 Β
1818 1876 1898 1968 vit
1922 1876 1977 1931 in
2011 1877 2211 1946 Persis,
2251 1884 2510 1940 subverso
2547 1851 2780 1959 Astyage
2811 1905 2936 1962 rege
2962 1851 3402 1968 Medoruquui

141 1948 318 2006 Josias
343 1955 506 2010 annis
534 1957 751 2028 triginta
778 1963 1003 2019 duobus.
1036 1964 1133 2020 Cui
1159 1969 1420 2024 successit
1446 1968 1711 2038 Joach‘im,

109 2043 230 2111 nqui
260 2052 322 2098 et
337 2045 603 2104 Eliachim
629 2055 1040 2122 cognominatus
1068 2068 1174 2127 est,
1199 2069 1254 2117 et
1284 2064 1528 2133 regnavit
1556 2066 1714 2122 annis

103 2135 408 2192 Avundecim.
460 2137 590 2196 Post
634 2158 797 2214 quem
853 2145 1079 2205 Joachin
1123 2164 1476 2221 cognomento
1519 2155 1714 2212 Jecho—

115 2226 277 2292 ~-nias,
317 2229 410 2298 qui
444 2231 630 2286 statim
669 2234 864 2292 ductus
913 2238 968 2293 in
1014 2243 1400 2312 captivitatem,
1443 2249 1714 2319 regnavit-

103 2323 238 2386 1:que
265 2333 370 2388 pro.
389 2334 458 2376 eo
494 2320 789 2382 Sedecbias
815 2329 972 2384 annis
998 2331 1268 2401 undecim,
1299 2337 1397 2391 sub
1422 2351 1529 2406 quo
1553 2346 1710 2409 capta

103 2408 552 2470 --est-Jerusalem
588 2418 959 2489 templumque
1010 2423 1343 2480 destructum
1399 2437 1502 2483 est.
1549 2408 1712 2486 Fiunt

101 2499 316 2572 vitaque
345 2519 375 2557 a
401 2505 917 2580 prima’captivitate
944 2515 1131 2584 Israel,
1174 2533 1296 2588 quae
1325 2519 1464 2577 facta
1498 2528 1582 2579 est
1608 2525 1708 2580 sub

125 2605 258 2661 rrege
287 2593 497 2652 Phacee
512 2613 689 2670 usque
719 2605 788 2660 ad
824 2607 1166 2664 undecimum
1196 2625 1394 2667 annum
1430 2614 1709 2673 Sedechiaa

121 2693 237 2755 quo
279 2683 536 2761 templum
583 2694 882 2752 desolatum
927 2709 1028 2764 est,
1082 2703 1210 2757 anni
1239 2713 1456 2760 centum
1487 2716 1706 2777 septua-

98 2779 561 2852 0gintaqtratnor.
583 2787 630 2841 A
653 2791 888 2845 secunda
918 2795 1136 2862 quando
1165 2793 1354 2868 captus
1375 2808 1460 2854 est
1489 2799 1626 2856 Osee
1652 2811 1707 2857 et

118 2872 308 2928 omnis
357 2876 614 2931 subversa
667 2877 913 2938 Samaria
969 2887 1098 2940 anni
1155 2896 1373 2943 centum
1433 2894 1706 2963 octoginta

96 2965 385 3035 “quinque.
402 2966 749 3040 Fueruntque
773 2974 1124 3033 desolationis
1143 2981 1328 3051 templi
1352 2985 1478 3038 anni
1497 2995 1709 3055 septua-

95 3049 295 3122 Eigiuta,
324 3057 415 3126 qui
442 3057 608 3114 additi
637 3063 823 3132 prima:
844 3067 1144 3138 captivitati
1172 3049 1376 3128 faciunt
1409 3049 1582 3131 annos
1609 3078 1707 3132 du-

91 3155 313 3202 centos
346 3148 566 3220 triginta
586 3161 642 3208 et
667 3165 918 3224 quatuor.
935 3159 992 3215 In
1019 3165 1256 3221 secundo
1281 3165 1424 3222 enim
1449 3168 1595 3223 Darii
1620 3185 1706 3226 re-
1743 3225 1745 3230 ,

1810 1962 1968 2031 juxta
2013 1970 2351 2039 prophetiam
2392 1973 2542 2030 Isaiae
2581 1979 2970 2052 quinquaginta
3017 1983 3185 2041 ferme
3228 1962 3401 2044 millia

1816 2055 2094 2112 hominum
2139 2060 2208 2115 de
2255 2063 2398 2117 tribu
2446 2063 2584 2120 Juda
2645 2071 2856 2126 remisit
2901 2073 2956 2128 in
2994 2073 3295 2132 Jerusalem
3344 2088 3402 2134 et

1814 2159 1943 2200 vasa
1982 2149 2185 2218 templi,
2228 2165 2350 2220 qua:
2384 2153 2883 2217 Nabuchodonosor
2920 2176 3308 2234 asportaverat,
3342 2181 3400 2226 et

1811 2233 2020 2291 caetera.
2046 2255 2166 2308 qua:
2206 2252 2394 2298 narrat
2435 2245 2621 2303 Esdrae
2647 2251 2894 2308 historia.
2935 2233 3106 2313 Sicuti
3153 2261 3317 2331 igitur
3341 2263 3396 2319 in

1803 2326 1991 2393 Israel,
2029 2331 2132 2387 hoc
2166 2343 2267 2400 est,
2310 2337 2494 2393 decem
2536 2342 2784 2400 tribubus
2814 2362 2843 2401 a
2876 2347 3086 2408 Phacee
3113 2326 3260 2422 rege,
3295 2355 3396 2411 sub

1780 2444 1786 2452 -
1810 2433 1918 2488 quo
1945 2419 2296 2480 Salmanasar
2317 2426 2594 2486 Israelitici
2627 2437 2810 2506 p0puli
2833 2439 3000 2496 multa
3023 2419 3275 2512 vastavit,
3299 2461 3393 2500 us-

1809 2523 1914 2580 que
1944 2512 2011 2568 ad
2034 2516 2506 2589 quadragesimum
2543 2538 2743 2580 annum
2767 2528 3010 2597 Assueri,
3041 2543 3394 2604 supputamus

1808 2616 1980 2658 annos
2010 2605 2280 2664 trecentos
2330 2608 2641 2683 nonaginta,
2683 2620 2898 2687 quando
2945 2620 3152 2680 Judaici
3208 2628 3392 2698 populi

1809 2697 2116 2762 persecutio
2145 2699 2388 2771 mitigata
2420 2713 2532 2769 est,
2564 2706 2643 2761 s'ic
2670 2723 2698 2762 a
2731 2710 2908 2778 primo
2927 2728 3068 2770 anno
3094 2697 3388 2786 Jechoniae,

1806 2783 2024 2851 quando
2052 2802 2246 2859 magna
2267 2805 2394 2860 pars
2415 2791 2714 2852 Jerusalem
2739 2802 3002 2859 translata
3030 2817 3114 2862 est
3135 2807 3189 2863 in
3209 2783 3390 2882 Baby;

1808 2873 1985 2932 Ionem
2005 2918 2021 2944 ,
2055 2895 2224 2950 usque
2261 2884 2328 2938 ad
2363 2887 2598 2953 primum
2640 2889 2766 2960 Cyri
2803 2895 2945 2965 regis
2979 2896 3266 2954 Persarum
3296 2873 3394 2958 an—

1806 2982 1956 3032 num,
1995 2969 2086 3038 qui
2121 2971 2468 3029 desolationis
2501 2978 2681 3048 templi
2713 2989 2831 3035 erat
2858 2997 3032 3041 annus
3061 2987 3390 3060 trigesimus,

1805 3066 2170 3127 supputantur
2211 3063 2337 3116 anni
2375 3067 2754 3138 quadraginta.
2795 3071 2908 3128 Sub
2931 3090 3038 3144 quo
3078 3076 3392 3137 Judzcorum

1803 3145 1982 3203 laxata
2007 3149 2291 3219 captivitas
2319 3163 2421 3220 est,
2455 3164 2510 3211 et
2536 3157 2759 3215 libertas
2779 3163 2977 3234 populo
3002 3168 3235 3225 reddita.
3267 3171 3393 3238 Qui-
3457 3213 3460 3218 -

91 3236 198 3304 ,εἰς
226 3236 522 3296 penatum
575 3258 715 3302 anno
753 3250 1007 3319 templum
1042 3264 1376 3312 exstructum
1412 3269 1515 3324 es"
1545 3276 1578 3314 a
1608 3261 1706 3318 ΖΟ,
1731 3238 1776 3302 C
1808 3239 1930 3294 dam
1960 3250 2233 3300 trecentos
2261 3248 2554 3318 nonaginta
2596 3266 2764 3307 annos
2805 3253 3018 3313 Israelis
3058 3267 3114 3316 et
3152 3236 3390 3330 quadra-

91 3327 346 3384 .mbabel
363 3330 477 3387 ﬁlio
499 3331 759 3392 Salathiel
780 3348 838 3394 et
855 3337 982 3396 Jesu
1012 3342 1123 3401 ﬁlio
1147 3345 1434 3417 Josedech,
1463 3353 1696 3424 prophe-

90 3420 366 3476 r-tantibus
385 3422 586 3496 Aggaeo
628 3436 686 3483 et
709 3429 993 3501 Zacharia,
1024 3437 1116 3506 qui
1146 3442 1391 3512 regnavit
1427 3420 1584 3502 annis
1609 3447 1702 3502 tri-

90 3514 267 3582 l-ginta
294 3529 412 3584 sex,
425 3533 643 3592 unoque
664 3523 876 3581 sublato
903 3527 1176 3586 adduntur
1197 3535 1324 3589 anni
1345 3534 1461 3604 ejus
1475 3540 1696 3610 triginta

111 3605 382 3676 quinque.
417 3607 547 3664 Post
570 3626 732 3681 quem
766 3619 1011 3688 regnavit
1032 3618 1240 3679 Xerxes
1268 3625 1412 3682 ﬁlius
1427 3605 1577 3684 Darii
1596 3645 1697 3687 an-

93 3697 197 3752 ‘nis
225 3700 444 3776 viginti.
475 3702 603 3760 Post
629 3722 790 3777 quem
812 3711 1122 3770 Artabanus
1141 3719 1422 3776 mensibus
1443 3733 1694 3792 quatuor.

88 3785 349 3857 'Xerxes,
372 3793 466 3864 qui
494 3800 978 3868 cognominabatur
1001 3804 1294 3878 Malepoxei
1319 3785 1694 3891 [Maxpéxrtp],

107 3885 288 3939 annis
305 3889 682 3961 quadraginta.
714 3892 844 3949 Post
867 3909 1026 3967 quem
1048 3900 1252 3958 Xerces
1273 3885 1699 3966 mensibus—duo-

103 3973 232 4042 bus,
249 3985 308 4033 et
327 3977 627 4050 Sogdianus
639 3987 914 4045 mensibus
927 3999 1178 4059 quatuor.
1193 3993 1291 4050 Cui
1318 4001 1578 4056 successit
1589 4001 1697 4057 Da-

79 4068 228 4125 "t‘ius
239 4077 604 4142 cognomento
625 4074 852 4144 Nothus,
869 4081 961 4150 qui
985 4087 1231 4154 regnavit
1251 4090 1412 4144 annis
1435 4093 1621 4148 decem
1642 4103 1698 4150 et

81 4163 331 4213 novem.
362 4158 490 4214 Post
512 4176 672 4230 quem
686 4163 1012 4224 Artaxerxes
1038 4185 1395 4243 cognomento
1421 4178 1694 4250 Mnemon,

75 4248 269 4304 Darii
280 4258 335 4305 et
344 4248 664 4310 Parisatidis
681 4255 842 4327 ﬁlius,
868 4265 1114 4333 regnavit
1132 4268 1292 4325 annis
1313 4248 1692 4346 quadraginta,

93 4341 199 4412 qui
227 4341 302 4397 ab
329 4341 571 4402 Hebreis
593 4347 863 4407 Assuerus
885 4354 1206 4426 appellatur,
1221 4360 1322 4417 sub
1350 4378 1458 4433 quo
1485 4341 1695 4424 Mardos

87 4433 246 4488 'ohai
310 4441 368 4489 et
409 4433 604 4493 Esther
650 4451 905 4498 narratur
951 4436 1177 4504 histeria
1202 4491 1217 4517 ,
1247 4455 1464 4522 quando
1516 4459 1693 4517 omnis

83 4526 339 4599 populus
377 4527 706 4588 ‘Judaeorum
757 4536 825 4592 de
891 4540 1084 4596 mortis
1138 4545 1380 4614 pericqu
1427 4548 1692 4608 liberatus

1802 3330 1948 3400 ginta
1960 3330 2111 3388 Judae
2123 3332 2432 3407 jungentes,
2449 3338 2655 3396 faciunt
2670 3359 2842 3403 annos
2857 3349 3279 3422 quadringentos
3292 3357 3393 3412 tri-

1801 3421 1970 3493 ginta.
2002 3424 2072 3480 Et
2089 3427 2276 3482 volunt
2305 3444 2397 3484 eos
2421 3431 2630 3501 impleri
2662 3451 2692 3488 a
2713 3436 3039 3508 baptismate
3063 3421 3390 3514 salvatoris,

1799 3526 1970 3582 usque
1991 3514 2058 3568 ad
2081 3520 2602 3577 consummationem
2625 3527 2830 3582 mundi.
2855 3529 2960 3585 Alii
2985 3546 3115 3588 vero
3136 3541 3193 3590 et
3215 3538 3392 3593 maxi-

1799 3619 1885 3658 me
1905 3603 2073 3661 Judaai
2097 3623 2126 3661 a
2154 3611 2392 3667 secundo
2433 3628 2577 3670 anno
2601 3615 2936 3688 VeSpasiani,
2970 3626 3185 3692 quando
3227 3626 3386 3683 Jeru-

1799 3693 1966 3749 salem
2018 3711 2049 3750 a
2107 3697 2366 3756 Romanis
2409 3713 2589 3776 capta,
2640 3710 3009 3782 templumque
3060 3716 3386 3776 subversum

1797 3792 1898 3852 est,
1937 3791 2214 3857 supputari
2243 3792 2432 3850 volunt
2466 3796 2520 3850 in
2551 3798 2899 3859 tribulatione
2935 3813 2992 3859 et
3019 3809 3265 3877 angustia
3284 3851 3299 3876 ,
3331 3819 3388 3867 et

1797 3876 2128 3945 captivitatis
2169 3879 2300 3954 jugo
2341 3886 2524 3956 populi
2572 3893 2853 3948 constituti
2900 3909 3072 3952 annos
3103 3876 3390 3969 iquadriu-I

1796 3975 1987 4036 gentos
2014 3970 2232 4041 triginta
2255 4012 2270 4038 ,
2313 3983 2371 4029 et
2401 3976 2481 4033 sic
2509 3980 2687 4036 redire
2715 3984 2972 4052 populum
3001 3987 3068 4042 ad
3099 3990 3388 4056 pristinum

1796 4063 2015 4121 statum,
2042 4069 2104 4114 ut
2123 4065 2392 4131 quomodo
2415 4066 2511 4121 ﬁlii
2535 4068 2700 4125 Israel
2726 4076 3134 4147 quadringentis
3163 4081 3387 4152 triginta

1798 4148 1956 4202 annis
1993 4147 2212 4207 fuerunt
2249 4154 2306 4209 in
2338 4155 2596 4228 Egypto,
2637 4162 2716 4217 sic
2747 4171 2802 4218 et
2839 4165 2893 4219 in
2929 4169 3117 4224 eodem
3157 4147 3388 4232 numero

1797 4235 2019 4293 ﬁniatur
2073 4249 2315 4298 extrema
2379 4247 2689 4317 captivitas.
2757 4251 3139 4329 Scriptumque
3191 4272 3274 4319 est
3326 4265 3388 4322 in

1795 4329 1983 4387 Exodo
2013 4350 2027 4387 :
2065 4351 2085 4386 ι
2124 4333 2397 4394 Habitatio
2421 4349 2607 4397 autem
2636 4344 2872 4403 ﬁliorum
2894 4349 3061 4408 Israel
3088 4369 3251 4424 quam
3285 4356 3384 4414 ba-

1795 4424 2104 4482 bitaverunt
2149 4429 2204 4483 in
2255 4439 2400 4488 terra
2429 4433 2650 4508 Egypti
2693 4441 2820 4495 anni
2872 4445 3252 4520 quadringenti
3285 4450 3384 4506 tri-

1794 4518 1942 4588 ginta
1973 4519 2168 4590 (Exod.
2197 4524 2316 4596 xu).
2357 4545 2377 4578 ι
2409 4527 2478 4582 Ει
2523 4529 2762 4587 iterum:
2802 4552 2822 4586 ‹
2858 4534 3085 4595 Factum
3115 4518 3214 4596 vest
3259 4551 3384 4613 post

93 4594 318 4692 recepit
365 4623 652 4693 pristinam
685 4594 1011 4688 libertatem.
1717 4594 1771 4654 D
1795 4623 1970 4709 annos.
2020 4614 2444 4709 ‘1“‘3d'i93‘m‘09
2505 4621 2725 4692 "ignita
2773 4640 3025 4697 egmssus
3062 4638 3146 4685 ⁸⁸³
3204 4635 3382 4689 omnis

95 4726 251 4768 anno
305 4712 455 4770 Darii
501 4731 673 4787 usque
725 4721 796 4776 ad
862 4733 1165 4782 extremum
1217 4745 1417 4786 annum
1461 4734 1684 4793 Assueri

96 4807 227 4862 anni
285 4817 500 4864 centum
549 4812 941 4886 quinquaginta
993 4820 1258 4890 quinque,
1295 4837 1509 4880 menses
1558 4843 1688 4896 qua-

89 4907 248 4953 tuor.
290 4899 391 4967 Qui
417 4901 585 4957 additi
611 4906 1166 4974 superioribus'annis
1189 4912 1438 4970 ducentis
1467 4919 1686 4989 triginta

83 4999 374 5058 quatuor,
435 4992 643 5049 faciunt
684 5009 856 5052 annos
927 5007 1198 5058 trecentos
1249 5006 1524 5076 octoginta
1587 5025 1686 5065 no-

91 5090 244 5146 vem,
277 5097 495 5139 menses
526 5094 777 5156 quatuor.
827 5089 1013 5146 Dextri
1049 5101 1229 5149 autem
1260 5095 1448 5153 lateris
1483 5100 1685 5157 dormi-

87 5174 197 5238 tio,
225 5173 284 5228 id
310 5184 414 5243 est,
439 5191 704 5234 annorum
725 5181 1108 5254 quadraginta,
1142 5185 1305 5242 facile
1333 5199 1682 5260 supputatur.

91 5262 227 5320 Post
253 5265 480 5323 Eliacim
507 5271 674 5338 enim,
703 5273 794 5342 qui
843 5277 1256 5347 cognominatus
1284 5288 1369 5337 est
1411 5280 1680 5352 Joachim,

89 5353 349 5428 regnavit
375 5358 537 5417 ﬁlius
575 5363 694 5435 ejus
732 5363 956 5422 Joachin
1003 5381 1361 5439 cognomento
1391 5371 1684 5432 Jechonias

89 5450 382 5508 mensibus
401 5439 591 5522 tribus,
618 5472 724 5528 quo
744 5472 1001 5531 regnante
1023 5463 1386 5520 ascenderunt
1405 5469 1550 5524 servi
1580 5468 1684 5525 Na-

87 5542 518 5602 buchodonosOr
548 5550 692 5620 regis
724 5549 1010 5622 Babylonis
1046 5553 1100 5608 in
1131 5553 1452 5625 Jerusalem,
1480 5569 1538 5616 et
1574 5563 1680 5618 cir-

83 5638 353 5692 cumdata
382 5649 466 5696 eat
491 5643 618 5698 urbs
640 5647 1049 5715 munitionibus,
1071 5667 1090 5702 ι
1111 5651 1366 5721 venitque
1393 5650 1681 5712 Nabucho-

86 5721 338 5784 donosor
374 5749 465 5789 rex
491 5735 776 5808 Babylonis
802 5741 868 5796 ad
892 5743 1165 5798 civitatem
1188 5759 1311 5799 cum
1347 5747 1518 5803 servis
1541 5750 1676 5818 suis,

85 5827 155 5878 ut
200 5834 580 5900 Oppugnareut
608 5849 749 5889 eam.
793 5835 862 5892 Et
896 5849 1144 5908 egressus
1181 5846 1268 5895 est
1305 5837 1530 5898 Joachin
1579 5859 1674 5904 rex

1793 4703 2066 4758 exercitus
2099 4706 2313 4762 Domini
2343 4719 2525 4765 nocte.
2562 4730 2580 4763 ι
2618 4712 2872 4784 Satisque
2903 4719 3096 4786 miror,
3137 4736 3237 4776 cur
3260 4723 3380 4776 vul-

1791 4804 1915 4864 gata
1954 4799 2286 4867 exemplaria
2322 4810 2540 4856 centum
2585 4806 2878 4876 nonaginta
2914 4824 3086 4867 annos
3119 4811 3376 4882 habeant,

1791 4895 1846 4941 et
1874 4887 1930 4940 in
1954 4888 2275 4957 quibusdam
2297 4891 2561 4961 scriptum
2585 4904 2669 4951 est
2713 4907 2930 4956 centum
2959 4903 3372 4974 quinquaginta,

1791 4991 1914 5031 cum
1941 4978 2226 5046 perspicue
2241 4989 2297 5035 et
2317 4980 2642 5042 Hebraicum
2668 4996 2723 5044 et
2741 4990 2962 5061 Aquila,
2986 4993 3378 5065 Symmachus-

1790 5081 1896 5136 que
1919 5067 2320 5126 etTheodotion
2335 5081 2604 5132 trecentos
2625 5083 2918 5151 nonaginta
2938 5099 3112 5140 annos
3130 5094 3373 5156 teneant,

1787 5167 1844 5212 et
1867 5161 2008 5229 apud
2036 5162 2182 5231 ipsos
2212 5162 2587 5239 Septuaginta,
2625 5172 2718 5241 qui
2747 5181 2926 5230 tamen
2951 5191 3058 5232 non
3087 5189 3212 5233 sunt
3240 5182 3375 5236 scri-

1786 5256 2004 5319 ptorum
2028 5250 2162 5307 vitio
2198 5253 2509 5324 depravati,
2558 5261 2699 5316 idem
2738 5278 2998 5321 numerus
3045 5270 3369 5339 reperiatur.

1789 5340 2164 5401 Diﬁicillimam
2215 5346 2568 5418 quaestiOnem
2619 5363 2675 5410 et
2721 5370 2791 5410 ne
2842 5357 3019 5414 dicam
3061 5362 3293 5431 superbe
3339 5381 3373 5420 a

1787 5434 1936 5491 nullo
1980 5437 2340 5507 explanatam,
2394 5458 2502 5499 nou
2546 5451 2657 5500 tam
2695 5446 2869 5502 nostri
2915 5450 3161 5519 scientia,
3207 5468 3374 5524 quam

1789 5526 2002 5584 Domini
2051 5531 2225 5602 gratia
2284 5535 2602 5604 exposuisse
2652 5551 2753 5593 nos
2802 5540 3096 5610 credimus,
3149 5545 3373 5616 impleto

1787 5619 1880 5677 illo
1911 5623 2056 5693 quod
2094 5624 2186 5680 ille
2240 5626 2514 5696 pollicitus
2556 5633 2680 5684 est:
2719 5649 2740 5680 ι
2773 5629 3010 5698 Quaerite
3039 5643 3094 5690 et
3122 5636 3365 5694 invenie-

1787 5714 1876 5779 tis,
1910 5716 2081 5786 petite
2125 5726 2181 5774 et
2218 5719 2519 5791 accipietis,
2565 5721 2776 5792 pulsate
2821 5733 2876 5780 et
2910 5727 3184 5797 aperietur
3213 5727 3368 5789 vobis

1785 5804 2001 5874 (Matth.
2023 5807 2143 5882 vn).
2169 5829 2190 5866 ›
2216 5810 2320 5880 Qui
2348 5819 2534 5870 autem
2559 5813 3109 5891 volueritsuppntare
3135 5833 3165 5874 a
3186 5816 3364 5890 prima
