3938 6360
1120 330 1180 384 Β.
1225 329 1473 387 ΒΛΒΑΝΙ
1513 329 1730 387 MAURI
1770 332 2081 387 ARlllIIEP.
2125 330 2426 389 MOGUKT.
2468 333 2747 390 OPERUM
2786 333 2962 388 PARS
2996 335 3058 389 ll.

3659 335 3770 389 ϐω

493 460 527 497 ι.
556 441 708 497 vobis
735 438 985 497 baculum
1016 442 1190 510 panis.
1224 463 1242 495 ι
1279 442 1547 514 (Ηὶθνοη.)
1577 443 1795 499 Famem
1827 455 1880 500 ct
1907 446 2062 515 pesti-
2089 448 2138 507 Α
2166 457 2270 498 non
2308 445 2544 509 auribus,
2576 447 2669 500 sed
2695 446 2920 516 imperio
2945 455 2999 500 et
3028 449 3264 514 potentia
3291 448 3563 502 creatoris
3596 463 3768 502 suum

484 533 704 602 lentiam
737 540 797 591 et
824 532 1028 589 bestias
1060 533 1354 602 pessimos,
1385 542 1441 589 et
1467 535 1726 604 quidquid
1765 535 1908 588 aliud
1945 551 2060 590 ma-

482 624 659 680 lorum
710 623 1035 678 sustinemus
1064 625 1116 677 in
1148 625 1344 679 saeculo
1374 634 1596 696 propter
1641 636 1822 680 nostra
1875 627 2060 684 venire

481 723 704 788 peccata
750 713 1094 776 manifestum
1122 725 1224 776 est.
1282 715 1432 772 Unde
1475 724 1529 771 et
1580 717 1750 778 fames
1798 716 1914 782 illa,
1942 731 2059 784 quae

479 809 622 870 facta
660 815 992 874 memoratur
1029 807 1083 870 in
1125 807 1268 872 Ruth
1297 808 1480 878 (Ruth.
1513 808 1552 880 ι)
1582 817 1635 864 et
1659 809 1862 880 Regum
1905 809 2058 868 volu-

480 903 623 965 mine
653 899 774 972 (III
803 900 931 971 Reg.
964 900 1122 970 sint),
1149 899 1251 962 sub
1280 900 1418 967 Elia,
1447 901 1660 971 quando
1702 901 1870 956 tribus
1904 901 2060 958 annis

479 1007 533 1055 et
563 1014 659 1054 sex
703 996 976 1054 mensibus
1018 996 1213 1052 omium
1242 995 1483 1064 clausum
1521 1003 1622 1059 est,
1671 1006 1727 1050 et
1751 996 1851 1050 sub
1881 995 2058 1051 Eliseo

479 1087 530 1157 (1
547 1087 586 1141 γ
619 1088 746 1159 flag.
768 1089 866 1159 vi),
893 1089 1045 1160 cujus
1084 1088 1449 1146 incredibilem
1497 1088 1732 1158 inopiam
1779 1089 2058 1158 repentina

479 1180 806 1240 abundantia
834 1183 1217 1252 compensavit,
1252 1182 1345 1236 Dei
1367 1181 1570 1251 judicio
1598 1181 1762 1237 missa
1785 1191 1886 1236 est.
1905 1180 2055 1247 Quod

481 1286 589 1326 non
621 1272 794 1328 solu
823 1282 961 1346 tuac‘
986 1275 1044 1329 in
1079 1273 1377 1330 Jerusalem
1423 1273 1623 1345 factum
1655 1282 1759 1339 est,
1795 1275 1891 1329 sed
1921 1273 2056 1329 etin

479 1371 666 1418 nostra
709 1364 772 1420 fit
814 1363 1131 1431 Jerusalem,
1161 1365 1215 1420 in
1251 1381 1356 1435 qua
1389 1373 1608 1434 propter
1635 1367 2055 1436 magnitudinem

476 1463 826 1522 peccatorum
855 1457 1086 1526 primum
1121 1457 1290 1512 fames
1319 1458 1551 1512 mittitur
1577 1459 1829 1513 audiendi
1859 1474 2058 1514 sermo-

477 1559 600 1600 nem
638 1545 754 1602 Dei.
788 1547 987 1602 Deinde
1027 1548 1224 1604 famem
1253 1564 1400 1604 mors
1429 1549 1706 1617 sequitur,
1735 1558 1795 1604 ut
1832 1551 1922 1619 qui
1951 1565 2055 1606 non

478 1635 818 1701 audivimus:
849 1658 868 1690 ι
899 1637 1127 1695 Gustata
1154 1647 1210 1694 et
1238 1639 1413 1694 videte
1456 1639 1711 1708 quoniam
1755 1641 1936 1696 suavis
1975 1650 2058 1697 est

476 1727 733 1786 Dominus
785 1730 902 1803 (Ps.
927 1731 1186 1804 anno,»
1234 1741 1421 1804 postea
1475 1735 1774 1790 sentiamus
1815 1751 1829 1787 :
1863 1755 1881 1785 ι
1912 1734 2055 1790 Mors

473 1832 816 1890 peccatorum
861 1825 1096 1894 pessima
1131 1833 1214 1881 est
1243 1825 1454 1899 (Ibid).
1477 1847 1495 1880 ι
1531 1828 1606 1884 De
1633 1829 1970 1884 firmamento
2001 1837 2054 1884 et

475 1912 668 1968 baculo
692 1915 847 1985 panis
879 1929 1042 1985 supra
1071 1916 1306 1972 diximus
1331 1934 1344 1971 :

553 2025 570 2056 ι
605 2007 674 2061 Et
697 2007 985 2062 immittam
1013 2008 1067 2062 in
1097 2022 1193 2063 vos
1237 2008 1434 2064 famem
1477 2018 1532 2064 et
1559 2008 1762 2066 bestias
1791 2010 2053 2081 pessimas

479 2115 500 2148 ι
543 2112 716 2168 usque
745 2098 813 2153 ad
856 2098 1300 2156 internecionem.
1332 2101 1398 2154 Et
1425 2101 1731 2170 pestilentia
1756 2111 1810 2156 et
1835 2104 2053 2172 sanguis

480 2205 502 2239 ε
547 2189 850 2244 transibunt
875 2205 974 2260 per
1011 2199 1083 2257 te,
1111 2198 1168 2250 et
1208 2191 1442 2263 gladium
1472 2193 1721 2247 inducam
1767 2208 1930 2262 super
1977 2201 2048 2256 te,

480 2295 504 2330 ο
543 2277 657 2348 Ego
683 2277 941 2335 Dominus
967 2279 1178 2336 locutus
1205 2296 1345 2336 sum.
1371 2300 1388 2332 ι
1424 2281 1634 2337 Bestius
1664 2282 1926 2350 pessimas
1969 2283 2052 2336 in-

473 2372 594 2428 duci
615 2389 779 2444 super
799 2383 997 2431 terram
1023 2375 1348 2441 solitudinis,
1365 2391 1485 2446 quae
1510 2376 1670 2443 fame,
1688 2376 1883 2447 gladio,
1901 2385 2052 2447 peste

470 2481 680 2529 vastata
722 2481 823 2537 est,
871 2475 1157 2545 praesentia
1203 2487 1414 2544 quoque
1458 2474 1751 2528 ostendunt
1785 2481 2049 2544 tempora,

471 2566 688 2636 quando
714 2563 978 2619 familiam
1003 2565 1204 2620 animal
1229 2565 1381 2621 canis
1403 2565 1459 2620 in
1489 2565 1829 2621 dominorum
1859 2581 2052 2622 carnes

471 2653 624 2709 rabie
663 2655 987 2722 concitatur,
1016 2663 1070 2710 et
1107 2655 1252 2710 ursis
1292 2670 1356 2711 ac
1398 2655 1536 2726 lupis
1577 2657 1891 2727 cunctisque
1933 2656 2052 2713 aliis

471 2743 756 2816 generibus
774 2744 1071 2801 bestiarum
1089 2756 1232 2803 terra
1253 2746 1566 2818 completur,
1582 2749 2054 2818 pestilentiamque

472 2842 527 2889 et
553 2834 869 2905 sanguinem
895 2836 1127 2892 transire
1150 2851 1249 2908 per
1271 2852 1412 2906 eam,
1437 2839 1686 2894 morbum
1710 2837 2054 2909 gladiumque

472 2925 762 2995 significat.
800 2923 910 2980 Sed
959 2934 1015 2982 et
1048 2927 1107 2982 in
1151 2937 1392 2982 nostram
1434 2926 1732 2984 Jerusalem
1765 2928 2052 2983 mittuntur

470 3017 661 3072 bestiae
687 3018 953 3088 pessimae,
979 3021 1196 3090 quando
1227 3022 1487 3077 tradimur
1513 3023 1566 3077 in
1594 3023 1876 3092 passiones
1901 3023 2052 3094 igno-

469 3107 668 3174 minias,
694 3116 750 3165 et
777 3109 835 3166 in
864 3111 1148 3180 reprobum
1173 3127 1411 3180 sensum,
1433 3121 1487 3168 et
1511 3115 1898 3170 conscientiam
1926 3129 2052 3185 pec-

469 3208 732 3268 catorum,
759 3217 882 3273 quae
914 3206 1232 3260 excruciant
1269 3216 1430 3276 atque
1465 3206 1764 3262 dilacerant
1807 3181 2049 3264 animum
2075 3181 2123 3246 Ο

470 3302 737 3361 nostrum,
786 3296 1168 3362 dissensiones,
1195 3298 1446 3363 haereses,
1480 3299 1792 3367 schismata,
1826 3300 2050 3355 aemula-

471 3384 679 3450 tiones,
729 3385 972 3455 lnvidiae,
1025 3388 1281 3456 tristitiae,
1334 3391 1695 3448 detractiones
1718 3433 1733 3458 ,
1783 3394 2051 3450 desideria

468 3475 660 3541 multa,
692 3476 936 3543 avaritia,
967 3493 1090 3550 quae
1137 3489 1224 3536 est
1276 3484 1430 3537 radix
1478 3485 1741 3541 malorum
1783 3487 2046 3554 omnium,

469 3566 656 3623 beatis,-
672 3569 922 3638 pessimaz
949 3579 1094 3638 sunt,
1119 3586 1239 3642 qua:
1266 3589 1391 3630 cum
1424 3574 1625 3632 fuerint
1647 3577 1702 3632 in
1731 3577 1904 3644 nobis,
1938 3594 2050 3634 me-

469 3671 655 3715 remur
675 3660 861 3718 audire
890 3680 904 3717 :
931 3681 954 3716 ‹
982 3663 1228 3738 Cor-riget
1274 3675 1330 3724 te
1351 3669 1725 3740 praevaricatio
1748 3679 1859 3726 tua.
1885 3691 1903 3724 ο
1924 3671 2049 3727 Pre-

469 3764 763 3822 camurque
799 3761 858 3811 et
907 3755 1172 3814 dicimus:
1201 3777 1221 3810 ι
1253 3759 1331 3815 Ne
1379 3761 1562 3817 tradas
1610 3762 1798 3818 bestiis
1840 3762 2048 3820 animas

469 3845 792 3905 confitentes
821 3848 938 3906 tibi.
959 3869 980 3903 ι

1079 3942 1306 4001 CAPUT
1343 3942 1432 4001 Ἤ.

2164 538 2386 591 audiunt
2429 547 2482 591 et
2529 538 2829 609 intelligunt
2879 538 3210 593 Creatorem.
3254 539 3546 605 Quomodo
3605 557 3770 595 mare

2162 628 2292 683 vidit
2339 638 2394 682 et
2437 629 2604 698 fugit,
2667 629 2918 685 Iordanis
2968 645 3261 685 conversus
3302 639 3387 690 est
3438 637 3768 704 retrorsum

2161 717 2278 788 (Ps.
2308 719 2486 788 cxm).
2511 739 2528 770 ι
2561 718 2679 774 Non
2718 720 2904 790 utique
2947 721 3129 776 carnis
3174 720 3343 776 oculis
3387 722 3602 791 quibus
3650 738 3768 777 ima

2161 809 2394 868 videbat.
2444 810 2512 864 Et
2557 810 2625 865 ad
2664 825 2817 866 mare
2859 811 3058 870 dicitur
3089 829 3102 866 :
3133 831 3151 865 ι
3193 811 3335 868 Tace
3363 853 3379 878 ,
3425 813 3765 869 obmutesce

2161 899 2354 970 (Marc.
2374 900 2448 972 tv)
2467 917 2511 965 ;›
2537 911 2590 956 et
2615 909 2895 958 ventorum
2916 900 3129 958 flatibus
3150 902 3482 972 imperatur,
3503 903 3754 973 iubetur-

2157 1006 2262 1060 que
2285 993 2472 1058 vermi,
2491 993 2583 1063 qui
2603 992 2752 1049 Jonm
2769 995 3036 1063 percussit
3061 995 3438 1052 umbraculum
3464 993 3626 1066 (Jan.
3659 997 3756 1066 iv).

2157 1081 2223 1138 Et
2249 1083 2316 1138 de
2339 1083 2528 1138 eadem
2557 1092 2702 1140 terra
2733 1087 2990 1157 scriptum
3017 1096 3139 1144 est:
3173 1108 3192 1140 ι
3215 1088 3317 1156 Qui
3360 1089 3602 1160 resyicit
3645 1098 3759 1143 ter—

2159 1191 2274 1232 ram
2305 1176 2512 1231 etfacit
2538 1191 2657 1234 eam
2688 1186 2918 1235 tremere
2951 1179 3068 1252 (Ps.
3090 1180 3225 1253 cur).
3253 1201 3272 1235 ι
3304 1182 3392 1236 Ad
3439 1198 3594 1251 quos
3619 1197 3756 1251 pro—

2155 1269 2316 1338 pheta
2363 1269 2628 1339 loquitur,
2661 1271 2903 1328 indicans
2951 1273 3098 1328 idola
3143 1274 3600 1338 destruenda,‘et
3635 1289 3754 1328 aras

2158 1362 2541 1430 universasque
2585 1364 2952 1430 caeremonias,
2978 1365 3176 1432 quibus
3217 1364 3376 1434 prius
3423 1363 3599 1418 idolis
3649 1380 3756 1418 scr-

2154 1453 2391 1520 vierunt,
2410 1454 2781 1510 conterendas.
2806 1454 3098 1511 Possumus
3119 1465 3330 1511 montes
3347 1456 3624 1526 accipere
3641 1472 3750 1519 eos,

2155 1545 2247 1614 qui
2282 1545 2518 1613 potentia
2546 1545 2916 1615 sapientiaque
2939 1555 2993 1600 et
3021 1546 3248 1601 scientia
3277 1561 3343 1601 ac
3369 1546 3596 1602 divitiis
3621 1561 3749 1616 βη-

2156 1635 2437 1691 cellebant.
2469 1635 2536 1691 Et
2571 1637 2674 1692 hoc
2723 1637 3253 1693 animadvertendum
3304 1640 3460 1709 quod
3493 1639 3748 1694 obfirma-

2157 1729 2373 1800 quidem
2403 1728 2590 1795 facies,
2613 1736 2668 1785 et
2692 1730 2912 1800 ponitur
2932 1740 3120 1786 contra
3146 1739 3385 1795 montes,
3417 1731 3524 1786 sed
3553 1748 3748 1801 nequa-

2081 1800 2245 1880 Btur
2296 1839 2460 1893 quam
2511 1824 2639 1880 solis
2670 1826 2978 1891 montibus,
3032 1826 3127 1881 sed
3177 1835 3232 1881 et
3277 1826 3524 1881 collibus
3583 1827 3748 1896 ιαῖυί-

2169 1921 2246 1973 lur
2271 1925 2326 1971 et
2355 1917 2576 1987 rupibus
2601 1926 2658 1972 et
2685 1917 2937 1984 vallibus,
2964 1918 3018 1974 in
3049 1919 3244 1988 quibus
3287 1917 3534 1974 inferior
3584 1917 3743 1988 digni-

2156 2015 2239 2062 tas
2290 2015 2347 2062 et
2394 2009 2594 2076 gradus
2633 2008 2934 2077 prudentiae
2980 2008 3327 2079 scientiaque
3373 2011 3740 2078 cognoscitur.

2154 2099 2414 2158 Videntur
2444 2099 2577 2154 mihi
2611 2109 2820 2156 utentes
2850 2100 3176 2171 tropologice
3199 2116 3345 2166 esse,
3381 2101 3481 2170 qui
3533 2102 3606 2155 ad
3631 2117 3743 2170 per—

2152 2189 2350 2246 fectam
2379 2191 2659 2248 scientiam
2685 2201 3066 2262 pervenerunt.
3115 2192 3313 2257 Colles,
3343 2192 3445 2262 qui
3472 2193 3646 2261 paulo
3671 2195 3737 2246 in~

2153 2284 2380 2342 feriores
2403 2295 2546 2341 sunt.
2578 2286 2759 2357 Rupes
2797 2287 2888 2357 qui
2912 2287 3114 2343 nullam
3140 2288 3409 2344 habentes
3432 2291 3740 2353 scientiam,

2153 2384 2208 2430 et
2249 2386 2456 2432 tantum
2502 2376 2555 2431 in
2605 2378 3013 2434 conversatione
3058 2378 3284 2434 ﬁdentes
3311 2379 3502 2452 aliqua
3538 2381 3644 2435 sibi
3681 2382 3738 2434 de

2154 2465 2558 2538 Scripturarum
2586 2469 3030 2540 interpretatione
3069 2481 3444 2540 praesumunt,
3493 2489 3516 2522 σ
3549 2471 3741 2525 halm-

2154 2565 2234 2614 tes
2257 2577 2274 2610 ι
2317 2559 2470 2630 juxta
2504 2558 2838 2630 Apostolum,
2865 2577 2884 2611 ι
2911 2559 3086 2616 zelum
3119 2560 3248 2625 Dei,
3280 2560 3377 2616 sed
3425 2576 3540 2616 non
3590 2563 3738 2631 juxta

2152 2649 2433 2708 scientiam
2463 2649 2640 2720 (Rom.
2669 2653 2748 2722 ι).
2773 2670 2792 2704 ι
2821 2649 3001 2708 Valles
3017 2660 3198 2706 autem
3222 2652 3489 2721 appellari
3517 2654 3741 2708 uosissi‘

2153 2757 2270 2798 mos
2299 2741 2353 2796 in
2395 2739 2656 2808 Ecclesia,
2682 2742 2775 2812 qui
2818 2750 2874 2798 et
2913 2742 3025 2799 vita
3067 2750 3124 2798 et
3163 2742 3396 2798 scientia
3427 2741 3740 2807 inimicus,

2155 2841 2334 2890 tamen
2369 2833 2435 2889 de
2458 2843 2728 2902 conventu
2759 2833 3042 2892 Dominico
3065 2849 3176 2890 non
3199 2833 3485 2899 recedunt,
3505 2834 3612 2905 qui
3637 2851 3742 2891 om-

2153 2939 2251 2980 nes
2291 2925 2516 2980 verbum
2566 2923 2662 2980 Dei
2697 2923 2956 2994 jubentur
2998 2923 3207 2989 audire,
3252 2932 3316 2979 ut
3361 2926 3741 2994 unusquisqu

2154 3031 2254 3086 pro
2301 3032 2399 3074 suo
2440 3015 2656 3076 modulo
2692 3023 2747 3072 et
2775 3029 2938 3074 sensu
2985 3013 3250 3084 intelligat
3299 3014 3433 3084 quid

2154 3108 2448 3179 praecipiat.

2229 3219 2248 3256 ι
2279 3201 2418 3258 Ecce
2444 3215 2544 3271 ego
2575 3199 2824 3256 inducam
2853 3214 3014 3270 super
3041 3213 3140 3256 vos
3158 3197 3429 3268 gladium.
3453 3205 3511 3258 et
3539 3197 3740 3266 diapa-

2157 3312 2177 3346 ι
2213 3293 2340 3348 dam
2386 3293 2600 3350 excelsa
2629 3301 2834 3359 vostra,
2860 3299 2917 3347 et
2957 3290 3221 3350 demoliar
3262 3305 3385 3346 aras
3425 3299 3668 3353 vestras,
3691 3299 3741 3344 et

2156 3405 2177 3438 ι
2213 3385 2622 3456 confringentur
2649 3383 2942 3442 simulacra
2965 3391 3166 3448 vestra,
3203 3388 3257 3436 et
3280 3380 3532 3448 dejieiam
3567 3381 3740 3436 inter-

2155 3497 2177 3531 ι
2217 3477 2389 3534 fectos
2423 3486 2634 3534 vestros
2672 3483 2799 3532 ante
2827 3473 2970 3532 idola
2993 3481 3195 3539 vestra,
3219 3480 3276 3528 et
3301 3472 3434 3530 dabo
3461 3472 3736 3533 sadan

2157 3586 2177 3620 ι
2216 3567 2450 3624 ﬁliorum
2482 3566 2646 3624 Israel
2674 3575 2803 3624 ante
2832 3565 3025 3622 faciem
3073 3564 3494 3623 simulacrorum
3534 3572 3740 3624 resus-

2159 3682 2177 3715 ι
2218 3678 2358 3727 rum,
2385 3669 2440 3717 et
2463 3661 2772 3731 dispergam
2798 3674 2923 3722 ossa
2959 3665 3140 3716 vestra
3173 3658 3318 3716 circa
3353 3673 3486 3718 aras
3526 3667 3738 3712 vati-as

2157 3756 2273 3810 «in
2325 3754 2576 3810 omnibus
2617 3751 2984 3812 bullitionibus
3025 3751 3281 3810 vestris.»
3328 3749 3612 3808 Hostibus
3661 3749 3738 3804 die

2150 3843 2225 3900 cit
2252 3842 2416 3900 Israel
2461 3843 2606 3912 quod
2651 3842 2928 3913 disperdat
2952 3843 3210 3902 Dominus
3250 3840 3471 3902 excelsa
3517 3856 3731 3906 eorum,

2150 3933 2207 3991 in
2249 3932 2445 4007 quibus
2484 3932 2783 3990 adorabant
2827 3934 3075 3995 homines
3121 3933 3274 3994 fictos
3312 3933 3471 3998 deos,
3503 3939 3566 3988 et
3617 3946 3736 3990 aras

466 4021 731 4097 Propheta
767 4030 990 4088 ostendit
1021 4033 1469 4111 populumplagis
1489 4053 1807 4111 percussum
1839 4047 2050 4111 propter

2158 4027 2547 4096 simulacraque
2573 4025 2878 4098 confringat
2911 4035 2969 4082 et
3007 4025 3245 4088 cultores
3285 4039 3487 4089 conm
3526 4024 3590 4088 in
3617 4039 3734 4080 caa-

939 4115 1206 4174 pcccamm
1227 4107 1565 4164 idololatriae.
1840 4107 1851 4111 ⁷
1937 4107 1947 4110 ⁷
2151 4126 2337 4192 spectu
2367 4120 2616 4176 fanorum
2659 4119 2889 4176 htmﬁci
2931 4117 3114 4184 faciat,
3143 4127 3204 4178 at
3223 4117 3444 4186 iaceant
3471 4118 3735 4182 «dum

544 4229 565 4263 ι
600 4210 667 4267 Et
708 4212 885 4270 factus
911 4223 996 4272 est
1022 4231 1202 4274 sermo
1235 4217 1451 4274 Domini
1481 4219 1550 4274 ad
1581 4233 1668 4275 me
1694 4220 1879 4276 dicens
1905 4237 1917 4274 :
1941 4220 2045 4276 Fili
2149 4219 2489 4272 mortuorum
2513 4210 2608 4270 ubi
2636 4210 2789 4280 prius
2805 4208 3059 4278 iacebant
3083 4209 3298 4275 hostiae.
3323 4217 3379 4276 ei
3412 4209 3734 4280 dispertit

470 4315 493 4352 ι
535 4301 792 4369 hominis,
821 4319 962 4374 pone
1007 4305 1201 4364 faciem
1245 4317 1394 4365 tuam
1432 4311 1500 4366 ad
1530 4319 1742 4367 montes
1787 4311 1952 4367 lsrael
1993 4321 2050 4368 et

2158 4311 2238 4360 tur
2266 4319 2390 4362 ossa
2435 4319 2544 4362 non
2587 4303 2872 4368 montium,
2897 4303 2994 4358 sed
3030 4317 3217 4361 eorum
3257 4301 3351 4372 qui
3391 4299 3659 4370 iacebant
3683 4301 3734 4356 in

469 4411 492 4446 ο
532 4395 880 4464 prophetabis
907 4398 975 4453 ad
1007 4413 1101 4455 eos
1128 4409 1186 4455 et
1209 4401 1376 4470 dices,
1407 4402 1614 4460 Montes
1655 4404 1820 4458 lsrael
1865 4405 2047 4460 audite
2152 4401 2426 4458 montibus
2451 4401 2507 4458 iu
2530 4401 2762 4456 circuitu
2796 4414 3030 4464 aram,
3061 4408 3116 4456 et
3156 4399 3215 4454 in
3251 4400 3468 4466 cunctis
3512 4399 3734 4456 urbiha

469 4500 492 4534 ι
538 4483 760 4539 verbum
788 4484 1001 4542 Domini
1023 4501 1042 4542 :
1064 4487 1190 4546 Haec
1227 4491 1356 4546 dicit
1383 4493 1642 4548 Dominus
1672 4495 1816 4550 Deus
1847 4497 2046 4550 monti-
2074 4544 2125 4566 η
2150 4497 2446 4566 viculisque
2475 4495 2662 4551 lsrael.
2687 4495 2798 4550 Hoc
2813 4493 2968 4564 juxta
2997 4494 3255 4560 litteram,
3282 4492 3535 4563 alioquin
3559 4503 3619 4547 et
3649 4507 3735 4550 SI-

469 4593 489 4629 .
529 4576 653 4642 bus,
682 4585 738 4634 et
780 4577 1026 4646 collibus,
1056 4544 1279 4652 rupibus
1317 4544 2048 4656 ..'.‘.ia;;.‘;;,:;;;ia;;;d
2072 4544 2127 4605 Β
2149 4544 2968 4659 at;";.;;",;.;'gigans";
2993 4544 3735 4657 melius;

463 4681 603 4739 stupe
638 4670 690 4725 in
723 4671 825 4728 hoc
851 4674 1115 4745 propheta
1145 4675 1384 4732 dicitur:
1417 4695 1436 4728 ι
1472 4677 1679 4734 Adonal
1704 4679 1985 4746 Dominus,
2019 4701 2040 4733 i
2149 4678 2439 4749 Apostolus
2483 4679 2722 4748 loquitur
2749 4677 2801 4750 (Ι
2839 4676 2963 4734 Cor.
3007 4677 3127 4747 vui)
3153 4695 3169 4732 :
3199 4695 3218 4732 ι
3255 4676 3503 4734 Scientia
3551 4675 3738 4739 illa.

459 4771 683 4833 propter
703 4763 923 4822 Gnaeos
945 4775 1000 4821 et
1019 4765 1266 4835 Latinos,
1287 4771 1379 4840 qui
1407 4769 1682 4828 Hebraicis
1712 4772 1908 4844 lingua
1936 4788 2046 4830 non
2149 4770 2384 4826 charitas
2401 4770 2654 4826 aedificat.
2678 4790 2696 4824 i
2728 4770 3002 4826 Inducitur
3017 4768 3229 4840 gladius
3247 4777 3310 4824 ut
3325 4767 3520 4826 omnia
3541 4781 3738 4824 eorum

459 4855 661 4913 habent
715 4858 996 4914 scientiam
1023 4899 1039 4924 ,
1086 4861 1326 4918 breviter
1367 4866 1747 4934 exponendum
1806 4867 2041 4922 videtur.
2081 4854 2094 4875 ⁹
2149 4861 2460 4928 simulacra,
2483 4877 2602 4932 qum
2628 4861 2694 4918 de
2712 4876 2814 4918 suo
2843 4861 3115 4916 ﬁnxerunt
3138 4859 3320 4916 animo
3352 4867 3734 4921 conterantur.

456 4949 663 5003 Adonai
691 4965 861 5005 unum
899 4964 1096 5008 nomen
1121 4960 1206 5007 est
1227 4954 1292 5008 de
1313 4954 1498 5010 decem
1533 4958 1812 5014 vocabulis
1838 4958 1957 5025 Dei,
1985 4968 2045 5016 et
2149 4964 2204 5011 et
2251 4955 2521 5012 interfecti
2562 4953 2812 5024 iaceant,
2839 4962 2901 5010 et
2931 4962 3174 5010 mortuos
3211 4968 3335 5010 esse
3371 4967 3438 5010 se
3468 4953 3736 5014 sentiam.

458 5041 1047 5111 signiﬁcatDominum,
1065 5057 1173 5113 quo
1191 5047 1792 5115 smpeetinhominibus
1814 5052 2037 5108 utimur.
2150 5047 2285 5102 nihil
2331 5047 2433 5103 sibi
2479 5047 2771 5102 simulacra
2807 5060 2905 5102 sua
2953 5053 3122 5116 atque
3173 5045 3433 5115 ﬁgmenta
3475 5043 3737 5114 prodeatis

459 5129 702 5200 Denique
737 5140 794 5186 et
819 5131 961 5188 Sara
999 5146 1198 5190 vocans
1244 5134 1518 5192 Abraham
1565 5140 1842 5195 dominum
1885 5157 2041 5198 suum
2149 5153 2450 5202 cernentes.
2469 5145 2732 5215 Quodque
2745 5143 3055 5216 diqiergerc
3079 5159 3142 5201 se
3165 5143 3295 5200 dicit
3310 5157 3442 5200 ossa
3463 5144 3738 5198 montium

459 5220 615 5292 (Gen.
645 5221 826 5296 xvur),
867 5224 978 5281 hoc
1007 5226 1239 5282 vocabat
1286 5230 1520 5285 nomine.
1553 5231 1620 5286 Et
1660 5233 1751 5286 ubi
1798 5233 2040 5292 dicitur:
2147 5237 2291 5293 circa
2327 5252 2471 5305 aras,
2496 5235 2822 5293 fortissimos
2867 5251 3112 5308 quosque
3145 5251 3334 5293 eorum
3379 5251 3414 5289 ι
3451 5249 3516 5290 se
3543 5243 3738 5290 mllio

339 5380 360 5392 ν
464 5330 490 5364 ο
514 5311 740 5368 Domine
781 5316 856 5371 mi
885 5331 1006 5386 rex,
1048 5317 1255 5374 Adonai
1298 5340 1317 5372 ι
1362 5321 1622 5391 scriptum
1663 5331 1766 5380 est.
1816 5324 2042 5392 Quando
2147 5330 2349 5385 indicat
2387 5330 2729 5401 separandos.
2764 5327 2990 5386 Prodest
3018 5330 3164 5385 enim
3195 5342 3471 5399 perversa
3493 5325 3742 5382 scienti:

459 5402 630 5474 igitur
669 5403 778 5460 duo
813 5407 1025 5464 Domini
1072 5418 1127 5465 et
1173 5410 1387 5466 Domini
1427 5412 1611 5482 juncta
1642 5424 1765 5471 sunt
1793 5417 2034 5485 nomina,
2146 5421 2318 5476 malos
2345 5436 2376 5474 a
2401 5421 2556 5475 malis
2573 5421 2739 5476 dividi
2763 5437 2778 5487 ;
2803 5428 2860 5476 et
2884 5429 2944 5475 ut
2965 5420 3042 5474 illi
3074 5419 3168 5490 qui
3193 5432 3468 5476 consensu
3491 5416 3739 5487 passim

457 5497 613 5568 prius
642 5513 839 5555 nomen
868 5516 1156 5560 commune
1177 5513 1280 5573 est,
1329 5509 1619 5563 secundum
1664 5511 1882 5580 proprie
1919 5511 2035 5578 Dei,
2141 5511 2477 5567 aediﬁcabant
2524 5521 2730 5567 turrem
2773 5526 2871 5582 pro
2916 5510 3148 5566 utilitate
3194 5510 3454 5581 propria,
3487 5505 3746 5576 diss'pali

459 5590 614 5662 quasi
663 5589 957 5661 ineﬂabile,
999 5605 1056 5652 et
1103 5598 1246 5667 quod
1291 5601 1553 5669 scriptum
1603 5601 1792 5656 fuitin
1833 5602 2036 5657 lamina
2142 5611 2288 5669 sunt,
2317 5604 2610 5674 divisaeque
2648 5603 2844 5674 linguae
2886 5618 3190 5671 eorum,ne
3215 5614 3522 5658 consensus
3564 5595 3746 5669 pessi-

459 5695 625 5738 ma
653 5697 771 5754 qua
809 5693 930 5742 erat
977 5687 1034 5743 in
1077 5686 1257 5747 fronte
1282 5693 1570 5763 pontificis.
1620 5691 1826 5750 Montes
1855 5703 2038 5750 autem
2142 5712 2262 5752 mus
2289 5695 2499 5766 pejores
2538 5712 2632 5752 eos
2659 5696 2863 5751 faceret
2885 5693 3040 5767 (Gen.
3069 5695 3170 5766 ιι),
3203 5695 3278 5750 ita
3308 5707 3436 5749 ossa
3463 5690 3743 5748 montium

441 5770 647 5854 ιστοει,
671 5776 766 5858 qni
805 5777 1113 5863 simulacris
1155 5782 1457 5846 Monum
1503 5784 1718 5846 fuerant
1763 5787 2079 5870 occupati,_
2130 5787 2523 5868 ‘dispergautur
2550 5796 2610 5845 ut
2637 5801 2808 5845 vanos
2833 5793 3219 5865 conatusrsuos
3255 5784 3590 5864 intelligant.
3620 5779 3750 5841 ﬂet
