  <div class='ocr_page' id='page_1' title='image "/cluster/home/n/w/nwhite01/storage/ocr_20150623/110/hvd.32044015466865/324.png"; bbox 0 0 3938 6360; ppageno 0'>
   <div class='ocr_carea' id='block_1_1' title="bbox 122 294 229 355">
    <p class='ocr_par' dir='ltr' id='par_1_1' title="bbox 122 294 229 355">
     <span class='ocr_line' id='line_1_1' title="bbox 122 294 229 355; baseline 0 0"><span class='ocrx_word' id='word_1_1' title='bbox 122 294 229 355; x_wconf 71' lang='grc' dir='ltr'><strong>ωδ</strong></span> 
     </span>
    </p>
   </div>
   <div class='ocr_carea' id='block_1_2' title="bbox 1088 298 2442 369">
    <p class='ocr_par' dir='ltr' id='par_1_2' title="bbox 1088 298 2442 369">
     <span class='ocr_line' id='line_1_2' title="bbox 1088 298 2442 369; baseline 0.004 -10"><span class='ocrx_word' id='word_1_2' title='bbox 1088 299 1437 359; x_wconf 64' lang='grc' dir='ltr'><strong>ΟΟΗΜΕΗΤ.</strong></span> <span class='ocrx_word' id='word_1_3' title='bbox 1481 303 1548 357; x_wconf 78' lang='grc' dir='ltr'><strong>ΙΝ</strong></span> <span class='ocrx_word' id='word_1_4' title='bbox 1585 298 2036 363; x_wconf 76' lang='lat' dir='ltr'><strong>EZECHIELEM.</strong></span> <span class='ocrx_word' id='word_1_5' title='bbox 2073 340 2147 351; x_wconf 91' lang='lat'><strong><em>—</em></strong></span> <span class='ocrx_word' id='word_1_6' title='bbox 2183 309 2310 367; x_wconf 70' lang='lat' dir='ltr'><strong>LIB.</strong></span> <span class='ocrx_word' id='word_1_7' title='bbox 2350 310 2442 369; x_wconf 78' lang='lat' dir='ltr'><strong>1V.</strong></span> 
     </span>
    </p>
   </div>
   <div class='ocr_carea' id='block_1_3' title="bbox 3282 318 3382 376">
    <p class='ocr_par' dir='ltr' id='par_1_3' title="bbox 3282 318 3382 376">
     <span class='ocr_line' id='line_1_3' title="bbox 3282 318 3382 376; baseline 0 0"><span class='ocrx_word' id='word_1_8' title='bbox 3282 318 3382 376; x_wconf 73' lang='lat'><strong>606</strong></span> 
     </span>
    </p>
   </div>
   <div class='ocr_carea' id='block_1_4' title="bbox 123 409 3380 489">
    <p class='ocr_par' dir='ltr' id='par_1_4' title="bbox 123 409 3380 489">
     <span class='ocr_line' id='line_1_4' title="bbox 123 409 3380 489; baseline 0.006 -23"><span class='ocrx_word' id='word_1_9' title='bbox 123 409 268 482; x_wconf 86' lang='lat' dir='ltr'><strong>quod</strong></span> <span class='ocrx_word' id='word_1_10' title='bbox 312 420 415 468; x_wconf 82' lang='lat' dir='ltr'><strong>nos</strong></span> <span class='ocrx_word' id='word_1_11' title='bbox 451 410 770 483; x_wconf 73' lang='lat' dir='ltr'><strong>posuimus:</strong></span> <span class='ocrx_word' id='word_1_12' title='bbox 801 430 821 463; x_wconf 70' lang='grc' dir='ltr'>ε</span> <span class='ocrx_word' id='word_1_13' title='bbox 859 411 926 466; x_wconf 85' lang='lat' dir='ltr'><strong>Et</strong></span> <span class='ocrx_word' id='word_1_14' title='bbox 972 413 1112 469; x_wconf 83' lang='lat' dir='ltr'><strong>dabo</strong></span> <span class='ocrx_word' id='word_1_15' title='bbox 1161 416 1420 470; x_wconf 78' lang='lat' dir='ltr'><strong>cadavera</strong></span> <span class='ocrx_word' id='word_1_16' title='bbox 1468 415 1701 471; x_wconf 82' lang='lat' dir='ltr'><strong>filiorum</strong></span> <span class='ocrx_word' id='word_1_17' title='bbox 1726 423 1780 487; x_wconf 72' lang='grc' dir='ltr'>Α</span> <span class='ocrx_word' id='word_1_18' title='bbox 1806 434 1966 489; x_wconf 86' lang='lat' dir='ltr'><strong>opere</strong></span> <span class='ocrx_word' id='word_1_19' title='bbox 1999 421 2410 489; x_wconf 71' lang='lat' dir='ltr'><strong>demonstravit,</strong></span> <span class='ocrx_word' id='word_1_20' title='bbox 2448 424 2561 479; x_wconf 86' lang='lat' dir='ltr'><strong>sive</strong></span> <span class='ocrx_word' id='word_1_21' title='bbox 2591 426 2847 481; x_wconf 83' lang='lat' dir='ltr'><strong>contrivit</strong></span> <span class='ocrx_word' id='word_1_22' title='bbox 2880 434 2940 481; x_wconf 89' lang='lat' dir='ltr'><strong>ut</strong></span> <span class='ocrx_word' id='word_1_23' title='bbox 2983 428 3254 485; x_wconf 68' lang='lat' dir='ltr'><strong>ﬁomicans</strong></span> <span class='ocrx_word' id='word_1_24' title='bbox 3286 447 3380 486; x_wconf 87' lang='lat' dir='ltr'><strong>cor</strong></span> 
     </span>
    </p>
   </div>
   <div class='ocr_carea' id='block_1_5' title="bbox 121 501 3383 592">
    <p class='ocr_par' dir='ltr' id='par_1_5' title="bbox 121 501 3383 592">
     <span class='ocr_line' id='line_1_5' title="bbox 121 501 3383 592; baseline 0.006 -35"><span class='ocrx_word' id='word_1_25' title='bbox 121 501 288 558; x_wconf 82' lang='lat' dir='ltr'><strong>lsrael</strong></span> <span class='ocrx_word' id='word_1_26' title='bbox 332 509 459 558; x_wconf 81' lang='lat' dir='ltr'><strong>ante</strong></span> <span class='ocrx_word' id='word_1_27' title='bbox 504 501 699 559; x_wconf 69' lang='lat' dir='ltr'><strong>(solem</strong></span> <span class='ocrx_word' id='word_1_28' title='bbox 746 502 1164 560; x_wconf 76' lang='lat' dir='ltr'><strong>simulacrorum</strong></span> <span class='ocrx_word' id='word_1_29' title='bbox 1212 513 1545 574; x_wconf 88' lang='lat' dir='ltr'><strong>vestrorum,</strong></span> <span class='ocrx_word' id='word_1_30' title='bbox 1578 525 1599 558; x_wconf 73' lang='grc' dir='ltr'><strong>ι</strong></span> <span class='ocrx_word' id='word_1_31' title='bbox 1647 508 1704 563; x_wconf 85' lang='lat' dir='ltr'><strong>iu</strong></span> <span class='ocrx_word' id='word_1_32' title='bbox 1804 519 1861 566; x_wconf 89' lang='lat' dir='ltr'><strong>et</strong></span> <span class='ocrx_word' id='word_1_33' title='bbox 1881 514 2182 569; x_wconf 86' lang='lat' dir='ltr'><strong>recedensa</strong></span> <span class='ocrx_word' id='word_1_34' title='bbox 2204 515 2334 583; x_wconf 87' lang='lat' dir='ltr'><strong>Deo,</strong></span> <span class='ocrx_word' id='word_1_35' title='bbox 2358 529 2545 572; x_wconf 91' lang='lat' dir='ltr'><strong>eorum</strong></span> <span class='ocrx_word' id='word_1_36' title='bbox 2566 517 2632 572; x_wconf 91' lang='lat' dir='ltr'><strong>de</strong></span> <span class='ocrx_word' id='word_1_37' title='bbox 2665 518 2861 587; x_wconf 84' lang='lat' dir='ltr'><strong>quibus</strong></span> <span class='ocrx_word' id='word_1_38' title='bbox 2881 532 2978 589; x_wconf 87' lang='lat' dir='ltr'><strong>per</strong></span> <span class='ocrx_word' id='word_1_39' title='bbox 2994 520 3193 576; x_wconf 81' lang='lat' dir='ltr'><strong>Oscam</strong></span> <span class='ocrx_word' id='word_1_40' title='bbox 3214 521 3383 592; x_wconf 68' lang='lat' dir='ltr'><strong>loqui.</strong></span> 
     </span>
    </p>
   </div>
   <div class='ocr_carea' id='block_1_6' title="bbox 119 594 1691 668">
    <p class='ocr_par' dir='ltr' id='par_1_6' title="bbox 119 594 1691 668">
     <span class='ocr_line' id='line_1_6' title="bbox 119 594 1691 668; baseline -0.002 -16"><span class='ocrx_word' id='word_1_41' title='bbox 119 594 480 668; x_wconf 65' lang='lat' dir='ltr'><strong>Septuaginta</strong></span> <span class='ocrx_word' id='word_1_42' title='bbox 508 608 617 652; x_wconf 88' lang='lat' dir='ltr'><strong>non</strong></span> <span class='ocrx_word' id='word_1_43' title='bbox 641 595 893 651; x_wconf 79' lang='lat' dir='ltr'><strong>habetur.</strong></span> <span class='ocrx_word' id='word_1_44' title='bbox 1678 611 1691 642; x_wconf 61' lang='grc' dir='ltr'>ε</span> 
     </span>
    </p>
   </div>
   <div class='ocr_carea' id='block_1_7' title="bbox 1804 592 3376 683">
    <p class='ocr_par' dir='ltr' id='par_1_7' title="bbox 1804 592 3376 683">
     <span class='ocr_line' id='line_1_7' title="bbox 1804 592 3376 683; baseline 0.006 -27"><span class='ocrx_word' id='word_1_45' title='bbox 1804 608 1932 657; x_wconf 82' lang='lat' dir='ltr'><strong>tur:</strong></span> <span class='ocrx_word' id='word_1_46' title='bbox 1964 621 1983 654; x_wconf 78' lang='grc' dir='ltr'><strong>ι</strong></span> <span class='ocrx_word' id='word_1_47' title='bbox 2004 592 2225 673; x_wconf 76' lang='lat' dir='ltr'><strong>Spiritu</strong></span> <span class='ocrx_word' id='word_1_48' title='bbox 2257 604 2633 662; x_wconf 73' lang='lat' dir='ltr'><strong>fornicationis</strong></span> <span class='ocrx_word' id='word_1_49' title='bbox 2666 608 2875 664; x_wconf 83' lang='lat' dir='ltr'><strong>seducti</strong></span> <span class='ocrx_word' id='word_1_50' title='bbox 2897 618 3022 664; x_wconf 87' lang='lat' dir='ltr'><strong>sunt</strong></span> <span class='ocrx_word' id='word_1_51' title='bbox 3050 608 3196 680; x_wconf 71' lang='lat' dir='ltr'><strong>(Ore.</strong></span> <span class='ocrx_word' id='word_1_52' title='bbox 3220 610 3316 683; x_wconf 77' lang='lat' dir='ltr'><strong>iv).</strong></span> <span class='ocrx_word' id='word_1_53' title='bbox 3352 628 3376 667; x_wconf 76' lang='grc' dir='ltr'><strong>ι</strong></span> 
     </span>
    </p>
   </div>
   <div class='ocr_carea' id='block_1_8' title="bbox 118 687 3381 772">
    <p class='ocr_par' dir='ltr' id='par_1_8' title="bbox 118 687 3381 772">
     <span class='ocr_line' id='line_1_8' title="bbox 118 687 3381 772; baseline 0.005 -29"><span class='ocrx_word' id='word_1_54' title='bbox 118 722 127 730; x_wconf 71' lang='grc' dir='ltr'><strong><em>ο</em></strong></span> <span class='ocrx_word' id='word_1_55' title='bbox 194 707 215 741; x_wconf 75' lang='grc' dir='ltr'><strong>ι</strong></span> <span class='ocrx_word' id='word_1_56' title='bbox 261 687 689 745; x_wconf 65' lang='grc' dir='ltr'><strong>υὼοενόοοοῐω</strong></span> <span class='ocrx_word' id='word_1_57' title='bbox 714 696 973 757; x_wconf 53' lang='lat' dir='ltr'><strong>«tinget</strong></span> <span class='ocrx_word' id='word_1_58' title='bbox 997 690 1209 748; x_wconf 77' lang='lat' dir='ltr'><strong>exceisa</strong></span> <span class='ocrx_word' id='word_1_59' title='bbox 1235 692 1618 762; x_wconf 85' lang='lat' dir='ltr'><strong>demolientur,</strong></span> <span class='ocrx_word' id='word_1_60' title='bbox 1645 701 1704 751; x_wconf 86' lang='lat' dir='ltr'><strong>et</strong></span> <span class='ocrx_word' id='word_1_61' title='bbox 1805 704 1829 744; x_wconf 83' lang='lat' dir='ltr'><strong>t</strong></span> <span class='ocrx_word' id='word_1_62' title='bbox 1872 691 1940 753; x_wconf 82' lang='lat' dir='ltr'><strong>Et</strong></span> <span class='ocrx_word' id='word_1_63' title='bbox 1979 690 2163 751; x_wconf 87' lang='lat' dir='ltr'><strong>oculos</strong></span> <span class='ocrx_word' id='word_1_64' title='bbox 2200 694 2531 753; x_wconf 84' lang='lat' dir='ltr'><strong>fornicantcs</strong></span> <span class='ocrx_word' id='word_1_65' title='bbox 2568 706 2696 767; x_wconf 87' lang='lat' dir='ltr'><strong>post</strong></span> <span class='ocrx_word' id='word_1_66' title='bbox 2728 697 2895 755; x_wconf 88' lang='lat' dir='ltr'><strong>idola.</strong></span> <span class='ocrx_word' id='word_1_67' title='bbox 2935 716 2958 755; x_wconf 79' lang='grc' dir='ltr'><strong>ι</strong></span> <span class='ocrx_word' id='word_1_68' title='bbox 3006 700 3114 758; x_wconf 77' lang='lat' dir='ltr'><strong>Per</strong></span> <span class='ocrx_word' id='word_1_69' title='bbox 3146 716 3381 772; x_wconf 89' lang='lat' dir='ltr'><strong>quorum</strong></span> 
     </span>
    </p>
   </div>
   <div class='ocr_carea' id='block_1_9' title="bbox 122 778 1699 850">
    <p class='ocr_par' dir='ltr' id='par_1_9' title="bbox 122 778 1699 850">
     <span class='ocr_line' id='line_1_9' title="bbox 122 778 1699 850; baseline 0.007 -17"><span class='ocrx_word' id='word_1_70' title='bbox 122 798 148 831; x_wconf 74' lang='grc' dir='ltr'><strong>ι</strong></span> <span class='ocrx_word' id='word_1_71' title='bbox 188 778 593 850; x_wconf 73' lang='lat' dir='ltr'><strong>dissipabuntur</strong></span> <span class='ocrx_word' id='word_1_72' title='bbox 629 787 689 837; x_wconf 82' lang='lat' dir='ltr'><strong>et</strong></span> <span class='ocrx_word' id='word_1_73' title='bbox 724 780 1028 838; x_wconf 84' lang='lat' dir='ltr'><strong>interibunt</strong></span> <span class='ocrx_word' id='word_1_74' title='bbox 1073 796 1184 839; x_wconf 73' lang='lat' dir='ltr'><strong>arae</strong></span> <span class='ocrx_word' id='word_1_75' title='bbox 1220 792 1420 843; x_wconf 66' lang='lat' dir='ltr'><strong>vestrae</strong></span> <span class='ocrx_word' id='word_1_76' title='bbox 1460 795 1519 843; x_wconf 89' lang='lat' dir='ltr'><strong>et</strong></span> <span class='ocrx_word' id='word_1_77' title='bbox 1562 801 1699 843; x_wconf 85' lang='lat' dir='ltr'><strong>con-</strong></span> 
     </span>
    </p>
   </div>
   <div class='ocr_carea' id='block_1_10' title="bbox 120 867 1700 945">
    <p class='ocr_par' dir='ltr' id='par_1_10' title="bbox 120 867 1700 945">
     <span class='ocr_line' id='line_1_10' title="bbox 120 867 1700 945; baseline 0.008 -22"><span class='ocrx_word' id='word_1_78' title='bbox 120 889 145 922; x_wconf 68' lang='grc' dir='ltr'><strong>ι</strong></span> <span class='ocrx_word' id='word_1_79' title='bbox 191 870 496 943; x_wconf 76' lang='lat' dir='ltr'><strong>fringentur</strong></span> <span class='ocrx_word' id='word_1_80' title='bbox 514 867 577 927; x_wconf 70' lang='lat' dir='ltr'><strong>et</strong></span> <span class='ocrx_word' id='word_1_81' title='bbox 600 871 896 930; x_wconf 79' lang='lat' dir='ltr'><strong>cessabunt</strong></span> <span class='ocrx_word' id='word_1_82' title='bbox 925 874 1067 931; x_wconf 83' lang='lat' dir='ltr'><strong>idola</strong></span> <span class='ocrx_word' id='word_1_83' title='bbox 1096 885 1303 945; x_wconf 87' lang='lat' dir='ltr'><strong>vestra,</strong></span> <span class='ocrx_word' id='word_1_84' title='bbox 1335 885 1393 935; x_wconf 90' lang='lat' dir='ltr'><strong>et</strong></span> <span class='ocrx_word' id='word_1_85' title='bbox 1416 886 1700 935; x_wconf 47' lang='lat' dir='ltr'><strong>conterere</strong></span> 
     </span>
    </p>
   </div>
   <div class='ocr_carea' id='block_1_11' title="bbox 122 963 1699 1041">
    <p class='ocr_par' dir='ltr' id='par_1_11' title="bbox 122 963 1699 1041">
     <span class='ocr_line' id='line_1_11' title="bbox 122 963 1699 1041; baseline 0.006 -23"><span class='ocrx_word' id='word_1_86' title='bbox 122 982 143 1016; x_wconf 74' lang='grc' dir='ltr'><strong>ι</strong></span> <span class='ocrx_word' id='word_1_87' title='bbox 185 972 275 1020; x_wconf 87' lang='grc' dir='ltr'>ιιιι·</span> <span class='ocrx_word' id='word_1_88' title='bbox 292 963 519 1020; x_wconf 71' lang='lat' dir='ltr'><strong>delatus</strong></span> <span class='ocrx_word' id='word_1_89' title='bbox 544 970 750 1034; x_wconf 84' lang='lat' dir='ltr'><strong>vestra,</strong></span> <span class='ocrx_word' id='word_1_90' title='bbox 778 973 840 1022; x_wconf 88' lang='lat' dir='ltr'><strong>et</strong></span> <span class='ocrx_word' id='word_1_91' title='bbox 859 967 1183 1024; x_wconf 76' lang='lat' dir='ltr'><strong>delabuntur</strong></span> <span class='ocrx_word' id='word_1_92' title='bbox 1216 983 1385 1041; x_wconf 80' lang='lat' dir='ltr'><strong>opera</strong></span> <span class='ocrx_word' id='word_1_93' title='bbox 1414 979 1615 1036; x_wconf 83' lang='lat' dir='ltr'><strong>vestra,</strong></span> <span class='ocrx_word' id='word_1_94' title='bbox 1642 978 1699 1027; x_wconf 88' lang='lat' dir='ltr'><strong>et</strong></span> 
     </span>
    </p>
   </div>
   <div class='ocr_carea' id='block_1_12' title="bbox 120 1052 1696 1133">
    <p class='ocr_par' dir='ltr' id='par_1_12' title="bbox 120 1052 1696 1133">
     <span class='ocr_line' id='line_1_12' title="bbox 120 1052 1696 1133; baseline 0.006 -26"><span class='ocrx_word' id='word_1_95' title='bbox 120 1072 145 1105; x_wconf 64' lang='grc' dir='ltr'><strong>τ</strong></span> <span class='ocrx_word' id='word_1_96' title='bbox 183 1052 341 1110; x_wconf 83' lang='lat' dir='ltr'><strong>cadet</strong></span> <span class='ocrx_word' id='word_1_97' title='bbox 373 1053 695 1112; x_wconf 84' lang='lat' dir='ltr'><strong>interfectus</strong></span> <span class='ocrx_word' id='word_1_98' title='bbox 726 1056 783 1114; x_wconf 85' lang='lat' dir='ltr'><strong>in</strong></span> <span class='ocrx_word' id='word_1_99' title='bbox 812 1059 995 1114; x_wconf 85' lang='lat' dir='ltr'><strong>medio</strong></span> <span class='ocrx_word' id='word_1_100' title='bbox 1025 1061 1228 1128; x_wconf 84' lang='lat' dir='ltr'><strong>vestri,</strong></span> <span class='ocrx_word' id='word_1_101' title='bbox 1256 1069 1314 1117; x_wconf 88' lang='lat' dir='ltr'><strong>et</strong></span> <span class='ocrx_word' id='word_1_102' title='bbox 1344 1061 1527 1117; x_wconf 75' lang='lat' dir='ltr'><strong>scietis</strong></span> <span class='ocrx_word' id='word_1_103' title='bbox 1560 1075 1696 1133; x_wconf 84' lang='lat' dir='ltr'><strong>quo-</strong></span> 
     </span>
    </p>
   </div>
   <div class='ocr_carea' id='block_1_13' title="bbox 121 1145 1697 1223">
    <p class='ocr_par' dir='ltr' id='par_1_13' title="bbox 121 1145 1697 1223">
     <span class='ocr_line' id='line_1_13' title="bbox 121 1145 1697 1223; baseline 0.006 -26"><span class='ocrx_word' id='word_1_104' title='bbox 121 1164 140 1197; x_wconf 73' lang='grc' dir='ltr'><strong>ι</strong></span> <span class='ocrx_word' id='word_1_105' title='bbox 181 1145 330 1202; x_wconf 79' lang='lat' dir='ltr'><strong>niam</strong></span> <span class='ocrx_word' id='word_1_106' title='bbox 367 1158 468 1218; x_wconf 85' lang='lat' dir='ltr'><strong>ego</strong></span> <span class='ocrx_word' id='word_1_107' title='bbox 506 1147 788 1206; x_wconf 78' lang='lat' dir='ltr'><strong>Dominus.</strong></span> <span class='ocrx_word' id='word_1_108' title='bbox 830 1167 852 1201; x_wconf 73' lang='grc' dir='ltr'><strong>ο</strong></span> <span class='ocrx_word' id='word_1_109' title='bbox 885 1147 1159 1222; x_wconf 63' lang='lat' dir='ltr'><strong>(meram)</strong></span> <span class='ocrx_word' id='word_1_110' title='bbox 1201 1150 1376 1207; x_wconf 81' lang='lat' dir='ltr'><strong>Causa</strong></span> <span class='ocrx_word' id='word_1_111' title='bbox 1404 1152 1697 1223; x_wconf 82' lang='lat' dir='ltr'><strong>perspicua</strong></span> 
     </span>
    </p>
   </div>
   <div class='ocr_carea' id='block_1_14' title="bbox 114 1238 1697 1309">
    <p class='ocr_par' dir='ltr' id='par_1_14' title="bbox 114 1238 1697 1309">
     <span class='ocr_line' id='line_1_14' title="bbox 114 1238 1697 1309; baseline 0.004 -17"><span class='ocrx_word' id='word_1_112' title='bbox 114 1252 217 1292; x_wconf 87' lang='lat' dir='ltr'><strong>cur</strong></span> <span class='ocrx_word' id='word_1_113' title='bbox 249 1238 412 1295; x_wconf 81' lang='lat' dir='ltr'><strong>urbes</strong></span> <span class='ocrx_word' id='word_1_114' title='bbox 446 1240 713 1299; x_wconf 76' lang='lat' dir='ltr'><strong>montium</strong></span> <span class='ocrx_word' id='word_1_115' title='bbox 759 1240 1071 1297; x_wconf 63' lang='lat' dir='ltr'><strong>deserendae</strong></span> <span class='ocrx_word' id='word_1_116' title='bbox 1107 1240 1247 1309; x_wconf 83' lang='lat' dir='ltr'><strong>sint,</strong></span> <span class='ocrx_word' id='word_1_117' title='bbox 1276 1242 1483 1298; x_wconf 65' lang='lat' dir='ltr'><strong>scilicet</strong></span> <span class='ocrx_word' id='word_1_118' title='bbox 1509 1251 1573 1298; x_wconf 89' lang='lat' dir='ltr'><strong>ut</strong></span> <span class='ocrx_word' id='word_1_119' title='bbox 1609 1244 1697 1299; x_wconf 79' lang='lat' dir='ltr'><strong>de-</strong></span> 
     </span>
    </p>
   </div>
   <div class='ocr_carea' id='block_1_15' title="bbox 114 1328 1696 1403">
    <p class='ocr_par' dir='ltr' id='par_1_15' title="bbox 114 1328 1696 1403">
     <span class='ocr_line' id='line_1_15' title="bbox 114 1328 1696 1403; baseline 0.006 -20"><span class='ocrx_word' id='word_1_120' title='bbox 114 1328 408 1386; x_wconf 80' lang='lat' dir='ltr'><strong>moliantur</strong></span> <span class='ocrx_word' id='word_1_121' title='bbox 436 1331 679 1398; x_wconf 79' lang='lat' dir='ltr'><strong>excelsa,</strong></span> <span class='ocrx_word' id='word_1_122' title='bbox 716 1347 933 1403; x_wconf 64' lang='lat' dir='ltr'><strong>araque</strong></span> <span class='ocrx_word' id='word_1_123' title='bbox 958 1341 1022 1388; x_wconf 86' lang='lat' dir='ltr'><strong>et</strong></span> <span class='ocrx_word' id='word_1_124' title='bbox 1063 1334 1204 1390; x_wconf 84' lang='lat' dir='ltr'><strong>idola</strong></span> <span class='ocrx_word' id='word_1_125' title='bbox 1230 1335 1602 1403; x_wconf 72' lang='lat' dir='ltr'><strong>destruantur,</strong></span> <span class='ocrx_word' id='word_1_126' title='bbox 1636 1342 1696 1391; x_wconf 82' lang='lat' dir='ltr'><strong>et</strong></span> 
     </span>
    </p>
   </div>
   <div class='ocr_carea' id='block_1_16' title="bbox 114 1419 1694 1493">
    <p class='ocr_par' dir='ltr' id='par_1_16' title="bbox 114 1419 1694 1493">
     <span class='ocr_line' id='line_1_16' title="bbox 114 1419 1694 1493; baseline 0.004 -18"><span class='ocrx_word' id='word_1_127' title='bbox 114 1419 339 1477; x_wconf 77' lang='lat' dir='ltr'><strong>delubra</strong></span> <span class='ocrx_word' id='word_1_128' title='bbox 380 1432 630 1493; x_wconf 76' lang='lat' dir='ltr'><strong>pereant,</strong></span> <span class='ocrx_word' id='word_1_129' title='bbox 684 1431 743 1480; x_wconf 85' lang='lat' dir='ltr'><strong>et</strong></span> <span class='ocrx_word' id='word_1_130' title='bbox 783 1422 963 1480; x_wconf 77' lang='lat' dir='ltr'><strong>ornnis</strong></span> <span class='ocrx_word' id='word_1_131' title='bbox 1014 1425 1429 1482; x_wconf 68' lang='lat' dir='ltr'><strong>simulacrorum</strong></span> <span class='ocrx_word' id='word_1_132' title='bbox 1481 1427 1694 1482; x_wconf 76' lang='lat' dir='ltr'><strong>cultura</strong></span> 
     </span>
    </p>
   </div>
   <div class='ocr_carea' id='block_1_17' title="bbox 112 1515 1694 1588">
    <p class='ocr_par' dir='ltr' id='par_1_17' title="bbox 112 1515 1694 1588">
     <span class='ocr_line' id='line_1_17' title="bbox 112 1515 1694 1588; baseline 0.002 -18"><span class='ocrx_word' id='word_1_133' title='bbox 112 1515 365 1584; x_wconf 80' lang='lat' dir='ltr'><strong>desistat,</strong></span> <span class='ocrx_word' id='word_1_134' title='bbox 388 1516 698 1588; x_wconf 72' lang='lat' dir='ltr'><strong>cado-tque</strong></span> <span class='ocrx_word' id='word_1_135' title='bbox 724 1516 996 1573; x_wconf 82' lang='lat' dir='ltr'><strong>interfecti</strong></span> <span class='ocrx_word' id='word_1_136' title='bbox 1028 1517 1085 1573; x_wconf 90' lang='lat' dir='ltr'><strong>in</strong></span> <span class='ocrx_word' id='word_1_137' title='bbox 1114 1518 1293 1575; x_wconf 84' lang='lat' dir='ltr'><strong>medio</strong></span> <span class='ocrx_word' id='word_1_138' title='bbox 1319 1520 1609 1586; x_wconf 77' lang='lat' dir='ltr'><strong>montium,</strong></span> <span class='ocrx_word' id='word_1_139' title='bbox 1637 1520 1694 1574; x_wconf 85' lang='lat' dir='ltr'><strong>et</strong></span> 
     </span>
    </p>
   </div>
   <div class='ocr_carea' id='block_1_18' title="bbox 110 1606 1693 1682">
    <p class='ocr_par' dir='ltr' id='par_1_18' title="bbox 110 1606 1693 1682">
     <span class='ocr_line' id='line_1_18' title="bbox 110 1606 1693 1682; baseline 0.004 -22"><span class='ocrx_word' id='word_1_140' title='bbox 110 1606 291 1661; x_wconf 77' lang='lat' dir='ltr'><strong>sciant</strong></span> <span class='ocrx_word' id='word_1_141' title='bbox 331 1608 463 1678; x_wconf 79' lang='lat' dir='ltr'><strong>quia</strong></span> <span class='ocrx_word' id='word_1_142' title='bbox 484 1610 601 1680; x_wconf 85' lang='lat' dir='ltr'><strong>ipse</strong></span> <span class='ocrx_word' id='word_1_143' title='bbox 625 1609 698 1665; x_wconf 89' lang='lat' dir='ltr'><strong>sit</strong></span> <span class='ocrx_word' id='word_1_144' title='bbox 720 1610 997 1666; x_wconf 85' lang='lat' dir='ltr'><strong>Dominus.</strong></span> <span class='ocrx_word' id='word_1_145' title='bbox 1024 1609 1130 1667; x_wconf 86' lang='lat' dir='ltr'><strong>Per</strong></span> <span class='ocrx_word' id='word_1_146' title='bbox 1145 1626 1269 1682; x_wconf 74' lang='lat' dir='ltr'><strong>qum</strong></span> <span class='ocrx_word' id='word_1_147' title='bbox 1290 1613 1513 1668; x_wconf 75' lang='lat' dir='ltr'><strong>occasio</strong></span> <span class='ocrx_word' id='word_1_148' title='bbox 1534 1612 1693 1667; x_wconf 88' lang='lat' dir='ltr'><strong>nobis</strong></span> 
     </span>
    </p>
   </div>
   <div class='ocr_carea' id='block_1_19' title="bbox 109 1695 1692 1773">
    <p class='ocr_par' dir='ltr' id='par_1_19' title="bbox 109 1695 1692 1773">
     <span class='ocr_line' id='line_1_19' title="bbox 109 1695 1692 1773; baseline 0.004 -22"><span class='ocrx_word' id='word_1_149' title='bbox 109 1695 274 1751; x_wconf 72' lang='lat' dir='ltr'><strong>datur</strong></span> <span class='ocrx_word' id='word_1_150' title='bbox 290 1697 594 1768; x_wconf 74' lang='lat' dir='ltr'><strong>spiritalem</strong></span> <span class='ocrx_word' id='word_1_151' title='bbox 622 1701 795 1770; x_wconf 82' lang='lat' dir='ltr'><strong>magis</strong></span> <span class='ocrx_word' id='word_1_152' title='bbox 816 1700 1228 1771; x_wconf 71' lang='lat' dir='ltr'><strong>intelligentiam</strong></span> <span class='ocrx_word' id='word_1_153' title='bbox 1254 1702 1429 1773; x_wconf 89' lang='lat' dir='ltr'><strong>sequi,</strong></span> <span class='ocrx_word' id='word_1_154' title='bbox 1452 1710 1514 1756; x_wconf 90' lang='lat' dir='ltr'><strong>ut</strong></span> <span class='ocrx_word' id='word_1_155' title='bbox 1526 1701 1692 1759; x_wconf 81' lang='lat' dir='ltr'><strong>urbes</strong></span> 
     </span>
    </p>
   </div>
   <div class='ocr_carea' id='block_1_20' title="bbox 1798 781 3380 863">
    <p class='ocr_par' dir='ltr' id='par_1_20' title="bbox 1798 781 3380 863">
     <span class='ocr_line' id='line_1_20' title="bbox 1798 781 3380 863; baseline 0.007 -24"><span class='ocrx_word' id='word_1_156' title='bbox 1798 781 2066 840; x_wconf 75' lang='lat' dir='ltr'><strong>fenestras</strong></span> <span class='ocrx_word' id='word_1_157' title='bbox 2107 798 2256 841; x_wconf 88' lang='lat' dir='ltr'><strong>mors</strong></span> <span class='ocrx_word' id='word_1_158' title='bbox 2287 785 2524 843; x_wconf 84' lang='lat' dir='ltr'><strong>intrasse</strong></span> <span class='ocrx_word' id='word_1_159' title='bbox 2563 790 2914 859; x_wconf 74' lang='lat' dir='ltr'><strong>perhibemr,</strong></span> <span class='ocrx_word' id='word_1_160' title='bbox 2946 806 3115 863; x_wconf 84' lang='lat' dir='ltr'><strong>quam</strong></span> <span class='ocrx_word' id='word_1_161' title='bbox 3152 794 3225 849; x_wconf 85' lang='lat' dir='ltr'><strong>ob</strong></span> <span class='ocrx_word' id='word_1_162' title='bbox 3253 809 3380 849; x_wconf 76' lang='lat' dir='ltr'><strong>cau-</strong></span> 
     </span>
    </p>
   </div>
   <div class='ocr_carea' id='block_1_21' title="bbox 1798 875 3377 957">
    <p class='ocr_par' dir='ltr' id='par_1_21' title="bbox 1798 875 3377 957">
     <span class='ocr_line' id='line_1_21' title="bbox 1798 875 3377 957; baseline 0.008 -28"><span class='ocrx_word' id='word_1_163' title='bbox 1798 888 1916 929; x_wconf 87' lang='lat' dir='ltr'><strong>sam</strong></span> <span class='ocrx_word' id='word_1_164' title='bbox 1951 883 2007 930; x_wconf 90' lang='lat' dir='ltr'><strong>et</strong></span> <span class='ocrx_word' id='word_1_165' title='bbox 2037 875 2093 930; x_wconf 90' lang='lat' dir='ltr'><strong>in</strong></span> <span class='ocrx_word' id='word_1_166' title='bbox 2126 875 2346 935; x_wconf 88' lang='lat' dir='ltr'><strong>Daniele</strong></span> <span class='ocrx_word' id='word_1_167' title='bbox 2400 878 2564 951; x_wconf 81' lang='lat' dir='ltr'><strong>(Dan.</strong></span> <span class='ocrx_word' id='word_1_168' title='bbox 2610 883 2729 953; x_wconf 80' lang='lat' dir='ltr'><strong>xm)</strong></span> <span class='ocrx_word' id='word_1_169' title='bbox 2764 882 2872 938; x_wconf 86' lang='lat' dir='ltr'><strong>duo</strong></span> <span class='ocrx_word' id='word_1_170' title='bbox 2904 885 3207 957; x_wconf 85' lang='lat' dir='ltr'><strong>presbyteri</strong></span> <span class='ocrx_word' id='word_1_171' title='bbox 3236 899 3377 956; x_wconf 73' lang='lat' dir='ltr'><strong>prm-</strong></span> 
     </span>
    </p>
   </div>
   <div class='ocr_carea' id='block_1_22' title="bbox 1797 966 3378 1044">
    <p class='ocr_par' dir='ltr' id='par_1_22' title="bbox 1797 966 3378 1044">
     <span class='ocr_line' id='line_1_22' title="bbox 1797 966 3378 1044; baseline 0.007 -24"><span class='ocrx_word' id='word_1_172' title='bbox 1797 974 2057 1036; x_wconf 85' lang='lat' dir='ltr'><strong>ceperunt</strong></span> <span class='ocrx_word' id='word_1_173' title='bbox 2094 967 2323 1022; x_wconf 78' lang='lat' dir='ltr'><strong>revelari</strong></span> <span class='ocrx_word' id='word_1_174' title='bbox 2350 966 2676 1037; x_wconf 84' lang='lat' dir='ltr'><strong>Susannam,</strong></span> <span class='ocrx_word' id='word_1_175' title='bbox 2701 980 2763 1027; x_wconf 91' lang='lat' dir='ltr'><strong>ut</strong></span> <span class='ocrx_word' id='word_1_176' title='bbox 2788 973 2977 1028; x_wconf 85' lang='lat' dir='ltr'><strong>nudati</strong></span> <span class='ocrx_word' id='word_1_177' title='bbox 3003 973 3247 1044; x_wconf 85' lang='lat' dir='ltr'><strong>corporis</strong></span> <span class='ocrx_word' id='word_1_178' title='bbox 3282 975 3378 1031; x_wconf 80' lang='lat' dir='ltr'><strong>de-</strong></span> 
     </span>
    </p>
   </div>
   <div class='ocr_carea' id='block_1_23' title="bbox 1795 1055 3379 1119">
    <p class='ocr_par' dir='ltr' id='par_1_23' title="bbox 1795 1055 3379 1119">
     <span class='ocr_line' id='line_1_23' title="bbox 1795 1055 3379 1119; baseline 0.004 -9"><span class='ocrx_word' id='word_1_179' title='bbox 1795 1069 1924 1111; x_wconf 85' lang='lat' dir='ltr'><strong>core</strong></span> <span class='ocrx_word' id='word_1_180' title='bbox 1969 1055 2299 1115; x_wconf 65' lang='lat' dir='ltr'><strong>faterentur.</strong></span> <span class='ocrx_word' id='word_1_181' title='bbox 2344 1057 2457 1114; x_wconf 85' lang='lat' dir='ltr'><strong>Nec</strong></span> <span class='ocrx_word' id='word_1_182' title='bbox 2496 1060 2697 1115; x_wconf 74' lang='lat' dir='ltr'><strong>frustra</strong></span> <span class='ocrx_word' id='word_1_183' title='bbox 2735 1060 2950 1118; x_wconf 84' lang='lat' dir='ltr'><strong>locutus</strong></span> <span class='ocrx_word' id='word_1_184' title='bbox 2989 1070 3075 1119; x_wconf 90' lang='lat' dir='ltr'><strong>est</strong></span> <span class='ocrx_word' id='word_1_185' title='bbox 3112 1062 3379 1119; x_wconf 77' lang='lat' dir='ltr'><strong>Dominus</strong></span> 
     </span>
    </p>
   </div>
   <div class='ocr_carea' id='block_1_24' title="bbox 1796 1145 3377 1223">
    <p class='ocr_par' dir='ltr' id='par_1_24' title="bbox 1796 1145 3377 1223">
     <span class='ocr_line' id='line_1_24' title="bbox 1796 1145 3377 1223; baseline 0.005 -20"><span class='ocrx_word' id='word_1_186' title='bbox 1796 1156 1858 1203; x_wconf 85' lang='lat' dir='ltr'><strong>ut</strong></span> <span class='ocrx_word' id='word_1_187' title='bbox 1877 1145 2082 1205; x_wconf 77' lang='lat' dir='ltr'><strong>iaceret</strong></span> <span class='ocrx_word' id='word_1_188' title='bbox 2100 1150 2305 1206; x_wconf 84' lang='lat' dir='ltr'><strong>malum</strong></span> <span class='ocrx_word' id='word_1_189' title='bbox 2329 1151 2416 1206; x_wconf 82' lang='lat' dir='ltr'><strong>vel</strong></span> <span class='ocrx_word' id='word_1_190' title='bbox 2445 1152 2611 1220; x_wconf 88' lang='lat' dir='ltr'><strong>mala,</strong></span> <span class='ocrx_word' id='word_1_191' title='bbox 2645 1155 2864 1223; x_wconf 82' lang='lat' dir='ltr'><strong>quando</strong></span> <span class='ocrx_word' id='word_1_192' title='bbox 2899 1156 2967 1210; x_wconf 81' lang='lat' dir='ltr'><strong>ad</strong></span> <span class='ocrx_word' id='word_1_193' title='bbox 2997 1157 3377 1211; x_wconf 75' lang='lat' dir='ltr'><strong>comminatio-</strong></span> 
     </span>
    </p>
   </div>
   <div class='ocr_carea' id='block_1_25' title="bbox 1795 1239 3379 1316">
    <p class='ocr_par' dir='ltr' id='par_1_25' title="bbox 1795 1239 3379 1316">
     <span class='ocr_line' id='line_1_25' title="bbox 1795 1239 3379 1316; baseline 0.004 -21"><span class='ocrx_word' id='word_1_194' title='bbox 1795 1254 1920 1295; x_wconf 89' lang='lat' dir='ltr'><strong>nem</strong></span> <span class='ocrx_word' id='word_1_195' title='bbox 1953 1239 2091 1309; x_wconf 86' lang='lat' dir='ltr'><strong>ejus,</strong></span> <span class='ocrx_word' id='word_1_196' title='bbox 2125 1251 2293 1314; x_wconf 82' lang='lat' dir='ltr'><strong>agunt</strong></span> <span class='ocrx_word' id='word_1_197' title='bbox 2323 1244 2725 1314; x_wconf 69' lang='lat' dir='ltr'><strong>paenitentiam,</strong></span> <span class='ocrx_word' id='word_1_198' title='bbox 2755 1246 2848 1316; x_wconf 89' lang='lat' dir='ltr'><strong>qui</strong></span> <span class='ocrx_word' id='word_1_199' title='bbox 2891 1247 3172 1303; x_wconf 80' lang='lat' dir='ltr'><strong>sententiae</strong></span> <span class='ocrx_word' id='word_1_200' title='bbox 3197 1246 3379 1316; x_wconf 76' lang='lat' dir='ltr'><strong>subia-</strong></span> 
     </span>
    </p>
   </div>
   <div class='ocr_carea' id='block_1_26' title="bbox 1794 1328 3373 1403">
    <p class='ocr_par' dir='ltr' id='par_1_26' title="bbox 1794 1328 3373 1403">
     <span class='ocr_line' id='line_1_26' title="bbox 1794 1328 3373 1403; baseline 0.003 -17"><span class='ocrx_word' id='word_1_201' title='bbox 1794 1328 2007 1386; x_wconf 73' lang='lat' dir='ltr'><strong>cebant.</strong></span> <span class='ocrx_word' id='word_1_202' title='bbox 2048 1330 2143 1387; x_wconf 84' lang='lat' dir='ltr'><strong>Sin</strong></span> <span class='ocrx_word' id='word_1_203' title='bbox 2184 1342 2366 1388; x_wconf 88' lang='lat' dir='ltr'><strong>autem</strong></span> <span class='ocrx_word' id='word_1_204' title='bbox 2392 1349 2487 1390; x_wconf 88' lang='lat' dir='ltr'><strong>cor</strong></span> <span class='ocrx_word' id='word_1_205' title='bbox 2510 1336 2704 1391; x_wconf 88' lang='lat' dir='ltr'><strong>durum</strong></span> <span class='ocrx_word' id='word_1_206' title='bbox 2743 1336 2814 1390; x_wconf 85' lang='lat' dir='ltr'><strong>sit</strong></span> <span class='ocrx_word' id='word_1_207' title='bbox 2841 1344 2898 1391; x_wconf 89' lang='lat' dir='ltr'><strong>et</strong></span> <span class='ocrx_word' id='word_1_208' title='bbox 2930 1336 3275 1403; x_wconf 84' lang='lat' dir='ltr'><strong>indomabile,</strong></span> <span class='ocrx_word' id='word_1_209' title='bbox 3303 1351 3373 1391; x_wconf 86' lang='lat' dir='ltr'><strong>ne</strong></span> 
     </span>
    </p>
   </div>
   <div class='ocr_carea' id='block_1_27' title="bbox 1793 1425 3373 1499">
    <p class='ocr_par' dir='ltr' id='par_1_27' title="bbox 1793 1425 3373 1499">
     <span class='ocr_line' id='line_1_27' title="bbox 1793 1425 3373 1499; baseline 0.006 -24"><span class='ocrx_word' id='word_1_210' title='bbox 1793 1436 1893 1493; x_wconf 88' lang='lat' dir='ltr'><strong>per</strong></span> <span class='ocrx_word' id='word_1_211' title='bbox 1913 1437 2099 1493; x_wconf 65' lang='lat' dir='ltr'><strong>pinnas</strong></span> <span class='ocrx_word' id='word_1_212' title='bbox 2118 1425 2338 1494; x_wconf 84' lang='lat' dir='ltr'><strong>quidem</strong></span> <span class='ocrx_word' id='word_1_213' title='bbox 2352 1428 2591 1483; x_wconf 86' lang='lat' dir='ltr'><strong>sentiens</strong></span> <span class='ocrx_word' id='word_1_214' title='bbox 2605 1426 2863 1483; x_wconf 78' lang='lat' dir='ltr'><strong>beneficia</strong></span> <span class='ocrx_word' id='word_1_215' title='bbox 2878 1429 3227 1499; x_wconf 68' lang='lat' dir='ltr'><strong>corrigentis,</strong></span> <span class='ocrx_word' id='word_1_216' title='bbox 3241 1429 3373 1484; x_wconf 40' lang='lat' dir='ltr'><strong>dicis</strong></span> 
     </span>
    </p>
   </div>
   <div class='ocr_carea' id='block_1_28' title="bbox 1796 1516 3375 1589">
    <p class='ocr_par' dir='ltr' id='par_1_28' title="bbox 1796 1516 3375 1589">
     <span class='ocr_line' id='line_1_28' title="bbox 1796 1516 3375 1589; baseline 0.003 -19"><span class='ocrx_word' id='word_1_217' title='bbox 1796 1522 1888 1570; x_wconf 89' lang='lat' dir='ltr'><strong>tur</strong></span> <span class='ocrx_word' id='word_1_218' title='bbox 1909 1516 1978 1571; x_wconf 91' lang='lat' dir='ltr'><strong>ad</strong></span> <span class='ocrx_word' id='word_1_219' title='bbox 2003 1532 2130 1571; x_wconf 86' lang='lat' dir='ltr'><strong>eos:</strong></span> <span class='ocrx_word' id='word_1_220' title='bbox 2160 1516 2290 1573; x_wconf 81' lang='lat' dir='ltr'><strong>Sine</strong></span> <span class='ocrx_word' id='word_1_221' title='bbox 2315 1533 2479 1574; x_wconf 86' lang='lat' dir='ltr'><strong>causa</strong></span> <span class='ocrx_word' id='word_1_222' title='bbox 2506 1520 2747 1589; x_wconf 83' lang='lat' dir='ltr'><strong>percussi</strong></span> <span class='ocrx_word' id='word_1_223' title='bbox 2774 1520 2915 1576; x_wconf 84' lang='lat' dir='ltr'><strong>filios</strong></span> <span class='ocrx_word' id='word_1_224' title='bbox 2945 1530 3178 1588; x_wconf 87' lang='lat' dir='ltr'><strong>vestros,</strong></span> <span class='ocrx_word' id='word_1_225' title='bbox 3212 1521 3375 1577; x_wconf 64' lang='lat' dir='ltr'><strong>discia</strong></span> 
     </span>
    </p>
   </div>
   <div class='ocr_carea' id='block_1_29' title="bbox 1792 1606 3377 1680">
    <p class='ocr_par' dir='ltr' id='par_1_29' title="bbox 1792 1606 3377 1680">
     <span class='ocr_line' id='line_1_29' title="bbox 1792 1606 3377 1680; baseline 0.003 -19"><span class='ocrx_word' id='word_1_226' title='bbox 1792 1606 1995 1679; x_wconf 84' lang='lat' dir='ltr'><strong>plinam</strong></span> <span class='ocrx_word' id='word_1_227' title='bbox 2020 1623 2127 1663; x_wconf 91' lang='lat' dir='ltr'><strong>non</strong></span> <span class='ocrx_word' id='word_1_228' title='bbox 2146 1610 2441 1680; x_wconf 80' lang='lat' dir='ltr'><strong>recepistis.</strong></span> <span class='ocrx_word' id='word_1_229' title='bbox 2465 1610 2690 1667; x_wconf 79' lang='lat' dir='ltr'><strong>Prodest</strong></span> <span class='ocrx_word' id='word_1_230' title='bbox 2724 1619 2904 1666; x_wconf 89' lang='lat' dir='ltr'><strong>autem</strong></span> <span class='ocrx_word' id='word_1_231' title='bbox 2933 1620 2988 1667; x_wconf 89' lang='lat' dir='ltr'><strong>et</strong></span> <span class='ocrx_word' id='word_1_232' title='bbox 3026 1612 3294 1667; x_wconf 78' lang='lat' dir='ltr'><strong>haereticis</strong></span> <span class='ocrx_word' id='word_1_233' title='bbox 3313 1618 3377 1666; x_wconf 89' lang='lat' dir='ltr'><strong>ut</strong></span> 
     </span>
    </p>
   </div>
   <div class='ocr_carea' id='block_1_30' title="bbox 1795 1703 3375 1773">
    <p class='ocr_par' dir='ltr' id='par_1_30' title="bbox 1795 1703 3375 1773">
     <span class='ocr_line' id='line_1_30' title="bbox 1795 1703 3375 1773; baseline 0.003 -21"><span class='ocrx_word' id='word_1_234' title='bbox 1795 1706 2111 1753; x_wconf 75' lang='lat' dir='ltr'><strong>conteratur</strong></span> <span class='ocrx_word' id='word_1_235' title='bbox 2152 1714 2250 1756; x_wconf 86' lang='lat' dir='ltr'><strong>eor</strong></span> <span class='ocrx_word' id='word_1_236' title='bbox 2283 1714 2471 1755; x_wconf 85' lang='lat' dir='ltr'><strong>eorum</strong></span> <span class='ocrx_word' id='word_1_237' title='bbox 2491 1741 2506 1768; x_wconf 96' lang='lat'><strong>,</strong></span> <span class='ocrx_word' id='word_1_238' title='bbox 2538 1703 2826 1758; x_wconf 79' lang='lat' dir='ltr'><strong>thesaurus</strong></span> <span class='ocrx_word' id='word_1_239' title='bbox 2850 1704 3119 1773; x_wconf 78' lang='lat' dir='ltr'><strong>pessimus</strong></span> <span class='ocrx_word' id='word_1_240' title='bbox 3147 1703 3375 1773; x_wconf 58' lang='lat' dir='ltr'><strong>dogmaa</strong></span> 
     </span>
    </p>
   </div>
   <div class='ocr_carea' id='block_1_31' title="bbox 106 1786 3376 1878">
    <p class='ocr_par' dir='ltr' id='par_1_31' title="bbox 106 1786 3376 1878">
     <span class='ocr_line' id='line_1_31' title="bbox 106 1786 3376 1878; baseline 0.002 -34"><span class='ocrx_word' id='word_1_241' title='bbox 106 1786 660 1864; x_wconf 59' lang='lat' dir='ltr'><strong>ﬂammarumque.</strong></span> <span class='ocrx_word' id='word_1_242' title='bbox 679 1793 1107 1863; x_wconf 69' lang='lat' dir='ltr'><strong>interpretantur</strong></span> <span class='ocrx_word' id='word_1_243' title='bbox 1126 1793 1384 1851; x_wconf 61' lang='lat' dir='ltr'><strong>Ecclesia:</strong></span> <span class='ocrx_word' id='word_1_244' title='bbox 1402 1803 1457 1849; x_wconf 86' lang='lat' dir='ltr'><strong>et</strong></span> <span class='ocrx_word' id='word_1_245' title='bbox 1478 1794 1693 1851; x_wconf 78' lang='lat' dir='ltr'><strong>excelsa</strong></span> <span class='ocrx_word' id='word_1_246' title='bbox 1711 1810 1768 1872; x_wconf 62' lang='grc' dir='ltr'><strong>’Β</strong></span> <span class='ocrx_word' id='word_1_247' title='bbox 1796 1799 1908 1849; x_wconf 89' lang='lat' dir='ltr'><strong>tum</strong></span> <span class='ocrx_word' id='word_1_248' title='bbox 1949 1809 2351 1865; x_wconf 87' lang='lat' dir='ltr'><strong>perversorum,</strong></span> <span class='ocrx_word' id='word_1_249' title='bbox 2381 1796 2508 1864; x_wconf 89' lang='lat' dir='ltr'><strong>quia</strong></span> <span class='ocrx_word' id='word_1_250' title='bbox 2544 1796 2773 1852; x_wconf 82' lang='lat' dir='ltr'><strong>recessit</strong></span> <span class='ocrx_word' id='word_1_251' title='bbox 2802 1811 2832 1851; x_wconf 89' lang='lat' dir='ltr'><strong>a</strong></span> <span class='ocrx_word' id='word_1_252' title='bbox 2861 1796 3111 1878; x_wconf 79' lang='lat' dir='ltr'><strong>Domino.</strong></span> <span class='ocrx_word' id='word_1_253' title='bbox 3151 1796 3220 1852; x_wconf 84' lang='lat' dir='ltr'><strong>Et</strong></span> <span class='ocrx_word' id='word_1_254' title='bbox 3256 1796 3376 1851; x_wconf 85' lang='lat' dir='ltr'><strong>for-</strong></span> 
     </span>
    </p>
   </div>
   <div class='ocr_carea' id='block_1_32' title="bbox 105 1880 1687 1958">
    <p class='ocr_par' dir='ltr' id='par_1_32' title="bbox 105 1880 1687 1958">
     <span class='ocr_line' id='line_1_32' title="bbox 105 1880 1687 1958; baseline 0.005 -24"><span class='ocrx_word' id='word_1_255' title='bbox 105 1880 383 1948; x_wconf 63' lang='lat' dir='ltr'><strong>Superbia:</strong></span> <span class='ocrx_word' id='word_1_256' title='bbox 426 1895 647 1949; x_wconf 80' lang='lat' dir='ltr'><strong>eorum,</strong></span> <span class='ocrx_word' id='word_1_257' title='bbox 693 1890 749 1938; x_wconf 85' lang='lat' dir='ltr'><strong>et</strong></span> <span class='ocrx_word' id='word_1_258' title='bbox 785 1897 895 1940; x_wconf 75' lang='lat' dir='ltr'><strong>arae</strong></span> <span class='ocrx_word' id='word_1_259' title='bbox 940 1898 1329 1955; x_wconf 83' lang='lat' dir='ltr'><strong>perversorum</strong></span> <span class='ocrx_word' id='word_1_260' title='bbox 1374 1887 1687 1958; x_wconf 84' lang='lat' dir='ltr'><strong>dogmatum</strong></span> 
     </span>
    </p>
   </div>
   <div class='ocr_carea' id='block_1_33' title="bbox 103 1968 1691 2049">
    <p class='ocr_par' dir='ltr' id='par_1_33' title="bbox 103 1968 1691 2049">
     <span class='ocr_line' id='line_1_33' title="bbox 103 1968 1691 2049; baseline 0.006 -24"><span class='ocrx_word' id='word_1_261' title='bbox 103 1968 551 2044; x_wconf 83' lang='lat' dir='ltr'><strong>eonfringantur,</strong></span> <span class='ocrx_word' id='word_1_262' title='bbox 592 1982 649 2030; x_wconf 92' lang='lat' dir='ltr'><strong>et</strong></span> <span class='ocrx_word' id='word_1_263' title='bbox 693 1975 835 2032; x_wconf 88' lang='lat' dir='ltr'><strong>idola</strong></span> <span class='ocrx_word' id='word_1_264' title='bbox 872 1986 1102 2047; x_wconf 82' lang='lat' dir='ltr'><strong>pereant</strong></span> <span class='ocrx_word' id='word_1_265' title='bbox 1124 2018 1140 2045; x_wconf 92' lang='lat'><strong>,</strong></span> <span class='ocrx_word' id='word_1_266' title='bbox 1179 1990 1305 2049; x_wconf 67' lang='lat' dir='ltr'><strong>quas</strong></span> <span class='ocrx_word' id='word_1_267' title='bbox 1342 1979 1412 2034; x_wconf 85' lang='lat' dir='ltr'><strong>de</strong></span> <span class='ocrx_word' id='word_1_268' title='bbox 1446 1994 1547 2036; x_wconf 89' lang='lat' dir='ltr'><strong>suo</strong></span> <span class='ocrx_word' id='word_1_269' title='bbox 1587 1977 1691 2035; x_wconf 87' lang='lat' dir='ltr'><strong>sibi</strong></span> 
     </span>
    </p>
   </div>
   <div class='ocr_carea' id='block_1_34' title="bbox 105 2061 1691 2132">
    <p class='ocr_par' dir='ltr' id='par_1_34' title="bbox 105 2061 1691 2132">
     <span class='ocr_line' id='line_1_34' title="bbox 105 2061 1691 2132; baseline 0.004 -14"><span class='ocrx_word' id='word_1_270' title='bbox 105 2061 277 2118; x_wconf 84' lang='lat' dir='ltr'><strong>corde</strong></span> <span class='ocrx_word' id='word_1_271' title='bbox 310 2062 629 2121; x_wconf 74' lang='lat' dir='ltr'><strong>simularunt</strong></span> <span class='ocrx_word' id='word_1_272' title='bbox 646 2105 663 2132; x_wconf 97' lang='lat'><strong>,</strong></span> <span class='ocrx_word' id='word_1_273' title='bbox 690 2074 748 2121; x_wconf 90' lang='lat' dir='ltr'><strong>et</strong></span> <span class='ocrx_word' id='word_1_274' title='bbox 772 2075 1129 2124; x_wconf 77' lang='lat' dir='ltr'><strong>conterantur</strong></span> <span class='ocrx_word' id='word_1_275' title='bbox 1154 2069 1375 2124; x_wconf 85' lang='lat' dir='ltr'><strong>delubra</strong></span> <span class='ocrx_word' id='word_1_276' title='bbox 1410 2084 1519 2125; x_wconf 85' lang='lat' dir='ltr'><strong>non</strong></span> <span class='ocrx_word' id='word_1_277' title='bbox 1547 2077 1691 2125; x_wconf 89' lang='lat' dir='ltr'><strong>tem-</strong></span> 
     </span>
    </p>
   </div>
   <div class='ocr_carea' id='block_1_35' title="bbox 106 2153 1689 2230">
    <p class='ocr_par' dir='ltr' id='par_1_35' title="bbox 106 2153 1689 2230">
     <span class='ocr_line' id='line_1_35' title="bbox 106 2153 1689 2230; baseline 0.006 -23"><span class='ocrx_word' id='word_1_278' title='bbox 106 2153 217 2224; x_wconf 91' lang='lat' dir='ltr'><strong>pla,</strong></span> <span class='ocrx_word' id='word_1_279' title='bbox 243 2168 361 2224; x_wconf 69' lang='lat' dir='ltr'><strong>quae</strong></span> <span class='ocrx_word' id='word_1_280' title='bbox 385 2163 577 2211; x_wconf 86' lang='lat' dir='ltr'><strong>contra</strong></span> <span class='ocrx_word' id='word_1_281' title='bbox 606 2158 865 2230; x_wconf 86' lang='lat' dir='ltr'><strong>templum</strong></span> <span class='ocrx_word' id='word_1_282' title='bbox 896 2159 1110 2215; x_wconf 83' lang='lat' dir='ltr'><strong>Domini</strong></span> <span class='ocrx_word' id='word_1_283' title='bbox 1139 2169 1503 2228; x_wconf 79' lang='lat' dir='ltr'><strong>surrexerunt,</strong></span> <span class='ocrx_word' id='word_1_284' title='bbox 1533 2160 1689 2217; x_wconf 64' lang='lat' dir='ltr'><strong>Grai-</strong></span> 
     </span>
    </p>
   </div>
   <div class='ocr_carea' id='block_1_36' title="bbox 107 2248 1692 2324">
    <p class='ocr_par' dir='ltr' id='par_1_36' title="bbox 107 2248 1692 2324">
     <span class='ocr_line' id='line_1_36' title="bbox 107 2248 1692 2324; baseline 0.007 -27"><span class='ocrx_word' id='word_1_285' title='bbox 107 2256 282 2314; x_wconf 87' lang='lat' dir='ltr'><strong>coque</strong></span> <span class='ocrx_word' id='word_1_286' title='bbox 307 2258 559 2302; x_wconf 82' lang='lat' dir='ltr'><strong>sermone</strong></span> <span class='ocrx_word' id='word_1_287' title='bbox 580 2248 919 2320; x_wconf 79' lang='lat' dir='ltr'><strong>appellantur</strong></span> <span class='ocrx_word' id='word_1_288' title='bbox 941 2253 1143 2323; x_wconf 69' lang='grc' dir='ltr'><strong>τέμενη,</strong></span> <span class='ocrx_word' id='word_1_289' title='bbox 1158 2250 1214 2306; x_wconf 88' lang='lat' dir='ltr'><strong>id</strong></span> <span class='ocrx_word' id='word_1_290' title='bbox 1241 2260 1342 2318; x_wconf 89' lang='lat' dir='ltr'><strong>est,</strong></span> <span class='ocrx_word' id='word_1_291' title='bbox 1374 2252 1500 2308; x_wconf 86' lang='lat' dir='ltr'><strong>fana</strong></span> <span class='ocrx_word' id='word_1_292' title='bbox 1528 2261 1692 2324; x_wconf 89' lang='lat' dir='ltr'><strong>atque</strong></span> 
     </span>
    </p>
   </div>
   <div class='ocr_carea' id='block_1_37' title="bbox 105 2326 1692 2413">
    <p class='ocr_par' dir='ltr' id='par_1_37' title="bbox 105 2326 1692 2413">
     <span class='ocr_line' id='line_1_37' title="bbox 105 2326 1692 2413; baseline 0.006 -24"><span class='ocrx_word' id='word_1_293' title='bbox 105 2332 335 2390; x_wconf 83' lang='lat' dir='ltr'><strong>delubra</strong></span> <span class='ocrx_word' id='word_1_294' title='bbox 369 2343 427 2390; x_wconf 88' lang='lat' dir='ltr'><strong>et</strong></span> <span class='ocrx_word' id='word_1_295' title='bbox 458 2326 839 2410; x_wconf 44' lang='lat' dir='ltr'><strong>omnia&#39;opera</strong></span> <span class='ocrx_word' id='word_1_296' title='bbox 865 2341 1126 2396; x_wconf 87' lang='lat' dir='ltr'><strong>montium</strong></span> <span class='ocrx_word' id='word_1_297' title='bbox 1153 2349 1531 2410; x_wconf 75' lang='lat' dir='ltr'><strong>contemtor,</strong></span> <span class='ocrx_word' id='word_1_298' title='bbox 1563 2344 1692 2413; x_wconf 85' lang='lat' dir='ltr'><strong>quia</strong></span> 
     </span>
    </p>
   </div>
   <div class='ocr_carea' id='block_1_38' title="bbox 108 2420 1688 2506">
    <p class='ocr_par' dir='ltr' id='par_1_38' title="bbox 108 2420 1688 2506">
     <span class='ocr_line' id='line_1_38' title="bbox 108 2420 1688 2506; baseline 0.007 -26"><span class='ocrx_word' id='word_1_299' title='bbox 108 2438 218 2481; x_wconf 90' lang='lat' dir='ltr'><strong>non</strong></span> <span class='ocrx_word' id='word_1_300' title='bbox 244 2441 406 2499; x_wconf 88' lang='lat' dir='ltr'><strong>opera</strong></span> <span class='ocrx_word' id='word_1_301' title='bbox 434 2429 530 2485; x_wconf 88' lang='lat' dir='ltr'><strong>Dei</strong></span> <span class='ocrx_word' id='word_1_302' title='bbox 558 2440 705 2498; x_wconf 87' lang='lat' dir='ltr'><strong>sunt,</strong></span> <span class='ocrx_word' id='word_1_303' title='bbox 733 2434 828 2489; x_wconf 85' lang='lat' dir='ltr'><strong>sed</strong></span> <span class='ocrx_word' id='word_1_304' title='bbox 854 2420 1238 2506; x_wconf 84' lang='lat' dir='ltr'><strong>magistrorum</strong></span> <span class='ocrx_word' id='word_1_305' title='bbox 1260 2434 1411 2491; x_wconf 79' lang='lat' dir='ltr'><strong>falsae</strong></span> <span class='ocrx_word' id='word_1_306' title='bbox 1429 2438 1688 2493; x_wconf 58' lang='lat' dir='ltr'><strong>scientias.</strong></span> 
     </span>
    </p>
   </div>
   <div class='ocr_carea' id='block_1_39' title="bbox 106 2520 1692 2601">
    <p class='ocr_par' dir='ltr' id='par_1_39' title="bbox 106 2520 1692 2601">
     <span class='ocr_line' id='line_1_39' title="bbox 106 2520 1692 2601; baseline 0.006 -26"><span class='ocrx_word' id='word_1_307' title='bbox 106 2520 357 2601; x_wconf 82' lang='lat' dir='ltr'><strong>Cumque</strong></span> <span class='ocrx_word' id='word_1_308' title='bbox 375 2523 674 2581; x_wconf 84' lang='lat' dir='ltr'><strong>ceciderint</strong></span> <span class='ocrx_word' id='word_1_309' title='bbox 698 2526 757 2581; x_wconf 92' lang='lat' dir='ltr'><strong>in</strong></span> <span class='ocrx_word' id='word_1_310' title='bbox 786 2528 965 2584; x_wconf 89' lang='lat' dir='ltr'><strong>medio</strong></span> <span class='ocrx_word' id='word_1_311' title='bbox 992 2530 1280 2596; x_wconf 86' lang='lat' dir='ltr'><strong>montium,</strong></span> <span class='ocrx_word' id='word_1_312' title='bbox 1316 2529 1402 2584; x_wconf 81' lang='lat' dir='ltr'><strong>vel</strong></span> <span class='ocrx_word' id='word_1_313' title='bbox 1426 2544 1564 2600; x_wconf 89' lang='lat' dir='ltr'><strong>quos</strong></span> <span class='ocrx_word' id='word_1_314' title='bbox 1584 2529 1692 2601; x_wconf 84' lang='lat' dir='ltr'><strong>ipsi</strong></span> 
     </span>
    </p>
   </div>
   <div class='ocr_carea' id='block_1_40' title="bbox 104 2613 1692 2691">
    <p class='ocr_par' dir='ltr' id='par_1_40' title="bbox 104 2613 1692 2691">
     <span class='ocr_line' id='line_1_40' title="bbox 104 2613 1692 2691; baseline 0.006 -25"><span class='ocrx_word' id='word_1_315' title='bbox 104 2620 320 2669; x_wconf 83' lang='lat' dir='ltr'><strong>montes</strong></span> <span class='ocrx_word' id='word_1_316' title='bbox 361 2613 748 2673; x_wconf 83' lang='lat' dir='ltr'><strong>interiecerant</strong></span> <span class='ocrx_word' id='word_1_317' title='bbox 793 2618 877 2675; x_wconf 86' lang='lat' dir='ltr'><strong>vel</strong></span> <span class='ocrx_word' id='word_1_318' title='bbox 915 2619 1222 2677; x_wconf 86' lang='lat' dir='ltr'><strong>ecclesiasti</strong></span> <span class='ocrx_word' id='word_1_319' title='bbox 1264 2621 1404 2688; x_wconf 84' lang='lat' dir='ltr'><strong>viri,</strong></span> <span class='ocrx_word' id='word_1_320' title='bbox 1454 2621 1548 2691; x_wconf 89' lang='lat' dir='ltr'><strong>qui</strong></span> <span class='ocrx_word' id='word_1_321' title='bbox 1594 2633 1692 2676; x_wconf 89' lang='lat' dir='ltr'><strong>eos</strong></span> 
     </span>
    </p>
   </div>
   <div class='ocr_carea' id='block_1_41' title="bbox 107 2703 1691 2781">
    <p class='ocr_par' dir='ltr' id='par_1_41' title="bbox 107 2703 1691 2781">
     <span class='ocr_line' id='line_1_41' title="bbox 107 2703 1691 2781; baseline 0.006 -22"><span class='ocrx_word' id='word_1_322' title='bbox 107 2703 254 2761; x_wconf 84' lang='lat' dir='ltr'><strong>male</strong></span> <span class='ocrx_word' id='word_1_323' title='bbox 276 2705 520 2764; x_wconf 79' lang='lat' dir='ltr'><strong>viventes</strong></span> <span class='ocrx_word' id='word_1_324' title='bbox 548 2707 605 2764; x_wconf 89' lang='lat' dir='ltr'><strong>lu</strong></span> <span class='ocrx_word' id='word_1_325' title='bbox 620 2710 850 2766; x_wconf 87' lang='lat' dir='ltr'><strong>salutem</strong></span> <span class='ocrx_word' id='word_1_326' title='bbox 874 2727 1028 2769; x_wconf 86' lang='lat' dir='ltr'><strong>suam</strong></span> <span class='ocrx_word' id='word_1_327' title='bbox 1048 2713 1381 2781; x_wconf 78' lang='lat' dir='ltr'><strong>occiderant,</strong></span> <span class='ocrx_word' id='word_1_328' title='bbox 1406 2721 1537 2769; x_wconf 91' lang='lat' dir='ltr'><strong>tunc</strong></span> <span class='ocrx_word' id='word_1_329' title='bbox 1564 2713 1691 2769; x_wconf 76' lang='lat' dir='ltr'><strong>ﬁnis</strong></span> 
     </span>
    </p>
   </div>
   <div class='ocr_carea' id='block_1_42' title="bbox 104 2797 1693 2876">
    <p class='ocr_par' dir='ltr' id='par_1_42' title="bbox 104 2797 1693 2876">
     <span class='ocr_line' id='line_1_42' title="bbox 104 2797 1693 2876; baseline 0.007 -26"><span class='ocrx_word' id='word_1_330' title='bbox 104 2797 214 2851; x_wconf 85' lang='lat' dir='ltr'><strong>erit</strong></span> <span class='ocrx_word' id='word_1_331' title='bbox 242 2797 508 2854; x_wconf 85' lang='lat' dir='ltr'><strong>montium</strong></span> <span class='ocrx_word' id='word_1_332' title='bbox 542 2801 898 2871; x_wconf 88' lang='lat' dir='ltr'><strong>superbon</strong></span> <span class='ocrx_word' id='word_1_333' title='bbox 918 2844 933 2870; x_wconf 91' lang='lat'><strong>,</strong></span> <span class='ocrx_word' id='word_1_334' title='bbox 964 2812 1027 2859; x_wconf 92' lang='lat' dir='ltr'><strong>ut</strong></span> <span class='ocrx_word' id='word_1_335' title='bbox 1050 2812 1381 2875; x_wconf 86' lang='lat' dir='ltr'><strong>cognoscant</strong></span> <span class='ocrx_word' id='word_1_336' title='bbox 1406 2805 1551 2875; x_wconf 89' lang='lat' dir='ltr'><strong>quod</strong></span> <span class='ocrx_word' id='word_1_337' title='bbox 1578 2805 1693 2876; x_wconf 89' lang='lat' dir='ltr'><strong>ipse</strong></span> 
     </span>
    </p>
   </div>
   <div class='ocr_carea' id='block_1_43' title="bbox 102 2886 1693 2967">
    <p class='ocr_par' dir='ltr' id='par_1_43' title="bbox 102 2886 1693 2967">
     <span class='ocr_line' id='line_1_43' title="bbox 102 2886 1693 2967; baseline 0.007 -27"><span class='ocrx_word' id='word_1_338' title='bbox 102 2887 173 2941; x_wconf 86' lang='lat' dir='ltr'><strong>sit</strong></span> <span class='ocrx_word' id='word_1_339' title='bbox 216 2886 498 2947; x_wconf 83' lang='lat' dir='ltr'><strong>Dominus.</strong></span> <span class='ocrx_word' id='word_1_340' title='bbox 534 2890 724 2948; x_wconf 76' lang='lat' dir='ltr'><strong>Potest</strong></span> <span class='ocrx_word' id='word_1_341' title='bbox 771 2898 954 2949; x_wconf 86' lang='lat' dir='ltr'><strong>autem</strong></span> <span class='ocrx_word' id='word_1_342' title='bbox 994 2894 1114 2950; x_wconf 80' lang='lat' dir='ltr'><strong>fieri</strong></span> <span class='ocrx_word' id='word_1_343' title='bbox 1152 2902 1212 2950; x_wconf 85' lang='lat' dir='ltr'><strong>ut</strong></span> <span class='ocrx_word' id='word_1_344' title='bbox 1245 2895 1314 2952; x_wconf 89' lang='lat' dir='ltr'><strong>de</strong></span> <span class='ocrx_word' id='word_1_345' title='bbox 1349 2910 1456 2952; x_wconf 93' lang='lat' dir='ltr'><strong>uno</strong></span> <span class='ocrx_word' id='word_1_346' title='bbox 1492 2895 1693 2967; x_wconf 86' lang='lat' dir='ltr'><strong>popuie</strong></span> 
     </span>
    </p>
   </div>
   <div class='ocr_carea' id='block_1_44' title="bbox 103 2980 1690 3061">
    <p class='ocr_par' dir='ltr' id='par_1_44' title="bbox 103 2980 1690 3061">
     <span class='ocr_line' id='line_1_44' title="bbox 103 2980 1690 3061; baseline 0.006 -27"><span class='ocrx_word' id='word_1_347' title='bbox 103 2980 373 3037; x_wconf 85' lang='lat' dir='ltr'><strong>montium</strong></span> <span class='ocrx_word' id='word_1_348' title='bbox 404 2981 597 3052; x_wconf 85' lang='lat' dir='ltr'><strong>Israel,</strong></span> <span class='ocrx_word' id='word_1_349' title='bbox 626 2985 749 3042; x_wconf 86' lang='lat' dir='ltr'><strong>aliis</strong></span> <span class='ocrx_word' id='word_1_350' title='bbox 774 2986 1076 3045; x_wconf 85' lang='lat' dir='ltr'><strong>interfectis</strong></span> <span class='ocrx_word' id='word_1_351' title='bbox 1103 2996 1407 3061; x_wconf 71' lang='lat' dir='ltr'><strong>agnoscant</strong></span> <span class='ocrx_word' id='word_1_352' title='bbox 1430 2988 1525 3046; x_wconf 84' lang='lat' dir='ltr'><strong>alii</strong></span> <span class='ocrx_word' id='word_1_353' title='bbox 1550 3006 1565 3044; x_wconf 90' lang='lat'><strong>:</strong></span> <span class='ocrx_word' id='word_1_354' title='bbox 1588 2987 1690 3045; x_wconf 86' lang='lat' dir='ltr'><strong>Pe-</strong></span> 
     </span>
    </p>
   </div>
   <div class='ocr_carea' id='block_1_45' title="bbox 102 3072 1415 3149">
    <p class='ocr_par' dir='ltr' id='par_1_45' title="bbox 102 3072 1415 3149">
     <span class='ocr_line' id='line_1_45' title="bbox 102 3072 1415 3149; baseline 0.006 -22"><span class='ocrx_word' id='word_1_355' title='bbox 102 3072 327 3131; x_wconf 86' lang='lat' dir='ltr'><strong>stilente</strong></span> <span class='ocrx_word' id='word_1_356' title='bbox 350 3073 494 3131; x_wconf 86' lang='lat' dir='ltr'><strong>enim</strong></span> <span class='ocrx_word' id='word_1_357' title='bbox 516 3073 787 3149; x_wconf 76' lang='lat' dir='ltr'><strong>ﬂagellato</strong></span> <span class='ocrx_word' id='word_1_358' title='bbox 811 3077 1010 3137; x_wconf 90' lang='lat' dir='ltr'><strong>stultus</strong></span> <span class='ocrx_word' id='word_1_359' title='bbox 1035 3080 1265 3137; x_wconf 86' lang='lat' dir='ltr'><strong>astutior</strong></span> <span class='ocrx_word' id='word_1_360' title='bbox 1291 3079 1415 3136; x_wconf 84' lang='lat' dir='ltr'><strong>erit.</strong></span> 
     </span>
    </p>
   </div>
   <div class='ocr_carea' id='block_1_46' title="bbox 1794 1885 3375 1958">
    <p class='ocr_par' dir='ltr' id='par_1_46' title="bbox 1794 1885 3375 1958">
     <span class='ocr_line' id='line_1_46' title="bbox 1794 1885 3375 1958; baseline 0.001 -19"><span class='ocrx_word' id='word_1_361' title='bbox 1794 1886 2041 1942; x_wconf 86' lang='lat' dir='ltr'><strong>nicantes</strong></span> <span class='ocrx_word' id='word_1_362' title='bbox 2082 1885 2223 1941; x_wconf 90' lang='lat' dir='ltr'><strong>oculi</strong></span> <span class='ocrx_word' id='word_1_363' title='bbox 2271 1894 2395 1958; x_wconf 90' lang='lat' dir='ltr'><strong>post</strong></span> <span class='ocrx_word' id='word_1_364' title='bbox 2443 1887 2856 1943; x_wconf 82' lang='lat' dir='ltr'><strong>adinventiones</strong></span> <span class='ocrx_word' id='word_1_365' title='bbox 2892 1904 3057 1954; x_wconf 81' lang='lat' dir='ltr'><strong>suas,</strong></span> <span class='ocrx_word' id='word_1_366' title='bbox 3111 1888 3204 1957; x_wconf 84' lang='lat' dir='ltr'><strong>qui</strong></span> <span class='ocrx_word' id='word_1_367' title='bbox 3250 1901 3375 1941; x_wconf 89' lang='lat' dir='ltr'><strong>eum</strong></span> 
     </span>
    </p>
   </div>
   <div class='ocr_carea' id='block_1_47' title="bbox 1792 1975 3373 2052">
    <p class='ocr_par' dir='ltr' id='par_1_47' title="bbox 1792 1975 3373 2052">
     <span class='ocr_line' id='line_1_47' title="bbox 1792 1975 3373 2052; baseline 0.001 -21"><span class='ocrx_word' id='word_1_368' title='bbox 1792 1975 2005 2032; x_wconf 85' lang='lat' dir='ltr'><strong>Domini</strong></span> <span class='ocrx_word' id='word_1_369' title='bbox 2047 1977 2249 2033; x_wconf 84' lang='lat' dir='ltr'><strong>fuerint</strong></span> <span class='ocrx_word' id='word_1_370' title='bbox 2290 1979 2589 2045; x_wconf 86' lang='lat' dir='ltr'><strong>recordati,</strong></span> <span class='ocrx_word' id='word_1_371' title='bbox 2630 1979 2989 2052; x_wconf 74' lang='lat' dir='ltr'><strong>displicebant</strong></span> <span class='ocrx_word' id='word_1_372' title='bbox 3018 1977 3122 2033; x_wconf 87' lang='lat' dir='ltr'><strong>sibi</strong></span> <span class='ocrx_word' id='word_1_373' title='bbox 3150 1976 3207 2033; x_wconf 84' lang='lat' dir='ltr'><strong>in</strong></span> <span class='ocrx_word' id='word_1_374' title='bbox 3248 1978 3373 2032; x_wconf 86' lang='lat' dir='ltr'><strong>uni-</strong></span> 
     </span>
    </p>
   </div>
   <div class='ocr_carea' id='block_1_48' title="bbox 1791 2071 3375 2141">
    <p class='ocr_par' dir='ltr' id='par_1_48' title="bbox 1791 2071 3375 2141">
     <span class='ocr_line' id='line_1_48' title="bbox 1791 2071 3375 2141; baseline -0.001 -16"><span class='ocrx_word' id='word_1_375' title='bbox 1791 2071 1963 2125; x_wconf 87' lang='lat' dir='ltr'><strong>versis</strong></span> <span class='ocrx_word' id='word_1_376' title='bbox 2005 2071 2493 2126; x_wconf 86' lang='lat' dir='ltr'><strong>abominationibus</strong></span> <span class='ocrx_word' id='word_1_377' title='bbox 2538 2072 2681 2139; x_wconf 86' lang='lat' dir='ltr'><strong>suis,</strong></span> <span class='ocrx_word' id='word_1_378' title='bbox 2730 2079 2785 2126; x_wconf 90' lang='lat' dir='ltr'><strong>et</strong></span> <span class='ocrx_word' id='word_1_379' title='bbox 2814 2071 3176 2141; x_wconf 74' lang='lat' dir='ltr'><strong>intelligemus</strong></span> <span class='ocrx_word' id='word_1_380' title='bbox 3232 2083 3375 2125; x_wconf 75' lang='lat' dir='ltr'><strong>verm</strong></span> 
     </span>
    </p>
   </div>
   <div class='ocr_carea' id='block_1_49' title="bbox 1792 2156 3375 2232">
    <p class='ocr_par' dir='ltr' id='par_1_49' title="bbox 1792 2156 3375 2232">
     <span class='ocr_line' id='line_1_49' title="bbox 1792 2156 3375 2232; baseline 0.001 -19"><span class='ocrx_word' id='word_1_381' title='bbox 1792 2156 1918 2215; x_wconf 81' lang='lat' dir='ltr'><strong>lidei</strong></span> <span class='ocrx_word' id='word_1_382' title='bbox 1949 2159 2267 2225; x_wconf 87' lang='lat' dir='ltr'><strong>veritatem,</strong></span> <span class='ocrx_word' id='word_1_383' title='bbox 2304 2160 2476 2215; x_wconf 88' lang='lat' dir='ltr'><strong>scient</strong></span> <span class='ocrx_word' id='word_1_384' title='bbox 2520 2160 2644 2231; x_wconf 89' lang='lat' dir='ltr'><strong>quia</strong></span> <span class='ocrx_word' id='word_1_385' title='bbox 2698 2162 2812 2232; x_wconf 88' lang='lat' dir='ltr'><strong>ipse</strong></span> <span class='ocrx_word' id='word_1_386' title='bbox 2842 2162 2913 2215; x_wconf 87' lang='lat' dir='ltr'><strong>sit</strong></span> <span class='ocrx_word' id='word_1_387' title='bbox 2953 2161 3230 2216; x_wconf 78' lang='lat' dir='ltr'><strong>Dominus.</strong></span> <span class='ocrx_word' id='word_1_388' title='bbox 3264 2159 3375 2226; x_wconf 76' lang='lat' dir='ltr'><strong>Qui</strong></span> 
     </span>
    </p>
   </div>
   <div class='ocr_carea' id='block_1_50' title="bbox 1792 2251 3375 2323">
    <p class='ocr_par' dir='ltr' id='par_1_50' title="bbox 1792 2251 3375 2323">
     <span class='ocr_line' id='line_1_50' title="bbox 1792 2251 3375 2323; baseline 0 -16"><span class='ocrx_word' id='word_1_389' title='bbox 1792 2252 1997 2308; x_wconf 88' lang='lat' dir='ltr'><strong>idcirco</strong></span> <span class='ocrx_word' id='word_1_390' title='bbox 2029 2267 2172 2322; x_wconf 72' lang='lat' dir='ltr'><strong>smpe</strong></span> <span class='ocrx_word' id='word_1_391' title='bbox 2210 2251 2377 2308; x_wconf 80' lang='lat' dir='ltr'><strong>infert</strong></span> <span class='ocrx_word' id='word_1_392' title='bbox 2417 2251 2851 2317; x_wconf 89' lang='lat' dir='ltr'><strong>tribulationem,</strong></span> <span class='ocrx_word' id='word_1_393' title='bbox 2893 2267 3013 2323; x_wconf 63' lang='lat' dir='ltr'><strong>quis</strong></span> <span class='ocrx_word' id='word_1_394' title='bbox 3044 2251 3375 2322; x_wconf 80' lang='lat' dir='ltr'><strong>patientibus</strong></span> 
     </span>
    </p>
   </div>
   <div class='ocr_carea' id='block_1_51' title="bbox 1788 2343 3373 2414">
    <p class='ocr_par' dir='ltr' id='par_1_51' title="bbox 1788 2343 3373 2414">
     <span class='ocr_line' id='line_1_51' title="bbox 1788 2343 3373 2414; baseline 0.001 -17"><span class='ocrx_word' id='word_1_395' title='bbox 1788 2344 2096 2414; x_wconf 88' lang='lat' dir='ltr'><strong>perniciosa</strong></span> <span class='ocrx_word' id='word_1_396' title='bbox 2142 2343 2356 2401; x_wconf 86' lang='lat' dir='ltr'><strong>videtur</strong></span> <span class='ocrx_word' id='word_1_397' title='bbox 2379 2353 2436 2400; x_wconf 88' lang='lat' dir='ltr'><strong>et</strong></span> <span class='ocrx_word' id='word_1_398' title='bbox 2472 2345 2730 2414; x_wconf 87' lang='lat' dir='ltr'><strong>pessima,</strong></span> <span class='ocrx_word' id='word_1_399' title='bbox 2763 2352 2823 2399; x_wconf 93' lang='lat' dir='ltr'><strong>ut</strong></span> <span class='ocrx_word' id='word_1_400' title='bbox 2861 2345 2931 2400; x_wconf 86' lang='lat' dir='ltr'><strong>ad</strong></span> <span class='ocrx_word' id='word_1_401' title='bbox 2976 2343 3373 2414; x_wconf 70' lang='lat' dir='ltr'><strong>paenitudinem</strong></span> 
     </span>
    </p>
   </div>
   <div class='ocr_carea' id='block_1_52' title="bbox 1790 2428 3113 2490">
    <p class='ocr_par' dir='ltr' id='par_1_52' title="bbox 1790 2428 3113 2490">
     <span class='ocr_line' id='line_1_52' title="bbox 1790 2428 3113 2490; baseline -0.002 0"><span class='ocrx_word' id='word_1_402' title='bbox 1790 2436 2202 2490; x_wconf 82' lang='lat' dir='ltr'><strong>convertantur.</strong></span> <span class='ocrx_word' id='word_1_403' title='bbox 3110 2428 3113 2433; x_wconf 47' lang='grc'><em>⁴</em></span> 
     </span>
    </p>
   </div>
   <div class='ocr_carea' id='block_1_53' title="bbox 1865 2527 3373 2585">
    <p class='ocr_par' dir='ltr' id='par_1_53' title="bbox 1865 2527 3373 2585">
     <span class='ocr_line' id='line_1_53' title="bbox 1865 2527 3373 2585; baseline 0.001 -4"><span class='ocrx_word' id='word_1_404' title='bbox 1865 2546 1885 2581; x_wconf 73' lang='grc' dir='ltr'><strong>ι</strong></span> <span class='ocrx_word' id='word_1_405' title='bbox 1932 2527 2059 2582; x_wconf 80' lang='lat' dir='ltr'><strong>Haec</strong></span> <span class='ocrx_word' id='word_1_406' title='bbox 2110 2527 2244 2583; x_wconf 87' lang='lat' dir='ltr'><strong>dicit</strong></span> <span class='ocrx_word' id='word_1_407' title='bbox 2295 2528 2557 2585; x_wconf 83' lang='lat' dir='ltr'><strong>Dominus</strong></span> <span class='ocrx_word' id='word_1_408' title='bbox 2604 2529 2747 2585; x_wconf 87' lang='lat' dir='ltr'><strong>Deus</strong></span> <span class='ocrx_word' id='word_1_409' title='bbox 2797 2545 2812 2583; x_wconf 89' lang='lat'><strong>:</strong></span> <span class='ocrx_word' id='word_1_410' title='bbox 2865 2527 3096 2585; x_wconf 75' lang='lat' dir='ltr'><strong>Pet-cute</strong></span> <span class='ocrx_word' id='word_1_411' title='bbox 3150 2540 3373 2584; x_wconf 83' lang='lat' dir='ltr'><strong>manum</strong></span> 
     </span>
    </p>
   </div>
   <div class='ocr_carea' id='block_1_54' title="bbox 1798 2620 3377 2694">
    <p class='ocr_par' dir='ltr' id='par_1_54' title="bbox 1798 2620 3377 2694">
     <span class='ocr_line' id='line_1_54' title="bbox 1798 2620 3377 2694; baseline 0 -19"><span class='ocrx_word' id='word_1_412' title='bbox 1798 2639 1819 2675; x_wconf 71' lang='grc' dir='ltr'>ε</span> <span class='ocrx_word' id='word_1_413' title='bbox 1866 2629 2035 2688; x_wconf 88' lang='lat' dir='ltr'><strong>tuam,</strong></span> <span class='ocrx_word' id='word_1_414' title='bbox 2075 2630 2131 2677; x_wconf 91' lang='lat' dir='ltr'><strong>et</strong></span> <span class='ocrx_word' id='word_1_415' title='bbox 2178 2622 2340 2678; x_wconf 84' lang='lat' dir='ltr'><strong>aliide</strong></span> <span class='ocrx_word' id='word_1_416' title='bbox 2381 2623 2574 2694; x_wconf 89' lang='lat' dir='ltr'><strong>pedem</strong></span> <span class='ocrx_word' id='word_1_417' title='bbox 2624 2630 2809 2689; x_wconf 89' lang='lat' dir='ltr'><strong>tuum,</strong></span> <span class='ocrx_word' id='word_1_418' title='bbox 2841 2629 2897 2677; x_wconf 85' lang='lat' dir='ltr'><strong>et</strong></span> <span class='ocrx_word' id='word_1_419' title='bbox 2947 2622 3057 2687; x_wconf 89' lang='lat' dir='ltr'><strong>dic,</strong></span> <span class='ocrx_word' id='word_1_420' title='bbox 3105 2620 3250 2676; x_wconf 74' lang='lat' dir='ltr'><strong>Ben!</strong></span> <span class='ocrx_word' id='word_1_421' title='bbox 3300 2620 3377 2675; x_wconf 78' lang='lat' dir='ltr'><strong>ad</strong></span> 
     </span>
    </p>
   </div>
   <div class='ocr_carea' id='block_1_55' title="bbox 1797 2711 3367 2769">
    <p class='ocr_par' dir='ltr' id='par_1_55' title="bbox 1797 2711 3367 2769">
     <span class='ocr_line' id='line_1_55' title="bbox 1797 2711 3367 2769; baseline 0 -4"><span class='ocrx_word' id='word_1_422' title='bbox 1797 2729 1818 2765; x_wconf 72' lang='grc' dir='ltr'><strong>ι</strong></span> <span class='ocrx_word' id='word_1_423' title='bbox 1859 2726 2049 2768; x_wconf 88' lang='lat' dir='ltr'><strong>omnes</strong></span> <span class='ocrx_word' id='word_1_424' title='bbox 2096 2712 2528 2769; x_wconf 80' lang='lat' dir='ltr'><strong>abominationes</strong></span> <span class='ocrx_word' id='word_1_425' title='bbox 2568 2713 2834 2768; x_wconf 84' lang='lat' dir='ltr'><strong>malorum</strong></span> <span class='ocrx_word' id='word_1_426' title='bbox 2879 2713 3073 2768; x_wconf 85' lang='lat' dir='ltr'><strong>domus</strong></span> <span class='ocrx_word' id='word_1_427' title='bbox 3119 2711 3305 2767; x_wconf 87' lang='lat' dir='ltr'><strong>lsrael.</strong></span> <span class='ocrx_word' id='word_1_428' title='bbox 3346 2730 3367 2765; x_wconf 79' lang='grc' dir='ltr'><strong>ι</strong></span> 
     </span>
    </p>
   </div>
   <div class='ocr_carea' id='block_1_56' title="bbox 1792 2801 3376 2874">
    <p class='ocr_par' dir='ltr' id='par_1_56' title="bbox 1792 2801 3376 2874">
     <span class='ocr_line' id='line_1_56' title="bbox 1792 2801 3376 2874; baseline -0.003 -16"><span class='ocrx_word' id='word_1_429' title='bbox 1792 2801 2217 2874; x_wconf 79' lang='lat' dir='ltr'><strong>Magnitudinem</strong></span> <span class='ocrx_word' id='word_1_430' title='bbox 2266 2808 2615 2874; x_wconf 82' lang='lat' dir='ltr'><strong>peccatorum</strong></span> <span class='ocrx_word' id='word_1_431' title='bbox 2664 2801 2887 2871; x_wconf 66' lang='lat' dir='ltr'><strong>iubetur</strong></span> <span class='ocrx_word' id='word_1_432' title='bbox 2939 2802 3206 2873; x_wconf 80' lang='lat' dir='ltr'><strong>propheta</strong></span> <span class='ocrx_word' id='word_1_433' title='bbox 3256 2814 3376 2855; x_wconf 80' lang='lat' dir='ltr'><strong>ma&#39;</strong></span> 
     </span>
    </p>
   </div>
   <div class='ocr_carea' id='block_1_57' title="bbox 1791 2894 3375 2965">
    <p class='ocr_par' dir='ltr' id='par_1_57' title="bbox 1791 2894 3375 2965">
     <span class='ocr_line' id='line_1_57' title="bbox 1791 2894 3375 2965; baseline -0.003 -14"><span class='ocrx_word' id='word_1_434' title='bbox 1791 2896 1953 2951; x_wconf 89' lang='lat' dir='ltr'><strong>nibus</strong></span> <span class='ocrx_word' id='word_1_435' title='bbox 1993 2894 2327 2965; x_wconf 84' lang='lat' dir='ltr'><strong>pedibusque</strong></span> <span class='ocrx_word' id='word_1_436' title='bbox 2366 2909 2431 2950; x_wconf 89' lang='lat' dir='ltr'><strong>ac</strong></span> <span class='ocrx_word' id='word_1_437' title='bbox 2458 2908 2709 2950; x_wconf 83' lang='lat' dir='ltr'><strong>sermone</strong></span> <span class='ocrx_word' id='word_1_438' title='bbox 2748 2901 3081 2959; x_wconf 81' lang='lat' dir='ltr'><strong>monstrare,</strong></span> <span class='ocrx_word' id='word_1_439' title='bbox 3114 2900 3174 2947; x_wconf 82' lang='lat' dir='ltr'><strong>ut</strong></span> <span class='ocrx_word' id='word_1_440' title='bbox 3220 2899 3375 2963; x_wconf 89' lang='lat' dir='ltr'><strong>gestu</strong></span> 
     </span>
    </p>
   </div>
   <div class='ocr_carea' id='block_1_58' title="bbox 1791 2982 3375 3056">
    <p class='ocr_par' dir='ltr' id='par_1_58' title="bbox 1791 2982 3375 3056">
     <span class='ocr_line' id='line_1_58' title="bbox 1791 2982 3375 3056; baseline -0.003 -14"><span class='ocrx_word' id='word_1_441' title='bbox 1791 2986 2038 3056; x_wconf 87' lang='lat' dir='ltr'><strong>corporis</strong></span> <span class='ocrx_word' id='word_1_442' title='bbox 2063 2993 2118 3041; x_wconf 89' lang='lat' dir='ltr'><strong>et</strong></span> <span class='ocrx_word' id='word_1_443' title='bbox 2146 2985 2498 3041; x_wconf 82' lang='lat' dir='ltr'><strong>inclinatione</strong></span> <span class='ocrx_word' id='word_1_444' title='bbox 2531 2985 2683 3041; x_wconf 83' lang='lat' dir='ltr'><strong>vocis</strong></span> <span class='ocrx_word' id='word_1_445' title='bbox 2705 2984 2952 3039; x_wconf 85' lang='lat' dir='ltr'><strong>habitum</strong></span> <span class='ocrx_word' id='word_1_446' title='bbox 2978 2982 3246 3054; x_wconf 85' lang='lat' dir='ltr'><strong>stupentis</strong></span> <span class='ocrx_word' id='word_1_447' title='bbox 3268 2982 3375 3037; x_wconf 85' lang='lat' dir='ltr'><strong>mi-‘</strong></span> 
     </span>
    </p>
   </div>
   <div class='ocr_carea' id='block_1_59' title="bbox 1792 3071 3375 3149">
    <p class='ocr_par' dir='ltr' id='par_1_59' title="bbox 1792 3071 3375 3149">
     <span class='ocr_line' id='line_1_59' title="bbox 1792 3071 3375 3149; baseline -0.004 -15"><span class='ocrx_word' id='word_1_448' title='bbox 1792 3077 2073 3149; x_wconf 83' lang='lat' dir='ltr'><strong>ramisque</strong></span> <span class='ocrx_word' id='word_1_449' title='bbox 2100 3084 2157 3132; x_wconf 87' lang='lat' dir='ltr'><strong>et</strong></span> <span class='ocrx_word' id='word_1_450' title='bbox 2204 3076 2468 3146; x_wconf 80' lang='lat' dir='ltr'><strong>plorantis</strong></span> <span class='ocrx_word' id='word_1_451' title='bbox 2505 3076 2773 3131; x_wconf 86' lang='lat' dir='ltr'><strong>ostendat.</strong></span> <span class='ocrx_word' id='word_1_452' title='bbox 2811 3075 3098 3142; x_wconf 83' lang='lat' dir='ltr'><strong>Quomodo</strong></span> <span class='ocrx_word' id='word_1_453' title='bbox 3136 3074 3284 3130; x_wconf 88' lang='lat' dir='ltr'><strong>enim</strong></span> <span class='ocrx_word' id='word_1_454' title='bbox 3328 3071 3375 3128; x_wconf 83' lang='lat' dir='ltr'><strong>si</strong></span> 
     </span>
    </p>
   </div>
   <div class='ocr_carea' id='block_1_60' title="bbox 177 3164 3374 3244">
    <p class='ocr_par' dir='ltr' id='par_1_60' title="bbox 177 3164 3374 3244">
     <span class='ocr_line' id='line_1_60' title="bbox 177 3164 3374 3244; baseline -0 -24"><span class='ocrx_word' id='word_1_455' title='bbox 177 3183 201 3218; x_wconf 75' lang='grc' dir='ltr'><strong>ι</strong></span> <span class='ocrx_word' id='word_1_456' title='bbox 250 3164 317 3222; x_wconf 72' lang='lat' dir='ltr'><strong>Et</strong></span> <span class='ocrx_word' id='word_1_457' title='bbox 340 3164 647 3239; x_wconf 78' lang='lat' dir='ltr'><strong>relinquam</strong></span> <span class='ocrx_word' id='word_1_458' title='bbox 666 3168 726 3225; x_wconf 88' lang='lat' dir='ltr'><strong>in</strong></span> <span class='ocrx_word' id='word_1_459' title='bbox 750 3170 905 3227; x_wconf 87' lang='lat' dir='ltr'><strong>vobis</strong></span> <span class='ocrx_word' id='word_1_460' title='bbox 935 3185 1050 3239; x_wconf 89' lang='lat' dir='ltr'><strong>eos,</strong></span> <span class='ocrx_word' id='word_1_461' title='bbox 1078 3172 1170 3244; x_wconf 90' lang='lat' dir='ltr'><strong>qui</strong></span> <span class='ocrx_word' id='word_1_462' title='bbox 1190 3170 1430 3244; x_wconf 79' lang='lat' dir='ltr'><strong>fugerint</strong></span> <span class='ocrx_word' id='word_1_463' title='bbox 1454 3170 1690 3243; x_wconf 88' lang='lat' dir='ltr'><strong>gladium</strong></span> <span class='ocrx_word' id='word_1_464' title='bbox 1718 3171 1765 3239; x_wconf 85' lang='lat' dir='ltr'><strong><em>C</em></strong></span> <span class='ocrx_word' id='word_1_465' title='bbox 1793 3170 2012 3242; x_wconf 85' lang='lat' dir='ltr'><strong>quando</strong></span> <span class='ocrx_word' id='word_1_466' title='bbox 2053 3184 2254 3225; x_wconf 83' lang='lat' dir='ltr'><strong>novum</strong></span> <span class='ocrx_word' id='word_1_467' title='bbox 2298 3168 2503 3240; x_wconf 89' lang='lat' dir='ltr'><strong>aliquid</strong></span> <span class='ocrx_word' id='word_1_468' title='bbox 2535 3166 2953 3237; x_wconf 81' lang='lat' dir='ltr'><strong>mirandumque</strong></span> <span class='ocrx_word' id='word_1_469' title='bbox 2987 3165 3374 3235; x_wconf 77' lang='lat' dir='ltr'><strong>conspicimus;</strong></span> 
     </span>
    </p>
   </div>
   <div class='ocr_carea' id='block_1_61' title="bbox 104 3256 1694 3334">
    <p class='ocr_par' dir='ltr' id='par_1_61' title="bbox 104 3256 1694 3334">
     <span class='ocr_line' id='line_1_61' title="bbox 104 3256 1694 3334; baseline 0.005 -23"><span class='ocrx_word' id='word_1_470' title='bbox 104 3275 127 3310; x_wconf 69' lang='grc' dir='ltr'><strong>ι</strong></span> <span class='ocrx_word' id='word_1_471' title='bbox 165 3256 231 3313; x_wconf 83' lang='lat' dir='ltr'><strong>in</strong></span> <span class='ocrx_word' id='word_1_472' title='bbox 259 3258 509 3330; x_wconf 78' lang='lat' dir='ltr'><strong>gentibus</strong></span> <span class='ocrx_word' id='word_1_473' title='bbox 526 3273 651 3316; x_wconf 89' lang='lat' dir='ltr'><strong>cum</strong></span> <span class='ocrx_word' id='word_1_474' title='bbox 672 3261 982 3334; x_wconf 83' lang='lat' dir='ltr'><strong>dispersero</strong></span> <span class='ocrx_word' id='word_1_475' title='bbox 1000 3279 1100 3320; x_wconf 88' lang='lat' dir='ltr'><strong>vos</strong></span> <span class='ocrx_word' id='word_1_476' title='bbox 1119 3263 1175 3320; x_wconf 90' lang='lat' dir='ltr'><strong>in</strong></span> <span class='ocrx_word' id='word_1_477' title='bbox 1198 3272 1394 3321; x_wconf 88' lang='lat' dir='ltr'><strong>terras.</strong></span> <span class='ocrx_word' id='word_1_478' title='bbox 1422 3264 1491 3319; x_wconf 77' lang='lat' dir='ltr'><strong>Et</strong></span> <span class='ocrx_word' id='word_1_479' title='bbox 1512 3278 1694 3321; x_wconf 86' lang='lat' dir='ltr'><strong>recor-</strong></span> 
     </span>
    </p>
   </div>
   <div class='ocr_carea' id='block_1_62' title="bbox 106 3348 1691 3428">
    <p class='ocr_par' dir='ltr' id='par_1_62' title="bbox 106 3348 1691 3428">
     <span class='ocr_line' id='line_1_62' title="bbox 106 3348 1691 3428; baseline 0.004 -25"><span class='ocrx_word' id='word_1_480' title='bbox 106 3365 128 3401; x_wconf 78' lang='lat' dir='ltr'><strong>r</strong></span> <span class='ocrx_word' id='word_1_481' title='bbox 173 3348 455 3406; x_wconf 81' lang='lat' dir='ltr'><strong>dabuntur</strong></span> <span class='ocrx_word' id='word_1_482' title='bbox 471 3351 581 3407; x_wconf 83' lang='lat' dir='ltr'><strong>mei</strong></span> <span class='ocrx_word' id='word_1_483' title='bbox 608 3351 824 3409; x_wconf 84' lang='lat' dir='ltr'><strong>liberati</strong></span> <span class='ocrx_word' id='word_1_484' title='bbox 861 3356 1030 3412; x_wconf 90' lang='lat' dir='ltr'><strong>vestri</strong></span> <span class='ocrx_word' id='word_1_485' title='bbox 1064 3355 1119 3411; x_wconf 92' lang='lat' dir='ltr'><strong>in</strong></span> <span class='ocrx_word' id='word_1_486' title='bbox 1157 3357 1429 3427; x_wconf 85' lang='lat' dir='ltr'><strong>gentibus,</strong></span> <span class='ocrx_word' id='word_1_487' title='bbox 1458 3356 1527 3411; x_wconf 88' lang='lat' dir='ltr'><strong>ad</strong></span> <span class='ocrx_word' id='word_1_488' title='bbox 1554 3369 1691 3428; x_wconf 89' lang='lat' dir='ltr'><strong>quas</strong></span> 
     </span>
    </p>
   </div>
   <div class='ocr_carea' id='block_1_63' title="bbox 104 3439 1692 3517">
    <p class='ocr_par' dir='ltr' id='par_1_63' title="bbox 104 3439 1692 3517">
     <span class='ocr_line' id='line_1_63' title="bbox 104 3439 1692 3517; baseline 0.008 -25"><span class='ocrx_word' id='word_1_489' title='bbox 104 3458 127 3491; x_wconf 73' lang='grc' dir='ltr'><strong>ι</strong></span> <span class='ocrx_word' id='word_1_490' title='bbox 167 3439 376 3512; x_wconf 86' lang='lat' dir='ltr'><strong>captivi</strong></span> <span class='ocrx_word' id='word_1_491' title='bbox 430 3441 579 3497; x_wconf 91' lang='lat' dir='ltr'><strong>ducti</strong></span> <span class='ocrx_word' id='word_1_492' title='bbox 619 3451 764 3499; x_wconf 88' lang='lat' dir='ltr'><strong>sunt.</strong></span> <span class='ocrx_word' id='word_1_493' title='bbox 808 3462 828 3497; x_wconf 75' lang='grc' dir='ltr'><strong>ι</strong></span> <span class='ocrx_word' id='word_1_494' title='bbox 884 3444 1020 3502; x_wconf 84' lang='lat' dir='ltr'><strong>illud</strong></span> <span class='ocrx_word' id='word_1_495' title='bbox 1089 3448 1235 3517; x_wconf 88' lang='lat' dir='ltr'><strong>quod</strong></span> <span class='ocrx_word' id='word_1_496' title='bbox 1286 3447 1549 3505; x_wconf 88' lang='lat' dir='ltr'><strong>Dominus</strong></span> <span class='ocrx_word' id='word_1_497' title='bbox 1610 3447 1692 3505; x_wconf 89' lang='lat' dir='ltr'><strong>lo-</strong></span> 
     </span>
    </p>
   </div>
   <div class='ocr_carea' id='block_1_64' title="bbox 101 3533 1693 3612">
    <p class='ocr_par' dir='ltr' id='par_1_64' title="bbox 101 3533 1693 3612">
     <span class='ocr_line' id='line_1_64' title="bbox 101 3533 1693 3612; baseline 0.006 -24"><span class='ocrx_word' id='word_1_498' title='bbox 101 3534 294 3603; x_wconf 86' lang='lat' dir='ltr'><strong>quitur</strong></span> <span class='ocrx_word' id='word_1_499' title='bbox 338 3533 407 3590; x_wconf 83' lang='lat' dir='ltr'><strong>ad</strong></span> <span class='ocrx_word' id='word_1_500' title='bbox 447 3533 623 3591; x_wconf 83' lang='lat' dir='ltr'><strong>Eliam</strong></span> <span class='ocrx_word' id='word_1_501' title='bbox 649 3554 663 3591; x_wconf 89' lang='lat'><strong>:</strong></span> <span class='ocrx_word' id='word_1_502' title='bbox 690 3556 714 3589; x_wconf 76' lang='lat' dir='ltr'><strong>r</strong></span> <span class='ocrx_word' id='word_1_503' title='bbox 737 3535 953 3609; x_wconf 80' lang='lat' dir='ltr'><strong>Reliqui</strong></span> <span class='ocrx_word' id='word_1_504' title='bbox 977 3538 1111 3594; x_wconf 83' lang='lat' dir='ltr'><strong>mihi</strong></span> <span class='ocrx_word' id='word_1_505' title='bbox 1131 3549 1338 3612; x_wconf 87' lang='lat' dir='ltr'><strong>septem</strong></span> <span class='ocrx_word' id='word_1_506' title='bbox 1360 3541 1527 3596; x_wconf 84' lang='lat' dir='ltr'><strong>millia</strong></span> <span class='ocrx_word' id='word_1_507' title='bbox 1546 3542 1693 3597; x_wconf 83' lang='lat' dir='ltr'><strong>viro-</strong></span> 
     </span>
    </p>
   </div>
   <div class='ocr_carea' id='block_1_65' title="bbox 97 3624 1693 3700">
    <p class='ocr_par' dir='ltr' id='par_1_65' title="bbox 97 3624 1693 3700">
     <span class='ocr_line' id='line_1_65' title="bbox 97 3624 1693 3700; baseline 0.006 -22"><span class='ocrx_word' id='word_1_508' title='bbox 97 3636 250 3688; x_wconf 86' lang='lat' dir='ltr'><strong>rum,</strong></span> <span class='ocrx_word' id='word_1_509' title='bbox 265 3624 357 3694; x_wconf 89' lang='lat' dir='ltr'><strong>qui</strong></span> <span class='ocrx_word' id='word_1_510' title='bbox 377 3638 485 3681; x_wconf 88' lang='lat' dir='ltr'><strong>non</strong></span> <span class='ocrx_word' id='word_1_511' title='bbox 507 3637 868 3683; x_wconf 76' lang='lat' dir='ltr'><strong>curvaverant</strong></span> <span class='ocrx_word' id='word_1_512' title='bbox 886 3643 1025 3700; x_wconf 88' lang='lat' dir='ltr'><strong>genu</strong></span> <span class='ocrx_word' id='word_1_513' title='bbox 1046 3636 1172 3685; x_wconf 90' lang='lat' dir='ltr'><strong>ante</strong></span> <span class='ocrx_word' id='word_1_514' title='bbox 1193 3628 1376 3685; x_wconf 69' lang='lat' dir='ltr'><strong>Baal.»</strong></span> <span class='ocrx_word' id='word_1_515' title='bbox 1402 3631 1470 3686; x_wconf 85' lang='lat' dir='ltr'><strong>Et</strong></span> <span class='ocrx_word' id='word_1_516' title='bbox 1493 3631 1693 3688; x_wconf 76' lang='lat' dir='ltr'><strong>Patrius</strong></span> 
     </span>
    </p>
   </div>
   <div class='ocr_carea' id='block_1_66' title="bbox 94 3715 1692 3794">
    <p class='ocr_par' dir='ltr' id='par_1_66' title="bbox 94 3715 1692 3794">
     <span class='ocr_line' id='line_1_66' title="bbox 94 3715 1692 3794; baseline 0.005 -23"><span class='ocrx_word' id='word_1_517' title='bbox 94 3715 384 3787; x_wconf 83' lang='lat' dir='ltr'><strong>apostolus</strong></span> <span class='ocrx_word' id='word_1_518' title='bbox 418 3719 609 3775; x_wconf 87' lang='lat' dir='ltr'><strong>scribit</strong></span> <span class='ocrx_word' id='word_1_519' title='bbox 643 3738 658 3774; x_wconf 89' lang='lat'><strong>:</strong></span> <span class='ocrx_word' id='word_1_520' title='bbox 691 3734 713 3772; x_wconf 75' lang='grc' dir='ltr'><strong>ι</strong></span> <span class='ocrx_word' id='word_1_521' title='bbox 756 3719 833 3775; x_wconf 73' lang='lat' dir='ltr'><strong>Et</strong></span> <span class='ocrx_word' id='word_1_522' title='bbox 876 3734 1022 3777; x_wconf 85' lang='lat' dir='ltr'><strong>nunc</strong></span> <span class='ocrx_word' id='word_1_523' title='bbox 1066 3721 1121 3777; x_wconf 90' lang='lat' dir='ltr'><strong>in</strong></span> <span class='ocrx_word' id='word_1_524' title='bbox 1152 3722 1257 3779; x_wconf 84' lang='lat' dir='ltr'><strong>hoc</strong></span> <span class='ocrx_word' id='word_1_525' title='bbox 1282 3729 1530 3794; x_wconf 86' lang='lat' dir='ltr'><strong>tempore</strong></span> <span class='ocrx_word' id='word_1_526' title='bbox 1567 3722 1692 3779; x_wconf 85' lang='lat' dir='ltr'><strong>reii-</strong></span> 
     </span>
    </p>
   </div>
   <div class='ocr_carea' id='block_1_67' title="bbox 102 3812 1694 3888">
    <p class='ocr_par' dir='ltr' id='par_1_67' title="bbox 102 3812 1694 3888">
     <span class='ocr_line' id='line_1_67' title="bbox 102 3812 1694 3888; baseline 0.006 -23"><span class='ocrx_word' id='word_1_527' title='bbox 102 3829 125 3865; x_wconf 82' lang='grc'><em>‹</em></span> <span class='ocrx_word' id='word_1_528' title='bbox 163 3812 311 3885; x_wconf 74' lang='lat' dir='ltr'><strong>quia:</strong></span> <span class='ocrx_word' id='word_1_529' title='bbox 326 3815 627 3871; x_wconf 85' lang='lat' dir='ltr'><strong>secundum</strong></span> <span class='ocrx_word' id='word_1_530' title='bbox 642 3815 963 3873; x_wconf 84' lang='lat' dir='ltr'><strong>electionem</strong></span> <span class='ocrx_word' id='word_1_531' title='bbox 999 3818 1187 3888; x_wconf 58' lang='lat' dir='ltr'><strong>patiar</strong></span> <span class='ocrx_word' id='word_1_532' title='bbox 1208 3818 1369 3875; x_wconf 82' lang='lat' dir='ltr'><strong>salvae</strong></span> <span class='ocrx_word' id='word_1_533' title='bbox 1380 3817 1546 3874; x_wconf 69' lang='lat' dir='ltr'><strong>factae</strong></span> <span class='ocrx_word' id='word_1_534' title='bbox 1564 3825 1694 3874; x_wconf 86' lang='lat' dir='ltr'><strong>sunt</strong></span> 
     </span>
    </p>
   </div>
   <div class='ocr_carea' id='block_1_68' title="bbox 107 3903 1692 3978">
    <p class='ocr_par' dir='ltr' id='par_1_68' title="bbox 107 3903 1692 3978">
     <span class='ocr_line' id='line_1_68' title="bbox 107 3903 1692 3978; baseline 0.004 -21"><span class='ocrx_word' id='word_1_535' title='bbox 107 3922 126 3957; x_wconf 73' lang='grc' dir='ltr'><strong>ι</strong></span> <span class='ocrx_word' id='word_1_536' title='bbox 168 3903 355 3975; x_wconf 77' lang='lat' dir='ltr'><strong>(Rom.</strong></span> <span class='ocrx_word' id='word_1_537' title='bbox 392 3904 500 3977; x_wconf 63' lang='lat' dir='ltr'><strong>at).</strong></span> <span class='ocrx_word' id='word_1_538' title='bbox 545 3923 569 3961; x_wconf 66' lang='grc' dir='ltr'><strong>ι</strong></span> <span class='ocrx_word' id='word_1_539' title='bbox 613 3905 800 3962; x_wconf 74' lang='lat' dir='ltr'><strong>Potest</strong></span> <span class='ocrx_word' id='word_1_540' title='bbox 834 3907 969 3962; x_wconf 74' lang='lat' dir='ltr'><strong>huic</strong></span> <span class='ocrx_word' id='word_1_541' title='bbox 993 3908 1231 3978; x_wconf 78' lang='lat' dir='ltr'><strong>capitulo</strong></span> <span class='ocrx_word' id='word_1_542' title='bbox 1272 3906 1586 3964; x_wconf 81' lang='lat' dir='ltr'><strong>convenire.</strong></span> <span class='ocrx_word' id='word_1_543' title='bbox 1622 3906 1692 3963; x_wconf 61' lang='grc' dir='ltr'><strong>Β</strong></span> 
     </span>
    </p>
   </div>
   <div class='ocr_carea' id='block_1_69' title="bbox 102 3994 1691 4068">
    <p class='ocr_par' dir='ltr' id='par_1_69' title="bbox 102 3994 1691 4068">
     <span class='ocr_line' id='line_1_69' title="bbox 102 3994 1691 4068; baseline 0.001 -17"><span class='ocrx_word' id='word_1_544' title='bbox 102 3995 340 4066; x_wconf 89' lang='lat' dir='ltr'><strong>apostoli</strong></span> <span class='ocrx_word' id='word_1_545' title='bbox 374 3994 546 4062; x_wconf 89' lang='lat' dir='ltr'><strong>enim,</strong></span> <span class='ocrx_word' id='word_1_546' title='bbox 587 3995 679 4066; x_wconf 90' lang='lat' dir='ltr'><strong>qui</strong></span> <span class='ocrx_word' id='word_1_547' title='bbox 719 4004 879 4051; x_wconf 89' lang='lat' dir='ltr'><strong>erant</strong></span> <span class='ocrx_word' id='word_1_548' title='bbox 922 3996 988 4051; x_wconf 84' lang='lat' dir='ltr'><strong>de</strong></span> <span class='ocrx_word' id='word_1_549' title='bbox 1022 3997 1230 4053; x_wconf 79' lang='lat' dir='ltr'><strong>semine</strong></span> <span class='ocrx_word' id='word_1_550' title='bbox 1272 3996 1460 4064; x_wconf 79' lang='lat' dir='ltr'><strong>Israel,</strong></span> <span class='ocrx_word' id='word_1_551' title='bbox 1494 4006 1553 4053; x_wconf 90' lang='lat' dir='ltr'><strong>et</strong></span> <span class='ocrx_word' id='word_1_552' title='bbox 1578 3998 1691 4068; x_wconf 74' lang='lat' dir='ltr'><strong>giao</strong></span> 
     </span>
    </p>
   </div>
   <div class='ocr_carea' id='block_1_70' title="bbox 102 4084 1688 4159">
    <p class='ocr_par' dir='ltr' id='par_1_70' title="bbox 102 4084 1688 4159">
     <span class='ocr_line' id='line_1_70' title="bbox 102 4084 1688 4159; baseline 0.001 -18"><span class='ocrx_word' id='word_1_553' title='bbox 102 4086 260 4141; x_wconf 89' lang='lat' dir='ltr'><strong>dium</strong></span> <span class='ocrx_word' id='word_1_554' title='bbox 297 4084 571 4157; x_wconf 80' lang='lat' dir='ltr'><strong>fugerant,</strong></span> <span class='ocrx_word' id='word_1_555' title='bbox 608 4084 813 4140; x_wconf 87' lang='lat' dir='ltr'><strong>idcirco</strong></span> <span class='ocrx_word' id='word_1_556' title='bbox 864 4094 991 4142; x_wconf 89' lang='lat' dir='ltr'><strong>sunt</strong></span> <span class='ocrx_word' id='word_1_557' title='bbox 1028 4087 1291 4143; x_wconf 86' lang='lat' dir='ltr'><strong>reservati</strong></span> <span class='ocrx_word' id='word_1_558' title='bbox 1320 4096 1381 4143; x_wconf 91' lang='lat' dir='ltr'><strong>ut</strong></span> <span class='ocrx_word' id='word_1_559' title='bbox 1409 4087 1688 4159; x_wconf 81' lang='lat' dir='ltr'><strong>disperge-</strong></span> 
     </span>
    </p>
   </div>
   <div class='ocr_carea' id='block_1_71' title="bbox 100 4174 1691 4248">
    <p class='ocr_par' dir='ltr' id='par_1_71' title="bbox 100 4174 1691 4248">
     <span class='ocr_line' id='line_1_71' title="bbox 100 4174 1691 4248; baseline 0.001 -16"><span class='ocrx_word' id='word_1_560' title='bbox 100 4183 303 4232; x_wconf 87' lang='lat' dir='ltr'><strong>rentur</strong></span> <span class='ocrx_word' id='word_1_561' title='bbox 323 4176 382 4233; x_wconf 89' lang='lat' dir='ltr'><strong>in</strong></span> <span class='ocrx_word' id='word_1_562' title='bbox 407 4174 676 4247; x_wconf 85' lang='lat' dir='ltr'><strong>gentibus,</strong></span> <span class='ocrx_word' id='word_1_563' title='bbox 692 4183 747 4231; x_wconf 90' lang='lat' dir='ltr'><strong>et</strong></span> <span class='ocrx_word' id='word_1_564' title='bbox 770 4176 831 4231; x_wconf 85' lang='lat' dir='ltr'><strong>in</strong></span> <span class='ocrx_word' id='word_1_565' title='bbox 858 4176 1023 4233; x_wconf 84' lang='lat' dir='ltr'><strong>terris</strong></span> <span class='ocrx_word' id='word_1_566' title='bbox 1040 4177 1395 4248; x_wconf 77' lang='lat' dir='ltr'><strong>Evangciium</strong></span> <span class='ocrx_word' id='word_1_567' title='bbox 1422 4178 1691 4248; x_wconf 70' lang='lat' dir='ltr'><strong>praedica-</strong></span> 
     </span>
    </p>
   </div>
   <div class='ocr_carea' id='block_1_72' title="bbox 99 4265 1691 4345">
    <p class='ocr_par' dir='ltr' id='par_1_72' title="bbox 99 4265 1691 4345">
     <span class='ocr_line' id='line_1_72' title="bbox 99 4265 1691 4345; baseline 0.002 -21"><span class='ocrx_word' id='word_1_568' title='bbox 99 4274 253 4334; x_wconf 88' lang='lat' dir='ltr'><strong>rent,</strong></span> <span class='ocrx_word' id='word_1_569' title='bbox 290 4280 357 4322; x_wconf 89' lang='lat' dir='ltr'><strong>ac</strong></span> <span class='ocrx_word' id='word_1_570' title='bbox 401 4265 821 4324; x_wconf 89' lang='lat' dir='ltr'><strong>recordarentur</strong></span> <span class='ocrx_word' id='word_1_571' title='bbox 862 4266 917 4321; x_wconf 90' lang='lat' dir='ltr'><strong>in</strong></span> <span class='ocrx_word' id='word_1_572' title='bbox 952 4268 1199 4339; x_wconf 87' lang='lat' dir='ltr'><strong>gentibus</strong></span> <span class='ocrx_word' id='word_1_573' title='bbox 1233 4268 1360 4345; x_wconf 82' lang='lat' dir='ltr'><strong>Dei,</strong></span> <span class='ocrx_word' id='word_1_574' title='bbox 1403 4270 1457 4324; x_wconf 92' lang='lat' dir='ltr'><strong>in</strong></span> <span class='ocrx_word' id='word_1_575' title='bbox 1495 4269 1691 4342; x_wconf 88' lang='lat' dir='ltr'><strong>quibus</strong></span> 
     </span>
    </p>
   </div>
   <div class='ocr_carea' id='block_1_73' title="bbox 96 4357 1689 4429">
    <p class='ocr_par' dir='ltr' id='par_1_73' title="bbox 96 4357 1689 4429">
     <span class='ocr_line' id='line_1_73' title="bbox 96 4357 1689 4429; baseline 0.002 -15"><span class='ocrx_word' id='word_1_576' title='bbox 96 4357 442 4429; x_wconf 88' lang='lat' dir='ltr'><strong>captivitatis</strong></span> <span class='ocrx_word' id='word_1_577' title='bbox 482 4364 724 4429; x_wconf 90' lang='lat' dir='ltr'><strong>tempore</strong></span> <span class='ocrx_word' id='word_1_578' title='bbox 760 4359 1134 4417; x_wconf 84' lang='lat' dir='ltr'><strong>versabantur.</strong></span> <span class='ocrx_word' id='word_1_579' title='bbox 1185 4358 1371 4416; x_wconf 82' lang='lat' dir='ltr'><strong>Potest</strong></span> <span class='ocrx_word' id='word_1_580' title='bbox 1402 4369 1590 4416; x_wconf 65' lang='lat' dir='ltr'><strong>mitem</strong></span> <span class='ocrx_word' id='word_1_581' title='bbox 1626 4369 1689 4417; x_wconf 84' lang='lat' dir='ltr'><strong>et</strong></span> 
     </span>
    </p>
   </div>
   <div class='ocr_carea' id='block_1_74' title="bbox 99 4445 1687 4520">
    <p class='ocr_par' dir='ltr' id='par_1_74' title="bbox 99 4445 1687 4520">
     <span class='ocr_line' id='line_1_74' title="bbox 99 4445 1687 4520; baseline 0.001 -17"><span class='ocrx_word' id='word_1_582' title='bbox 99 4448 210 4503; x_wconf 85' lang='lat' dir='ltr'><strong>hoc</strong></span> <span class='ocrx_word' id='word_1_583' title='bbox 231 4446 361 4514; x_wconf 91' lang='lat' dir='ltr'><strong>dici,</strong></span> <span class='ocrx_word' id='word_1_584' title='bbox 389 4446 534 4516; x_wconf 91' lang='lat' dir='ltr'><strong>quod</strong></span> <span class='ocrx_word' id='word_1_585' title='bbox 559 4445 679 4503; x_wconf 91' lang='lat' dir='ltr'><strong>ideo</strong></span> <span class='ocrx_word' id='word_1_586' title='bbox 704 4447 867 4518; x_wconf 90' lang='lat' dir='ltr'><strong>aliqui</strong></span> <span class='ocrx_word' id='word_1_587' title='bbox 895 4449 959 4505; x_wconf 91' lang='lat' dir='ltr'><strong>de</strong></span> <span class='ocrx_word' id='word_1_588' title='bbox 989 4450 1302 4520; x_wconf 89' lang='lat' dir='ltr'><strong>captivitate</strong></span> <span class='ocrx_word' id='word_1_589' title='bbox 1321 4448 1564 4519; x_wconf 80' lang='lat' dir='ltr'><strong>Judaica,</strong></span> <span class='ocrx_word' id='word_1_590' title='bbox 1592 4466 1687 4517; x_wconf 70' lang='lat' dir='ltr'><strong>re-</strong></span> 
     </span>
    </p>
   </div>
   <div class='ocr_carea' id='block_1_75' title="bbox 1794 3256 3378 3334">
    <p class='ocr_par' dir='ltr' id='par_1_75' title="bbox 1794 3256 3378 3334">
     <span class='ocr_line' id='line_1_75' title="bbox 1794 3256 3378 3334; baseline -0.006 -15"><span class='ocrx_word' id='word_1_591' title='bbox 1794 3272 1910 3319; x_wconf 90' lang='lat' dir='ltr'><strong>tam</strong></span> <span class='ocrx_word' id='word_1_592' title='bbox 1955 3277 2197 3334; x_wconf 89' lang='lat' dir='ltr'><strong>corpore,</strong></span> <span class='ocrx_word' id='word_1_593' title='bbox 2240 3275 2402 3332; x_wconf 88' lang='lat' dir='ltr'><strong>quam</strong></span> <span class='ocrx_word' id='word_1_594' title='bbox 2442 3260 2626 3316; x_wconf 81' lang='lat' dir='ltr'><strong>animo</strong></span> <span class='ocrx_word' id='word_1_595' title='bbox 2659 3256 3155 3330; x_wconf 75' lang='lat' dir='ltr'><strong>perhorrescimus,</strong></span> <span class='ocrx_word' id='word_1_596' title='bbox 3194 3257 3273 3311; x_wconf 65' lang='grc' dir='ltr'>ιω</span> <span class='ocrx_word' id='word_1_597' title='bbox 3312 3262 3378 3309; x_wconf 77' lang='lat' dir='ltr'><strong>ut</strong></span> 
     </span>
    </p>
   </div>
   <div class='ocr_carea' id='block_1_76' title="bbox 1793 3344 3379 3426">
    <p class='ocr_par' dir='ltr' id='par_1_76' title="bbox 1793 3344 3379 3426">
     <span class='ocr_line' id='line_1_76' title="bbox 1793 3344 3379 3426; baseline -0.006 -15"><span class='ocrx_word' id='word_1_598' title='bbox 1793 3353 2198 3426; x_wconf 86' lang='lat' dir='ltr'><strong>complodamns</strong></span> <span class='ocrx_word' id='word_1_599' title='bbox 2212 3366 2405 3408; x_wconf 89' lang='lat' dir='ltr'><strong>manus</strong></span> <span class='ocrx_word' id='word_1_600' title='bbox 2424 3358 2481 3407; x_wconf 86' lang='lat' dir='ltr'><strong>et</strong></span> <span class='ocrx_word' id='word_1_601' title='bbox 2498 3351 2663 3423; x_wconf 88' lang='lat' dir='ltr'><strong>pedes</strong></span> <span class='ocrx_word' id='word_1_602' title='bbox 2683 3349 2969 3405; x_wconf 84' lang='lat' dir='ltr'><strong>aiiidamus</strong></span> <span class='ocrx_word' id='word_1_603' title='bbox 2984 3344 3055 3403; x_wconf 85' lang='lat' dir='ltr'><strong>ad</strong></span> <span class='ocrx_word' id='word_1_604' title='bbox 3077 3357 3296 3413; x_wconf 77' lang='lat' dir='ltr'><strong>terram,</strong></span> <span class='ocrx_word' id='word_1_605' title='bbox 3318 3352 3379 3401; x_wconf 84' lang='lat' dir='ltr'><strong>et</strong></span> 
     </span>
    </p>
   </div>
   <div class='ocr_carea' id='block_1_77' title="bbox 1789 3438 3373 3510">
    <p class='ocr_par' dir='ltr' id='par_1_77' title="bbox 1789 3438 3373 3510">
     <span class='ocr_line' id='line_1_77' title="bbox 1789 3438 3373 3510; baseline -0.006 -7"><span class='ocrx_word' id='word_1_606' title='bbox 1789 3460 1981 3505; x_wconf 85' lang='lat' dir='ltr'><strong>vocem</strong></span> <span class='ocrx_word' id='word_1_607' title='bbox 2024 3445 2348 3502; x_wconf 88' lang='lat' dir='ltr'><strong>inclinemus</strong></span> <span class='ocrx_word' id='word_1_608' title='bbox 2400 3443 2467 3499; x_wconf 89' lang='lat' dir='ltr'><strong>ad</strong></span> <span class='ocrx_word' id='word_1_609' title='bbox 2515 3442 2702 3498; x_wconf 80' lang='lat' dir='ltr'><strong>ﬂetum</strong></span> <span class='ocrx_word' id='word_1_610' title='bbox 2748 3458 2762 3496; x_wconf 91' lang='lat'><strong>:</strong></span> <span class='ocrx_word' id='word_1_611' title='bbox 2804 3441 2884 3497; x_wconf 84' lang='lat' dir='ltr'><strong>sic</strong></span> <span class='ocrx_word' id='word_1_612' title='bbox 2921 3452 3067 3495; x_wconf 85' lang='lat' dir='ltr'><strong>nunc</strong></span> <span class='ocrx_word' id='word_1_613' title='bbox 3103 3438 3373 3510; x_wconf 78' lang='lat' dir='ltr'><strong>propheta</strong></span> 
     </span>
    </p>
   </div>
   <div class='ocr_carea' id='block_1_78' title="bbox 1791 3530 3374 3605">
    <p class='ocr_par' dir='ltr' id='par_1_78' title="bbox 1791 3530 3374 3605">
     <span class='ocr_line' id='line_1_78' title="bbox 1791 3530 3374 3605; baseline -0.008 -7"><span class='ocrx_word' id='word_1_614' title='bbox 1791 3550 2019 3598; x_wconf 83' lang='lat' dir='ltr'><strong>cernens</strong></span> <span class='ocrx_word' id='word_1_615' title='bbox 2051 3537 2223 3596; x_wconf 75' lang='lat' dir='ltr'><strong>oculis</strong></span> <span class='ocrx_word' id='word_1_616' title='bbox 2262 3536 2431 3593; x_wconf 90' lang='lat' dir='ltr'><strong>animi</strong></span> <span class='ocrx_word' id='word_1_617' title='bbox 2465 3536 2646 3592; x_wconf 79' lang='lat' dir='ltr'><strong>futura</strong></span> <span class='ocrx_word' id='word_1_618' title='bbox 2677 3533 2940 3605; x_wconf 86' lang='lat' dir='ltr'><strong>supplicia</strong></span> <span class='ocrx_word' id='word_1_619' title='bbox 2978 3534 3048 3587; x_wconf 82' lang='lat' dir='ltr'><strong>ad</strong></span> <span class='ocrx_word' id='word_1_620' title='bbox 3082 3530 3374 3587; x_wconf 78' lang='lat' dir='ltr'><strong>universas</strong></span> 
     </span>
    </p>
   </div>
   <div class='ocr_carea' id='block_1_79' title="bbox 1793 3622 3372 3692">
    <p class='ocr_par' dir='ltr' id='par_1_79' title="bbox 1793 3622 3372 3692">
     <span class='ocr_line' id='line_1_79' title="bbox 1793 3622 3372 3692; baseline -0.007 -3"><span class='ocrx_word' id='word_1_621' title='bbox 1793 3632 2225 3689; x_wconf 85' lang='lat' dir='ltr'><strong>abominationes</strong></span> <span class='ocrx_word' id='word_1_622' title='bbox 2278 3628 2547 3686; x_wconf 88' lang='lat' dir='ltr'><strong>malorum</strong></span> <span class='ocrx_word' id='word_1_623' title='bbox 2584 3627 2849 3683; x_wconf 81' lang='lat' dir='ltr'><strong>Dominus</strong></span> <span class='ocrx_word' id='word_1_624' title='bbox 2886 3623 3053 3679; x_wconf 84' lang='lat' dir='ltr'><strong>lsrael</strong></span> <span class='ocrx_word' id='word_1_625' title='bbox 3095 3622 3372 3692; x_wconf 78' lang='lat' dir='ltr'><strong>loquitur,</strong></span> 
     </span>
    </p>
   </div>
   <div class='ocr_carea' id='block_1_80' title="bbox 1791 3712 3377 3796">
    <p class='ocr_par' dir='ltr' id='par_1_80' title="bbox 1791 3712 3377 3796">
     <span class='ocr_line' id='line_1_80' title="bbox 1791 3712 3377 3796; baseline -0.009 -15"><span class='ocrx_word' id='word_1_626' title='bbox 1791 3738 1913 3796; x_wconf 67' lang='lat' dir='ltr'><strong>quae</strong></span> <span class='ocrx_word' id='word_1_627' title='bbox 1937 3733 2254 3795; x_wconf 87' lang='lat' dir='ltr'><strong>sequuntur.</strong></span> <span class='ocrx_word' id='word_1_628' title='bbox 2279 3721 2623 3779; x_wconf 85' lang='lat' dir='ltr'><strong>Percutimur</strong></span> <span class='ocrx_word' id='word_1_629' title='bbox 2645 3716 3136 3789; x_wconf 79' lang='lat' dir='ltr'><strong>spiritalitermanu</strong></span> <span class='ocrx_word' id='word_1_630' title='bbox 3158 3712 3377 3784; x_wconf 80' lang='lat' dir='ltr'><strong>quando</strong></span> 
     </span>
    </p>
   </div>
   <div class='ocr_carea' id='block_1_81' title="bbox 1792 3806 3371 3884">
    <p class='ocr_par' dir='ltr' id='par_1_81' title="bbox 1792 3806 3371 3884">
     <span class='ocr_line' id='line_1_81' title="bbox 1792 3806 3371 3884; baseline -0.008 -13"><span class='ocrx_word' id='word_1_631' title='bbox 1792 3828 1824 3871; x_wconf 88' lang='lat' dir='ltr'><strong>a</strong></span> <span class='ocrx_word' id='word_1_632' title='bbox 1849 3812 2006 3870; x_wconf 89' lang='lat' dir='ltr'><strong>malis</strong></span> <span class='ocrx_word' id='word_1_633' title='bbox 2045 3828 2144 3870; x_wconf 89' lang='lat' dir='ltr'><strong>nos</strong></span> <span class='ocrx_word' id='word_1_634' title='bbox 2170 3812 2423 3884; x_wconf 84' lang='lat' dir='ltr'><strong>operibus</strong></span> <span class='ocrx_word' id='word_1_635' title='bbox 2463 3822 2801 3881; x_wconf 87' lang='lat' dir='ltr'><strong>separamus.</strong></span> <span class='ocrx_word' id='word_1_636' title='bbox 2839 3806 3125 3863; x_wconf 66' lang='lat' dir='ltr'><strong>Allidinus</strong></span> <span class='ocrx_word' id='word_1_637' title='bbox 3148 3806 3371 3877; x_wconf 79' lang='lat' dir='ltr'><strong>pedem;</strong></span> 
     </span>
    </p>
   </div>
   <div class='ocr_carea' id='block_1_82' title="bbox 1793 3895 3374 3977">
    <p class='ocr_par' dir='ltr' id='par_1_82' title="bbox 1793 3895 3374 3977">
     <span class='ocr_line' id='line_1_82' title="bbox 1793 3895 3374 3977; baseline -0.008 -15"><span class='ocrx_word' id='word_1_638' title='bbox 1793 3905 2007 3977; x_wconf 87' lang='lat' dir='ltr'><strong>quando</strong></span> <span class='ocrx_word' id='word_1_639' title='bbox 2047 3920 2155 3961; x_wconf 91' lang='lat' dir='ltr'><strong>non</strong></span> <span class='ocrx_word' id='word_1_640' title='bbox 2204 3903 2480 3976; x_wconf 83' lang='lat' dir='ltr'><strong>gradimur</strong></span> <span class='ocrx_word' id='word_1_641' title='bbox 2515 3902 2714 3957; x_wconf 89' lang='lat' dir='ltr'><strong>itinere</strong></span> <span class='ocrx_word' id='word_1_642' title='bbox 2738 3906 3112 3972; x_wconf 84' lang='lat' dir='ltr'><strong>peccatorum.</strong></span> <span class='ocrx_word' id='word_1_643' title='bbox 3152 3895 3374 3967; x_wconf 57' lang='lat' dir='ltr'><strong>Piangia</strong></span> 
     </span>
    </p>
   </div>
   <div class='ocr_carea' id='block_1_83' title="bbox 1791 3990 3372 4066">
    <p class='ocr_par' dir='ltr' id='par_1_83' title="bbox 1791 3990 3372 4066">
     <span class='ocr_line' id='line_1_83' title="bbox 1791 3990 3372 4066; baseline -0.006 -14"><span class='ocrx_word' id='word_1_644' title='bbox 1791 4006 1912 4052; x_wconf 88' lang='lat' dir='ltr'><strong>mus</strong></span> <span class='ocrx_word' id='word_1_645' title='bbox 1951 4003 2113 4066; x_wconf 85' lang='lat' dir='ltr'><strong>atque</strong></span> <span class='ocrx_word' id='word_1_646' title='bbox 2135 3995 2436 4066; x_wconf 88' lang='lat' dir='ltr'><strong>pioramus,</strong></span> <span class='ocrx_word' id='word_1_647' title='bbox 2465 3993 2683 4064; x_wconf 87' lang='lat' dir='ltr'><strong>quando</strong></span> <span class='ocrx_word' id='word_1_648' title='bbox 2720 3993 2877 4049; x_wconf 86' lang='lat' dir='ltr'><strong>nobis</strong></span> <span class='ocrx_word' id='word_1_649' title='bbox 2909 3990 3220 4062; x_wconf 84' lang='lat' dir='ltr'><strong>displicent,</strong></span> <span class='ocrx_word' id='word_1_650' title='bbox 3250 4002 3372 4059; x_wconf 67' lang='lat' dir='ltr'><strong>qua</strong></span> 
     </span>
    </p>
   </div>
   <div class='ocr_carea' id='block_1_84' title="bbox 1792 4070 3371 4159">
    <p class='ocr_par' dir='ltr' id='par_1_84' title="bbox 1792 4070 3371 4159">
     <span class='ocr_line' id='line_1_84' title="bbox 1792 4070 3371 4159; baseline -0.006 -16"><span class='ocrx_word' id='word_1_651' title='bbox 1792 4096 2073 4159; x_wconf 83' lang='lat' dir='ltr'><strong>geruntur.</strong></span> <span class='ocrx_word' id='word_1_652' title='bbox 2100 4085 2227 4140; x_wconf 65' lang='lat' dir='ltr'><strong>limo</strong></span> <span class='ocrx_word' id='word_1_653' title='bbox 2249 4093 2332 4141; x_wconf 87' lang='lat' dir='ltr'><strong>est</strong></span> <span class='ocrx_word' id='word_1_654' title='bbox 2360 4091 2539 4138; x_wconf 78' lang='lat' dir='ltr'><strong>autem</strong></span> <span class='ocrx_word' id='word_1_655' title='bbox 2565 4070 2728 4138; x_wconf 69' lang='lat' dir='ltr'><strong>caiisa</strong></span> <span class='ocrx_word' id='word_1_656' title='bbox 2756 4080 3068 4152; x_wconf 78' lang='lat' dir='ltr'><strong>plangendi,</strong></span> <span class='ocrx_word' id='word_1_657' title='bbox 3095 4079 3241 4150; x_wconf 84' lang='lat' dir='ltr'><strong>quod</strong></span> <span class='ocrx_word' id='word_1_658' title='bbox 3272 4079 3371 4133; x_wconf 42' lang='lat' dir='ltr'><strong>ita;</strong></span> 
     </span>
    </p>
   </div>
   <div class='ocr_carea' id='block_1_85' title="bbox 1770 4173 3366 4245">
    <p class='ocr_par' dir='ltr' id='par_1_85' title="bbox 1770 4173 3366 4245">
     <span class='ocr_line' id='line_1_85' title="bbox 1770 4173 3366 4245; baseline -0.005 -9"><span class='ocrx_word' id='word_1_659' title='bbox 1770 4178 2339 4235; x_wconf 57' lang='lat' dir='ltr'><strong>ﬁmtoresmeutium</strong></span> <span class='ocrx_word' id='word_1_660' title='bbox 2354 4187 2415 4232; x_wconf 89' lang='lat' dir='ltr'><strong>et</strong></span> <span class='ocrx_word' id='word_1_661' title='bbox 2438 4192 2678 4239; x_wconf 82' lang='lat' dir='ltr'><strong>ararum,</strong></span> <span class='ocrx_word' id='word_1_662' title='bbox 2713 4176 3087 4245; x_wconf 78' lang='lat' dir='ltr'><strong>idolorumque</strong></span> <span class='ocrx_word' id='word_1_663' title='bbox 3104 4173 3366 4239; x_wconf 82' lang='lat' dir='ltr'><strong>cultores,</strong></span> 
     </span>
    </p>
   </div>
   <div class='ocr_carea' id='block_1_86' title="bbox 1791 4262 3368 4342">
    <p class='ocr_par' dir='ltr' id='par_1_86' title="bbox 1791 4262 3368 4342">
     <span class='ocr_line' id='line_1_86' title="bbox 1791 4262 3368 4342; baseline -0.003 -20"><span class='ocrx_word' id='word_1_664' title='bbox 1791 4269 1989 4342; x_wconf 89' lang='lat' dir='ltr'><strong>gladio,</strong></span> <span class='ocrx_word' id='word_1_665' title='bbox 2006 4268 2162 4334; x_wconf 82' lang='lat' dir='ltr'><strong>fame,</strong></span> <span class='ocrx_word' id='word_1_666' title='bbox 2188 4276 2363 4339; x_wconf 90' lang='lat' dir='ltr'><strong>peste,</strong></span> <span class='ocrx_word' id='word_1_667' title='bbox 2393 4266 2587 4323; x_wconf 90' lang='lat' dir='ltr'><strong>ruituri</strong></span> <span class='ocrx_word' id='word_1_668' title='bbox 2612 4274 2758 4332; x_wconf 90' lang='lat' dir='ltr'><strong>sunt,</strong></span> <span class='ocrx_word' id='word_1_669' title='bbox 2785 4266 2877 4336; x_wconf 91' lang='lat' dir='ltr'><strong>qui</strong></span> <span class='ocrx_word' id='word_1_670' title='bbox 2903 4265 3073 4321; x_wconf 89' lang='lat' dir='ltr'><strong>variis</strong></span> <span class='ocrx_word' id='word_1_671' title='bbox 3096 4262 3368 4320; x_wconf 88' lang='lat' dir='ltr'><strong>ducuntur</strong></span> 
     </span>
    </p>
   </div>
   <div class='ocr_carea' id='block_1_87' title="bbox 1782 4355 3371 4429">
    <p class='ocr_par' dir='ltr' id='par_1_87' title="bbox 1782 4355 3371 4429">
     <span class='ocr_line' id='line_1_87' title="bbox 1782 4355 3371 4429; baseline -0.005 -13"><span class='ocrx_word' id='word_1_672' title='bbox 1782 4360 2088 4426; x_wconf 82' lang='lat' dir='ltr'><strong>erroribus,</strong></span> <span class='ocrx_word' id='word_1_673' title='bbox 2114 4367 2176 4421; x_wconf 69' lang='lat' dir='ltr'><strong>et</strong></span> <span class='ocrx_word' id='word_1_674' title='bbox 2205 4359 2442 4429; x_wconf 86' lang='lat' dir='ltr'><strong>quotidie</strong></span> <span class='ocrx_word' id='word_1_675' title='bbox 2468 4364 2679 4412; x_wconf 87' lang='lat' dir='ltr'><strong>mutant</strong></span> <span class='ocrx_word' id='word_1_676' title='bbox 2705 4356 2864 4413; x_wconf 84' lang='lat' dir='ltr'><strong>ﬁdem</strong></span> <span class='ocrx_word' id='word_1_677' title='bbox 2889 4355 3371 4412; x_wconf 84' lang='lat' dir='ltr'><strong>circumferuntur-</strong></span> 
     </span>
    </p>
   </div>
   <div class='ocr_carea' id='block_1_88' title="bbox 1784 4447 3373 4523">
    <p class='ocr_par' dir='ltr' id='par_1_88' title="bbox 1784 4447 3373 4523">
     <span class='ocr_line' id='line_1_88' title="bbox 1784 4447 3373 4523; baseline -0.004 -16"><span class='ocrx_word' id='word_1_678' title='bbox 1784 4467 1895 4523; x_wconf 70' lang='lat' dir='ltr'><strong>g_uc</strong></span> <span class='ocrx_word' id='word_1_679' title='bbox 1934 4451 2080 4507; x_wconf 91' lang='lat' dir='ltr'><strong>omni</strong></span> <span class='ocrx_word' id='word_1_680' title='bbox 2117 4458 2277 4505; x_wconf 87' lang='lat' dir='ltr'><strong>vento</strong></span> <span class='ocrx_word' id='word_1_681' title='bbox 2302 4450 2581 4515; x_wconf 67' lang='lat' dir='ltr'><strong>doctrinae,</strong></span> <span class='ocrx_word' id='word_1_682' title='bbox 2630 4448 2719 4503; x_wconf 89' lang='lat' dir='ltr'><strong>isti</strong></span> <span class='ocrx_word' id='word_1_683' title='bbox 2746 4448 3027 4503; x_wconf 64' lang='lat' dir='ltr'><strong>caeduntur</strong></span> <span class='ocrx_word' id='word_1_684' title='bbox 3064 4447 3273 4518; x_wconf 89' lang='lat' dir='ltr'><strong>gladio,</strong></span> <span class='ocrx_word' id='word_1_685' title='bbox 3316 4451 3373 4501; x_wconf 83' lang='lat' dir='ltr'><strong>et</strong></span> 
     </span>
    </p>
   </div>
   <div class='ocr_carea' id='block_1_89' title="bbox 96 4528 3366 4621">
    <p class='ocr_par' dir='ltr' id='par_1_89' title="bbox 96 4528 3366 4621">
     <span class='ocr_line' id='line_1_89' title="bbox 96 4528 3366 4621; baseline -0.002 -24"><span class='ocrx_word' id='word_1_686' title='bbox 96 4539 358 4605; x_wconf 69' lang='lat' dir='ltr'><strong>servandi</strong></span> <span class='ocrx_word' id='word_1_687' title='bbox 376 4547 526 4606; x_wconf 72' lang='lat' dir='ltr'><strong>sunt.</strong></span> <span class='ocrx_word' id='word_1_688' title='bbox 559 4547 619 4599; x_wconf 82' lang='lat' dir='ltr'><strong>ut</strong></span> <span class='ocrx_word' id='word_1_689' title='bbox 645 4539 704 4602; x_wconf 73' lang='lat' dir='ltr'><strong>is</strong></span> <span class='ocrx_word' id='word_1_690' title='bbox 723 4542 974 4612; x_wconf 69' lang='lat' dir='ltr'><strong>cantibus</strong></span> <span class='ocrx_word' id='word_1_691' title='bbox 998 4543 1421 4609; x_wconf 72' lang='lat' dir='ltr'><strong>recordareutur</strong></span> <span class='ocrx_word' id='word_1_692' title='bbox 1442 4543 1681 4609; x_wconf 79' lang='lat' dir='ltr'><strong>nominis</strong></span> <span class='ocrx_word' id='word_1_693' title='bbox 1706 4528 1761 4611; x_wconf 73' lang='grc' dir='ltr'><strong>Ι)</strong></span> <span class='ocrx_word' id='word_1_694' title='bbox 1786 4545 2099 4611; x_wconf 81' lang='lat' dir='ltr'><strong>dividuntur</strong></span> <span class='ocrx_word' id='word_1_695' title='bbox 2123 4544 2177 4599; x_wconf 86' lang='lat' dir='ltr'><strong>in</strong></span> <span class='ocrx_word' id='word_1_696' title='bbox 2205 4551 2390 4621; x_wconf 79' lang='lat' dir='ltr'><strong>partes</strong></span> <span class='ocrx_word' id='word_1_697' title='bbox 2410 4541 2667 4607; x_wconf 71' lang='lat' dir='ltr'><strong>unitatem</strong></span> <span class='ocrx_word' id='word_1_698' title='bbox 2696 4541 3083 4605; x_wconf 65' lang='lat' dir='ltr'><strong>ecclesiasticae</strong></span> <span class='ocrx_word' id='word_1_699' title='bbox 3112 4538 3237 4594; x_wconf 81' lang='lat' dir='ltr'><strong>fidei</strong></span> <span class='ocrx_word' id='word_1_700' title='bbox 3271 4552 3366 4599; x_wconf 77' lang='lat' dir='ltr'><strong>re—</strong></span> 
     </span>
    </p>
   </div>
   <div class='ocr_carea' id='block_1_90' title="bbox 97 4632 1687 4714">
    <p class='ocr_par' dir='ltr' id='par_1_90' title="bbox 97 4632 1687 4714">
     <span class='ocr_line' id='line_1_90' title="bbox 97 4632 1687 4714; baseline -0.002 -23"><span class='ocrx_word' id='word_1_701' title='bbox 97 4633 247 4704; x_wconf 79' lang='lat' dir='ltr'><strong>ejus,</strong></span> <span class='ocrx_word' id='word_1_702' title='bbox 278 4632 530 4704; x_wconf 69' lang='lat' dir='ltr'><strong>illiusque</strong></span> <span class='ocrx_word' id='word_1_703' title='bbox 554 4632 851 4704; x_wconf 69' lang='lat' dir='ltr'><strong>potentiam</strong></span> <span class='ocrx_word' id='word_1_704' title='bbox 872 4634 1254 4705; x_wconf 58' lang='lat' dir='ltr'><strong>pradiqireut.</strong></span> <span class='ocrx_word' id='word_1_705' title='bbox 1288 4635 1367 4690; x_wconf 86' lang='lat' dir='ltr'><strong>De</strong></span> <span class='ocrx_word' id='word_1_706' title='bbox 1407 4635 1687 4714; x_wconf 61' lang='lat' dir='ltr'><strong>haeretico-</strong></span> 
     </span>
    </p>
   </div>
   <div class='ocr_carea' id='block_1_91' title="bbox 98 4725 1682 4799">
    <p class='ocr_par' dir='ltr' id='par_1_91' title="bbox 98 4725 1682 4799">
     <span class='ocr_line' id='line_1_91' title="bbox 98 4725 1682 4799; baseline -0.002 -16"><span class='ocrx_word' id='word_1_707' title='bbox 98 4743 232 4791; x_wconf 78' lang='lat' dir='ltr'><strong>rum</strong></span> <span class='ocrx_word' id='word_1_708' title='bbox 252 4740 474 4798; x_wconf 62' lang='lat' dir='ltr'><strong>minque</strong></span> <span class='ocrx_word' id='word_1_709' title='bbox 494 4725 731 4797; x_wconf 77' lang='lat' dir='ltr'><strong>populis,</strong></span> <span class='ocrx_word' id='word_1_710' title='bbox 750 4727 844 4798; x_wconf 83' lang='lat' dir='ltr'><strong>qui</strong></span> <span class='ocrx_word' id='word_1_711' title='bbox 870 4727 1103 4789; x_wconf 76' lang='lat' dir='ltr'><strong>evadere</strong></span> <span class='ocrx_word' id='word_1_712' title='bbox 1124 4726 1403 4797; x_wconf 82' lang='lat' dir='ltr'><strong>potuerint</strong></span> <span class='ocrx_word' id='word_1_713' title='bbox 1426 4726 1682 4799; x_wconf 86' lang='lat' dir='ltr'><strong>gladium,</strong></span> 
     </span>
    </p>
   </div>
   <div class='ocr_carea' id='block_1_92' title="bbox 96 4815 1689 4892">
    <p class='ocr_par' dir='ltr' id='par_1_92' title="bbox 96 4815 1689 4892">
     <span class='ocr_line' id='line_1_92' title="bbox 96 4815 1689 4892; baseline -0.003 -17"><span class='ocrx_word' id='word_1_714' title='bbox 449 4830 666 4884; x_wconf 79' lang='lat' dir='ltr'><strong>eorum.</strong></span> <span class='ocrx_word' id='word_1_715' title='bbox 691 4824 749 4875; x_wconf 88' lang='lat' dir='ltr'><strong>et</strong></span> <span class='ocrx_word' id='word_1_716' title='bbox 767 4816 1061 4887; x_wconf 76' lang='lat' dir='ltr'><strong>pessimam</strong></span> <span class='ocrx_word' id='word_1_717' title='bbox 1078 4815 1394 4883; x_wconf 76' lang='lat' dir='ltr'><strong>factionem,</strong></span> <span class='ocrx_word' id='word_1_718' title='bbox 1418 4831 1537 4888; x_wconf 73' lang='lat' dir='ltr'><strong>qum</strong></span> <span class='ocrx_word' id='word_1_719' title='bbox 1560 4830 1689 4871; x_wconf 57' lang='lat' dir='ltr'><strong>cono</strong></span> 
     </span>
    </p>
   </div>
   <div class='ocr_carea' id='block_1_93' title="bbox 100 4905 1686 4978">
    <p class='ocr_par' dir='ltr' id='par_1_93' title="bbox 100 4905 1686 4978">
     <span class='ocr_line' id='line_1_93' title="bbox 100 4905 1686 4978; baseline -0.006 -7"><span class='ocrx_word' id='word_1_720' title='bbox 100 4919 190 4971; x_wconf 72' lang='grc' dir='ltr'>ιη</span> <span class='ocrx_word' id='word_1_721' title='bbox 247 4910 418 4965; x_wconf 80' lang='lat' dir='ltr'><strong>Deum</strong></span> <span class='ocrx_word' id='word_1_722' title='bbox 463 4905 641 4969; x_wconf 59' lang='lat' dir='ltr'><strong>ﬁrmat</strong></span> <span class='ocrx_word' id='word_1_723' title='bbox 682 4907 958 4967; x_wconf 75' lang='lat' dir='ltr'><strong>concitata</strong></span> <span class='ocrx_word' id='word_1_724' title='bbox 1016 4908 1124 4967; x_wconf 81' lang='lat' dir='ltr'><strong>huc</strong></span> <span class='ocrx_word' id='word_1_725' title='bbox 1166 4906 1404 4978; x_wconf 77' lang='lat' dir='ltr'><strong>illucque</strong></span> <span class='ocrx_word' id='word_1_726' title='bbox 1456 4905 1686 4977; x_wconf 87' lang='lat' dir='ltr'><strong>dispersi</strong></span> 
     </span>
    </p>
   </div>
   <div class='ocr_carea' id='block_1_94' title="bbox 96 4997 1687 5070">
    <p class='ocr_par' dir='ltr' id='par_1_94' title="bbox 96 4997 1687 5070">
     <span class='ocr_line' id='line_1_94' title="bbox 96 4997 1687 5070; baseline -0.001 -14"><span class='ocrx_word' id='word_1_727' title='bbox 96 4998 537 5057; x_wconf 80' lang='lat' dir='ltr'><strong>recordabuntur</strong></span> <span class='ocrx_word' id='word_1_728' title='bbox 554 4997 791 5059; x_wconf 85' lang='lat' dir='ltr'><strong>nominis</strong></span> <span class='ocrx_word' id='word_1_729' title='bbox 815 4998 934 5065; x_wconf 77' lang='lat' dir='ltr'><strong>Dci,</strong></span> <span class='ocrx_word' id='word_1_730' title='bbox 954 5005 1180 5070; x_wconf 78' lang='lat' dir='ltr'><strong>agentes</strong></span> <span class='ocrx_word' id='word_1_731' title='bbox 1199 4998 1599 5069; x_wconf 74' lang='lat' dir='ltr'><strong>pmnitentiam,</strong></span> <span class='ocrx_word' id='word_1_732' title='bbox 1631 5007 1687 5056; x_wconf 89' lang='lat' dir='ltr'><strong>et</strong></span> 
     </span>
    </p>
   </div>
   <div class='ocr_carea' id='block_1_95' title="bbox 99 5090 1379 5162">
    <p class='ocr_par' dir='ltr' id='par_1_95' title="bbox 99 5090 1379 5162">
     <span class='ocr_line' id='line_1_95' title="bbox 99 5090 1379 5162; baseline -0.002 -15"><span class='ocrx_word' id='word_1_733' title='bbox 99 5098 297 5162; x_wconf 83' lang='lat' dir='ltr'><strong>captus</strong></span> <span class='ocrx_word' id='word_1_734' title='bbox 320 5103 381 5147; x_wconf 83' lang='lat' dir='ltr'><strong>se</strong></span> <span class='ocrx_word' id='word_1_735' title='bbox 401 5105 437 5146; x_wconf 88' lang='lat' dir='ltr'><strong>a</strong></span> <span class='ocrx_word' id='word_1_736' title='bbox 454 5090 587 5149; x_wconf 73' lang='lat' dir='ltr'><strong>viris</strong></span> <span class='ocrx_word' id='word_1_737' title='bbox 607 5090 988 5154; x_wconf 75' lang='lat' dir='ltr'><strong>ecclesiasticis</strong></span> <span class='ocrx_word' id='word_1_738' title='bbox 1009 5090 1379 5149; x_wconf 75' lang='lat' dir='ltr'><strong>exsultabant.</strong></span> 
     </span>
    </p>
   </div>
   <div class='ocr_carea' id='block_1_96' title="bbox 184 5182 1686 5251">
    <p class='ocr_par' dir='ltr' id='par_1_96' title="bbox 184 5182 1686 5251">
     <span class='ocr_line' id='line_1_96' title="bbox 184 5182 1686 5251; baseline 0.005 -16"><span class='ocrx_word' id='word_1_739' title='bbox 184 5203 204 5235; x_wconf 79' lang='grc' dir='ltr'><strong>ι</strong></span> <span class='ocrx_word' id='word_1_740' title='bbox 246 5182 388 5251; x_wconf 72' lang='grc' dir='ltr'><strong>ραι.</strong></span> <span class='ocrx_word' id='word_1_741' title='bbox 424 5183 662 5241; x_wconf 71' lang='lat' dir='ltr'><strong>contrivi</strong></span> <span class='ocrx_word' id='word_1_742' title='bbox 689 5200 787 5243; x_wconf 88' lang='lat' dir='ltr'><strong>cor</strong></span> <span class='ocrx_word' id='word_1_743' title='bbox 814 5200 1003 5247; x_wconf 77' lang='lat' dir='ltr'><strong>eorum</strong></span> <span class='ocrx_word' id='word_1_744' title='bbox 1032 5184 1388 5249; x_wconf 61' lang='lat' dir='ltr'><strong>toruicanset</strong></span> <span class='ocrx_word' id='word_1_745' title='bbox 1423 5184 1686 5249; x_wconf 67' lang='lat' dir='ltr'><strong>recedens</strong></span> 
     </span>
    </p>
   </div>
   <div class='ocr_carea' id='block_1_97' title="bbox 109 5273 1682 5349">
    <p class='ocr_par' dir='ltr' id='par_1_97' title="bbox 109 5273 1682 5349">
     <span class='ocr_line' id='line_1_97' title="bbox 109 5273 1682 5349; baseline 0.015 -23"><span class='ocrx_word' id='word_1_746' title='bbox 109 5293 130 5325; x_wconf 74' lang='grc' dir='ltr'><strong>ι</strong></span> <span class='ocrx_word' id='word_1_747' title='bbox 171 5288 205 5328; x_wconf 86' lang='lat' dir='ltr'><strong>a</strong></span> <span class='ocrx_word' id='word_1_748' title='bbox 232 5288 340 5329; x_wconf 85' lang='lat' dir='ltr'><strong>me.</strong></span> <span class='ocrx_word' id='word_1_749' title='bbox 370 5274 440 5330; x_wconf 84' lang='lat' dir='ltr'><strong>Et</strong></span> <span class='ocrx_word' id='word_1_750' title='bbox 460 5273 650 5333; x_wconf 61' lang='lat' dir='ltr'><strong>acuta</strong></span> <span class='ocrx_word' id='word_1_751' title='bbox 670 5290 868 5339; x_wconf 68' lang='lat' dir='ltr'><strong>eorum</strong></span> <span class='ocrx_word' id='word_1_752' title='bbox 894 5275 1229 5345; x_wconf 60' lang='lat' dir='ltr'><strong>(omnes</strong></span> <span class='ocrx_word' id='word_1_753' title='bbox 1247 5276 1535 5347; x_wconf 73' lang='grc' dir='ltr'>ροειίιιοιιι</span> <span class='ocrx_word' id='word_1_754' title='bbox 1561 5290 1682 5349; x_wconf 63' lang='lat' dir='ltr'><strong>sua.</strong></span> 
     </span>
    </p>
   </div>
   <div class='ocr_carea' id='block_1_98' title="bbox 109 5362 1689 5440">
    <p class='ocr_par' dir='ltr' id='par_1_98' title="bbox 109 5362 1689 5440">
     <span class='ocr_line' id='line_1_98' title="bbox 109 5362 1689 5440; baseline 0.004 -24"><span class='ocrx_word' id='word_1_755' title='bbox 109 5381 131 5416; x_wconf 76' lang='grc' dir='ltr'><strong>ι</strong></span> <span class='ocrx_word' id='word_1_756' title='bbox 174 5371 231 5418; x_wconf 90' lang='lat' dir='ltr'><strong>et</strong></span> <span class='ocrx_word' id='word_1_757' title='bbox 255 5362 612 5439; x_wconf 81' lang='lat' dir='ltr'><strong>displicebunt</strong></span> <span class='ocrx_word' id='word_1_758' title='bbox 641 5366 859 5425; x_wconf 75' lang='lat' dir='ltr'><strong>sibimet</strong></span> <span class='ocrx_word' id='word_1_759' title='bbox 898 5381 1063 5436; x_wconf 77' lang='lat' dir='ltr'><strong>super</strong></span> <span class='ocrx_word' id='word_1_760' title='bbox 1094 5367 1254 5424; x_wconf 83' lang='lat' dir='ltr'><strong>malis</strong></span> <span class='ocrx_word' id='word_1_761' title='bbox 1290 5383 1410 5440; x_wconf 66' lang='lat' dir='ltr'><strong>quae</strong></span> <span class='ocrx_word' id='word_1_762' title='bbox 1442 5367 1689 5424; x_wconf 82' lang='lat' dir='ltr'><strong>fecerant</strong></span> 
     </span>
    </p>
   </div>
   <div class='ocr_carea' id='block_1_99' title="bbox 100 5456 1687 5531">
    <p class='ocr_par' dir='ltr' id='par_1_99' title="bbox 100 5456 1687 5531">
     <span class='ocr_line' id='line_1_99' title="bbox 100 5456 1687 5531; baseline 0.004 -22"><span class='ocrx_word' id='word_1_763' title='bbox 100 5472 135 5509; x_wconf 68' lang='grc' dir='ltr'><strong>ι</strong></span> <span class='ocrx_word' id='word_1_764' title='bbox 180 5456 240 5517; x_wconf 86' lang='lat' dir='ltr'><strong>iu</strong></span> <span class='ocrx_word' id='word_1_765' title='bbox 268 5456 538 5515; x_wconf 78' lang='lat' dir='ltr'><strong>universis</strong></span> <span class='ocrx_word' id='word_1_766' title='bbox 559 5458 1054 5516; x_wconf 79' lang='lat' dir='ltr'><strong>aborninatiouibus</strong></span> <span class='ocrx_word' id='word_1_767' title='bbox 1078 5458 1208 5515; x_wconf 85' lang='lat' dir='ltr'><strong>suis.</strong></span> <span class='ocrx_word' id='word_1_768' title='bbox 1248 5459 1316 5515; x_wconf 84' lang='lat' dir='ltr'><strong>Et</strong></span> <span class='ocrx_word' id='word_1_769' title='bbox 1336 5459 1532 5527; x_wconf 75' lang='lat' dir='ltr'><strong>scient,</strong></span> <span class='ocrx_word' id='word_1_770' title='bbox 1554 5457 1687 5531; x_wconf 83' lang='lat' dir='ltr'><strong>quia</strong></span> 
     </span>
    </p>
   </div>
   <div class='ocr_carea' id='block_1_100' title="bbox 102 5548 1687 5619">
    <p class='ocr_par' dir='ltr' id='par_1_100' title="bbox 102 5548 1687 5619">
     <span class='ocr_line' id='line_1_100' title="bbox 102 5548 1687 5619; baseline 0.001 -14"><span class='ocrx_word' id='word_1_771' title='bbox 102 5562 138 5599; x_wconf 64' lang='grc' dir='ltr'><em>π</em></span> <span class='ocrx_word' id='word_1_772' title='bbox 179 5560 280 5619; x_wconf 84' lang='lat' dir='ltr'><strong>ego</strong></span> <span class='ocrx_word' id='word_1_773' title='bbox 304 5548 565 5607; x_wconf 75' lang='lat' dir='ltr'><strong>Dominus</strong></span> <span class='ocrx_word' id='word_1_774' title='bbox 593 5565 703 5607; x_wconf 80' lang='lat' dir='ltr'><strong>non</strong></span> <span class='ocrx_word' id='word_1_775' title='bbox 731 5548 940 5611; x_wconf 78' lang='lat' dir='ltr'><strong>frustra</strong></span> <span class='ocrx_word' id='word_1_776' title='bbox 962 5549 1176 5606; x_wconf 84' lang='lat' dir='ltr'><strong>loeutus</strong></span> <span class='ocrx_word' id='word_1_777' title='bbox 1196 5566 1339 5617; x_wconf 82' lang='lat' dir='ltr'><strong>sum,</strong></span> <span class='ocrx_word' id='word_1_778' title='bbox 1362 5559 1422 5606; x_wconf 91' lang='lat' dir='ltr'><strong>ut</strong></span> <span class='ocrx_word' id='word_1_779' title='bbox 1450 5551 1687 5608; x_wconf 88' lang='lat' dir='ltr'><strong>facerem</strong></span> 
     </span>
    </p>
   </div>
   <div class='ocr_carea' id='block_1_101' title="bbox 114 5638 1683 5715">
    <p class='ocr_par' dir='ltr' id='par_1_101' title="bbox 114 5638 1683 5715">
     <span class='ocr_line' id='line_1_101' title="bbox 114 5638 1683 5715; baseline 0.005 -23"><span class='ocrx_word' id='word_1_780' title='bbox 114 5657 141 5692; x_wconf 73' lang='grc' dir='ltr'><strong>ι</strong></span> <span class='ocrx_word' id='word_1_781' title='bbox 178 5638 263 5696; x_wconf 86' lang='lat' dir='ltr'><strong>eis</strong></span> <span class='ocrx_word' id='word_1_782' title='bbox 277 5640 481 5699; x_wconf 81' lang='lat' dir='ltr'><strong>malum</strong></span> <span class='ocrx_word' id='word_1_783' title='bbox 498 5642 621 5700; x_wconf 76' lang='lat' dir='ltr'><strong>hoc.</strong></span> <span class='ocrx_word' id='word_1_784' title='bbox 647 5662 666 5697; x_wconf 76' lang='grc' dir='ltr'><strong>ι</strong></span> <span class='ocrx_word' id='word_1_785' title='bbox 693 5640 964 5715; x_wconf 65' lang='lat' dir='ltr'><strong>(Hirrum)</strong></span> <span class='ocrx_word' id='word_1_786' title='bbox 981 5641 1191 5699; x_wconf 76' lang='lat' dir='ltr'><strong>Iuravit</strong></span> <span class='ocrx_word' id='word_1_787' title='bbox 1206 5651 1389 5699; x_wconf 84' lang='lat' dir='ltr'><strong>autem</strong></span> <span class='ocrx_word' id='word_1_788' title='bbox 1404 5643 1683 5711; x_wconf 86' lang='lat' dir='ltr'><strong>Dominus,</strong></span> 
     </span>
    </p>
   </div>
   <div class='ocr_carea' id='block_1_102' title="bbox 106 5732 1687 5813">
    <p class='ocr_par' dir='ltr' id='par_1_102' title="bbox 106 5732 1687 5813">
     <span class='ocr_line' id='line_1_102' title="bbox 106 5732 1687 5813; baseline -0.001 -13"><span class='ocrx_word' id='word_1_789' title='bbox 106 5732 268 5811; x_wconf 68' lang='lat' dir='ltr'><strong>iuta</strong></span> <span class='ocrx_word' id='word_1_790' title='bbox 301 5733 481 5813; x_wconf 74' lang='lat' dir='ltr'><strong>LXX,</strong></span> <span class='ocrx_word' id='word_1_791' title='bbox 522 5744 686 5812; x_wconf 85' lang='lat' dir='ltr'><strong>atque</strong></span> <span class='ocrx_word' id='word_1_792' title='bbox 723 5735 967 5797; x_wconf 74' lang='lat' dir='ltr'><strong>decrevit</strong></span> <span class='ocrx_word' id='word_1_793' title='bbox 995 5749 1056 5795; x_wconf 85' lang='lat' dir='ltr'><strong>se</strong></span> <span class='ocrx_word' id='word_1_794' title='bbox 1080 5734 1354 5797; x_wconf 79' lang='lat' dir='ltr'><strong>facturum</strong></span> <span class='ocrx_word' id='word_1_795' title='bbox 1380 5750 1532 5807; x_wconf 73' lang='lat' dir='ltr'><strong>esse,</strong></span> <span class='ocrx_word' id='word_1_796' title='bbox 1565 5750 1687 5810; x_wconf 63' lang='lat' dir='ltr'><strong>qum</strong></span> 
     </span>
    </p>
   </div>
   <div class='ocr_carea' id='block_1_103' title="bbox 1782 4627 3365 4706">
    <p class='ocr_par' dir='ltr' id='par_1_103' title="bbox 1782 4627 3365 4706">
     <span class='ocr_line' id='line_1_103' title="bbox 1782 4627 3365 4706; baseline -0.006 -16"><span class='ocrx_word' id='word_1_797' title='bbox 1782 4634 2110 4706; x_wconf 82' lang='lat' dir='ltr'><strong>linquentes.</strong></span> <span class='ocrx_word' id='word_1_798' title='bbox 2159 4632 2263 4699; x_wconf 83' lang='lat' dir='ltr'><strong>Qui</strong></span> <span class='ocrx_word' id='word_1_799' title='bbox 2315 4646 2444 4688; x_wconf 88' lang='lat' dir='ltr'><strong>vero</strong></span> <span class='ocrx_word' id='word_1_800' title='bbox 2496 4629 2770 4702; x_wconf 88' lang='lat' dir='ltr'><strong>spiritales</strong></span> <span class='ocrx_word' id='word_1_801' title='bbox 2816 4645 2923 4685; x_wconf 91' lang='lat' dir='ltr'><strong>non</strong></span> <span class='ocrx_word' id='word_1_802' title='bbox 2971 4629 3139 4685; x_wconf 87' lang='lat' dir='ltr'><strong>habet</strong></span> <span class='ocrx_word' id='word_1_803' title='bbox 3184 4627 3365 4691; x_wconf 92' lang='lat' dir='ltr'><strong>cibos,</strong></span> 
     </span>
    </p>
   </div>
   <div class='ocr_carea' id='block_1_104' title="bbox 1782 4718 3369 4793">
    <p class='ocr_par' dir='ltr' id='par_1_104' title="bbox 1782 4718 3369 4793">
     <span class='ocr_line' id='line_1_104' title="bbox 1782 4718 3369 4793; baseline -0.008 -11"><span class='ocrx_word' id='word_1_804' title='bbox 1782 4726 1927 4793; x_wconf 76' lang='lat' dir='ltr'><strong>fame</strong></span> <span class='ocrx_word' id='word_1_805' title='bbox 1955 4726 2185 4781; x_wconf 85' lang='lat' dir='ltr'><strong>moritur</strong></span> <span class='ocrx_word' id='word_1_806' title='bbox 2227 4724 2474 4780; x_wconf 88' lang='lat' dir='ltr'><strong>nesciens</strong></span> <span class='ocrx_word' id='word_1_807' title='bbox 2511 4736 2655 4788; x_wconf 90' lang='lat' dir='ltr'><strong>eum,</strong></span> <span class='ocrx_word' id='word_1_808' title='bbox 2690 4718 2781 4791; x_wconf 92' lang='lat' dir='ltr'><strong>qui</strong></span> <span class='ocrx_word' id='word_1_809' title='bbox 2823 4720 2956 4775; x_wconf 80' lang='lat' dir='ltr'><strong>dixit</strong></span> <span class='ocrx_word' id='word_1_810' title='bbox 2987 4733 3001 4771; x_wconf 92' lang='lat'><strong>:</strong></span> <span class='ocrx_word' id='word_1_811' title='bbox 3040 4736 3060 4770; x_wconf 78' lang='grc' dir='ltr'><strong>ι</strong></span> <span class='ocrx_word' id='word_1_812' title='bbox 3102 4718 3213 4789; x_wconf 86' lang='lat' dir='ltr'><strong>Ego</strong></span> <span class='ocrx_word' id='word_1_813' title='bbox 3249 4730 3369 4772; x_wconf 88' lang='lat' dir='ltr'><strong>sum</strong></span> 
     </span>
    </p>
   </div>
   <div class='ocr_carea' id='block_1_105' title="bbox 1792 4805 3370 4889">
    <p class='ocr_par' dir='ltr' id='par_1_105' title="bbox 1792 4805 3370 4889">
     <span class='ocr_line' id='line_1_105' title="bbox 1792 4805 3370 4889; baseline -0.005 -20"><span class='ocrx_word' id='word_1_814' title='bbox 1792 4834 1811 4869; x_wconf 78' lang='grc' dir='ltr'><strong>ι</strong></span> <span class='ocrx_word' id='word_1_815' title='bbox 1850 4817 1962 4871; x_wconf 75' lang='lat' dir='ltr'><strong>vita</strong></span> <span class='ocrx_word' id='word_1_816' title='bbox 1992 4813 2174 4885; x_wconf 81' lang='lat' dir='ltr'><strong>(Joan.</strong></span> <span class='ocrx_word' id='word_1_817' title='bbox 2202 4812 2336 4884; x_wconf 71' lang='lat' dir='ltr'><strong>xiv).</strong></span> <span class='ocrx_word' id='word_1_818' title='bbox 2384 4831 2402 4864; x_wconf 82' lang='grc' dir='ltr'><strong>ι</strong></span> <span class='ocrx_word' id='word_1_819' title='bbox 2432 4809 2624 4877; x_wconf 89' lang='lat' dir='ltr'><strong>Porro,</strong></span> <span class='ocrx_word' id='word_1_820' title='bbox 2652 4810 2744 4881; x_wconf 87' lang='lat' dir='ltr'><strong>qui</strong></span> <span class='ocrx_word' id='word_1_821' title='bbox 2769 4808 2854 4864; x_wconf 89' lang='lat' dir='ltr'><strong>vel</strong></span> <span class='ocrx_word' id='word_1_822' title='bbox 2888 4807 3113 4889; x_wconf 82' lang='lat' dir='ltr'><strong>singulis</strong></span> <span class='ocrx_word' id='word_1_823' title='bbox 3137 4807 3221 4862; x_wconf 90' lang='lat' dir='ltr'><strong>vel</strong></span> <span class='ocrx_word' id='word_1_824' title='bbox 3250 4805 3370 4879; x_wconf 82' lang='lat' dir='ltr'><strong>piu—</strong></span> 
     </span>
    </p>
   </div>
   <div class='ocr_carea' id='block_1_106' title="bbox 1788 4896 3368 4974">
    <p class='ocr_par' dir='ltr' id='par_1_106' title="bbox 1788 4896 3368 4974">
     <span class='ocr_line' id='line_1_106' title="bbox 1788 4896 3368 4974; baseline -0.006 -11"><span class='ocrx_word' id='word_1_825' title='bbox 1788 4905 1943 4973; x_wconf 79' lang='lat' dir='ltr'><strong>ribus</strong></span> <span class='ocrx_word' id='word_1_826' title='bbox 1972 4904 2181 4963; x_wconf 86' lang='lat' dir='ltr'><strong>deditus</strong></span> <span class='ocrx_word' id='word_1_827' title='bbox 2206 4902 2353 4959; x_wconf 86' lang='lat' dir='ltr'><strong>vitiis</strong></span> <span class='ocrx_word' id='word_1_828' title='bbox 2380 4901 2448 4969; x_wconf 79' lang='lat' dir='ltr'><strong>ab</strong></span> <span class='ocrx_word' id='word_1_829' title='bbox 2474 4902 2555 4957; x_wconf 90' lang='lat' dir='ltr'><strong>eis</strong></span> <span class='ocrx_word' id='word_1_830' title='bbox 2579 4917 2685 4958; x_wconf 90' lang='lat' dir='ltr'><strong>non</strong></span> <span class='ocrx_word' id='word_1_831' title='bbox 2706 4911 2887 4974; x_wconf 88' lang='lat' dir='ltr'><strong>potest</strong></span> <span class='ocrx_word' id='word_1_832' title='bbox 2922 4899 3185 4974; x_wconf 84' lang='lat' dir='ltr'><strong>separari,</strong></span> <span class='ocrx_word' id='word_1_833' title='bbox 3211 4896 3368 4970; x_wconf 86' lang='lat' dir='ltr'><strong>quasi</strong></span> 
     </span>
    </p>
   </div>
   <div class='ocr_carea' id='block_1_107' title="bbox 1788 4995 2845 5079">
    <p class='ocr_par' dir='ltr' id='par_1_107' title="bbox 1788 4995 2845 5079">
     <span class='ocr_line' id='line_1_107' title="bbox 1788 4995 2845 5079; baseline -0.006 -22"><span class='ocrx_word' id='word_1_834' title='bbox 1788 4999 2024 5073; x_wconf 76' lang='lat' dir='ltr'><strong>quadam</strong></span> <span class='ocrx_word' id='word_1_835' title='bbox 2045 4997 2257 5057; x_wconf 87' lang='lat' dir='ltr'><strong>utcrina</strong></span> <span class='ocrx_word' id='word_1_836' title='bbox 2281 4995 2591 5079; x_wconf 78' lang='lat' dir='ltr'><strong>pestilentia</strong></span> <span class='ocrx_word' id='word_1_837' title='bbox 2621 4995 2845 5053; x_wconf 89' lang='lat' dir='ltr'><strong>corruit.</strong></span> 
     </span>
    </p>
   </div>
   <div class='ocr_carea' id='block_1_108' title="bbox 1868 5085 3365 5163">
    <p class='ocr_par' dir='ltr' id='par_1_108' title="bbox 1868 5085 3365 5163">
     <span class='ocr_line' id='line_1_108' title="bbox 1868 5085 3365 5163; baseline -0.007 -17"><span class='ocrx_word' id='word_1_838' title='bbox 1868 5112 1887 5146; x_wconf 75' lang='grc' dir='ltr'><strong>ι</strong></span> <span class='ocrx_word' id='word_1_839' title='bbox 1931 5092 2032 5160; x_wconf 81' lang='lat' dir='ltr'><strong>Qui</strong></span> <span class='ocrx_word' id='word_1_840' title='bbox 2058 5092 2211 5162; x_wconf 82' lang='lat' dir='ltr'><strong>longe</strong></span> <span class='ocrx_word' id='word_1_841' title='bbox 2233 5097 2338 5157; x_wconf 90' lang='lat' dir='ltr'><strong>est,</strong></span> <span class='ocrx_word' id='word_1_842' title='bbox 2366 5097 2517 5162; x_wconf 87' lang='lat' dir='ltr'><strong>peste</strong></span> <span class='ocrx_word' id='word_1_843' title='bbox 2537 5089 2822 5149; x_wconf 89' lang='lat' dir='ltr'><strong>morietur.</strong></span> <span class='ocrx_word' id='word_1_844' title='bbox 2868 5085 2971 5155; x_wconf 85' lang='lat' dir='ltr'><strong>Qui</strong></span> <span class='ocrx_word' id='word_1_845' title='bbox 2997 5092 3175 5141; x_wconf 85' lang='lat' dir='ltr'><strong>autem</strong></span> <span class='ocrx_word' id='word_1_846' title='bbox 3197 5096 3365 5163; x_wconf 83' lang='lat' dir='ltr'><strong>prope</strong></span> 
     </span>
    </p>
   </div>
   <div class='ocr_carea' id='block_1_109' title="bbox 1790 5170 3367 5257">
    <p class='ocr_par' dir='ltr' id='par_1_109' title="bbox 1790 5170 3367 5257">
     <span class='ocr_line' id='line_1_109' title="bbox 1790 5170 3367 5257; baseline -0.01 -16"><span class='ocrx_word' id='word_1_847' title='bbox 1790 5200 1819 5247; x_wconf 63' lang='lat'><strong>,1</strong></span> <span class='ocrx_word' id='word_1_848' title='bbox 1862 5189 1947 5240; x_wconf 88' lang='lat' dir='ltr'><strong>est</strong></span> <span class='ocrx_word' id='word_1_849' title='bbox 1974 5182 2151 5257; x_wconf 88' lang='lat' dir='ltr'><strong>gladio</strong></span> <span class='ocrx_word' id='word_1_850' title='bbox 2172 5189 2407 5248; x_wconf 85' lang='lat' dir='ltr'><strong>corruet,</strong></span> <span class='ocrx_word' id='word_1_851' title='bbox 2443 5188 2496 5237; x_wconf 90' lang='lat' dir='ltr'><strong>et</strong></span> <span class='ocrx_word' id='word_1_852' title='bbox 2524 5179 2617 5255; x_wconf 85' lang='lat' dir='ltr'><strong>qui</strong></span> <span class='ocrx_word' id='word_1_853' title='bbox 2640 5176 2861 5234; x_wconf 89' lang='lat' dir='ltr'><strong>relictus</strong></span> <span class='ocrx_word' id='word_1_854' title='bbox 2886 5173 3054 5231; x_wconf 76' lang='lat' dir='ltr'><strong>fuerit</strong></span> <span class='ocrx_word' id='word_1_855' title='bbox 3074 5182 3237 5244; x_wconf 88' lang='lat' dir='ltr'><strong>atque</strong></span> <span class='ocrx_word' id='word_1_856' title='bbox 3259 5170 3367 5228; x_wconf 70' lang='lat' dir='ltr'><strong>cir—</strong></span> 
     </span>
    </p>
   </div>
   <div class='ocr_carea' id='block_1_110' title="bbox 1794 5264 3367 5341">
    <p class='ocr_par' dir='ltr' id='par_1_110' title="bbox 1794 5264 3367 5341">
     <span class='ocr_line' id='line_1_110' title="bbox 1794 5264 3367 5341; baseline -0.006 -13"><span class='ocrx_word' id='word_1_857' title='bbox 1794 5292 1819 5328; x_wconf 69' lang='grc' dir='ltr'><strong>ι</strong></span> <span class='ocrx_word' id='word_1_858' title='bbox 1861 5273 2176 5341; x_wconf 90' lang='lat' dir='ltr'><strong>cumdatus,</strong></span> <span class='ocrx_word' id='word_1_859' title='bbox 2206 5272 2351 5329; x_wconf 84' lang='lat' dir='ltr'><strong>fame</strong></span> <span class='ocrx_word' id='word_1_860' title='bbox 2380 5270 2661 5338; x_wconf 88' lang='lat' dir='ltr'><strong>morietur,</strong></span> <span class='ocrx_word' id='word_1_861' title='bbox 2694 5277 2750 5324; x_wconf 90' lang='lat' dir='ltr'><strong>et</strong></span> <span class='ocrx_word' id='word_1_862' title='bbox 2777 5265 3012 5339; x_wconf 74' lang='lat' dir='ltr'><strong>unpiebo</strong></span> <span class='ocrx_word' id='word_1_863' title='bbox 3047 5264 3367 5339; x_wconf 85' lang='lat' dir='ltr'><strong>indignatio-</strong></span> 
     </span>
    </p>
   </div>
   <div class='ocr_carea' id='block_1_111' title="bbox 1794 5353 3365 5439">
    <p class='ocr_par' dir='ltr' id='par_1_111' title="bbox 1794 5353 3365 5439">
     <span class='ocr_line' id='line_1_111' title="bbox 1794 5353 3365 5439; baseline -0.007 -19"><span class='ocrx_word' id='word_1_864' title='bbox 1794 5385 1815 5420; x_wconf 83' lang='lat' dir='ltr'><strong>r</strong></span> <span class='ocrx_word' id='word_1_865' title='bbox 1857 5381 1982 5422; x_wconf 89' lang='lat' dir='ltr'><strong>nem</strong></span> <span class='ocrx_word' id='word_1_866' title='bbox 2009 5380 2186 5421; x_wconf 87' lang='lat' dir='ltr'><strong>meam</strong></span> <span class='ocrx_word' id='word_1_867' title='bbox 2212 5364 2267 5419; x_wconf 90' lang='lat' dir='ltr'><strong>in</strong></span> <span class='ocrx_word' id='word_1_868' title='bbox 2289 5364 2390 5420; x_wconf 90' lang='lat' dir='ltr'><strong>eis.</strong></span> <span class='ocrx_word' id='word_1_869' title='bbox 2431 5382 2449 5414; x_wconf 76' lang='grc' dir='ltr'><strong>ι</strong></span> <span class='ocrx_word' id='word_1_870' title='bbox 2481 5360 2583 5439; x_wconf 83' lang='lat' dir='ltr'><strong>Qui</strong></span> <span class='ocrx_word' id='word_1_871' title='bbox 2608 5357 2948 5415; x_wconf 83' lang='lat' dir='ltr'><strong>obsidionem</strong></span> <span class='ocrx_word' id='word_1_872' title='bbox 2988 5353 3139 5412; x_wconf 87' lang='lat' dir='ltr'><strong>urbis</strong></span> <span class='ocrx_word' id='word_1_873' title='bbox 3164 5353 3365 5425; x_wconf 59' lang='lat' dir='ltr'><strong>eil‘uge»</strong></span> 
     </span>
    </p>
   </div>
   <div class='ocr_carea' id='block_1_112' title="bbox 1786 5446 3365 5527">
    <p class='ocr_par' dir='ltr' id='par_1_112' title="bbox 1786 5446 3365 5527">
     <span class='ocr_line' id='line_1_112' title="bbox 1786 5446 3365 5527; baseline -0.008 -12"><span class='ocrx_word' id='word_1_874' title='bbox 1786 5457 1897 5527; x_wconf 85' lang='lat' dir='ltr'><strong>rit,</strong></span> <span class='ocrx_word' id='word_1_875' title='bbox 1925 5466 1980 5515; x_wconf 91' lang='lat' dir='ltr'><strong>et</strong></span> <span class='ocrx_word' id='word_1_876' title='bbox 2017 5458 2085 5513; x_wconf 90' lang='lat' dir='ltr'><strong>ad</strong></span> <span class='ocrx_word' id='word_1_877' title='bbox 2131 5458 2344 5513; x_wconf 85' lang='lat' dir='ltr'><strong>deserta</strong></span> <span class='ocrx_word' id='word_1_878' title='bbox 2371 5452 2718 5525; x_wconf 86' lang='lat' dir='ltr'><strong>migraverit,</strong></span> <span class='ocrx_word' id='word_1_879' title='bbox 2764 5456 2919 5523; x_wconf 87' lang='lat' dir='ltr'><strong>peste</strong></span> <span class='ocrx_word' id='word_1_880' title='bbox 2958 5449 3243 5515; x_wconf 87' lang='lat' dir='ltr'><strong>morietur,</strong></span> <span class='ocrx_word' id='word_1_881' title='bbox 3270 5446 3365 5517; x_wconf 69' lang='lat' dir='ltr'><strong>qm&#39;</strong></span> 
     </span>
    </p>
   </div>
   <div class='ocr_carea' id='block_1_113' title="bbox 1786 5542 3363 5635">
    <p class='ocr_par' dir='ltr' id='par_1_113' title="bbox 1786 5542 3363 5635">
     <span class='ocr_line' id='line_1_113' title="bbox 1786 5542 3363 5635; baseline -0.006 -28"><span class='ocrx_word' id='word_1_882' title='bbox 1786 5565 1954 5623; x_wconf 85' lang='lat' dir='ltr'><strong>prope</strong></span> <span class='ocrx_word' id='word_1_883' title='bbox 2007 5547 2171 5607; x_wconf 89' lang='lat' dir='ltr'><strong>fuerit</strong></span> <span class='ocrx_word' id='word_1_884' title='bbox 2220 5547 2376 5604; x_wconf 87' lang='lat' dir='ltr'><strong>cadet</strong></span> <span class='ocrx_word' id='word_1_885' title='bbox 2416 5544 2651 5600; x_wconf 83' lang='lat' dir='ltr'><strong>hostium</strong></span> <span class='ocrx_word' id='word_1_886' title='bbox 2705 5542 2922 5635; x_wconf 81' lang='lat' dir='ltr'><strong>gladio;</strong></span> <span class='ocrx_word' id='word_1_887' title='bbox 2972 5554 3132 5635; x_wconf 75' lang='lat' dir='ltr'><strong>quem</strong></span> 
     </span>
    </p>
   </div>
   <div class='ocr_carea' id='block_1_114' title="bbox 1789 5630 3362 5703">
    <p class='ocr_par' dir='ltr' id='par_1_114' title="bbox 1789 5630 3362 5703">
     <span class='ocr_line' id='line_1_114' title="bbox 1789 5630 3362 5703; baseline -0.006 -6"><span class='ocrx_word' id='word_1_888' title='bbox 1789 5637 2208 5698; x_wconf 89' lang='lat' dir='ltr'><strong>circumdederit</strong></span> <span class='ocrx_word' id='word_1_889' title='bbox 2258 5637 2470 5693; x_wconf 87' lang='lat' dir='ltr'><strong>hostilis</strong></span> <span class='ocrx_word' id='word_1_890' title='bbox 2519 5636 2811 5703; x_wconf 79' lang='lat' dir='ltr'><strong>exercitus,</strong></span> <span class='ocrx_word' id='word_1_891' title='bbox 2847 5630 3005 5689; x_wconf 80' lang='lat' dir='ltr'><strong>fame</strong></span> <span class='ocrx_word' id='word_1_892' title='bbox 3025 5630 3271 5689; x_wconf 89' lang='lat' dir='ltr'><strong>interibit</strong></span> <span class='ocrx_word' id='word_1_893' title='bbox 3308 5637 3362 5687; x_wconf 85' lang='lat' dir='ltr'><strong>et</strong></span> 
     </span>
    </p>
   </div>
   <div class='ocr_carea' id='block_1_115' title="bbox 1778 5720 3361 5825">
    <p class='ocr_par' dir='ltr' id='par_1_115' title="bbox 1778 5720 3361 5825">
     <span class='ocr_line' id='line_1_115' title="bbox 1778 5720 3361 5825; baseline -0.009 -35"><span class='ocrx_word' id='word_1_894' title='bbox 1778 5731 2032 5825; x_wconf 70' lang='lat' dir='ltr'><strong>penuria.</strong></span> <span class='ocrx_word' id='word_1_895' title='bbox 2077 5730 2139 5807; x_wconf 75' lang='lat' dir='ltr'><strong>In</strong></span> <span class='ocrx_word' id='word_1_896' title='bbox 2178 5728 2384 5804; x_wconf 27' lang='lat' dir='ltr'><strong>hisque.</strong></span> <span class='ocrx_word' id='word_1_897' title='bbox 2417 5725 2670 5795; x_wconf 81' lang='lat' dir='ltr'><strong>omnibus</strong></span> <span class='ocrx_word' id='word_1_898' title='bbox 2712 5724 3022 5807; x_wconf 79' lang='lat' dir='ltr'><strong>implebitur</strong></span> <span class='ocrx_word' id='word_1_899' title='bbox 3062 5720 3361 5804; x_wconf 79' lang='lat' dir='ltr'><strong>indignatio</strong></span> 
     </span>
    </p>
   </div>
  </div>
