3938 6360
88 353 222 423 παι

998 382 1007 403 ι
1060 348 1418 419 conm.
1456 350 1527 412 tu
1563 346 2020 414 EZECHIELEM.
2060 378 2131 400 υ.-
2167 350 2297 415 un.
2339 357 2403 415 v.

3272 348 3382 420 δη

110 473 252 533 enim
278 470 787 545 Μαίων.
812 471 1099 543 Causaque
1113 475 1401 545 perspicua
1424 473 1687 543 est,quod
1716 478 1768 537 Α
1793 473 1917 543 geli,
1947 480 2003 529 et
2027 474 2080 527 in
2114 475 2237 530 tuba
2264 476 2361 531 Dei
2385 474 2675 532 descendet
2699 474 2769 532 de
2792 474 2935 533 cutio
2963 475 3017 549 (Ι
3043 466 3223 535 Thess.
3239 476 3371 551 iv)»

111 568 310 631 ideirco
350 566 457 637 qui
478 565 631 632 sntit;
658 566 896 637 gaudere
920 580 1029 623 non
1060 565 1275 633 debeat,
1306 573 1361 620 et
1384 566 1477 635 qui
1502 565 1689 621 vendit

104 658 291 733 mare
313 658 567 726 desistat,
582 658 721 730 quia
744 658 829 715 ira
850 658 950 715 Dei
975 658 1033 715 in
1056 657 1207 713 brevi
1232 666 1461 714 ventura
1492 658 1563 714 sit
1594 670 1689 713 su-

108 767 205 825 per
230 764 463 817 omnem
499 750 900 813 multitudinem
946 757 1108 809 terrae
1133 748 1351 817 Judaem,
1379 751 1493 807 sive
1536 749 1689 806 Jeru-

109 844 293 907 salem»
324 843 401 903 ει
428 843 801 915 superioribus
846 843 989 900 enim
1032 843 1354 916 intelligitur
1392 844 1449 901 in
1491 844 1688 916 quibus

98 938 367 1007 scriptum
391 944 513 993 est:

142 1046 203 1101 ,τι
220 1025 507 1087 Haediuit
538 1025 804 1087 Dominus
844 1016 990 1087 Deus
1010 1025 1197 1087 israel.
1245 1026 1349 1095 Qui
1381 1026 1583 1093 vendit,
1620 1034 1683 1085 ad

112 1119 385 1191 «κηφιοά
419 1119 664 1182 vendidit
700 1126 812 1179 nun
852 1126 1175 1179 revertetur.
1212 1136 1231 1172 ι
1264 1120 1424 1176 Juxta
1455 1120 1683 1177 Hebrai-

92 1226 228 1271 eum
251 1225 458 1269 morem
483 1211 742 1282 loquitur.
771 1212 962 1270 Omnis
996 1212 1145 1269 enim
1168 1212 1373 1283 emptio
1400 1213 1469 1268 ad
1495 1212 1682 1269 vcndi-

108 1312 278 1367 torem
306 1305 683 1365 revertebatur
714 1304 1165 1376 quinquagesimo
1185 1320 1327 1361 anno
1355 1304 1688 1361 omissionis.

1789 564 1857 620 Et
1900 565 1955 620 in
1988 565 2317 637 Evangelia:
2356 582 2377 619 ι
2427 566 2605 623 Nolite
2650 568 2778 624 tuba
2831 568 3083 640 clangere
3130 581 3376 631 antevos

1790 656 2006 730 (Matth.
2030 657 2128 730 vi).
2168 677 2187 710 ι
2226 658 2294 713 Ει
2323 659 2480 715 tubas
2509 660 2739 716 ductiles
2765 667 2926 730 atque
2951 670 3232 732 argenteas
3260 663 3376 721 Nu-

1789 763 2065 805 merorum
2113 756 2301 806 narrat
2350 751 2579 807 historia
2626 750 2816 825 (Nion.
2848 749 2930 825 χ),
2976 766 3095 824 qua:
3142 758 3379 813 sermoni

1788 843 2104 915 prophetico
2177 856 2564 916 comparantur
2619 846 2673 902 et
2731 845 2993 904 doctrina:
3048 846 3374 919 apostolicm.

1790 934 2207 1006 Prmeipiturque
2233 951 2396 1003 nunc,
2428 942 2493 993 ut
2515 950 2706 995 omnes
2740 939 2807 995 ad
2854 938 3065 1009 signum
3092 936 3374 1011 eclangorls

1790 1036 1844 1088 et
1864 1029 2106 1087 buccina:
2144 1034 2519 1102 praeparentur
2541 1032 2616 1087 'ad
2656 1024 2819 1089 bella.
2866 1022 3029 1090 Juxta
3054 1038 3376 1104 prtcsentcm
3421 1023 3429 1030 ’

1786 1124 1970 1177 autem
2002 1134 2219 1179 settsum
2246 1123 2503 1195 iubentur
2529 1140 2629 1197 per
2653 1118 2903 1192 ironiam,
2935 1110 2992 1181 iii
3016 1124 3107 1196 qui
3139 1124 3265 1181 huic
3290 1110 3381 1191 Ofe

1790 1213 1913 1272 licio
1942 1216 2231 1287 mancipati
2267 1226 2414 1283 sunt,
2448 1218 2574 1273 tuba
2603 1218 2874 1293 clangere,
2922 1218 2983 1274 ut
3020 1226 3209 1276 omnes
3242 1220 3381 1276 con-

1790 1313 1873 1362 tra
1901 1307 2253 1380 Babylonium
2294 1314 2557 1379 parentur
2593 1311 2913 1368 exercitum.

106 1398 196 1471 qui
216 1397 357 1470 apud
390 1396 1034 1470 illosvoeaturjubilzeus.
1060 1396 1203 1453 Ante
1224 1395 1387 1469 igitur
1410 1410 1574 1467 quam
1595 1408 1705 1466 an~_
1748 1376 1787 1476 ,ἓ
1866 1417 1885 1450 ι
1913 1398 1979 1454 Et
2018 1376 2139 1455 non
2183 1376 2405 1470 esu—qui
2451 1400 2614 1457 vadat
2667 1400 2733 1457 ad
2796 1392 3064 1472 pratlium.
3093 1399 3178 1457 Ira
3228 1392 3377 1459 enim

105 1498 205 1545 nus
216 1488 551 1551 remissionis
560 1488 828 1555 adveniat,
845 1487 1063 1559 quando
1082 1488 1453 1559 possessiunes
1466 1487 1533 1544 ad
1543 1488 1686 1558 prio-

1781 1481 1816 1543 ἰ
1845 1504 1965 1547 mea
2018 1498 2179 1561 super
2208 1502 2427 1549 omnem
2473 1480 2872 1548 multitudinem
2920 1493 3057 1565 ejus.
3096 1514 3115 1548 ›
3152 1484 3219 1549 Et
3261 1493 3379 1550 haec

104 1595 191 1637 res
215 1581 463 1643 dominos
478 1587 844 1647 revertuntur,
871 1581 1085 1653 ingruat
1106 1580 1413 1651 captivitas,
1431 1590 1551 1651 qua:
1571 1592 1686 1671 om-
1721 1562 1845 1671 ,lhin
1893 1583 2245 1656 Septuaginta
2276 1599 2383 1640 non
2430 1586 2719 1641 habentur.
2760 1562 3098 1657 Praeceperat
3140 1576 3283 1641 Deus
3318 1590 3378 1641 ut

106 1684 232 1735 item
257 1674 414 1737 urbis
450 1674 660 1732 auferet
686 1673 1149 1732 consuetudinem.
1182 1674 1355 1731 Porro
1399 1673 1544 1744 quod
1591 1670 1684 1730 Sea
1734 1664 1775 1747 ’ξ
1793 1674 1921 1731 tuba
1948 1682 2207 1730 canerent
2243 1675 2311 1730 ad
2346 1676 2649 1731 exercitum
2685 1670 3119 1747 praeparandum,
3148 1674 3241 1746 qui
3267 1672 3375 1731 Ba-

98 1767 391 1841 ptuuginta
408 1767 818 1836 transtulerunt,
837 1770 957 1839 quia
980 1732 1687 1841 quiemet,advenditorem
1708 1732 1771 1821 ’Ὃ
1790 1764 2129 1838 byloniorunt
2175 1775 2358 1838 posset
2420 1732 2704 1823 resistere‘
2729 1732 3057 1837 fortitudini,
3242 1754 3378 1822 nihil

98 1875 214 1927 non
254 1866 581 1929 revertetur,
614 1876 736 1917 cum
780 1859 935 1930 juxta
983 1860 1268 1917 historiam
1313 1859 1529 1931 penitus
1578 1873 1686 1913 non
1711 1842 1762 1911 Β
1790 1860 1993 1932 profuit
2029 1861 2353 1932 imperasse,
2392 1874 2516 1918 cum
2561 1877 2669 1916 non
2715 1859 2785 1917 sit
2829 1861 2883 1917 in
2920 1859 3135 1933 populo,
3162 1860 3254 1931 qui
3285 1872 3381 1917 auo

100 1951 587 2029 cohaereat,.juxta
631 1967 908 2023 anagogen
945 1952 1090 2008 hunc
1119 1964 1337 2008 sensum
1367 1950 1567 2006 habere
1590 1964 1689 2020 po-

98 2051 233 2113 test,
255 2050 321 2099 ut
344 2044 592 2105 dicamus
639 2059 796 2111 eum,
844 2044 939 2114 qui
984 2044 1237 2100 literetieo
1282 2042 1460 2098 fuerat
1502 2044 1688 2098 errore

98 2136 374 2208 ducatus,
419 2150 549 2196 eum
588 2135 921 2194 intellexerit
958 2135 1201 2208 magistri
1247 2130 1683 2201 fraudulentiam,

98 2238 441 2299 aequaeuam
467 2228 671 2283 reverti
710 2227 780 2283 ad
805 2226 1161 2293 venditorem,
1192 2224 1247 2281 id
1290 2232 1394 2294 est,
1422 2224 1491 2280 ad
1516 2222 1687 2297 magi:-

95 2328 294 2389 ιιι-πω,
322 2320 421 2379 sed
458 2332 591 2378 eum
633 2320 915 2393 despicere
963 2326 1126 2391 auiae
1163 2324 1529 2375 contemnere.
1566 2334 1584 2369 ι
1620 2314 1687 2372 Et

98 2414 274 2477 adhic
298 2413 359 2471 in
375 2413 687 2473 viventibus
700 2413 811 2469 vita
836 2414 1045 2477 eorum,
1064 2411 1191 2483 quia
1211 2410 1349 2466 visio
1374 2408 1442 2465 ad
1467 2421 1685 2464 omnem

97 2506 500 2567 multitudinem
558 2503 677 2574 ejus
752 2512 859 2561 non
910 2502 1265 2576 regredietur.
1323 2521 1342 2555 ι
1407 2500 1686 2569 Quomodo

94 2599 369 2672 possessio
428 2612 541 2656 non
608 2604 914 2681 revertetur
961 2598 1031 2655 ad
1081 2598 1321 2668 priorem
1375 2595 1682 2665 dominum,

96 2694 383 2751 eversione
432 2692 583 2749 urbis
627 2693 883 2759 instante,
938 2693 1019 2748 sic
1064 2690 1201 2747 visio
1248 2696 1305 2747 et
1338 2690 1686 2746 comminatio

94 2787 445 2860 propiietalis,
477 2798 597 2859 qua!
618 2786 691 2844 ad
716 2794 933 2843 omnem
956 2782 1356 2841 multitudinem
1381 2783 1529 2840 urbis
1561 2782 1688 2838 diri-

93 2880 266 2950 gitur,
314 2884 657 2951 nequaquam
708 2876 1070 2950 regredietur,
1114 2884 1169 2931 et
1219 2877 1373 2931 irrita
1422 2874 1542 2940 ﬁet,
1593 2874 1689 2928 sed

92 2970 262 3027 rebus
292 2968 594 3041 explebitur
616 2969 923 3026 viventibus
952 2967 1128 3023 adhuc
1156 2964 1241 3023 bis
1293 2967 1360 3022 ad
1388 2980 1525 3036 quos
1563 2979 1687 3036 pro-

92 3061 333 3132 phetalls
361 3074 541 3117 sermo
568 3060 839 3132 dirigitur.
875 3048 987 3115 Hoc
1014 3067 1196 3113 autem
1231 3058 1327 3124 ait,
1358 3064 1417 3111 ut
1441 3056 1687 3112 ostendat

93 3150 472 3211 imminentem
497 3151 884 3222 captivitatem,
915 3164 983 3206 nc
1008 3148 1303 3206 secundum
1334 3146 1683 3205 censuetudi—

92 3258 212 3303 nem
250 3244 514 3311 dicerent,
546 3242 695 3300 Visio
723 3242 840 3298 haec
880 3242 934 3297 in
961 3240 1149 3313 longos
1177 3240 1292 3297 dies
1318 3240 1439 3305 erit,
1484 3247 1687 3311 etpost

94 3344 345 3409 tempore
368 3336 537 3391 multa
557 3333 930 3406 complebitur.
960 3332 1253 3389 Possumus
1282 3341 1336 3390 et
1360 3330 1462 3388 hoc
1486 3332 1686 3398 dicere,

91 3428 248 3500 quod
280 3432 567 3499 postquam
616 3425 906 3481 recesserit
939 3440 970 3481 a
1009 3422 1207 3480 ludatis
1236 3424 1373 3480 visio
1398 3423 1690 3496 propheta-

90 3520 176 3578 lls.
206 3538 228 3573 ι
272 3520 382 3577 Lex
422 3519 569 3574 enim
594 3520 651 3574 et
675 3517 953 3588 propheta:
992 3530 1164 3591 usque
1191 3517 1258 3572 ad
1289 3513 1551 3573 Joannem
1580 3514 1690 3572 Ba-

90 3616 321 3687 ptistam
345 3611 562 3688 (Matth.
592 3611 693 3685 xi),
731 3629 751 3665 ι
805 3614 931 3683 pust
970 3610 1404 3667 interfectionem
1442 3608 1689 3666 Salvete.

90 3711 169 3769 ris
192 3716 543 3782 nequaquam
570 3706 909 3782 regrediatur
942 3708 1011 3765 ad
1030 3720 1146 3775 eos,
1178 3716 1280 3763 nec
1309 3706 1454 3762 ultra
1487 3708 1691 3765 habere

93 3811 412 3861 mereantur
452 3803 763 3876 prophetas,
822 3800 1298 3874 significanterque
1345 3800 1414 3856 ad
1446 3812 1686 3868 omnem,

97 3894 299 3966 inquit,
347 3890 745 3950 multitudinem
788 3892 926 3948 "visio
970 3900 1084 3947 non
1138 3889 1495 3963 regredietur.
1547 3876 1689 3962 Ergo

95 3986 440 4059 regredietur
492 3978 560 4041 ad
588 3986 685 4041 eus
724 3976 817 4055 qui
840 3996 909 4041 ex
946 3976 1144 4040 ludatis
1184 3970 1414 4038 Domino
1440 3980 1689 4043 credide-

92 4086 251 4143 runt,
291 4076 577 4147 Apostolos
602 4074 878 4143 videlicet,
900 4082 955 4127 et
976 4073 1231 4144 reliquias
1252 4073 1432 4143 populi
1453 4071 1689 4138 Iudaici,

87 4184 223 4244 quae
270 4184 337 4224 ex
377 4158 544 4223 lsrael
589 4165 751 4222 salva:
786 4164 942 4220 iactat
967 4168 1110 4219 sunt.
1163 4162 1268 4220 Sed
1316 4174 1419 4220 nec
1465 4164 1554 4219 iSti
1586 4163 1691 4218 duo

87 4270 297 4319 versus
346 4256 615 4315 habentur
666 4254 721 4312 in
768 4252 1119 4328 Septuaginta
1146 4255 1383 4311 c'ditiOne
1413 4272 1426 4309 :
1462 4274 1482 4309 ί
1515 4248 1582 4310 Et
1608 4254 1692 4309 vir

88 4357 149 4412 ln
184 4350 476 4425 iniquitate
501 4350 626 4405 vita:
656 4354 768 4405 sine
803 4363 914 4405 non
946 4344 1360 4405 confortabitur.
1403 4365 1421 4398 ι
1460 4346 1693 4417 Septua-

90 4448 292 4520 ginta:
325 4438 425 4498 «Et
460 4440 622 4497 homo
648 4440 703 4496 in
737 4439 909 4497 oculis
928 4438 1052 4494 vitae
1084 4452 1194 4495 sua:
1222 4448 1330 4494 non
1368 4438 1684 4495 obtinebit.»

91 4530 163 4598 Et
189 4542 277 4595 est
324 4548 515 4592 sensus
559 4532 712 4605 quta
758 4530 1085 4589 Hebraicum
1118 4549 1131 4587 :
1164 4530 1282 4587 Non
1309 4531 1551 4602 proderit
1586 4533 1685 4588 ho-

92 4628 239 4688 mini
263 4626 522 4697 iniquitas
550 4634 675 4691 sua,
703 4634 801 4679 nec
831 4621 883 4678 ei
915 4621 1177 4695 prurbebit
1214 4618 1450 4696 aliquam
1477 4622 1689 4681 fortitu-

93 4724 304 4783 dinem.
358 4718 522 4776 Juxm
569 4714 924 4789 Septuaginta
977 4736 991 4769 :
1047 4712 1115 4771 Et
1170 4714 1333 4771 homo
1371 4716 1517 4788 quod
1547 4717 1691 4775 desi-

92 4813 336 4881 deravit,
368 4808 511 4885 quod
537 4809 592 4866 in
619 4808 820 4865 mundo
848 4812 1058 4881 putavit
1087 4820 1207 4863 esse
1233 4807 1553 4880 pretiosum,
1582 4826 1690 4867 non

91 4906 387 4974 obtinebit,
434 4903 530 4960 sed
575 4901 827 4957 libertate
880 4906 1162 4971 pereunte,
1209 4898 1489 4955 amittetur
1530 4915 1691 4958 omne

92 4999 246 5072 quod
274 4994 562 5071 pulchrum
603 4998 705 5051 est.
743 4988 1085 5065 Ambiguitas
1146 4994 1329 5049 autem
1383 4988 1689 5055 litterarum

92 5090 492 5150 iicbraicar‘um
521 5089 611 5155 iod
638 5088 695 5145 et
735 5102 862 5153 vau,
908 5102 1029 5159 quae
1074 5092 1285 5147 tantum
1320 5084 1695 5158 magnitudine

94 5184 506 5255 discernuntur,
561 5172 690 5240 fecit
734 5180 869 5239 alios
911 5178 1278 5251 iniquitatem,
1333 5178 1471 5238 alios
1509 5179 1694 5237 oculos

95 5276 469 5352 interpretari.

175 5392 198 5426 ε
237 5370 427 5429 Canite
460 5362 606 5439 tuba,
637 5376 1011 5443 praeparentur
1034 5380 1245 5425 omnes.
1282 5386 1301 5421 ι
1334 5357 1412 5423 De
1440 5375 1692 5424 tubarum

99 5463 367 5536 clangore
399 5472 453 5519 et
481 5461 661 5519 sonitu
703 5459 758 5516 in
786 5454 970 5516 multis
1014 5456 1149 5516 locis
1193 5458 1442 5530 legimus,
1472 5468 1533 5516 ut
1574 5458 1689 5516 ibi:

106 5574 127 5608 ι
165 5554 325 5611 Sicut
369 5550 514 5620 tuba,
544 5550 723 5610 exalta
768 5567 955 5609 vocem
1007 5559 1155 5608 tuam
1202 5550 1339 5622 (Ιεα.
1371 5552 1559 5622 Lvtn);
1592 5572 1612 5606 ›
1639 5559 1696 5608 et

103 5648 241 5705 alibi
276 5666 289 5703 :
320 5666 338 5701 ι
376 5647 617 5720 Clangite
643 5649 699 5703 in
723 5646 1008 5704 neomenia
1032 5646 1161 5703 tuba
1184 5645 1238 5703 in
1270 5646 1463 5717 insigni
1496 5646 1580 5702 die
1608 5661 1695 5701 so-

104 5740 409 5799 icmnitatis
452 5752 646 5797 vestrae
673 5738 844 5811 (Psal.
893 5739 1085 5813 Lxxx);
1139 5759 1159 5792 ι
1203 5739 1347 5795 etin
1393 5738 1690 5807 Apostolo:

113 5854 135 5889 ι
173 5830 444 5903 Quoniam
483 5834 598 5904 ipse
640 5832 897 5892 Dominus
929 5834 981 5889 in
1011 5834 1184 5906 jussu,
1220 5832 1275 5887 in
1307 5845 1435 5888 voce
1460 5833 1691 5889 archan-

1780 1953 1916 2009 'deat
1958 1954 2024 2011 ad
2068 1952 2208 2009 bella
2251 1950 2563 2026 procedere.
2610 1951 2818 2008 idcirco
2868 1956 3048 2011 autem
3089 1953 3379 2008 enervatus

1789 2054 1873 2105 est
1897 2042 2147 2119 populus,
2174 2050 2229 2102 ct
2254 2046 2405 2102 caret
2444 2042 2652 2100 viribus
2683 2038 2985 2115 proeliandi,
3034 2041 3161 2115 quia
3201 2036 3379 2115 omnis

1786 2134 1866 2198 ira
1902 2138 1996 2196 Dei
2037 2152 2200 2210 super
2230 2152 2447 2194 omnem
2481 2130 2884 2193 multitudinem
2928 2126 3070 2208 ejus,
3115 2131 3378 2191 subaudi-

1790 2241 1895 2300 tur,
1930 2231 2267 2288 iiierusaiem
2295 2230 2466 2297 urbis,
2498 2229 2612 2285 sive
2640 2238 2804 2284 terra:
2839 2227 3053 2285 Iudaeae.
3095 2225 3202 2284 Sed
3228 2233 3283 2282 et
3322 2225 3379 2281 in

1775 2325 1975 2379 'nostra
2016 2330 2160 2379 terra
2189 2329 2245 2377 et
2287 2314 2649 2388 Hierusalem,
2688 2318 2905 2393 quando
2937 2334 3037 2374 nos
3067 2318 3152 2374 vel
3196 2332 3383 2390 perse-

1789 2415 1933 2470 cutio
1958 2410 2192 2486 publica,
2223 2410 2307 2468 vel
2342 2429 2405 2470 va
2416 2400 2921 2468 rimam-incentiva
2942 2408 3198 2466 vitiorum
3221 2422 3383 2482 supe-

1788 2504 1912 2564 rare
1943 2507 2213 2574 nitimiu’r,
2243 2504 2448 2563 frustra
2478 2505 2722 2579 magistri
2753 2511 2956 2562 canunt
2991 2500 3118 2559 tuba
3145 2510 3199 2559 et
3242 2518 3384 2576 prm-

1778 2588 1982 2672 parare
2010 2615 2109 2656 nos
2139 2598 2207 2653 ad
2249 2598 2389 2655 bella
2429 2597 2712 2667 festinant,
2756 2613 2879 2653 cum
2914 2592 3059 2651 nulla
3092 2595 3164 2652 sit
3201 2595 3254 2651 in
3286 2610 3384 2667 p0-

1787 2691 1915 2764 pulo
1940 2686 2217 2756 fortitudo,
2246 2706 2365 2764 qua:
2388 2688 2596 2746 idcirco
2631 2684 2911 2746 subtracta
2940 2696 3045 2756 est,
3075 2685 3201 2761 quia
3240 2686 3379 2742 iram

1788 2782 2001 2840 Domini
2035 2783 2324 2859 praesentia
2354 2796 2603 2839 meruere
2637 2770 2882 2853 peccata.

1780 2870 1785 2873 ’
1864 2895 1882 2927 ‹
1911 2872 2133 2930 Gladius
2162 2873 2318 2939 forts,
2346 2874 2516 2945 Pestis
2543 2876 2599 2927 et
2618 2872 2791 2927 fames
2816 2871 3163 2929 intrinsecus.
3197 2867 3300 2938 Qui
3324 2867 3382 2925 in

1794 2987 1812 3021 ι
1843 2982 1974 3043 agro
2002 2966 2106 3034 est,
2140 2964 2318 3040 gladio
2346 2956 2641 3031 morietur;
2676 2970 2732 3020 et
2772 2962 2864 3036 qui
2900 2963 2955 3019 in
2998 2962 3239 3029 civitate,
3285 2976 3379 3035 pc-

1794 3082 1812 3113 ι
1842 3058 2079 3117 stilcntia
2115 3064 2170 3115 et
2198 3057 2341 3114 fame
2391 3057 2813 3114 devorabuntur.
2845 3044 2912 3111 Et
2939 3052 3073 3109 salvi
3101 3061 3261 3111 erunt
3287 3053 3383 3123 qui

1796 3174 1818 3209 ι
1846 3152 2083 3225 fugerint
2112 3168 2179 3207 ex
2203 3151 2301 3207 eis.
2335 3148 2615 3222 Eruntque
2656 3145 2711 3203 in
2750 3147 3046 3214 montibus,
3094 3145 3248 3215 quasi
3291 3160 3383 3201 co-

1798 3268 1816 3300 ‹
1844 3246 2043 3302 tumbae
2084 3243 2412 3304 convallium
2453 3256 2643 3298 omnes
2688 3238 2884 3312 trepidi
2930 3234 3300 3309 unusquisque
3329 3236 3385 3295 in

1798 3361 1817 3395 ι
1847 3338 2131 3410 iniquitate
2157 3354 2274 3395 sua.
2308 3358 2326 3391 ι
2364 3336 2499 3393 Tres
2548 3342 2730 3390 autem
2776 3328 2961 3404 partes
3006 3318 3258 3399 aliorum,
3290 3329 3384 3401 qui

1791 3418 1847 3493 in
1883 3435 2018 3491 urbe
2060 3432 2371 3507 pestilentia
2409 3439 2465 3488 et
2508 3424 2650 3489 fame
2700 3426 3033 3492 moriantur,
3061 3433 3118 3481 et
3152 3414 3384 3481 aliorum

1790 3542 1927 3601 quos
1952 3525 2161 3598 gladius
2192 3523 2325 3580 foris
2363 3520 2676 3589 interficiet,
2708 3527 2764 3575 et
2801 3522 3012 3583 eorum,
3038 3517 3130 3589 qui
3160 3513 3383 3587 captivi-

1792 3627 1959 3675 tatem
2002 3617 2125 3687 fuga
2168 3615 2460 3680 evaserint,
2506 3628 2670 3685 supra
2700 3610 2951 3685 legimus.
2984 3608 3248 3677 Quorum,
3291 3621 3362 3677 qu

1791 3709 1971 3769 salvus
2002 3706 2168 3762 fuerit
2215 3706 2465 3762 transibit
2496 3702 2565 3766 ad
2615 3710 2851 3771 montes,
2898 3708 2954 3757 et
2988 3700 3161 3757 instar
3190 3697 3388 3757 mussi-

1793 3801 2025 3859 tantium
2048 3798 2422 3859 columbarum
2451 3813 2551 3855 sua
2604 3796 2848 3868 trepidus
2894 3799 3120 3865 peccata
3149 3789 3385 3851 deﬂevit.

1793 3882 2149 3964 Tropologice
2195 3906 2325 3949 vero
2367 3890 2449 3948 sic
2500 3887 2910 3960 intelligendum
2952 3904 2965 3941 :
3003 3884 3148 3957 quod
3179 3882 3274 3955 qui
3328 3882 3386 3941 in

1790 3976 1921 4059 agro
1952 3995 2008 4045 et
2048 3999 2244 4067 campo
2286 3992 2403 4052 est,
2437 3992 2594 4045 extra
2618 3982 2755 4039 fines
2783 3978 3079 4039 Dominica:
3128 3974 3383 4045 civitatis,

1790 4096 1913 4152 qua:
1968 4080 2359 4151 interpretatur
2416 4074 2665 4132 Ecclesia
2693 4115 2709 4141 ,
2778 4070 3079 4129 adversarii
3125 4082 3386 4129 mucrone

1791 4157 2038 4249 feriatur.
2086 4169 2191 4239 Qui
2232 4177 2414 4253 autem
2456 4169 2513 4224 in
2555 4166 2777 4239 civitate
2832 4162 3006 4237 egerit
3053 4160 3386 4233 negligenter

1791 4277 1894 4321 nec
1966 4249 2378 4335 praeparaverit'
2404 4259 2509 4317 sibi
2554 4258 2729 4325 cibos,
2778 4256 2857 4329 de
2887 4253 3084 4327 quibus
3135 4250 3191 4307 in
3250 4249 3386 4309 Pro~

1788 4351 1990 4411 verbiis
2021 4352 2283 4425 scriptum
2310 4359 2394 4407 est
2431 4369 2444 4406 :
2491 4370 2509 4404 ι
2532 4348 2636 4419 Qui
2676 4353 2936 4420 operatur
2975 4352 3183 4401 terrain
3232 4353 3386 4399 suam

1789 4446 2124 4511 saturabitur
2151 4444 2432 4521 panibus,»
2462 4444 2564 4503 iste
2589 4442 2733 4503 fame
2756 4440 3019 4501 morietur
3046 4445 3104 4494 et
3132 4434 3389 4509 pestilen-

1794 4541 1888 4599 tia.
1920 4538 2088 4597 Pauci
2116 4538 2174 4595 hi
2201 4538 2295 4608 qui
2316 4536 2401 4593 vel
2426 4536 2810 4597 hzereticorum
2838 4533 3098 4606 gladium,
3125 4530 3210 4587 vel
3243 4527 3385 4587 desi-

1795 4633 1900 4691 diae
1934 4647 2048 4689 sua:
2073 4631 2272 4687 famem
2314 4636 2654 4698 mortemque
2691 4624 3013 4691 vitaverint,
3049 4637 3163 4679 non
3200 4620 3386 4677 salva4

1796 4724 1998 4783 buntur
2020 4722 2125 4779 nisi
2151 4722 2205 4779 in
2225 4718 2501 4775 montibus
2525 4724 2582 4777 et
2600 4715 2708 4775 nisi
2737 4711 3132 4782 assumpserint
3153 4709 3268 4767 alas
3294 4722 3388 4765 co-

1796 4804 2016 4880 lumbae,
2042 4822 2097 4868 et
2123 4808 2459 4867 evolaverint
2504 4814 2561 4862 et
2592 4802 2981 4875 requieverint.
3018 4801 3149 4870 Quae
3180 4798 3388 4857 colum-

1795 4907 1881 4967 ba:
1911 4902 2149 4975 quandiu
2178 4902 2235 4957 in
2268 4898 2499 4955 vallibus
2532 4905 2661 4954 sunt
2684 4894 2975 4969 trepidant,
2995 4902 3052 4949 et
3080 4894 3149 4949 ad
3174 4889 3386 4961 singula

1796 4995 2176 5061 reformidant,
2218 5006 2450 5065 quarum
2494 4990 2838 5064 prmeipimur
2878 4986 3080 5045 imitari
3125 4984 3385 5043 innocen-

1802 5088 1954 5143 tiam.
1987 5086 2057 5143 Et
2085 5085 2152 5142 de
2194 5083 2389 5157 quibus
2433 5083 2487 5139 in
2535 5080 2743 5154 psalmo
2788 5078 3049 5149 scriptum
3078 5081 3206 5130 est:
3251 5092 3271 5126 ί
3323 5072 3387 5131 Si
3441 5152 3449 5161 .

1801 5177 2083 5237 dormiatis
2109 5168 2251 5234 inter
2293 5174 2502 5234 medios
2535 5172 2731 5241 clerus,
2762 5184 2955 5244 penna:
3003 5167 3267 5235 columbas
3294 5166 3386 5223 de-

1798 5278 2124 5345 argentatae,
2155 5276 2211 5326 et
2234 5269 2535 5340 posteriora
2571 5266 2716 5324 dorsi
2760 5262 2879 5334 ejus
2921 5262 2979 5318 in
3017 5260 3222 5332 pallore
3263 5260 3386 5319 auri

1801 5363 1977 5439 (Ρεαι.
2002 5361 2195 5435 van).
2223 5363 2282 5418 In
2302 5360 2455 5429 cujus
2475 5359 2656 5431 specie
2685 5354 2969 5415 descendit
2998 5353 3236 5425 Spiritus
3251 5370 3382 5411 sau-

1800 5462 1920 5512 ctus
1946 5453 2231 5530 etmansit
2260 5467 2423 5523 super
2451 5449 2738 5506 Dominum
2768 5444 3125 5503 Salvatorem.
3397 5452 3402 5467 '

1873 5572 1891 5603 ι
1918 5550 2119 5609 Omnes
2174 5562 2370 5605 manus
2436 5541 2801 5603 dissolvantur
2852 5550 2908 5597 et
2956 5541 3140 5599 omnia
3203 5541 3384 5611 genua

1802 5666 1820 5703 ι
1852 5644 2019 5701 liuent
2055 5643 2240 5714 aquis,
2278 5649 2336 5696 et
2378 5638 2661 5709 accingent
2709 5651 2771 5693 se
2813 5634 3025 5697 ciliciis.
3071 5641 3127 5693 et
3175 5631 3386 5703 Operiet

1802 5761 1821 5796 ι
1847 5757 1941 5797 eos
1970 5740 2219 5797 formido.
2256 5759 2273 5791 ι
2327 5738 2433 5793 Pro
2478 5735 2706 5807 genibus
2742 5734 2898 5804 aquis
2945 5730 3234 5789 ﬂuentibus
3283 5727 3384 5785 Se-

1796 5832 2081 5903 ptuaginta
2129 5810 2582 5901 transtulerunt}
2622 5847 2639 5878 ‹
2668 5826 2873 5883 femora
2917 5821 3383 5895 poluenturbu-
