3938 6360
485 282 588 338 615
1163 269 1224 323 Β.
1262 267 1512 324 RABANI
1548 265 1772 325 MAURI
1807 260 2080 330 ARCHIE]

2186 259 2462 318 lOGUNT.
2495 253 2776 316 OPERUM
2812 254 2991 312 PARS
3026 253 3091 311 ιι.

2165 473 2285 537 tias;
2314 479 2369 525 et
2393 471 2512 526 auri
2532 468 2846 540 argentique
2874 465 3112 536 pondera
3135 463 3437 535 projieient
3461 461 3536 515 in
3564 456 3782 528 plateis

2160 583 2286 622 suas
2312 575 2522 622 tantum
2555 565 2765 620 animas
2790 577 3007 619 servare
3037 559 3339 630 cupientes,
3381 567 3466 609 ne
3497 549 3633 606 sint
3655 563 3783 616 pon-

2161 661 2275 714 deri
2305 675 2423 729 quae
2449 659 2600 729 prius
2628 658 2778 712 fuere
2810 656 3054 710 luxuria.
3094 652 3349 722 Alioquin
3375 658 3444 705 et
3475 647 3669 717 juxta
3699 659 3782 698 an-

2160 765 2364 821 agogen
2387 749 2723 819 captivorum
2763 756 2925 817 atque
2961 745 3277 818 fugientium
3307 742 3377 796 de
3429 736 3778 794 Jerusalem.

2162 839 2333 896 Omne
2385 848 2670 910 argentum
2718 837 3037 909 projicietur
3085 835 3139 890 in
3191 833 3424 904 plateis,
3481 831 3550 884 in
3601 829 3778 884 lataet

2162 932 2394 1001 spatiosa
2420 931 2526 995 via,
2566 945 2686 1000 quae
2713 930 2862 985 ducit
2901 929 2968 983 ad
3014 934 3264 993 mortem,
3299 926 3444 996 quia
3483 931 3773 990 angusta

2161 1022 2350 1078 salutis
2396 1022 2645 1078 semitam
2692 1020 3047 1091 reliquerunt.
3084 1017 3191 1073 Sed
3239 1025 3298 1071 et
3343 1028 3540 1070 omne
3594 1027 3770 1064 aurum

2163 1113 2267 1168 erit
2295 1112 2646 1182 contemptui,
2682 1110 2766 1166 vel
2805 1112 2860 1165 in
2892 1109 3294 1180 sterquilinium
3333 1115 3529 1174 atque
3558 1105 3769 1158 immun-

2163 1203 2352 1258 ditiam
2381 1203 2737 1272 reputabitur,
2771 1218 2879 1257 non
2907 1203 3052 1257 enim
3079 1209 3257 1271 potest
3284 1200 3520 1254 habere
3563 1197 3766 1250 mundi-

2165 1294 2328 1360 tiam,
2355 1293 2499 1363 quod
2529 1302 2678 1347 extra
2709 1292 2924 1347 Domini
2953 1291 3249 1346 Ecclesiam
3279 1297 3388 1346 est.

487 499 610 544 tana
656 483 1028 556 confugerint,
1064 495 1258 536 manus
1303 481 1540 536 omnium
1587 477 1966 541 dissolventur,
2007 485 2062 530 et

484 576 662 632 nullus
709 583 899 631 contra
950 573 1135 628 hostes
1192 569 1394 640 poterit
1435 569 1710 633 resistere,
1743 566 2062 635 pavorisque

486 665 852 737 magnitudine
881 663 1038 717 urina
1080 660 1284 733 polluet
1321 675 1519 730 genua,
1555 673 1653 712 nec
1695 657 1893 726 valebit
1936 671 2061 726 pro-

487 756 710 813 fluentes
732 769 906 825 aquas
929 753 1109 809 vesica
1137 750 1409 806 cohibere.
1442 749 1738 818 Accingent
1779 762 1837 802 se
1873 745 2061 800 ciliciis

487 856 541 903 et
580 857 782 903 tremor
816 844 996 901 omnia
1035 841 1352 914 possidebit.
1391 839 1504 895 Hoc
1536 841 1590 894 in
1640 839 1732 894 illo
1758 838 1954 910 populo
1983 836 2063 892 fa-

487 947 636 995 ctum
671 943 774 1003 est,
810 951 917 991 non
947 934 1120 991 solum
1147 933 1248 990 sub
1270 932 1596 1004 Babyloniis,
1626 931 1720 987 sed
1752 939 1808 986 et
1831 932 1933 986 sub
1954 930 2062 984 Ro-

488 1029 689 1094 manis,
728 1026 942 1097 quando
971 1026 1216 1098 pervenit
1241 1025 1294 1079 in
1341 1040 1433 1080 eos
1467 1025 1749 1094 usquead
1778 1024 1937 1079 finem
1982 1024 2062 1077 ira

489 1117 605 1172 Dei.
636 1117 898 1173 Caeterum
919 1124 973 1172 et
997 1116 1053 1170 in
1081 1123 1265 1171 nostra
1287 1113 1491 1179 Iudaea,
1523 1115 1577 1168 in
1606 1130 1712 1185 qua
1738 1123 1821 1169 est
1847 1114 2062 1168 Domini

490 1206 780 1273 confessio,
827 1207 1040 1279 quando
1074 1206 1442 1278 multiplicatae
1483 1205 1686 1260 fuerint
1730 1206 2059 1276 iniquitates,

489 1308 546 1355 et
582 1299 856 1356 refrixerit
898 1299 1136 1356 charitas
1176 1298 1490 1365 multorum,
1531 1313 1718 1354 omnes
1746 1314 1938 1354 manus
1969 1300 2065 1354 bo-

490 1409 684 1450 norum
709 1408 931 1465 operum
974 1392 1351 1456 dissolventur,
1403 1400 1458 1446 et
1499 1402 1692 1447 cuncta
1740 1407 1910 1462 genua
1953 1393 2066 1447 sive

493 1483 700 1540 femora
749 1482 918 1540 fluent
975 1483 1131 1554 aquis
1191 1498 1379 1538 eorum
1427 1483 1517 1552 qui
1582 1483 1797 1538 illicitos
1841 1484 2066 1555 quaesie-

493 1583 622 1628 runt
650 1573 983 1638 concubitus,
1011 1581 1067 1629 et
1089 1588 1223 1643 quos
1248 1574 1301 1628 in
1329 1573 1446 1644 lege
1468 1573 1671 1628 ﬂuxum
1694 1575 1915 1631 seminis
1942 1591 2066 1632 sus-

2241 1401 2260 1435 ‹
2307 1381 2601 1456 Argentum
2626 1397 2813 1438 eorum
2849 1390 2904 1437 et
2946 1396 3136 1436 aurum
3161 1395 3357 1436 eorum
3411 1394 3546 1434 non
3589 1378 3763 1433 valebit

2165 1475 2399 1532 liberare
2426 1489 2518 1530 eos
2544 1475 2596 1529 in
2627 1474 2714 1530 die
2735 1472 2937 1529 furoris
2975 1473 3212 1528 Domini.
3261 1491 3282 1524 ›
3319 1470 3483 1525 Nulli
3505 1470 3662 1524 enim
3683 1472 3761 1525 do-

2165 1565 2314 1623 bium
2353 1565 2482 1635 quin
2527 1565 2824 1621 obsidionis
2873 1572 2928 1621 et
2972 1565 3132 1620 famis
3174 1573 3461 1635 tempore,
3498 1575 3757 1616 autumet

3688 239 3791 299 816

484 362 653 455 more.
680 414 698 446 ι
723 393 860 448 Cum
880 397 1062 446 autem
1085 401 1274 442 omnes
1300 385 1705 456 trepidaverint,
1736 393 1790 438 et
1818 383 1884 438 ad
1908 397 2062 439 mon-
2086 383 2142 442 Α
2163 378 2491 448 contemptui
2519 377 2642 433 erit.
2689 374 2838 446 Fuga
2876 382 2932 429 et
2969 372 3285 442 captivitate
3325 375 3606 438 cogente
3661 361 3792 418 divi-

491 1664 726 1718 tinentes
755 1671 809 1718 et
837 1663 1141 1718 immundos
1187 1663 1468 1732 Scriptura
1503 1666 1861 1734 cognominat.
1913 1665 2066 1722 Unde

2169 1666 2449 1729 argentum
2475 1657 2772 1712 esurientes
2819 1672 2926 1712 non
2954 1655 3166 1721 liberet,
3207 1664 3262 1711 et
3305 1654 3447 1709 illisi
3492 1653 3753 1724 pretiosis-

491 1753 581 1824 qui
611 1753 747 1809 tales
785 1761 912 1808 sunt
946 1751 1146 1808 debent
1178 1766 1236 1807 se
1275 1753 1558 1823 accingere
1591 1754 1780 1810 ciliciis
1804 1756 2070 1824 pmniten-
2097 1740 2144 1800 Β
2173 1749 2309 1805 simo
2343 1748 2558 1803 metallo
2586 1749 2775 1804 dentes
2817 1749 2989 1803 instar
3015 1748 3292 1804 durissimi
3339 1746 3560 1817 lapidis
3605 1755 3754 1800 retus-

493 1845 585 1915 t_i:e
609 1851 666 1899 et
689 1852 977 1899 venturum
1002 1843 1262 1913 judicium
1292 1841 1610 1910 formidare,
1641 1845 1785 1914 quod
1815 1845 1907 1915 qui
1930 1844 2075 1902 fece-

494 1939 568 1993 rit
593 1937 891 1992 merebitur
916 1935 1115 1990 Isaiam
1153 1934 1361 2001 audire,
1399 1935 1704 1990 dicentem:
1740 1955 1758 1988 ‹
1796 1935 2078 1992 Conforta-

493 2026 630 2082 mini
658 2041 849 2082 manus
876 2025 1165 2088 dissolute,
1195 2034 1249 2080 et
1290 2041 1465 2098 genua
1505 2026 1703 2083 debilia
1748 2027 2079 2085 roboramini

493 2117 630 2191 (Isa.
664 2116 852 2191 xxxv).
882 2135 903 2170 ι

572 2227 594 2261 ι
617 2209 675 2265 ln
718 2209 868 2266 omni
911 2208 1052 2266 facie
1081 2209 1326 2266 confusio
1349 2216 1405 2265 et
1435 2209 1492 2265 in
1518 2209 1789 2267 universis
1815 2209 2080 2281 capitibus

499 2319 518 2353 ι
548 2299 844 2356 calvitium.
885 2319 905 2352 ι
954 2299 1141 2356 Rubor
1177 2301 1360 2356 vultus
1402 2301 1626 2372 pudoris
1675 2299 1932 2356 indicium
1973 2309 2078 2367 est,

496 2393 828 2449 conscientia
849 2400 1193 2464 peccatorum
1219 2393 1364 2448 lueet
1388 2392 1444 2446 in
1478 2392 1638 2458 facie,
1673 2405 1903 2462 spesque
1933 2389 2080 2446 salu-

497 2485 568 2539 tis
596 2493 699 2550 est,
727 2485 942 2556 quando
972 2484 1229 2540 delictum
1256 2483 1503 2552 sequitur
1536 2481 1883 2538 verecundia.
1926 2479 2084 2538 Unde

496 2576 569 2629 ad
612 2589 759 2641 eam,
791 2589 915 2644 quae
949 2575 1088 2629 duro
1114 2573 1277 2628 corde
1317 2573 1373 2627 in
1408 2572 1521 2628 suis
1553 2572 1788 2642 peccatis
1817 2570 2084 2644 gloriaba-

448 2649 450 2652 r
498 2677 590 2724 tur
612 2708 627 2734 ,
664 2669 866 2724 dictum
895 2677 1016 2724 est:
1047 2687 1068 2720 ‹
1101 2668 1295 2724 Facies
1337 2666 1641 2722 meretricis
1673 2663 1819 2720 facta
1846 2671 1932 2719 est
1959 2662 2076 2728 tibi,

499 2762 678 2817 nescis
701 2762 1025 2817 erubescere
1067 2760 1202 2833 (Jer.
1244 2760 1350 2832 ιιι).
1387 2779 1405 2810 ι
1436 2758 1723 2815 Calvitium
1754 2770 1968 2827 quoque
1993 2769 2084 2811 ca-

499 2852 629 2923 pitis
653 2852 854 2908 luctum
884 2851 1171 2925 signiﬁcat,
1200 2851 1416 2923 quando
1437 2850 1617 2923 perdit
1644 2851 1895 2906 deconem
1917 2863 2085 2906 caesa-

498 2946 608 3001 ries
629 2953 682 3000 et
708 2944 1161 3017 pulchritudinem
1183 2946 1463 3002 comarum
1486 2943 1808 3006 amittimus.
1837 2941 2086 3013 Denique

2177 1841 2392 1898 dantur.
2424 1841 2667 1912 Denique
2695 1842 2939 1911 sequitur
2969 1859 2982 1896 :

2254 1956 2273 1988 (
2305 1936 2558 1991 Animam
2581 1951 2738 1990 suam
2760 1951 2867 1991 non
2894 1935 3231 1999 saturabunt,
3255 1943 3314 1992 et
3336 1942 3583 1990 ventres
3603 1949 3753 1988 eam

2177 2044 2282 2085 non
2338 2027 2717 2098 implebantur.
2778 2047 2797 2080 ›
2853 2027 3218 2083 Praesentibus
3266 2026 3439 2081 malis
3496 2027 3752 2081 diuidam

2178 2119 2378 2176 multos
2397 2118 2591 2175 divites
2611 2119 2753 2174 inter
2779 2119 3035 2184 sericum,
3050 2133 3294 2190 gemmas
3319 2125 3382 2172 et
3404 2117 3542 2172 auri
3563 2118 3753 2187 argem-

2178 2210 2285 2284 que
2329 2211 2570 2282 pondera
2619 2219 2861 2283 egestate
2907 2210 3202 2278 confectos,
3256 2209 3542 2267 habuisse
3587 2212 3749 2266 exitur

2178 2301 2625 2358 mendicantium.
2657 2302 2956 2374 Argentum
2988 2311 3166 2358 autem
3209 2311 3266 2358 et
3318 2317 3536 2358 aurum
3580 2316 3749 2366 tantum.

2179 2394 2274 2466 qui
2299 2402 2454 2450 extra
2486 2394 2782 2465 Ecclesiam
2819 2403 2962 2459 sunt,
2997 2411 3104 2452 non
3135 2395 3380 2453 liberare
3411 2396 3636 2452 animas
3659 2410 3752 2466 pos

2181 2485 2473 2541 sidentium
2506 2487 2562 2541 in
2590 2487 2676 2543 die
2718 2486 2916 2544 furoris
2949 2487 3188 2554 Domini,
3235 2488 3332 2544 sed
3384 2496 3654 2544 sternam
3683 2502 3752 2542 at

2171 2575 2387 2654 habere
2415 2574 2614 2633 famem
2642 2587 2696 2632 et
2724 2578 2868 2634 inani
2910 2588 3101 2636 ventre
3143 2580 3413 2646 cruciari,
3445 2579 3681 2634 ostendit
3711 2579 3750 2630 il-

2180 2666 2273 2722 lud
2298 2668 2666 2724 testimonium
2693 2669 2746 2724 in
2772 2684 2880 2740 quo
2892 2670 3090 2726 dicitur
3116 2688 3131 2724 :
3174 2688 3193 2721 ι
3231 2671 3577 2741 Redemptio
3592 2670 3750 2724 anim

2180 2757 2284 2813 viri
2316 2758 2548 2829 propria:
2596 2759 2800 2815 divitiae
2832 2758 3016 2834 (Prov.
3053 2759 3199 2829 xm).
3238 2779 3257 2812 ι
3291 2759 3553 2832 Propria:
3587 2760 3752 2814 diviti:

2183 2858 2329 2917 sunt,
2359 2865 2495 2919 quas
2523 2865 2620 2905 nos
2648 2849 2849 2920 Christi
2888 2851 3088 2908 veritas
3131 2850 3340 2907 docuit.
3393 2849 3502 2918 Qui
3529 2852 3752 2923 pracepit

2182 2951 2244 2997 ut
2266 2941 2526 2998 faciamus
2551 2943 2706 2999 nobis
2729 2945 2931 2999 amicos
2953 2945 3018 2999 de
3051 2943 3238 3014 iniquo
3267 2959 3595 3000 mammona
3624 2943 3752 3014 (Lac.

501 3036 569 3090 ad
616 3033 917 3090 Jerusalem
970 3035 1166 3093 dicitur
1196 3049 1211 3089 :
1243 3053 1262 3086 ‹
1299 3034 1405 3090 Pro
1444 3040 1763 3090 ornamento
1785 3033 1978 3104 capitis
2005 3030 2082 3087 tui
2119 3095 2154 3104 _
2184 3033 2320 3104 xw),
2343 3033 2436 3102 qui
2470 3047 2568 3088 nos
2595 3034 2860 3104 recipiant
2881 3033 2935 3088 in
2958 3042 3162 3091 aeterna
3193 3035 3576 3091 tabernacula.
3600 3054 3618 3086 ι
3637 3034 3755 3101 Quia

502 3125 728 3182 habebis
752 3125 1028 3181 calvitium
1065 3133 1286 3198 propter
1314 3141 1479 3196 opera
1521 3133 1612 3180 tua
1641 3124 1777 3199 (Isa.
1820 3095 1925 3195 ιιί).
1957 3143 1976 3175 ι
2013 3121 2084 3177 Ει
2110 3095 2155 3161 C
2188 3095 2500 3182 scandalum
2522 3095 2822 3200 iniquitatis
2851 3143 3041 3184 eorum
3063 3129 3266 3185 factum
3294 3138 3405 3185 est.
3448 3151 3468 3182 ι
3513 3095 3756 3201 (ea...)

499 3215 643 3272 idem
685 3216 990 3286 propheta:
1035 3235 1054 3269 ι
1117 3216 1360 3283 Summa,
1408 3217 1600 3288 inquit,
1632 3215 1811 3286 capita
1856 3215 1911 3269 in
1937 3214 2087 3270 omni

500 3304 620 3360 loco
647 3307 1019 3372 attondentur,
1047 3314 1104 3360 et
1126 3306 1304 3361 omnis
1331 3307 1498 3362 barba
1529 3304 1902 3377 radetur(lsa.
1922 3304 2037 3376 xv).
2060 3323 2080 3357 ι

506 3393 762 3450 Μίοιιωίιε
773 3409 987 3465 quoque
1009 3395 1076 3451 ad
1091 3396 1336 3450 eamdem
1355 3395 1654 3451 Jerusalem
1680 3415 1692 3448 :
1723 3415 1741 3447 (
1770 3394 2086 3462 Decalvare,

505 3483 599 3547 ait,
637 3492 693 3538 et
721 3484 946 3539 tondere
980 3497 1142 3554 super
1194 3483 1336 3541 ﬁlios
1380 3485 1693 3542 deliciarum
1724 3495 1958 3552 tuarum,
2008 3485 2090 3540 di-

505 3573 619 3628 lata
661 3567 936 3630 calvitium
984 3584 1155 3642 tuum,
1204 3577 1345 3632 sicut
1388 3578 1566 3647 aquila
1609 3577 1794 3651 (Mich.
1847 3577 1908 3650 ι).
1949 3597 1967 3630 ι
2022 3577 2091 3633 Et

505 3679 668 3735 super
699 3665 928 3720 mortuis
967 3667 1187 3737 jubetur
1215 3667 1334 3723 fieri
1380 3667 1680 3723 calvitium.
1738 3669 1853 3724 Soli
1903 3677 2088 3724 autem

507 3755 703 3821 sancti,
734 3757 838 3811 hoc
861 3765 965 3824 est,
993 3756 1262 3825 Nazaraei,
1290 3767 1346 3813 et
1368 3759 1460 3828 qui
1492 3760 1560 3814 ad
1585 3757 1957 3830 pontificatum
1985 3760 2091 3816 Do-

507 3846 643 3902 mini
681 3849 964 3918 pervenire
1009 3859 1346 3918 mereantur,
1393 3865 1502 3906 non
1532 3849 1730 3906 radunt
1757 3851 1931 3922 capita
1966 3867 2086 3907 sua.

509 3935 696 4008 Neque
737 3938 883 3995 enim
934 3939 1137 3995 habent
1184 3941 1377 3997 mortis
1422 3954 1586 4010 opera
1609 3981 1624 4007 ,
1677 3955 1779 3996 nec
1827 3941 2090 4012 immundi

510 4037 662 4097 sunt,
710 4031 836 4102 quia
882 4029 1148 4100 Nazaraei,
1195 4033 1251 4090 id
1297 4041 1402 4101 est,
1454 4032 1630 4090 sancti
1674 4031 1888 4088 Domini
1941 4042 2088 4091 sunt.

508 4117 666 4186 Quod
690 4120 736 4176 si
764 4119 919 4192 juxta
961 4137 1056 4179 eos
1079 4124 1346 4195 quispiam
1394 4123 1558 4179 fuerit
1588 4134 1855 4192 mortuus,
1901 4139 2094 4182 omnes

513 4209 629 4266 dies
657 4210 873 4280 pristini
921 4227 1030 4268 non
1075 4215 1472 4283 reputabuntur
1513 4214 1957 4272 sanctificationis
2001 4231 2097 4272 eo-

514 4313 658 4352 rum.
689 4297 910 4355 Samuel
933 4299 1030 4356 Dei
1057 4310 1279 4358 sanctus
1304 4313 1443 4369 erat,
1479 4313 1535 4358 et
1573 4312 1860 4374 propterea
1891 4314 2093 4362 aeterna

517 4386 710 4458 capitis
739 4396 1058 4444 ornamenta
1084 4390 1344 4461 possedit,
1375 4393 1686 4463 audivitque
1711 4394 1839 4449 illud
1861 4396 1928 4450 de
1949 4395 2092 4451 Can-

516 4479 627 4536 tico
656 4479 992 4537 canticorum
1018 4500 1031 4536 :
1071 4502 1088 4535 ι
1115 4481 1363 4540 Cincinni
1389 4486 1465 4539 tui
1494 4485 1634 4554 nigri
1659 4487 1802 4542 sicut
1828 4502 2043 4544 corvus.
2073 4509 2092 4542 ι

519 4572 690 4629 Porro
710 4570 962 4642 Samson,
984 4573 1110 4647 quia
1122 4574 1358 4646 perdidit
1381 4591 1614 4644 comam,
1636 4579 1870 4648 perdidit
1889 4578 2100 4635 fortitu-

521 4665 702 4721 dinem
716 4665 916 4738 (ludio.
933 4668 1068 4740 xvr),
1087 4667 1458 4740 paulatimque
1470 4671 1879 4728 renascentibus
1890 4671 2101 4743 capillis

521 4755 667 4811 vires
682 4756 892 4812 rediere
912 4757 1174 4826 pristinae,
1200 4768 1258 4814 ut
1270 4759 1452 4830 plures
1470 4760 1640 4817 multo
1652 4762 1913 4829 moriens,
1934 4777 2100 4832 quam

522 4849 678 4905 vivus
706 4849 1000 4905 occideret.
1038 4850 1281 4918 Elisazus,
1312 4853 1438 4909 licet
1478 4857 1718 4926 corporis
1742 4856 1968 4912 haberet
1990 4853 2102 4910 cal-

526 4939 734 5003 vitium,
769 4947 950 4993 tamen
970 4939 1098 5008 quia
1120 4939 1409 4998 Nazartnus
1435 4945 1649 5002 Domini
1670 4955 1807 5013 erat,
1835 4947 2103 5004 cincinnis

2187 3214 2331 3282 Ideo,
2373 3216 2568 3288 inquit,
2593 3219 2986 3290 possidentium
3025 3235 3219 3275 aurum
3255 3229 3312 3276 et
3337 3231 3657 3292 argentum,
3681 3237 3757 3276 nec

2191 3309 2374 3364 anima
2413 3310 2765 3375 saturabitur,
2799 3326 2900 3367 nec
2927 3319 3116 3366 venter
3137 3312 3469 3382 implebitur,
3502 3315 3645 3383 quia
3682 3313 3755 3368 hoc

2189 3402 2363 3471 ipsum
2394 3415 2584 3456 aurum
2627 3409 2684 3456 et
2724 3410 3007 3474 argentum
3042 3404 3355 3460 scandalum
3385 3403 3668 3461 scelerum
3688 3421 3754 3460 eo-

2189 3509 2308 3548 rum
2357 3491 2560 3549 factum
2607 3501 2710 3550 est.
2757 3493 3036 3566 Significat
3085 3504 3268 3552 autem
3313 3496 3463 3552 idola
3501 3511 3761 3568 queam

2190 3594 2521 3657 argentoque
2557 3585 2820 3644 fabricata
2847 3601 2973 3643 suos
2998 3595 3356 3642 contemnunt
3381 3588 3649 3643 artifices.
3675 3587 3759 3642 Pro

2189 3691 2297 3748 quo
2323 3675 2468 3731 LXX
2484 3677 2898 3745 transtulerunt,
2930 3698 2948 3730 ‹
2976 3677 3113 3746 Quia
3127 3679 3407 3734 cruciatus
3439 3680 3755 3751 iniquitatium

2191 3782 2378 3823 eorum
2400 3765 2523 3833 fuit,
2546 3786 2564 3819 ι
2589 3776 2649 3822 ιιι
2669 3768 2724 3824 in
2749 3783 2850 3825 suo
2875 3768 3046 3839 iniqui
3067 3783 3252 3826 errore
3272 3771 3626 3836 crucientur,
3650 3781 3696 3824 et
3715 3786 3756 3824 se

2193 3860 2503 3931 intelligant
2524 3861 2666 3916 male
2693 3861 2787 3918 Dei
2815 3877 3041 3919 munera
3067 3862 3121 3918 in
3145 3862 3556 3935 blasphemiam
3578 3879 3748 3920 movet

2192 3951 2345 4008 tisse.

2270 4063 2290 4097 ι
2334 4043 2403 4099 Ει
2427 4051 2803 4100 ornamentum
2832 4044 3112 4101 monilium
3139 4060 3364 4102 suorum
3388 4047 3452 4103 in
3482 4050 3755 4120 superbia-

2193 4146 2514 4208 posuerunt.
2567 4137 2637 4194 Et
2677 4139 2940 4211 imagines
2967 4139 3436 4198 abominationum
3465 4159 3684 4201 suarum
3717 4151 3756 4196 et

2197 4229 2611 4298 simulacrorum
2638 4229 2886 4286 fecerunt
2912 4246 2979 4286 ex
3002 4246 3086 4286 eo.
3119 4251 3139 4285 ι
3179 4231 3311 4300 Qua:
3327 4249 3454 4305 ego,
3473 4236 3670 4306 inquit,
3687 4235 3754 4288 de-

2196 4317 2384 4372 deram
2420 4319 2474 4372 in
2501 4327 2884 4383 ornamentum
2908 4322 3325 4390 possidentium,
3355 4333 3530 4394 atque
3559 4327 3758 4384 divitias,

2123 4443 2176 4508 Β
2201 4404 2280 4461 illi
2305 4415 2585 4508 verterunt
2613 4410 2668 4464 in
2711 4411 3041 4481 superbiam,
3096 4421 3157 4467 ut
3195 4400 3264 4469 de
3309 4415 3758 4486 quibuspotemt

2201 4511 2298 4566 per
2341 4496 2712 4568 eleemosynas
2739 4507 2796 4552 et
2829 4499 2972 4554 bona
3005 4515 3173 4571 opera
3201 4516 3358 4556 suam
3385 4503 3638 4559 animam
3664 4504 3752 4557 libo

2203 4599 2327 4641 rare
2371 4600 2439 4640 ex
2483 4586 2588 4642 illis
2619 4587 2883 4644 haberent
2912 4589 3196 4645 materiam
3226 4594 3582 4664 arrogantia.
3632 4594 3759 4649 Deni-

2203 4692 2309 4748 que
2363 4692 2432 4732 ex
2481 4692 2614 4734 auro
2663 4688 2991 4751 argentoque
3037 4679 3282 4737 fecerunt
3334 4683 3510 4751 idola,
3564 4695 3623 4741 et
3671 4698 3760 4739 mea

2202 4785 2430 4826 munera
2461 4771 2516 4825 in
2547 4771 2850 4827 daemonum
2897 4773 3187 4830 simulacra
3229 4783 3544 4832 verterunt.
3599 4777 3762 4833 Facilis

2206 4869 2385 4917 autem
2432 4863 2728 4934 tr0pologia
2775 4864 2920 4934 quod
2949 4879 3138 4920 aurum
3175 4873 3232 4920 et
3260 4877 3550 4938 argentum
3579 4884 3762 4931 sensus,

2206 4960 2262 5006 et
2291 4952 2504 5022 eloquia
2525 4953 2926 5024 Scripturarum
2958 4971 3078 5025 quae
3105 4955 3279 5014 electa
3311 4968 3444 5014 sunt
3490 4962 3694 5025 mundi,
3726 4965 3765 5013 et

525 5029 733 5122 capitis
753 5027 1032 5083 fruebatur
1065 5029 1190 5100 (IV
1229 5031 1360 5103 Reg.
1413 5035 1510 5106 ιι).
1556 5037 1710 5092 Unde
1755 5041 1933 5108 pueri,
1978 5039 2107 5109 quia
2207 5057 2327 5112 quae
2366 5042 2522 5097 nobis
2559 5042 2614 5097 in
2655 5053 3034 5100 ornamentum
3064 5045 3191 5102 data
3217 5055 3364 5114 sunt,
3391 5051 3669 5108 haeretici
3697 5065 3767 5122 po-

526 5117 746 5211 parvu‘li
766 5126 940 5185 erant,
974 5127 1032 5175 et
1069 5123 1300 5177 necdum
1339 5125 1411 5178 ad
1455 5135 1671 5181 aetatem
1703 5129 1809 5183 viri
1849 5143 2109 5201 pervene-
2209 5142 2433 5190 suerunt
2452 5135 2507 5188 in
2534 5133 2848 5202 fomentum,
2877 5145 2933 5192 et
2956 5128 3241 5193 materiam
3267 5143 3564 5211 superbiae,
3584 5155 3645 5199 et
3667 5117 3769 5199 inia-

531 5217 673 5272 rant,
692 5207 974 5268 illudentes
986 5213 1204 5269 calvitio
1220 5213 1336 5284 ejus
1350 5224 1511 5287 atque
1522 5219 1799 5275 dicentes:
1825 5240 1844 5272 ι
1862 5219 2109 5278 Ascende
2212 5222 2365 5293 gines
2389 5222 2722 5277 diversorum
2757 5222 3068 5294 dogmatum
3107 5235 3164 5282 et
3211 5207 3687 5288 abominationum
3707 5239 3769 5285 at-

531 5295 704 5398 calve,
734 5301 962 5356 ascende
989 5302 1163 5369 calve,
1199 5321 1219 5355 ι
1253 5303 1489 5358 ferarum
1523 5305 1710 5361 laniati
1751 5317 1896 5363 sunt
1926 5309 2116 5366 morsi-
2215 5332 2320 5387 que
2342 5317 2785 5374 ofl‘endiculorum
2823 5335 3044 5376 suorum
3080 5320 3325 5379 fecerunt
3360 5341 3430 5380 ex
3466 5327 3574 5393 eis,
3619 5339 3774 5398 ιιιρα

533 5387 654 5453 bus,
674 5402 913 5481 Aquarum
939 5392 1108 5448 saltus
1135 5408 1201 5448 ac
1221 5394 1373 5450 silvae
1396 5404 1525 5452 sunt
1555 5398 1946 5454 habitaculum.
2216 5423 2335 5478 quae
2369 5419 2621 5478 poterant
2648 5411 2825 5468 colere
2849 5420 2904 5468 et
2929 5413 3156 5471 adorare
3187 5413 3379 5481 Deum,
3411 5430 3482 5471 ex
3510 5387 3594 5474 eis
3631 5387 3774 5475 Deam

609 5497 629 5532 ‹
656 5478 955 5550 Argentum
975 5499 1162 5540 eorum
1196 5486 1332 5542 foris
1355 5488 1693 5558 projicietur,
1733 5500 1789 5545 et
1813 5505 2002 5546 aurum
2025 5507 2114 5550 eo-
2217 5501 2558 5558 offenderint.

541 5587 562 5623 ι
590 5585 712 5626 rum
755 5573 810 5627 in
845 5577 1244 5664 sterquilinium
1278 5581 1455 5635 erit.»
1501 5582 1871 5654 Septuaginta.
1907 5587 2114 5656 Argen-
2295 5614 2313 5645 ι
2345 5595 2569 5664 Propter
2617 5596 2720 5652 hoc
2769 5597 2888 5651 dedi
2927 5598 3006 5654 eis
3039 5599 3168 5654 illud
3193 5599 3247 5654 in
3292 5601 3719 5664 immunditiam,
3741 5609 3780 5653 et

538 5671 652 5726 tum
677 5668 867 5726 eorum
909 5662 965 5724 in
997 5668 1192 5740 plateis
1233 5673 1564 5744 projicietur.
1606 5685 1663 5732 et
1711 5693 1903 5734 aurum
1929 5695 2116 5736 eorum
2221 5685 2358 5739 dabo
2403 5662 2530 5739 illud
2584 5687 2635 5740 in
2668 5703 2858 5744 manus
2885 5690 3203 5757 alienorum,
3230 5691 3296 5747 ad
3328 5691 3722 5765 diripiendum,
3743 5703 3788 5746 et
3880 5687 3881 5764 ξ

791 5772 900 5808 μοι
