3938 6360
145 357 238 417 617

1070 352 1422 412 conamur.
1459 352 1528 409 IN
1565 321 2025 410 nzucnmLEu.
2061 379 2134 392 -
2171 349 2301 406 un.
2335 348 2402 405 v.
2486 319 2492 326 ’

3271 309 3381 410 eis

143 468 300 542 impiis
334 473 497 524 terrae
530 466 589 524 in
616 467 874 540 praedam,
901 474 959 524 et
1005 467 1456 524 contaminabunt
1481 465 1633 523 illud.
1669 484 1690 519 ι
1709 447 1777 533 Ἀ
1874 481 1895 516 ¢
1929 462 1997 520 Et
2025 463 2370 533 requiescere
2391 458 2591 516 faciam
2617 458 2925 532 superbiam
2961 445 3296 544 potentium,
3327 475 3384 524 et

142 563 261 632 Quia
295 576 360 618 ex
407 575 542 618 auro
593 567 652 617 et
690 569 914 632 argento
947 568 1002 616 et
1029 560 1367 617 ornamentis
1390 560 1694 627 monilium,

140 670 246 728 qua
266 655 517 711 dederam
545 653 646 721 eis,
673 653 938 727 imagines
965 652 1070 709 sibi
1090 653 1552 710 abominationum
1572 669 1698 710 sua-

140 759 247 804 rum
289 744 810 816 simulacrorumque
851 741 1122 810 fecerunt,
1155 752 1445 815 propterea
1473 745 1592 800 dedi
1617 743 1696 802 eis

138 839 217 897 illa
243 837 294 894 in
323 837 720 894 immunditiam
742 845 800 894 et
827 837 886 893 in
915 845 1178 894 stercora.
1203 835 1313 893 Pro
1325 837 1522 908 quibus
1540 835 1699 909 Sym-

127 931 343 987 ‘machus
370 929 760 1001 interpretatus
787 937 872 990 est
910 945 1186 995 nauseam,
1218 927 1408 985 volens
1432 926 1697 985 idolorum

126 1021 657 1092 sordesexprimere.
696 1041 716 1074 ‹
745 1020 815 1077 Et
842 1023 1074 1087 tradam,
1110 1021 1304 1092 inquit,
1331 1034 1397 1076 ea
1421 1020 1477 1075 in
1504 1007 1698 1076 manus

126 1116 457 1179 -hostium,'ut
494 1113 751 1184 diripiant
781 1114 984 1180 omnia,
1016 1131 1035 1167 ι
1064 1120 1120 1168 et
1153 1128 1260 1169 non
1291 1120 1404 1167 tam
1425 1111 1694 1169 contami-

132 1221 259 1269 nem,
289 1220 449 1276 quam
475 1205 846 1262 contaminata
865 1219 987 1262 esse
1004 1204 1386 1268 demonstrem,
1404 1217 1525 1274 quae
1544 1203 1696 1275 prius

130 1295 435 1352 videbantur
480 1310 602 1352 esse
643 1296 1008 1352 sanctissima.
1051 1295 1162 1352 Nos
1190 1308 1405 1366 quoque
1429 1292 1698 1349 tradimur

128 1386 178 1442 in
206 1403 392 1444 manus
423 1386 765 1444 inimicorum
796 1395 852 1443 et
887 1387 1188 1443 alienorum
1236 1402 1266 1444 a
1300 1385 1433 1453 Deo,
1480 1385 1695 1457 quando

125 1479 343 1536 iacimus
367 1489 688 1537 ornamenta
725 1490 910 1536 nostra
949 1480 1238 1537 simulacra
1277 1480 1601 1545 daemonum,
1640 1483 1696 1534 et

123 1571 291 1628 omnis
316 1571 486 1642 gloria
511 1579 696 1628 nostra
711 1570 1018 1643 possidetur
1057 1571 1125 1627 ab
1165 1570 1364 1642 impiis,
1390 1569 1505 1626 sive
1526 1566 1696 1640 pesti-

121 1660 349 1718 lentibus
379 1668 560 1728 terrae,
583 1670 645 1718 ut
671 1677 772 1718 nos
797 1678 907 1718 suae
928 1661 1216 1734 subjiciant
1239 1661 1517 1733 potestati.

194 1773 212 1805 ι
266 1754 332 1810 Ει
374 1762 616 1811 avertam
663 1753 855 1811 faciem
891 1769 1066 1810 meam
1101 1754 1169 1809 ab
1197 1753 1300 1820 eis,
1336 1761 1392 1809 et
1414 1751 1697 1810 violabunt

1773 563 1827 607 ’‹
1856 552 2206 625 possidebunt
2257 549 2567 608 sanctuaria
2605 546 2819 608 eorum.
2856 571 2876 606 ι
2924 550 3216 638 Propterea
3253 572 3382 630 pes-

1799 646 1926 702 simi
1967 644 2209 718 gentium
2245 642 2599 717 possidebunt
2645 642 2838 699 domus
2873 633 3175 715 petentium
3201 655 3263 726 et
3285 663 3382 705 su-

1761 801 1767 806 ,
1799 741 2111 812 perborum,
2143 745 2198 795 et
2222 736 2545 814 obtinebunt
2570 735 2880 822 sanctuaria
2909 750 3118 805 eorum,
3151 738 3278 812 quia
3307 739 3386 798 lo-

1779 827 1926 889 cum
1950 830 2321 912 sanctimoniae
2371 845 2598 910 spurcus
2654 827 2974 899 ingreditur,
3029 839 3087 886 et
3123 845 3383 910 usuateum

1783 919 2136 980 contaminat
2169 921 2532 980 immunditia.
2591 919 2971 995 Signiﬁcanter
3027 930 3232 990 autem,
3257 925 3382 1003 quia

1798 1013 2002 1086 polluta
2021 1011 2240 1071 fuerant
2268 1021 2456 1071 sancta
2482 1013 2600 1082 Dei,
2635 1021 2690 1069 et
2706 1013 2967 1070 violatum
2998 1029 3255 1074 arcanum
3278 1025 3381 1081 εει,

1798 1122 1907 1164 non
1934 1107 2092 1175 dixit,
2123 1105 2478 1184 possidebunt
2505 1107 2814 1179 sanctuaria
2838 1121 2986 1186 mea,
3011 1108 3110 1166 sed
3135 1115 3386 1172 sanctua-

1785 1187 1882 1258 iria
1937 1214 2147 1266 eorum,
2212 1199 2342 1270 quia
2382 1205 2508 1270 post
2554 1199 3073 1256 contaminationem
3117 1214 3389 1270 meaesse

1791 1299 2168 1348 cessaverunt.
2382 1358 2386 1360 _
2619 1355 2623 1360 η
2904 1328 2906 1330 τ
3141 1343 3144 1346 .
3171 1341 3195 1360 _
3251 1339 3254 1350 ,

1808 1377 1812 1382 ’
1875 1403 1894 1437 ‹
1922 1383 2187 1454 Angustia
2205 1358 2639 1456 superveniente,
2665 1384 2946 1458 requirent
2967 1358 3388 1462 pacem,etlumi

1789 1469 1824 1527 ἀ
1855 1471 1980 1530 erit.
2010 1494 2030 1527 ι
2052 1473 2269 1543 Quatret
2289 1482 2468 1530 autem
2479 1488 2674 1546 pacem
2695 1483 2752 1530 et
2770 1491 2878 1552 non
2898 1476 3158 1542 inveniet,
3182 1476 3274 1546 qui
3289 1491 3388 1540 nu-

1797 1565 1932 1623 divit
1955 1565 2024 1621 ab
2049 1566 2345 1637 apostolis:
2380 1584 2398 1617 ‹
2428 1565 2541 1622 Pax
2570 1567 2699 1646 huic
2717 1567 2900 1624 domui
2928 1566 3145 1639 (Matth.
3168 1567 3249 1640 x),
3277 1588 3304 1622 1
3331 1577 3390 1623 et

1795 1675 1906 1717 non
1920 1661 2159 1726 servavit
2177 1676 2322 1728 eam,
2345 1675 2446 1716 nec
2471 1659 2599 1716 fecit
2620 1660 2676 1716 in
2701 1676 2798 1716 sua
2818 1669 3004 1718 mente
3021 1661 3383 1732 requiescere,

1796 1757 1892 1811 sed
1925 1747 2095 1811 malis
2143 1754 2386 1829 fugatam
2436 1754 2692 1825 operibus
2739 1769 2847 1811 non
2885 1760 3066 1826 potest
3115 1753 3382 1815 inuenire.

120 1865 141 1898 ‹
179 1861 435 1902 arcanum
479 1863 679 1913 meum,
711 1854 767 1903 et
797 1847 1095 1903 introibunt
1127 1844 1182 1900 in
1226 1844 1356 1900 illud
1404 1843 1695 1911 emissarii,
1723 1839 1774 1904 B
1806 1864 1826 1900 ι
1853 1845 1972 1918 Ipsa
1999 1854 2084 1903 est
2101 1846 2246 1904 enim
2273 1861 2377 1918 pax
2400 1859 2520 1921 qua:
2537 1854 2828 1916 exsuperat
2851 1859 3067 1902 omnem
3087 1859 3331 1910 sensum,
3351 1863 3380 1896 ιι

120 1955 139 1990 ι
173 1946 230 1993 et
258 1937 699 1994 contaminabunt
717 1937 870 1994 illud.
909 1956 929 1990 ι
962 1935 1119 2004 Cum,
1143 1936 1340 2006 inquit,
1360 1943 1584 2007 propter
1605 1951 1696 1991 su-

113 2027 352 2098 periores
386 2041 580 2083 causas
615 2026 1082 2082 abominationum
1108 2025 1311 2096 populi,
1345 2031 1595 2080 avertero
1617 2023 1698 2079 fa-

113 2118 252 2173 ciem
279 2131 458 2173 meam
500 2118 569 2172 ab
608 2117 711 2184 eis,
740 2123 797 2172 et
824 2130 1167 2188 nequaquam
1209 2129 1303 2171 eos
1336 2114 1526 2186 dignos
1559 2115 1696 2172 meis

116 2207 282 2263 oculis
307 2206 645 2277 judicavero,
689 2214 822 2262 tunc
873 2205 1153 2262 violabunt
1193 2219 1454 2261 arcanum
1483 2219 1692 2272 meum;

111 2301 252 2370 quod
283 2299 554 2372 signiﬁcat
589 2307 777 2356 sancta
804 2305 1135 2355 sanctorum.
1169 2297 1276 2353 Pro
1317 2313 1426 2369 quo
1465 2296 1694 2370 Septua-

113 2393 258 2462 ginta
281 2403 515 2463 posuere
540 2411 553 2447 :
584 2391 654 2448 Et
686 2393 989 2463 irrumpent
1017 2391 1072 2446 in
1100 2407 1164 2447 ea
1191 2390 1343 2462 impii
1371 2400 1427 2446 et
1444 2391 1699 2463 pestilen-

112 2493 189 2540 tes
218 2493 398 2550 terrae,
427 2497 550 2556 qua:
584 2485 826 2555 exceptis
864 2483 1242 2541 sacerdotibus
1270 2484 1492 2555 soloque
1518 2483 1700 2558 ponti-

110 2575 231 2641 iice,
259 2575 445 2631 nullus
476 2575 614 2631 alius
643 2576 879 2631 audebat
906 2575 1130 2641 intrare,
1167 2577 1311 2647 quod
1335 2576 1549 2633 scimus
1585 2585 1642 2634 et
1667 2593 1698 2634 a

107 2667 421 2740 Babyloniis
447 2676 502 2724 et
522 2683 552 2723 a
583 2677 712 2740 rege
743 2668 1014 2726 Antiocho
1046 2668 1305 2741 Cneoque
1334 2669 1612 2743 Pompeio,
1645 2677 1701 2726 et

106 2762 173 2816 ad
201 2769 512 2817 extremum
543 2760 744 2817 factum
794 2776 914 2818 esse
948 2761 1049 2817 sub
1092 2761 1426 2836 Vespasiano
1471 2773 1527 2821 et
1551 2765 1696 2833 Tito,

105 2853 324 2922 quando
360 2851 618 2921 templum
659 2859 878 2920 captum
922 2860 1085 2922 atque
1132 2853 1455 2910 subversum
1503 2863 1608 2921 est,
1645 2862 1701 2910 et

101 2944 290 2999 omnia
343 2949 654 3014 perpetrata
717 2958 838 3013 quae
903 2956 1137 3013 sequens
1192 2945 1468 3015 prophetae
1519 2959 1700 3001 sermo

103 3032 505 3104 complectitur.
535 3031 620 3087 Ad
666 3042 854 3088 nostra
892 3047 1106 3104 quoque
1139 3033 1279 3088 mala
1309 3048 1472 3105 opera
1506 3035 1702 3091 avertit

101 3123 247 3180 Deus
281 3123 482 3178 faciem
511 3138 683 3179 suam.
730 3124 801 3179 Et
828 3125 957 3194 quia
985 3139 1176 3180 aversa
1215 3133 1301 3180 est
1325 3123 1531 3192 "facies,
1579 3125 1700 3180 ideo

1795 1949 1851 1996 et
1871 1955 2032 2011 quam
2053 1940 2125 2006 ad
2140 1937 2359 1996 Patrem
2378 1938 2555 1996 victor
2577 1937 2877 1996 ascendens
2898 1936 3149 1994 Salvator
3163 1945 3385 2008 aposto-

1791 2029 1864 2108 ilis
1894 2028 2182 2101 dereliquit
2217 2028 2400 2102 (Joan.
2434 2028 2570 2108 xxv).
2623 2095 2628 2100 Α
2955 2061 2958 2064 ~
3027 2083 3029 2085 ,
3085 2067 3106 2084 ..
3238 2067 3242 2072 ι
3277 2064 3281 2072 -

1876 2140 1896 2173 ι
1937 2121 2293 2178 Conturbatio
2312 2135 2477 2192 super
2494 2121 2965 2177 conturbationem
2987 2120 3190 2187 veniet,
3215 2129 3386 2184 etau-

1803 2230 1824 2266 ε
1856 2213 2002 2278 ditus
2042 2227 2207 2285 super
2231 2211 2496 2278 auditum.
2529 2209 2868 2284 i'Quomodo
2911 2212 3122 2278 sanctis,
3145 2211 3383 2277 dicitur:

1805 2301 1826 2360 ι
1846 2304 2110 2370 Gaudete,
2127 2303 2324 2358 iterum
2339 2302 2460 2374 dico
2477 2320 2490 2356 :
2509 2301 2780 2370 Gaudete;
2793 2323 2817 2358 ›
2831 2312 2888 2360 et
2899 2304 2967 2358 de
2981 2303 3111 2374 ipsis
3122 2303 3385 2372 scriptum

1797 2404 1882 2453 est
1899 2414 1924 2474 εἰ
1939 2415 1957 2447 ι
1976 2395 2136 2464 Ibunt
2151 2394 2217 2451 de
2232 2393 2434 2449 virtute
2453 2392 2809 2464 invitantem,
2821 2413 2850 2448 .›
2871 2401 2932 2448 ιιι
2943 2393 3386 2473 praesentjahwa

1797 2486 1999 2568 futuris
2025 2486 2184 2562 bonis
2212 2485 2492 2560 cumulem
2516 2503 2531 2540 :
2560 2487 2638 2549 sic
2657 2494 2714 2552 et
2736 2487 3038 2558 his,.,sup,e_r
3060 2485 3391 2557 quos.th

1800 2578 2071 2658 angustia,
2087 2585 2141 2633 et
2159 2577 2254 2648 qui
2274 2578 2842 2650 quaesieruntpacem,
2855 2585 2910 2640 et
2930 2593 3038 2640 non
3053 2577 3390 2641 invenerunt

1800 2683 1920 2725 eam
1945 2687 1958 2724 :
1992 2687 2021 2742 ι⁴
2039 2668 2235 2726 Veniet
2263 2668 2606 2744 conturbatio
2639 2683 2804 2742 super
2826 2669 3383 2736 conturbationem”?

1802 2747 1916 2818 sive
1936 2775 2018 2816 vae
2043 2775 2205 2833 super
2227 2775 2330 2826 vae,
2346 2759 2502 2830 juxta
2524 2761 2669 2832 quod
2690 2760 2747 2817 in
2767 2761 3094 2834 Apocalypsi
3125 2761 3390 2833 scriptum

1800 2859 1885 2908 est
1901 2869 1913 2905 :
1937 2871 1956 2903 ι
1971 2852 2061 2908 Vae
2074 2839 2423 2920 unum'abiit,
2443 2861 2501 2906 et
2520 2866 2602 2906 vae
2622 2849 2854 2907 alterum
2872 2852 3020 2908 venit
3039 2851 3224 2923 (Apoc;
3245 2849 3386 2923 ιι.).ρ

1879 2962 1898 2994 ι
1931 2942 2000 2996 Et
2023 2943 2242 2997 auditus
2261 2943 2446 2998 veniet
2474 2957 2639 3014 super
2657 2943 2926 3010 auditum,
2948 2943 3394 3014 numinisque“.-

1808 3029 1841 3087 .‘
1863 3032 2254 3106 per_nuntium,
2291 3051 2310 3085 ι
2339 3031 2498 3102 juxta
2521 3033 2655 3090 illud
2685 3034 2831 3096 beati
2865 3033 2967 3090 Job
2995 3051 3011 3089 :
3036 3033 3172 3092 Cum
3213 3035 3394 3094 adhuc

1803 3140 1945 3184 unus
1972 3123 2478 3195 loqueretur,,venit
2491 3122 2629 3180 alius
2649 3123 2873 3179 nuntius
2893 3123 3037 3182 mala
3053 3138 3396 3196 περαιωθ-

98 3216 197 3271 Dei
230 3214 473 3271 violatur
495 3231 772 3282 arcanum,
802 3224 864 3272 ut
881 3232 982 3288 pro
1011 3217 1384 3275 sacerdotibus
1411 3226 1468 3274 et
1495 3219 1700 3276 sanctis
1727 3195 1774 3260 C
1804 3213 1901 3283 lis;
1934 3223 1989 3270 et
2019 3211 2501 3286 appropinquantis
2523 3211 2816 3287 Babylonis
2841 3195 3396 3279 fremitumiturbamw

95 3306 194 3362 Dei
240 3307 563 3378 pestilentes
618 3308 1012 3380 ingrediantur,
1057 3315 1112 3364 et
1141 3308 1395 3365 universa
1432 3308 1701 3365 contami-

96 3406 258 3467 nent,
297 3400 474 3469 utqui
503 3397 654 3455 locus
678 3412 799 3454 esse
834 3399 1018 3455 debuit
1053 3399 1383 3467 sanctitatis,
1419 3398 1514 3453 ﬁat
1551 3398 1702 3456 locus

93 3491 487 3557 immunditiae,
525 3490 680 3561 juxta
710 3489 840 3546 illud
875 3492 1247 3563 evangelicum
1273 3509 1288 3546 ε
1319 3511 1337 3543 ‹
1367 3493 1572 3548 Domus
1596 3492 1703 3548 Pa-

93 3582 201 3638 tris
231 3582 368 3648 mei,
406 3583 600 3638 domus
627 3581 894 3638 orationis
916 3583 1221 3650 vocabitur,
1257 3596 1356 3638 vos
1399 3589 1581 3638 autem
1618 3582 1701 3636 fe-

90 3675 263 3731 cistis
287 3674 437 3730 illam
466 3675 778 3746 speluncam
804 3675 1094 3731 latronum.
1135 3694 1156 3728 ι

171 3785 194 3819 ι
227 3765 348 3823 Fac
369 3767 794 3834 conclusionem,
820 3768 1075 3838 quoniam
1097 3775 1245 3823 terra
1263 3767 1426 3838 plena
1454 3777 1540 3824 est
1562 3765 1700 3837 judi-

94 3877 116 3910 ¢
150 3859 251 3915 cio
284 3860 631 3931 sanguinum,
673 3865 729 3915 et
776 3859 969 3914 civitas
1005 3859 1164 3928 plena
1202 3858 1513 3928 iniquitate.
1553 3877 1572 3910 ι
1601 3857 1706 3930 lgi-

85 3959 210 4016 tur,
242 3965 283 4006 o
316 3951 604 4021 propheta,
642 3950 783 4005 iram
813 3963 992 4004 meam
1019 3964 1183 4021 super
1210 3957 1412 4004 terram
1464 3947 1706 4005 Judaeam

81 4049 143 4097 et
172 4055 358 4111 super
381 4040 574 4096 urbem
603 4038 905 4096 Jerusalem
935 4040 1089 4096 brevi
1120 4055 1372 4096 sermone
1418 4040 1706 4109 conclude,

75 4141 146 4186 ut
181 4129 651 4202 quomodoterra
686 4129 847 4200 plena
886 4128 1092 4198 judicio
1133 4129 1478 4201 sanguinum,
1518 4145 1708 4188 omnes

71 4221 257 4277 enim
307 4218 362 4274 in
405 4220 670 4292 sanguine
711 4219 1031 4290 judicantur
1085 4222 1375 4278 fundentes
1425 4221 1709 4278 innoxium

72 4311 454 4384 sanguinem,
501 4312 644 4380 quod
672 4320 726 4368 et
755 4313 810 4368 in
838 4312 1104 4369 Nabuthae
1131 4327 1366 4385 persona
1393 4310 1588 4370 fecisse
1617 4312 1710 4370 Ju-

76 4407 254 4462 daaos
301 4401 585 4474 Scriptura
617 4413 1031 4472 commemorat,
1079 4407 1158 4462 sic
1201 4406 1446 4476 ipsorum
1494 4421 1710 4478 quoque

75 4496 372 4551 fundatur
411 4509 595 4559 cruor,
637 4503 694 4550 et
721 4493 880 4566 plena
910 4495 1214 4566 iniquitatis
1247 4497 1440 4552 civitas
1484 4497 1711 4554 demon-

1803 3324 1910 3380 que
1933 3307 2268 3376 describens,
2300 3307 2616 3380 subjungit:
3216 3347 3220 3352 ,

1879 3417 1899 3450 ι
1935 3397 2006 3455 Et
2030 3407 2277 3470 quaerent
2304 3398 2570 3455 visionem
2593 3399 2661 3455 de
2683 3398 2968 3470 propheta,
2998 3405 3056 3455 et
3077 3397 3170 3454 lex
3194 3397 3398 3469 peribit

1809 3509 1828 3569 ς
1859 3506 1892 3546 a
1911 3491 2198 3548 sacerdote
2218 3531 2234 3560 ,
2258 3499 2315 3548 et
2343 3491 2631 3548 consilium
2658 3508 2691 3548 a
2727 3489 3052 3547 senioribus.
3103 3507 3126 3542 ι
3165 3487 3396 3561 Pmprie

1804 3581 2016 3654 singula
2048 3591 2366 3652 quaeruntur
2393 3599 2422 3636 a
2457 3583 2705 3655 singulis,
2732 3582 3048 3638 vaticinium
3081 3581 3394 3638 futurorum

1805 3675 2068 3746 quaeritur
2094 3690 2125 3729 a
2151 3675 2434 3746 propheta.
2467 3675 2631 3747 Legis
2679 3674 3058 3746 interpretatio
3095 3672 3398 3730 sacerdotis

1804 3766 2040 3823 ollicium
2070 3776 2176 3833 est,
2204 3767 2442 3838 prudens
2463 3767 2750 3824 consilium
2773 3777 2909 3825 tetas
2936 3774 3154 3832 matura.
3178 3765 3422 3836 perqui»

1807 3869 1911 3924 ret,
1935 3859 2092 3929 juxta
2117 3857 2247 3914 illud
2277 3859 2420 3929 quod
2451 3859 2716 3929 scriptum
2743 3868 2831 3916 est
2863 3873 2880 3913 :
2916 3877 2936 3911 ι
2969 3856 3029 3914 1n
3053 3858 3279 3916 consilio
3304 3856 3396 3926 ju-

1807 3958 2015 4006 storum
2036 3957 2092 4004 et
2111 3949 2534 4022 congregatione
2560 3964 2758 4020 magna
2779 3963 2946 4020 opera
2971 3948 3189 4006 Domini
3217 3945 3393 4020 (Beat.

1808 4039 1920 4113 cx).
1951 4061 1971 4095 ›
2002 4040 2130 4096 Haec
2159 4049 2343 4097 autem
2363 4056 2473 4096 non
2501 4040 2679 4096 solum
2702 4042 2758 4096 in
2787 4042 2882 4102 illo
2912 4042 3399 4110 temporequando

1809 4129 2137 4206 Babylonius
2187 4137 2377 4187 contra
2413 4130 2716 4192 Jerusalem
2747 4130 3002 4186 veniebat
3021 4129 3321 4187 exercitus.
3352 4130 3402 4186 A

1811 4221 2113 4298 prophetis,
2143 4219 2541 4288 sacerdotibus,
2580 4227 2636 4276 et
2649 4219 2976 4278 senioribus
2994 4221 3397 4291 quaerebantur,

1813 4314 1908 4370 sed
1946 4311 2188 4382 quotidie
2221 4311 2279 4367 in
2300 4311 2550 4368 ecclesiis
2586 4311 2976 4383 requiruntur;
3007 4314 3215 4383 mei.
3235 4314 3401 4370 vieiot.

1812 4421 1958 4476 nem.
2009 4403 2182 4478 legem
2223 4405 2619 4476 consiliumque
2645 4405 3006 4477 perdiderint,
3034 4406 3402 4478 ἠθείη-βινο-

1811 4500 2007 4572 phetas
2037 4508 2094 4556 et
2138 4498 2446 4556 sacerdotes
2481 4505 2538 4556 et
2574 4499 2818 4564 seniores
2855 4499 3058 4556 habere
3087 4515 3147 4556 se
3169 4499 3400 4569 jactanl.

76 4596 336 4645 stretur.
366 4585 501 4641 Nam
527 4595 584 4641 et
609 4588 709 4644 sub
723 4586 971 4644 Manasse
998 4589 1203 4660 repleta
1229 4597 1315 4646 est
1335 4590 1468 4646 urbs
1489 4587 1709 4647 Jerusa-

75 4679 202 4734 lem
238 4692 278 4731 a
316 4685 476 4748 porta
524 4692 700 4748 usque
737 4678 807 4733 ad
853 4685 1068 4748 portam
1110 4679 1374 4751 sanguine
1416 4682 1710 4752 propheta-

75 4786 247 4826 rum.
290 4768 595 4839 Venietque
636 4769 717 4824 eis
759 4769 1036 4825 conclusio
1074 4777 1129 4825 et
1165 4772 1506 4841 perturbatio
1549 4779 1711 4841 atque
1813 4775 2121 4838 Judaeorum
2145 4774 2316 4830 fuisse
2335 4771 2882 4838 moeroreconfectos,
2909 4769 3400 4840 sancta-Scriptura

73 4861 372 4928 conﬁxio,
398 4868 460 4916 ut
481 4861 665 4918 nullus
705 4863 772 4918 de
810 4861 1218 4918 imminentibus
1261 4862 1498 4920 miseriis
1541 4864 1714 4936 possit
1814 4873 2226 4923 commemorat.
2242 4865 2540 4921 Possumus
2552 4873 2752 4930 autem,
2774 4877 3084 4934 quanquam
3100 4863 3206 4919 hoc
3226 4861 3402 4933 prima

75 4955 373 5012 evadere.
1815 4960 1996 5016 fronte
2025 4957 2273 5013 videatur
2312 4970 2432 5012 esse
2471 4955 2862 5027 blasphemum,
2905 4968 3086 5025 regem
3127 4953 3400 5024 lugentem

166 5067 190 5099 ς
230 5044 316 5102 Et
357 5045 624 5103 adducam
659 5047 926 5118 pessimos
961 5049 1027 5104 de
1065 5048 1340 5120 gentibus,
1373 5057 1428 5104 et
1460 5047 1709 5120 posside-
1812 5061 2003 5112 nostra
2030 5049 2162 5106 vitia
2197 5057 2364 5121 atque
2393 5057 2614 5120 peccata
2640 5047 2917 5106 Christum
2948 5046 3156 5112 dicere,
3206 5045 3300 5116 qui
3325 5043 3406 5099 lo—

84 5157 114 5190 ‹
139 5137 310 5194 bunt
339 5138 533 5194 domus
558 5153 766 5214 eorum.
799 5158 818 5192 ι
850 5137 958 5195 Pro
985 5139 1360 5196 sacerdotibus
1391 5147 1448 5195 et
1472 5139 1710 5211 prophe-
1813 5148 2000 5220 quitur
2013 5145 2066 5200 in
2079 5143 2311 5201 Psalmis
2329 5161 2342 5198 :
2358 5142 2518 5210 «Quae
2539 5142 2748 5201 utilitas
2763 5143 2818 5197 in
2834 5138 3096 5210 sanguine
3110 5151 3254 5203 meo,
3272 5137 3402 5192 dum

74 5227 160 5282 tis
212 5227 503 5298 pessimos
541 5235 860 5283 cunctarum
888 5231 1129 5300 gentium
1170 5230 1437 5286 adducam
1476 5229 1710 5302 Babylo-
1814 5233 2084 5294 descendo
2115 5235 2171 5291 in
2213 5234 2616 5306 corruptionem
2649 5230 2823 5304 (Psal.
2845 5228 3036 5302 xxix)?
3059 5247 3080 5282 ι
3113 5229 3184 5284 Et
3207 5242 3405 5300 appro-

75 5318 248 5385 nios,
288 5327 354 5372 ut
382 5319 576 5374 domus
595 5327 808 5375 vestras
829 5320 1165 5391 possideant,
1186 5336 1393 5392 vosque
1421 5319 1699 5392 subjiciam

1813 5330 2088 5403 pinquans
2099 5325 2426 5394 Jerusalem,
2447 5325 2597 5382 ﬂevit
2623 5339 2786 5395 super
2806 5337 2928 5379 eam
2941 5330 3004 5378 et
3016 5320 3184 5378 dixit:
3210 5340 3229 5374 ι
3248 5319 3405 5375 Jeru-

73 5407 394 5464 servituti.
451 5405 560 5463 Sed
611 5415 666 5465 et
715 5418 935 5467 nostras
989 5411 1204 5478 domus,
1248 5411 1304 5466 id
1349 5419 1434 5467 est
1475 5412 1710 5479 animas,
1816 5421 2008 5488 salem,
2045 5419 2365 5485 Jerusalem,
2391 5433 2515 5490 qua:
2542 5415 2748 5473 occidis
2773 5415 3089 5486 prophetas,
3112 5419 3171 5468 et
3194 5408 3406 5482 lepidas

75 5499 386 5571 templum
411 5501 557 5556 enim
594 5499 690 5556 Dei
718 5517 926 5570 sumus,
956 5511 1012 5560 et
1031 5501 1269 5574 Spiritus
1301 5511 1521 5560 sanctus
1554 5505 1711 5561 habi-
1815 5513 2014 5570 missos
2056 5513 2124 5568 ad
2170 5523 2240 5578 te,
2277 5512 2493 5584 quoties
2516 5510 2661 5568 volui
2706 5521 3038 5580 congregare
3074 5505 3216 5562 ﬁlios
3255 5511 3399 5569 tuos,

74 5603 172 5650 tat
223 5593 299 5649 in
335 5593 511 5662 nobis,
559 5597 915 5667 possidebunt
941 5596 1165 5669 pessimi
1193 5597 1490 5667 daemones,
1516 5598 1564 5655 si
1591 5597 1712 5655 fue-
1816 5601 2169 5676 sicutgallina
2196 5610 2492 5676 congregat
2506 5600 2683 5674 pullos
2696 5598 3222 5664 suossubalassuas,
3238 5602 3296 5650 et
3309 5607 3409 5649 no-

70 5689 164 5742 rit
239 5692 404 5740 terra
461 5697 648 5744 nostra
694 5689 855 5760 plena
901 5690 1276 5762 sanguinibus,
1340 5697 1397 5747 et
1446 5689 1716 5748 habitatio
1817 5693 1968 5759 luisti
1999 5693 2414 5765 (Matth.xxm)!
2451 5692 2773 5764 iPrincipes
2793 5687 3407 5764 quoquevelinbonam

70 5779 276 5852 plena
319 5778 639 5850 iniquitatis.
1818 5793 2030 5846 partem
2065 5786 2296 5858 apostoli
2340 5794 2520 5855 erunt,
2553 5786 2647 5857 qui
2669 5786 2853 5860 lugent
2877 5789 3222 5856 peccatores;
3245 5776 3332 5835 vel
3353 5777 3410 5832 in

495 5873 766 5938 PATBOL.
811 5877 947 5942 CX.

2853 5877 2932 5938 20

1890 4612 1908 4646 ι
1940 4591 2059 4648 Rex
2104 4591 2330 4663 lugebit,
2365 4598 2421 4648 et
2446 4591 2722 4663 principes
2757 4591 3049 4646 induentur
3088 4587 3346 4645 maerore.
3375 4609 3395 4640 ι

1813 4683 2046 4742 Luxisse
2073 4692 2255 4741 autem
2283 4683 2590 4749 Sedeciam,
2617 4691 2676 4737 ct
2698 4695 2889 4738 omnes
2906 4680 3179 4750 principes
3217 4679 3402 4750 populi
