3938 6360
511 365 619 427 610
1181 362 1245 421 Β.
1286 361 1541 421 MBAN]
1574 363 1795 421 MAURI
1827 361 2149 420 ARGHIEP.
2190 361 2503 420 IIOGUNT.
2540 357 2829 419 OPERUI!
2855 360 3036 419 PARS
3071 361 3138 419 ll.
3716 358 3819 421 ω

509 478 842 542 contrariam
871 478 951 534 illi
981 477 1181 550 quibus
1200 477 1401 534 dicitur
1431 495 1446 532 :
1483 475 1729 533 tAudite
1745 476 1971 533 verbum
2000 476 2105 532 Do—
2128 480 2185 544 Α
2207 476 2420 548 fugiens
2837 473 3219 541 multitudinis,
3263 481 3509 531 ene-es
3554 470 3714 529 ludi
3742 488 3820 530 se-

510 571 667 639 mini,
684 571 960 644 principes
975 567 1333 626 Sodomorum
1348 568 1488 643 (ha.
1509 567 1608 641 1).»
1636 585 1659 622 ι
1680 567 2095 639 induciturque,»
2207 570 2407 627 dabam
2432 585 2618 627 coram
2643 584 2731 637 eo,
2756 568 2844 627 vel
2868 570 3148 642 propheta
3166 568 3331 625 verba
3354 568 3565 625 audire
3594 566 3816 639 uspia-

501 664 663 737 juxta
700 660 1083 736 Septuaginta,
1126 680 1147 715 ι
1186 662 1443 728 interitu,
1480 662 1575 733 qui
1602 676 1712 718 non
1734 661 1900 717 habet
1918 674 2102 716 ιιι-ω·-
2204 671 2308 729 tes,
2347 662 2434 718 vel
2463 661 2785 718 insidiantes
2821 662 3167 720 sermnibus
3194 660 3337 731 duo.
3378 660 3817 733 Μ

508 767 692 816 turam
714 757 951 823 Deimec
964 755 1182 812 indutus
1198 763 1288 813 est
1306 754 1543 812 Christo.
1565 773 1586 810 ι
1623 768 1643 809 t
1661 754 1935 826 Quotquot
1958 755 2105 811 enim

517 851 576 905 in
597 847 822 905 Christo
850 847 1112 919 baptisati
1141 856 1287 912 sunt,
1316 844 1597 904 Christum
1624 846 1919 904 induerunt
1958 844 2100 919 (Gal.

512 942 619 1015 ιιι).
633 963 654 997 ι
686 961 705 996 ι
724 942 795 999 Et
812 958 1010 999 manus
1022 941 1204 1014 populi
1220 949 1382 999 terrae
1404 943 1889 1000 conturbabuntur.
1912 961 1935 997 ι
1952 941 2099 1010 Sive,

504 1036 662 1107 juxta
684 1035 1065 1109 Septuaginta,
1096 1055 1119 1090 ι
1138 1036 1521 1094 dissolvuntur.
1544 1055 1564 1090 ι
1590 1037 1818 1105 Quando
1840 1038 1978 1094 visio
1994 1044 2104 1093 non

508 1126 677 1186 fuerit
707 1131 763 1186 in
787 1130 1077 1202 propheta,
1101 1137 1160 1185 et
1179 1129 1315 1203 legis
1340 1131 1568 1187 scientia
1608 1130 1665 1185 in
1707 1132 2009 1196 sacerdote,
2048 1136 2107 1186 et

509 1223 799 1281 consilium
823 1224 879 1278 in
900 1223 1142 1290 senibus,
1167 1232 1373 1294 mque
1395 1224 1615 1291 intrarit,
1640 1233 1696 1283 et
1715 1225 1968 1297 princeps
1989 1223 2103 1281 fw

454 1298 461 1307 ’
508 1313 582 1368 rit
606 1313 662 1369 in
692 1327 927 1370 mcerore
957 1313 1073 1370 sive
1118 1313 1175 1369 in
1219 1314 1465 1381 interitu,
1504 1324 1903 1385 consequenter
1926 1325 1985 1372 et
2008 1330 2104 1388 po-r

502 1405 616 1478 puli
635 1420 833 1463 manus
853 1407 1323 1464 contnrbabuntur
1343 1422 1503 1464 suum
1517 1410 1813 1480 perdentes
1828 1411 2101 1481 ordinem,

448 1492 449 1495 “
505 1497 621 1553 sive
667 1496 1053 1565 dissolvantur,
1102 1498 1379 1569 antiquam
1422 1498 1799 1557 fortitudinem
1839 1514 1949 1560 non
2004 1504 2102 1559 ha-

502 1590 716 1645 bentes.
759 1588 1101 1660 Pulchreque
1138 1604 1249 1646 non
1289 1590 1521 1663 populus
1566 1592 1662 1649 Dei
1688 1593 1907 1661 dicitur,
1945 1595 2103 1665 cujus

505 1678 870 1737 turbabuntur
891 1697 1110 1750 manu,
1136 1691 1193 1738 et
1213 1681 1369 1753 cujus
1388 1697 1499 1739 non
1530 1693 1617 1741 est
1637 1685 2003 1759 municipatus
2043 1689 2101 1743 in

504 1770 662 1838 coelo,
686 1772 782 1829 sed
808 1772 1040 1844 populus
1066 1783 1250 1841 terrae,
1279 1775 1347 1831 de
1368 1790 1477 1847 quo
1504 1777 1771 1849 scriptum
1798 1782 1925 1835 est:
1953 1794 1974 1833 ι
1995 1778 2104 1836 Rea

502 1865 763 1921 cedentes
791 1880 822 1920 a
850 1872 907 1921 te
930 1880 1097 1938 super
1114 1874 1318 1923 ternm
1344 1869 1673 1926 scribentur.
1711 1886 1731 1922 ι

576 1973 597 2009 ι
627 1955 938 2015 Secundum
958 1958 1104 2014 viam
1132 1973 1324 2015 eorum
1350 1960 1549 2017 faciam
1570 1962 1672 2029 eis,
1702 1968 1761 2019 et
1792 1963 2107 2020 secundum

508 2067 526 2100 ι
547 2047 750 2117 judicia
781 2064 970 2106 eorum
1007 2048 1266 2121 iudicabo
1292 2064 1407 2121 eos,
1438 2070 1459 2107 ι
1489 2054 1624 2120 sive,
1659 2062 1721 2111 ut
1740 2052 2106 2129 Septuaginta

503 2140 930 2211 transtulerunt,
968 2160 991 2196 ι
1025 2143 1263 2202 ulciscar
1306 2160 1422 2202 eos.
1455 2164 1478 2200 ι
1512 2145 1903 2206 Peccatoribus
1930 2140 2109 2205 reddit

506 2231 649 2287 Deus
691 2229 849 2301 juxta
892 2233 1011 2291 vias
1057 2251 1207 2305 suas,
1247 2243 1310 2293 ut
1340 2237 2102 2309 teneantjudiciiveritatem;

501 2320 772 2379 Caeterum
799 2324 857 2379 in
881 2327 1091 2383 sanctis
1106 2328 1325 2384 excedit
1352 2330 1574 2385 modum
1601 2330 1925 2387 clementiae.
1958 2348 1978 2384 ι
2008 2328 2108 2388 Ne-

500 2431 606 2486 que
644 2418 788 2472 enim
831 2422 1116 2493 condignae
1163 2429 1293 2478 sunt
1325 2423 1607 2493 passiones
1648 2425 1909 2493 temporis
1942 2423 2107 2495 hujus

500 2508 568 2563 ad
597 2508 834 2565 fututum
866 2510 1096 2582 gloriam
1121 2522 1243 2583 quae
1284 2514 1616 2571 revelabitur
1645 2516 1699 2569 in
1727 2515 1885 2571 nobis
1916 2515 2101 2587 (Rom.

499 2600 641 2671 νιιι).
672 2600 955 2672 Stipendia
999 2604 1146 2658 enim
1187 2607 1399 2675 peccati
1430 2616 1598 2675 mors,
1643 2626 1662 2660 ι
1709 2616 1875 2677 quam
1911 2607 2107 2679 recipit

497 2692 928 2761 peccatorjuxta
958 2696 1076 2750 vias
1096 2705 1152 2751 et
1174 2708 1341 2767 opera
1378 2712 1497 2754 sua.
1531 2696 1800 2754 Caeterum
1829 2695 2104 2767 iustorum

497 2783 675 2840 virtus
700 2782 900 2840 fruitur
922 2783 1139 2841 Domini
1172 2787 1445 2859 largitate,
1472 2790 1538 2844 de
1563 2805 1670 2859 qua
1712 2788 1913 2845 Paulus
1933 2789 2110 2859 loqui-

499 2881 615 2940 tur,
636 2892 657 2925 ι
686 2876 896 2931 Donum
919 2876 1016 2932 Dei
1032 2878 1143 2933 vita
1158 2887 1412 2936 aeterna.»
1432 2880 1696 2951 Quodque
1716 2880 1924 2937 addidit
1952 2898 1965 2935 :
1995 2898 2014 2932 ι
2038 2880 2109 2936 Et

500 2967 797 3023 secundum
814 2968 1018 3041 judicia
1041 2984 1230 3026 eorum
1246 2973 1502 3043 judicabo
1525 2982 1642 3039 eos,
1674 2990 1693 3025 ι
1720 2971 1853 3029 illud
1872 2984 2107 3043 evange-

497 3058 661 3116 licum
686 3069 845 3117 sonat
874 3081 886 3117 :
922 3082 941 3116 ι
972 3058 1031 3117 1η
1055 3074 1164 3135 quo
1180 3063 1388 3133 judicio
1411 3064 1808 3136 judicaveritis,
1831 3063 2104 3135 iudicabi-

498 3161 587 3208 tur
610 3154 679 3209 de
707 3154 880 3212 vobis.
916 3170 938 3209 ι
969 3155 1038 3211 Et
1072 3158 1429 3227 apostolicum
1463 3174 1478 3212 ε
1519 3172 1539 3209 ι
1571 3157 1633 3212 in
1660 3166 1771 3227 quo
1788 3157 1937 3213 enim
1956 3153 2106 3225 judi-

2202 767 2311 823 que
2338 753 2596 809 dicuntur
2618 767 2783 810 senes
2806 752 2973 822 inde,
2998 760 3063 808 tit
3087 753 3225 809 nihil
3245 752 3316 808 ad
3336 751 3550 818 breui;
3578 752 3697 809 hoc
3716 760 3810 821 α,

2203 842 3565 917 addeoemtribmqunpriuseaputhennt,
3617 845 3811 901 ended

2203 935 3809 1007 eosquidetrihuludncumdeehoniadleuaumil

2205 1029 2604 1101 captivitatem,
2625 1029 2737 1086 dici
2764 1029 3155 1102 intelligamus;

2280 1140 2302 1174 ι
2334 1121 2402 1176 Et
2429 1121 2629 1177 cecidit
2657 1136 2823 1193 super
2852 1137 2940 1180 me
2971 1122 3046 1178 ibi
3074 1134 3270 1179 manus
3310 1119 3555 1180 Domini
3602 1123 3723 1191 Bel,
3758 1130 3806 1183 et

2209 1231 2231 1267 ι
2256 1214 2392 1283 vidi,
2407 1224 2602 1273 etecce
2621 1216 2920 1274 similitudo
2931 1217 3087 1289 quasi
3107 1226 3383 1291 sepem,
3404 1218 3805 1292 ignisnbaspe

2213 1323 2234 1359 ι
2276 1315 2368 1364 ctu
2408 1306 2716 1364 lumborum
2739 1309 2879 1380 eius,
2908 1319 2967 1366 et
2987 1311 3241 1367 deorsum
3272 1311 3435 1382 ignis,
3473 1318 3543 1367 et
3564 1325 3600 1365 α
3628 1310 3802 1366 innubis

2209 1417 2233 1452 ι
2264 1400 2403 1470 ejus.
2427 1400 2493 1455 Et
2520 1412 2742 1457 sursum
2764 1404 2921 1473 quasi
2947 1410 3204 1473 aspectus
3227 1401 3657 1474 splendoris,“
3686 1402 3799 1456 visis

2205 1490 2415 1548 electri.
2452 1509 2472 1544 ι
2501 1491 2693 1549 Ianus
2715 1501 2895 1550 autem
2916 1492 3193 1572 ἐνεργείαν,
3219 1493 3277 1550 id
3299 1502 3389 1550 est
3412 1502 3627 1565 spera,
3658 1493 3799 1564 signi-

2206 1583 2355 1651 ﬁcat,
2393 1592 2454 1639 ut
2497 1586 2722 1642 visionis
2766 1587 2938 1658 possit
2978 1592 3323 1643 stici-amenta
3349 1586 3799 1660 eamea

2206 1675 2310 1730 hoc
2333 1676 2787 1732 considerandum
2826 1684 2933 1745 est,
2962 1679 3111 1749 quod
3136 1693 3244 1736 non
3266 1678 3424 1750 ipsas
3452 1677 3655 1734 videat
3679 1680 3794 1734 veri-

2206 1774 2349 1822 tates
2382 1798 2398 1834 ,
2426 1767 2525 1823 sed
2555 1768 2964 1826 similitudinem
2994 1772 3136 1842 ignis
3180 1772 3309 1841 quia
3333 1784 3369 1825 u
3400 1769 3624 1826 lumbis
3652 1781 3795 1842 usque

2128 1860 2180 1939 δ
2207 1858 2458 1916 deorsum
2506 1862 2646 1933 ignis
2687 1863 2956 1934 apparuit.
3004 1862 3074 1918 Et
3100 1877 3131 1916 a
3155 1862 3358 1918 lumbis
3386 1874 3630 1918 sursum
3665 1864 3793 1933 quis

2206 1960 2460 2022 aspectus
2483 1952 2806 2022 splendoris,
2835 1962 2899 2009 ut
2926 1954 3065 2010 visio
3088 1954 3303 2019 eloctri,
3346 1954 3505 2026 ignis
3550 1955 3790 2025 apparvit

2184 2046 2314 2118 _Pro
2341 2047 2631 2117 splendore
2658 2048 2753 2118 qui
2794 2049 2853 2103 in
2899 2048 3169 2104 liebraieo
3214 2047 3423 2104 dicitur
3465 2056 3601 2115 ur,
3637 2060 3791 2101 mea

2210 2138 2510 2193 Theodetio
2561 2140 2858 2206 transtulit,
2886 2146 2946 2196 ut
2975 2141 3031 2195 in
3061 2139 3317 2210 supernis
3367 2136 3473 2194 Dei
3535 2139 3789 2211 refrigeria

2208 2232 2561 2289 demonstret.
2592 2233 2834 2305 Denique
2860 2234 2991 2290 etin
3012 2230 3222 2306 Regum
3245 2232 3542 2289 volumine
3556 2231 3676 2306 (ll!
3690 2226 3787 2302 Res.

2206 2324 2323 2398 ιιι)
2345 2326 2537 2382 beatus
2558 2325 2707 2381 Elias
2723 2327 3013 2382 adventum
3037 2324 3250 2382 Domini
3268 2339 3379 2382 non
3404 2324 3462 2380 in
3490 2330 3788 2395 tempesta

2208 2418 2609 2489 contemplatur
2632 2422 2687 2473 et
2715 2418 2952 2485 turbine,
2976 2430 3085 2472 non
3113 2418 3169 2472 in
3194 2414 3338 2489 ignis
3368 2416 3695 2478 amorim,
3716 2414 3788 2469 si

2207 2513 2262 2569 in
2290 2520 2517 2584 aspectu
2548 2524 2694 2568 aurae
2725 2510 2903 2567 tenuis
2934 2518 3097 2581 atque
3122 2508 3445 2577 lenissime,
3479 2518 3548 2565 ut
3581 2507 3675 2564 Del
3699 2518 3789 2561 os-

2206 2604 2504 2677 nipotentis
2520 2603 2992 2660 mansuetudinem
3006 2601 3416 2675 comprobaret.
3430 2601 3625 2672 Opera
3636 2609 3787 2653 om

2206 2697 2384 2753 coitus
2417 2709 2542 2767 quae
2578 2694 2953 2767 signiﬁcantur
2992 2695 3048 2750 in
3088 2693 3292 2749 lumbis
3326 2704 3516 2764 usque
3560 2693 3787 2748 deorsus

2206 2791 2332 2865 igne
2360 2799 2676 2865 purgantur;
2705 2797 2761 2848 et
2789 2800 2957 2861 opera
2980 2790 3242 2845 virtutum
3266 2792 3399 2859 qua:
3428 2802 3462 2842 a
3496 2786 3697 2841 lumbis
3737 2782 3789 2839 ad

2208 2884 2491 2955 superiora
2525 2889 2880 2953 consurgunt,
2912 2879 3254 2951 splendorem
3283 2878 3499 2935 habent
3527 2886 3692 2948 atque
3708 2873 3788 2930 ιιι.

2209 2986 2422 3048 gorem,
2450 2982 2507 3032 et
2542 2982 2728 3030 tamen
2758 2980 2860 3029 nec
2888 2972 3030 3043 ignis
3062 2978 3234 3043 usque
3280 2968 3351 3028 ad
3380 2968 3561 3044 pedes
3597 2972 3785 3033 dicitis

2207 3081 2311 3126 nec
2352 3068 2608 3139 splendor
2632 3066 2821 3123 electri
2866 3072 3039 3137 usque
3067 3066 3136 3121 ad
3178 3066 3365 3136 caput,
3402 3066 3505 3121 sed
3539 3065 3787 3129 deorsum,

2208 3167 2265 3216 et
2282 3162 2522 3226 Sursum,
2550 3160 2731 3216 etiam
2767 3159 2825 3214 in
2871 3156 3267 3231 peccatoribus,
3295 3154 3473 3229 quam
3510 3156 3572 3213 in
3620 3156 3790 3213 ancus

496 3245 582 3299 cio
596 3243 810 3313 iudicas
832 3247 1085 3313 alterum,
1104 3249 1337 3317 teipsum
1355 3249 1718 3314 condemnas;
1742 3248 1935 3303 eadem
1956 3247 2103 3302 enim
2131 3236 2178 3305 Ο
2209 3258 2312 3324 pro
2334 3253 2649 3310 diversitate
2669 3252 3013 3318 meritorum,
3040 3248 3179 3306 alius
3202 3260 3379 3323 usque
3399 3249 3477 3305 ad
3500 3248 3639 3305 illud
3675 3260 3723 3303 et
3743 3244 3793 3300 ἥδ

497 3337 743 3405 operaris
763 3353 885 3407 qua:
902 3336 1134 3406 judicas.
1150 3359 1168 3390 ι
1194 3359 1212 3389 ι
1235 3339 1303 3393 Et
1325 3342 1501 3396 scient
1521 3341 1646 3410 quia
1662 3355 1763 3411 ego
1783 3334 2103 3395 Dominusa

496 3420 607 3479 Iste
638 3426 941 3481 versiculus
976 3416 1290 3496 frequenter
1328 3430 1382 3485 in
1422 3431 1527 3484 hoc
1567 3431 1832 3501 propheta
1862 3431 2105 3501 punitur,

500 3515 648 3585 quod
670 3516 935 3587 supplicia
958 3526 1121 3587 atque
1143 3522 1421 3576 cruciatus
1445 3530 1706 3591 sequatur
1726 3521 1956 3576 scientia
1984 3521 2105 3590 Dei,-

502 3613 564 3659 ut
583 3621 745 3677 quem
769 3621 878 3662 non
902 3608 1279 3681 intelligebant
1307 3624 1408 3683 per
1436 3610 1719 3681 beneﬁcia,
1740 3622 1842 3685 per
1862 3621 2105 3670 tormen-

500 3706 554 3752 ta
597 3710 949 3771 cognoscant.

1093 3816 1324 3873 CAPUT
1366 3812 1499 3876 Vill.

512 3903 652 3981 Visio
693 3905 1053 3981 similitudinis
1097 3908 1229 3981 Dei;
1278 3910 1343 3963 de
1383 3910 1572 3979 effosso
1603 3911 1824 3981 pariete,
1870 3910 1934 3965 de
1970 3912 2103 3967 viris

566 3975 893 4045 thuribulum
940 3979 1259 4045 tenentibus,
1288 3989 1335 4033 et
1374 3975 1444 4034 ad
1469 3975 1642 4034 ortum
1671 3980 1801 4035 solis
1825 3982 2104 4036 adoranti-

566 4044 685 4112 ὁδε,
708 4045 774 4101 de
803 4048 1191 4118 applicamibus
1218 4044 1425 4105 ramum
1456 4052 1527 4105 ad
1551 4069 1706 4106 nares
1738 4068 1884 4107 suas.

571 4177 591 4210 ι
627 4159 695 4214 Et
716 4159 920 4217 factum
955 4170 1041 4217 est
1069 4163 1124 4217 in
1155 4176 1301 4219 anno
1327 4172 1503 4231 sexto,
1535 4166 1589 4220 in
1620 4174 1779 4221 sexto
1810 4174 2019 4233 mense,
2044 4167 2099 4222 in

502 4271 519 4303 ι
544 4252 733 4321 quinta
752 4254 979 4320 mensis,
1008 4268 1111 4326 ego
1131 4257 1390 4311 sedebam
1415 4258 1473 4311 in
1502 4258 1662 4312 domo
1684 4272 1825 4323 mea,
1855 4266 1909 4314 et
1939 4270 2102 4315 senes

502 4361 520 4393 ι
543 4340 682 4395 Juda
698 4343 1155 4399 sedcbantcoram
1172 4358 1279 4412 me,
1293 4365 1312 4399 ι
1333 4346 1724 4419 etc.(Hieron.)
1740 4349 1937 4415 Quinto
1952 4362 2100 4408 anno

494 4434 998 4503 transmigrationis
1033 4435 1331 4505 alechoniae,
1381 4452 1578 4509 quarto
1636 4454 1846 4509 mense,
1904 4444 2097 4514 quinta

2214 3342 2307 3400 iud
2345 3345 2673 3410 membrum,
2714 3340 2853 3397 alius
2881 3351 3055 3411 usque
3083 3341 3151 3398 ad
3180 3338 3270 3396 illa
3298 3349 3353 3396 et
3373 3334 3468 3394 illa
3500 3340 3787 3409 perveniat

2212 3434 2281 3493 Et
2315 3435 2585 3507 quemodo
2625 3432 2716 3503 qui
2746 3428 3130 3489 sanctitudinis
3162 3426 3564 3503 permotionem
3607 3434 3788 3490 teneat,

2212 3529 2282 3586 ad
2315 3529 2577 3584 verticem
2618 3540 2790 3599 usque
2826 3525 3172 3598 perveniunt,
3223 3524 3306 3580 sic
3330 3524 3438 3593 nui
3474 3522 3532 3577 in
3564 3529 3792 3594 perato-

2211 3636 2334 3679 rum
2353 3621 2622 3696 proiundo
2652 3629 2804 3689 sunt,
2826 3620 3043 3693 plantas
3068 3619 3354 3693 igneorum
3387 3617 3606 3687 pedum
3635 3622 3792 3672 tenere

2212 3714 2471 3771 credendi
2495 3721 2640 3768 sunt.

2286 3822 2307 3856 ι
2343 3803 2413 3859 Εῑ
2450 3804 2649 3858 emissa
2683 3802 2984 3859 similitudo
3007 3814 3201 3858 manus
3231 3798 3612 3871 apprehendit
3645 3808 3726 3854 me
3750 3800 3790 3852 il

2219 3913 2240 3947 ι
2275 3894 2528 3951 cincinno
2555 3894 2751 3966 capitis
2772 3892 2901 3950 mei.
2944 3906 2964 3948 ι
3008 3895 3078 3949 Ει
3124 3892 3213 3949 hic
3260 3892 3574 3949 similitudo
3626 3902 3792 3945 manus

2213 3998 2323 4043 non
2351 3987 2469 4057 ipsa
2496 3994 2690 4042 manus
2715 3987 3044 4055 extenditur,
3081 3999 3258 4055 neque
3299 3984 3449 4039 enim
3480 3981 3536 4038 in
3571 3982 3681 4038 Deo
3707 3981 3789 4034 ali-

2206 4076 2334 4149 quid
2370 4075 2652 4148 corporale
2672 4084 2778 4143 est,
2798 4074 3120 4146 videturque
3152 4086 3365 4138 manus,
3406 4078 3475 4128 ut
3502 4072 3790 4128 membrum

2210 4167 2435 4222 humani
2471 4166 2717 4237 corporis
2752 4176 2919 4238 atque
2953 4166 3198 4222 consueti
3226 4174 3593 4235 nequaquam
3620 4168 3792 4219 teneat

2207 4272 2331 4318 eum
2354 4261 2447 4332 qui
2473 4260 2769 4317 assumitur
2789 4266 2951 4332 atque
2971 4258 3475 4331 comprehenditur.
3500 4257 3565 4313 Si
3594 4260 3730 4314 enim
3750 4254 3789 4308 in

2203 4354 2444 4423 colubri,
2486 4357 2569 4410 νει
2600 4356 2656 4409 in
2691 4354 2932 4426 qualibet
2970 4353 3076 4409 alia
3109 4354 3410 4409 bestiarum
3452 4350 3790 4407 similitudine

2204 4449 2472 4521 tetigisset
2494 4448 2814 4518 prophetam
2836 4487 2850 4513 ,
2878 4448 2994 4518 ipsa
3022 4444 3402 4500 dissimilitudo
3432 4443 3792 4499 membmnnu

492 4525 720 4591 mensis,
736 4527 1071 4597 superiorem
1093 4529 1359 4584 visionem
1382 4530 1579 4586 factam
1594 4533 1660 4587 ad
1675 4534 1996 4605 prophetam
2018 4535 2098 4592 le-
2120 4594 2169 4610 _
2204 4540 2491 4598 terruisset
2512 4549 2870 4610 assumptum.
2890 4538 3130 4609 Parsque
3146 4535 3648 4607 comprehenditur
3659 4530 3795 4601 capu-

493 4616 691 4687 gimus.
732 4615 859 4674 llaec
895 4626 1077 4675 autem
1110 4630 1274 4691 quam
1316 4636 1459 4677 nunc
1501 4601 2090 4695 exponerevthmus,
2118 4601 2175 4663 Β
2200 4601 2723 4705 lomm,quiatotius
2742 4601 3229 4703 apprehensioncm
3242 4601 3438 4698 capitis
3456 4629 3700 4683 humana
3716 4636 3795 4678 na-

493 4717 649 4764 sexto
666 4724 811 4767 anno
825 4711 1067 4781 ejusdem
1087 4715 1253 4784 regis,
1270 4723 1426 4770 sexto
1442 4730 1645 4782 mense,
1670 4718 1861 4787 quinta
1883 4720 2090 4775 mensis

490 4797 634 4855 facta
657 4814 1022 4871 memoratur;
1046 4821 1111 4860 ex
1138 4821 1245 4875 quo
1271 4810 1616 4879 perspicuum
1639 4820 1723 4866 est
1742 4821 1863 4884 post
1885 4828 2088 4869 annum

491 4903 547 4952 et
570 4896 705 4953 duos
730 4910 948 4955 menses
969 4900 1087 4954 haec
1108 4901 1248 4956 facta
1270 4916 1390 4973 quae
1412 4907 1614 4977 scripta
1643 4916 1789 4975 sunt,
1818 4919 1873 4965 et
1901 4911 1985 4966 vel
2007 4911 2089 4967 in-

491 4988 801 5044 termissam
836 5003 938 5059 per
970 5000 1171 5044 annum
1204 5000 1259 5045 et
1290 4994 1423 5049 duos
1461 5008 1677 5055 menses
1720 5000 2085 5071 prophetiam,

488 5076 574 5131 vel
610 5088 712 5146 per
739 5087 885 5134 totos
905 5079 1319 5148 quatuordecim
1344 5082 1562 5142 menses
1590 5098 1744 5160 gesta
1773 5104 1894 5161 qum
1921 5104 2086 5163 snpe-

489 5166 609 5223 rior
654 5182 834 5224 sermo
881 5170 1141 5226 contexit.
1188 5170 1360 5229 Sexto
1406 5176 1585 5232 autem
1624 5190 1793 5245 anno,
1840 5189 1896 5236 et
1933 5191 2091 5238 sexto

491 5269 699 5324 mense,
722 5265 777 5313 et
800 5260 988 5330 quinta
1015 5262 1109 5318 die
1131 5266 1359 5330 mensis,
1386 5267 1477 5336 qui
1501 5269 1715 5324 numeri
1735 5271 1801 5325 ad
1825 5270 2086 5327 lubricam

491 5346 679 5403 mundi
717 5347 1064 5434 referuntur,
1123 5357 1192 5412 ad
1240 5364 1470 5415 cumcos
1508 5368 1702 5417 sensus
1736 5364 1827 5434 qui
1871 5370 2086 5421 terrena

493 5432 854 5511 conspiciunt,
896 5448 953 5501 et
991 5449 1220 5504 necdum
1245 5451 1491 5508 caelestia
1517 5432 1975 5526 contemplantur,
2006 5456 2087 5513 ta-

493 5538 638 5585 ctam
656 5530 999 5604 prophetiam
1041 5552 1149 5597 non
1182 5538 1497 5610 mirabitur,
1524 5545 1617 5616 qui
1644 5547 1712 5601 ad
1738 5548 2086 5619 presbyteros

492 5622 627 5679 Juda
648 5638 955 5685 sermonem
984 5633 1143 5706 dirigi
1171 5634 1521 5694 intellexerit.
1555 5638 1598 5693 E
1630 5640 1828 5711 quibus
1868 5649 2085 5712 septua-
2138 5682 2139 5685 η

492 5716 640 5785 ginta
668 5721 926 5778 tenebant
954 5724 1226 5782 thurihula
1256 5736 1307 5784 et
1332 5726 1520 5802 viginti
1543 5731 1784 5802 quinque
1802 5732 1857 5786 in
1880 5733 2086 5804 templo
2134 5758 2137 5761 -

494 5808 797 5899 adurebant
822 5816 1009 5889 solem,
1053 5821 1381 5894 sedebatquc
1421 5825 1685 5911 prepheta
1716 5823 1773 5881 in
1793 5824 1955 5883 domo
1984 5841 2083 5884 sua

2125 5880 2182 5923 Ἱ-

2203 4736 2325 4781 tura
2346 4742 2452 4781 non
2480 4727 2727 4781 suStinet.
2750 4723 2858 4779 Pro
2882 4738 2901 4775 ι
2931 4722 3185 4779 cincinno
3212 4742 3230 4776 ι
3264 4720 3635 4792 Septuaginta
3661 4722 3795 4794 apti:-

2202 4818 2374 4881 πεδον,
2402 4815 2454 4872 id
2482 4824 2566 4871 est
2594 4835 2611 4866 ι
2635 4816 2936 4881 ﬁmbriam,
2968 4833 2987 4868 ι
3014 4812 3355 4884 interpretati
3378 4816 3529 4867 sunt.
3564 4809 3793 4879 Quorum

2202 4910 2435 4968 alterum
2464 4908 2520 4967 in
2553 4910 2782 4983 capillis,
2814 4912 3046 4968 alterum
3078 4910 3134 4966 in
3164 4909 3404 4965 vestibus
3436 4908 3624 4979 a’c’cipi
3659 4907 3792 4964 solet.

2279 5024 2297 5056 ‹
2336 5003 2403 5058 Et
2432 5002 2664 5059 elevhvit
2686 5018 2773 5058 me
2794 5003 3020 5074 spiritus
3050 5003 3193 5058 inter
3217 5010 3421 5058 terram
3445 5011 3503 5058 et
3518 5001 3748 5057 celum.
3776 5018 3789 5049 ι

2199 5094 2446 5152 Primum
2494 5092 2849 5152 similitudine
2890 5098 3083 5152 manus
3111 5094 3574 5169 apprehenditur,
3624 5102 3797 5170 postea

2198 5188 2441 5245 elevatur
2467 5198 2498 5243 a
2526 5189 2741 5260 spiritu,
2786 5188 2877 5258 qui
2900 5188 3125 5258 Spiritus
3168 5190 3276 5245 non
3312 5190 3439 5244 eum
3492 5188 3698 5244 statim
3741 5182 3797 5241 ad

2199 5276 2395 5336 omium
2430 5272 2599 5345 levat,
2627 5278 2721 5334 sed
2752 5279 2898 5334 inter
2924 5284 3127 5336 terram
3154 5288 3210 5336 et
3234 5278 3461 5346 ’coeiu’m,
3496 5286 3554 5335 ut
3594 5284 3797 5335 terrena

2197 5364 2419 5428 interim
2460 5367 2850 5441 derelinquens
2883 5364 3101 5427 festinet
3129 5372 3196 5428 ad
3234 5372 3460 5427 coelum.
3504 5366 3800 5429 Passuruus

2198 5458 2380 5514 autem
2402 5462 2461 5514 et
2491 5461 2597 5517 hoc
2624 5462 2828 5529 dicere,
2860 5462 3005 5533 Quod
3033 5464 3257 5535 propter
3283 5461 3428 5521 bona
3472 5462 3653 5535 opera
3689 5478 3801 5534 per

2195 5550 2360 5623 pheta
2381 5552 2736 5611 similitudine
2756 5552 2953 5611 manus
2974 5555 3069 5612 Dei
3097 5557 3472 5627 apprehensus
3494 5556 3594 5623 sit,
3621 5556 3681 5612 et
3696 5560 3801 5625 pro

2194 5650 2318 5714 pter
2355 5644 2641 5703 scientiam
2664 5654 2849 5703 rerum
2881 5646 3207 5720 spiritalium
3233 5646 3477 5705 elevetu‘r
3507 5664 3538 5702 a
3583 5646 3801 5720 spiritu.

2270 5748 2293 5787 ι
2316 5732 2386 5793 Et
2412 5726 2641 5795 adduxit
2660 5755 2750 5795 me
2776 5741 2831 5795 in
2856 5736 3157 5798 Jerusalem
3199 5742 3253 5797 in
3278 5739 3491 5797 visione
3516 5736 3625 5794 Dei
3650 5736 3804 5809 j’um

2203 5850 2223 5883 ι
2244 5832 2443 5889 ostium
2464 5834 2717 5904 interius,
2744 5833 3239 5911 quod‘respiciebat
3260 5831 3328 5892 ad
3351 5826 3806 5906 aquilonem,qu
