3938 6360
128 310 219 367 621

1080 296 1434 371 COMMENT.
1470 297 1539 355 ΙΝ
1576 294 2031 361 EZECHIELEM.
2071 326 2141 335 —
2174 295 2309 353 LIB.
2347 293 2414 351 Ὺ.

3290 290 3400 353 032

134 446 152 481 ι
173 433 284 484 erat
302 428 563 479 statutum
585 420 786 477 idolum
809 408 911 474 zeli
924 410 991 474 ad
1005 418 1405 489 provocandam
1419 415 1711 472 aemulatio
1735 418 1792 483 Α
1812 412 1957 468 boris
1996 412 2311 484 accingere;
2348 420 2685 468 transmeare
2727 410 2922 479 maria,
2976 410 3129 468 adire
3168 409 3397 477 judicia.

134 537 151 570 ι
170 526 306 572 nem.
324 512 391 567 Et
408 508 621 567 ecceibi
635 508 805 582 gloria
823 506 919 563 Dei
934 504 1120 572 Israel,
1136 492 1430 565 secundum
1442 502 1706 561 visionem

133 626 152 661 ι
176 620 332 679 quam
350 603 592 659 videram
620 601 673 655 in
704 582 915 669 campo.
948 616 967 650 ι
995 596 1219 665 Quando
1241 596 1407 662 dixit,
1431 614 1449 647 ι
1484 584 1709 651 adduxit

126 706 211 756 me
264 695 319 751 in
365 692 686 760 Jerusalem,
726 690 780 746 in
808 691 1020 746 visione
1046 686 1162 755 Del,
1200 709 1219 742 ›
1250 686 1487 744 Ostendit
1514 702 1571 744 se
1600 692 1708 745 non

124 791 179 847 in
224 798 474 856 corpore,
524 784 620 840 sed
673 783 729 838 in
777 782 971 853 spiritu
1005 796 1127 837 esse
1157 779 1499 836 translatum.
1545 777 1708 834 Juxta

126 888 279 949 quam
304 877 569 934 visionem
594 882 887 945 poss‘uintts
915 879 969 929 et
996 872 1185 940 cmios,
1214 881 1270 928 et
1294 866 1564 943 profunda
1593 883 1709 926 mu—

123 972 217 1035 ris,
246 975 302 1024 et
322 966 534 1022 inferna
565 965 905 1037 conspicere,
933 962 1065 1020 dum
1098 964 1339 1020 rationes
1373 960 1710 1036 singulorum

124 1060 445 1133 cogitatione
488 1057 923 1130 complectimur.
964 1056 1208 1112 Primum
1249 1061 1432 1113 autem
1462 1055 1611 1111 venit
1643 1054 1711 1110 ad

126 1150 463 1214 vestibulum,
485 1149 634 1219 quod
661 1146 887 1219 respicit
909 1147 977 1203 ad
993 1146 1321 1217 aquilonem,
1345 1151 1404 1202 ut
1431 1144 1505 1201 ibi
1529 1145 1712 1201 videat

124 1254 354 1305 statuam
390 1243 520 1300 idoli
555 1242 681 1310 seti,
731 1243 800 1299 ad
846 1232 1249 1314 provocandam
1287 1239 1710 1307 aemulationem,

124 1348 181 1395 ut
201 1340 268 1395 de
305 1337 397 1394 illo
425 1338 547 1395 loco
570 1336 744 1409 possit
767 1331 837 1391 ad
857 1335 1124 1391 interiora
1148 1339 1458 1406 penetrare,
1489 1342 1545 1389 et
1587 1338 1709 1390 cer-

126 1444 253 1487 nere
271 1428 479 1501 reliqua
501 1440 623 1501 quas
644 1435 837 1501 postea
875 1424 1281 1499 deacribuntur.
1327 1426 1579 1483 Statuam
1614 1426 1713 1481 au-

125 1532 233 1578 rem
259 1524 386 1580 idoli
402 1523 536 1579 Βιδὶ
561 1523 617 1578 in
640 1522 842 1592 templo
859 1518 958 1577 Dei
985 1520 1219 1592 positam
1244 1528 1434 1577 narrat
1462 1514 1713 1574 historia.

125 1613 463 1686 Pulchraque
510 1614 812 1687 appellatur
848 1612 1051 1669 idolum
1087 1613 1212 1681 zeli,
1245 1612 1372 1683 quia
1401 1611 1467 1666 ad
1499 1609 1721 1666 aemula-

1808 503 2026 577 pulsare
2052 492 2417 577 principatus,
2445 501 2651 575 palatia
2686 502 3013 573 irrumpere,
3056 502 3402 574 jurgantibus

1810 595 2131 669 populorum
2176 596 2363 659 cuneis
2408 595 2696 663 interesse,
2726 603 2783 652 et
2812 603 3026 657 terrena
3074 597 3403 673 patrimonia

1812 689 2082 746 laboriosa
2114 688 2496 745 observatione
2516 684 2830 745 defendere.
2864 687 3073 757 Quibus
3099 690 3145 749 si
3172 689 3404 749 fortasse

1815 782 2050 849 dicatur,
2072 780 2183 838 Cur
2210 783 2317 839 ista
2346 796 2445 837 vos
2466 781 2648 853 agitis,
2669 781 2763 852 qui
2788 780 3044 839 saeculum
3070 783 3407 854 reliquistis?

1814 875 2147 944 respondent
2184 872 2329 930 illico
2355 873 2524 929 Deum
2555 886 2617 928 se
2643 879 2910 949 metuere,
2935 881 2993 928 et
3024 872 3231 930 idcirco
3256 882 3408 929 tanto

1816 964 1998 1021 studio
2026 964 2384 1022 defendendis
2403 964 2748 1036 patrimoniis
2777 963 3052 1023 insudare.

1892 1076 1912 1110 ι
1957 1056 2026 1113 Ει
2063 1050 2199 1113 dixit
2226 1058 2294 1113 ad
2321 1073 2407 1113 me
2436 1074 2449 1111 :
2482 1055 2583 1111 Fili
2627 1056 2896 1124 hominis,
2930 1056 3050 1113 leva
3076 1056 3264 1114 oculos
3289 1065 3411 1115 tuos

1822 1168 1842 1203 ι
1886 1148 1955 1208 ad
1978 1142 2125 1205 viam
2148 1150 2438 1220 aquilonis.
2473 1150 2540 1205 Et
2566 1149 2739 1207 levavi
2765 1149 2954 1206 oculos
2975 1164 3127 1207 meos
3158 1150 3231 1205 ad
3265 1149 3407 1206 viam

1823 1262 1844 1297 ι
1889 1232 2178 1313 aquilonis.
2197 1240 2264 1297 Et
2287 1256 2415 1298 ecce
2441 1242 2510 1297 ab
2526 1241 2782 1310 aquilone
2803 1249 2974 1312 porta:
2996 1239 3187 1298 altaris
3207 1240 3412 1297 idolum

1824 1353 1845 1387 ι
1888 1331 1988 1390 zeli
2019 1333 2074 1388 in
2099 1334 2217 1403 ipso
2241 1326 2485 1391 introitu.
2523 1353 2542 1385 ι
2573 1331 2773 1405 (Ilion)
2801 1332 2970 1400 Dixit,
3001 1332 3196 1403 inquit,
3229 1332 3296 1388 ad
3328 1348 3417 1389 me

1820 1421 1906 1480 vel
1931 1423 2106 1496 gloria
2148 1421 2242 1479 Dei
2273 1438 2437 1493 quam
2466 1421 2520 1479 in
2558 1437 2750 1492 eampo
2780 1422 3042 1489 videram,
3070 1422 3156 1479 vei
3193 1422 3416 1491 spiritus

1822 1515 1915 1589 qui
1943 1530 2029 1571 me
2056 1515 2200 1571 inter
2226 1513 2426 1575 coelum
2469 1513 2674 1571 levavit
2702 1528 2766 1569 ac
2793 1522 3018 1570 terram.
3074 1512 3418 1583 Loeutusque

1823 1619 1909 1666 est
1932 1610 2065 1666 mihi
2114 1616 2404 1681 postquam
2451 1623 2541 1664 me
2584 1607 2862 1663 transtulit
2910 1607 2964 1661 in
3016 1605 3339 1672 Jerusalem,
3363 1613 3421 1663 et

127 1707 333 1762 tionem
351 1715 409 1763 et
431 1707 609 1762 zelum
634 1705 923 1762 Domitium
946 1710 1229 1777 provocat,
1241 1704 1396 1774 juxta
1419 1700 1550 1759 illud
1575 1702 1721 1774 quod
1824 1700 1955 1758 fecit
1979 1702 2067 1758 vel
2089 1702 2279 1757 urbem
2308 1699 2397 1757 vel
2423 1699 2682 1772 templum
2708 1700 2917 1756 videre.
2945 1699 3015 1755 Et
3049 1698 3339 1768 imperavit
3361 1705 3423 1752 ut

127 1799 183 1854 in
208 1800 631 1855 Deuteronomio
647 1798 885 1854 dicitur:
918 1810 939 1851 ι
967 1798 1073 1868 Ipsi
1094 1808 1181 1852 me
1201 1800 1633 1870 provocaverunt
1653 1795 1723 1851 ad
1749 1809 1799 1880 Β
1826 1793 2060 1850 levarem
2082 1794 2271 1850 oculos
2294 1795 2363 1850 ad
2399 1795 2545 1849 viam
2593 1792 2882 1864 aquilonis.
2926 1792 3004 1848 lbi
3047 1793 3195 1848 enim
3240 1800 3421 1848 statua

127 1890 306 1945 selum
348 1890 404 1945 in
446 1904 513 1946 eo
545 1890 637 1959 qui
662 1899 771 1945 non
803 1896 924 1945 erat
967 1887 1131 1946 Deus.
1159 1886 1228 1944 Et
1266 1901 1367 1959 ego
1415 1887 1726 1959 provocabo
1830 1883 1959 1938 Baal
1985 1884 2161 1956 posita
2210 1893 2351 1952 erat,
2402 1899 2565 1955 quam
2612 1890 2772 1938 vocat
2816 1883 3021 1939 idolum
3058 1882 3160 1938 zeli
3209 1884 3265 1939 in
3306 1884 3425 1955 ipso

130 1995 224 2037 eos
249 1982 318 2036 ad
349 1981 523 2036 zelum
555 1982 611 2036 in
641 1986 800 2052 gente
840 1988 964 2053 qua!
988 1995 1098 2036 non
1144 1987 1228 2037 est
1256 1980 1437 2052 (Deut.
1465 1976 1662 2052 mm).
1700 1998 1720 2032 ι
1824 1966 2001 2048 porta:
2021 1974 2264 2033 introitu.
2290 1974 2391 2043 Qui
2420 1982 2607 2031 autem
2642 1973 2845 2030 idolum
2887 1973 2989 2030 zeli
3010 1972 3128 2031 sive
3151 1974 3429 2045 possiden-

140 2090 163 2125 ο
195 2073 430 2139 Emissa,
472 2072 669 2142 inquit,
704 2070 1005 2129 similitudo
1030 2080 1225 2129 manus
1249 2064 1605 2145 apprehendit
1641 2087 1729 2129 me
1831 2067 1905 2125 tis
1951 2068 2020 2125 ad
2068 2067 2296 2138 gloriam
2340 2068 2439 2123 Dei
2464 2068 2551 2123 vel
2576 2066 2646 2123 ad
2671 2068 2920 2137 spiritum
2948 2063 3224 2133 referunt,
3262 2066 3427 2137 impie

139 2168 193 2222 in
219 2166 477 2222 oineinno
498 2166 695 2237 capitis
719 2166 848 2222 mei.
876 2164 944 2222 Et
964 2164 1197 2222 elevarit
1222 2176 1308 2221 me
1336 2168 1560 2238 spiritus
1587 2166 1732 2229 inter

133 2268 338 2314 terram
367 2266 424 2316 et
451 2260 670 2327 emtum,
704 2267 761 2316 et-
785 2260 1010 2315 adduxit
1038 2262 1092 2316 in
1124 2259 1425 2317 Jerusalem
1448 2260 1502 2316 in
1522 2254 1734 2319 visione

132 2350 226 2406 Dei
248 2349 407 2421 juxta
432 2352 636 2407 ostium
675 2351 906 2408 interius
932 2348 1075 2423 quod
1116 2348 1451 2422 respiciebat
1481 2351 1549 2406 ad
1578 2351 1733 2422 auui-

134 2443 334 2509 lonem,
371 2443 467 2498 ubi
498 2449 615 2498 erat
636 2448 900 2499 statutum
927 2442 1129 2500 idolum
1165 2440 1289 2511 rell,
1329 2440 1397 2499 ad
1432 2450 1735 2513 provocan-

133 2533 256 2588 dam
311 2533 734 2590 mulationem:
797 2548 818 2588 ι
878 2532 1107 2607 (στερη
1174 2533 1265 2589 lib.
1324 2540 1456 2589 xxxi
1512 2524 1731 2602 March,

136 2642 248 2696 cap.
292 2625 428 2698 39.)
482 2625 622 2693 Quid
675 2634 761 2683 est
802 2627 951 2683 enim
1012 2628 1298 2683 cincinnos
1357 2627 1573 2700 capitis,
1630 2626 1739 2683 nisi

136 2715 377 2772 collecta
422 2718 780 2789 cogitationes
833 2718 1056 2782 mentis,
1109 2714 1173 2772 ut
1220 2722 1329 2773 non
1379 2726 1587 2789 sparsa:
1637 2714 1737 2773 tie—

137 2803 334 2872 tluant,
384 2807 484 2862 sed
526 2822 624 2878 per
671 2807 1021 2878 disciplinam
1047 2809 1367 2863 constrictze
1402 2810 1740 2864 subsistant?

138 2896 332 2954 Marius
391 2912 523 2971 ergo
585 2901 819 2970 desuper
880 2901 1138 2967 mittitur,
1206 2902 1263 2956 et
1326 2899 1589 2973 propheta
1641 2908 1742 2972 per

138 2991 456 3047 cincinnum
498 2992 699 3062 capitis
740 2993 1007 3059 elevatur,
1050 2993 1178 3063 quia
1206 3000 1331 3049 eum
1362 3002 1547 3049 nostra
1585 3004 1742 3049 mens

138 3098 257 3138 sese
311 3098 414 3152 per
462 3083 764 3139 custodiam
820 3084 1047 3155 colligit,
1100 3085 1183 3140 vis
1235 3092 1469 3155 superna
1522 3094 1739 3141 sursum

1832 2160 2059 2228 faciunt,
2084 2175 2373 2231 personam
2398 2159 2526 2217 idoli
2552 2159 2651 2215 Dei
2680 2159 2963 2231 majestate
2989 2166 3281 2217 mutantes.

1912 2271 1931 2304 ι
1976 2252 2047 2308 Et
2083 2252 2221 2309 dixit
2246 2253 2319 2308 ad
2343 2266 2434 2307 me
2461 2269 2477 2306 ι
2502 2251 2607 2308 Fili
2650 2251 2906 2319 hominis,
2931 2257 3163 2323 putasne
3189 2250 3344 2307 vides
3370 2256 3430 2305 tu

1842 2366 1862 2401 ι
1904 2348 2036 2418 quid
2051 2347 2142 2403 isti
2156 2346 2380 2419 faciant,
2394 2347 2829 2405 abominationes
2847 2361 3075 2418 mgnas
3086 2350 3223 2418 Quas
3239 2346 3454 2426 donius.

1823 2461 1863 2511 _¢
1905 2440 2072 2498 Israel
2096 2440 2228 2498 facit
2253 2441 2365 2510 hic,
2389 2451 2445 2498 et
2468 2450 2527 2497 ut
2549 2441 2739 2512 procul
2770 2441 3023 2498 recedam
3054 2448 3087 2495 α
3118 2436 3432 2499 sanctitati.

1844 2553 1863 2587 ι
1908 2533 2062 2589 meo?
2095 2534 2164 2591 Et
2189 2534 2371 2590 adhuc
2395 2549 2716 2600 conversus,
2746 2534 2958 2591 videbis
3000 2532 3435 2589 abominationes

1846 2642 1866 2678 t
1909 2623 2164 2694 majores.
2203 2643 2224 2677 ι
2257 2624 2339 2680 Ne
2362 2640 2470 2692 me,
2502 2626 2705 2696 inquit,-
2733 2634 2893 2695 putes
2934 2623 3133 2695 injuste
3176 2623 3433 2695 templum

1842 2719 2099 2776 deserere
2155 2727 2212 2775 et
2262 2721 2686 2777 subvertendam
2748 2720 3063 2791 relinquere
3115 2721 3391 2776 civitatem
3416 2757 3431 2783 ,

1838 2809 2025 2887 aspice
2044 2824 2166 2880 quae
2186 2810 2247 2865 in
2266 2811 2472 2881 templo
2489 2810 2718 2868 faciunt.
2744 2810 2992 2884 Cumque
3024 2813 3112 2868 illa
3140 2826 3438 2883 conspexe-

1842 2898 1939 2963 ris,
1971 2915 2077 2954 non
2105 2909 2264 2970 putes
2291 2902 2457 2958 tinem
2494 2910 2631 2960 esse
2664 2902 2973 2971 scelerum,
3000 2904 3177 2961 adhuc
3226 2905 3434 2975 majtira

1844 2988 2170 3062 conspicies.
2202 2989 2357 3059 Quod
2381 2993 2603 3063 quidem
2628 3003 2806 3064 potest
2828 3003 2886 3049 et
2905 2995 2975 3050 de
3000 3004 3185 3051 nostra
3209 2995 3431 3051 Jerusa-

1845 3078 1955 3135 lem
1989 3089 2288 3152 nostroque
2311 3084 2513 3154 templo
2541 3083 2788 3156 intelligi,
2812 3086 3029 3155 quando
3052 3087 3106 3140 in
3125 3086 3432 3156 exemplum

139 3188 237 3228 nos
284 3173 360 3228 ab
416 3173 618 3229 inﬁmis
679 3174 867 3230 trahit.
938 3175 1086 3232 Bene
1151 3188 1284 3233 vero
1340 3177 1486 3232 inter
1535 3184 1737 3232 terram
1767 3186 1815 3259 α
1844 3172 2025 3245 Ophni
2045 3183 2103 3230 et
2127 3174 2362 3233 Phinees
2394 3175 2662 3233 idolorum
2700 3177 2906 3233 scelera
2941 3193 3232 3249 operemur
3264 3179 3320 3234 in
3349 3187 3432 3233 ta-

136 3272 191 3319 et
237 3265 444 3321 caelum
492 3265 766 3322 sublatum
804 3282 865 3324 se
906 3268 1123 3335 asserit,
1162 3270 1293 3340 quia
1335 3269 1567 3340 quilibet
1616 3278 1740 3324 sane

139 3367 259 3414 ctus
290 3359 349 3413 in
377 3373 544 3414 carne
591 3361 808 3430 mortali
850 3361 1083 3431 positus,
1121 3362 1280 3433 plene
1308 3362 1527 3433 quidem
1561 3363 1743 3435 adhuc

139 3451 207 3505 ad
231 3467 472 3521 superna
498 3468 607 3508 non
630 3454 902 3524 pervenit,
924 3454 1023 3510 sed
1042 3454 1156 3523 jam
1182 3463 1366 3510 tamen
1401 3457 1509 3511 ima
1543 3455 1740 3513 dereli—

139 3544 280 3612 quit.
313 3542 373 3599 ln
393 3543 605 3600 visione
631 3559 763 3601 vero
788 3546 886 3601 Dei
915 3545 971 3600 in
999 3544 1301 3602 Ierusalem
1327 3544 1564 3614 ducitur,
1597 3546 1741 3618 quod

138 3633 398 3690 videlicet
432 3636 809 3708 unusquisque
850 3637 1141 3707 proﬁciens
1181 3653 1281 3708 per
1313 3634 1599 3695 charitatis
1645 3648 1740 3695 ze-

140 3722 255 3780 lum
279 3724 461 3794 qualis
485 3726 684 3785 debeet
720 3742 847 3783 esse
882 3727 1126 3784 Ecclesia
1146 3730 1568 3801 contemplatur.
1595 3728 1744 3787 Bene

140 3836 365 3892 quoque
391 3822 629 3888 additur,
654 3822 782 3892 quia
812 3841 832 3874 ο
859 3820 1017 3891 juxta
1059 3825 1261 3879 ostium
1287 3824 1518 3879 interius
1550 3823 1744 3880 ductus

138 3921 247 3979 est,
285 3913 430 3983 quod
458 3913 1225 3983 respiciebatadaquilonem.
1259 3932 1277 3967 ι
1311 3915 1449 3982 Quia
1484 3916 1745 3971 nimirum

136 4012 326 4068 sancti
355 4013 454 4067 viri
484 4013 611 4067 dum
640 4024 740 4082 per
766 4013 971 4067 aditum
1000 4014 1231 4069 inter-me
1268 4014 1745 4084 contemplationis

133 4103 441 4174 aSpiciunt,
485 4103 608 4172 plus
626 4116 795 4172 prava
819 4104 960 4157 intra
986 4104 1287 4159 Ecclesium
1319 4105 1436 4160 ﬂeri
1463 4110 1623 4175 quam
1657 4114 1744 4161 re-

132 4208 234 4251 cta
262 4196 699 4265 deprehendunt,
722 4202 779 4251 et
797 4196 951 4266 quasi
980 4197 1034 4251 in
1062 4192 1335 4267 aquilbnis
1356 4207 1513 4268 parte
1534 4190 1745 4264 oculos,

132 4288 195 4342 id
235 4285 442 4351 est,.ad
474 4285 608 4341 solis
624 4286 903 4342 sinistram
923 4286 1165 4353 flectunt,
1199 4288 1325 4359 quia
1360 4288 1551 4343 contra
1582 4286 1745 4363 vitioe

135 4394 269 4435 rum
297 4376 504 4448 frigora
531 4378 817 4435 charitatis
840 4393 900 4435 se
928 4380 1165 4436 stimulis
1205 4380 1529 4436 accendunt.
1560 4380 1665 4442 Ubi
1691 4389 1747 4437 et

1841 3266 2138 3323 bernaculo
2166 3266 2260 3323 Dei
2278 3308 2293 3333 ,
2319 3275 2377 3323 et
2399 3267 2738 3325 fornicamur
2753 3285 2878 3325 cum
2909 3271 2997 3325 bis
3024 3271 3116 3340 qui
3144 3286 3205 3327 se
3226 3271 3434 3346 militias

1841 3368 1899 3416 et
1917 3360 2222 3416 ministerio
2235 3360 2330 3415 Dei
2345 3361 2611 3418 voverint.
2627 3361 2697 3418 Et
2712 3361 3101 3419 sacrificiorum
3115 3364 3233 3434 ejus
3248 3364 3440 3435 primi-

1845 3453 1953 3509 tiva
1966 3452 2536 3525 decerpimus,dantes
2546 3455 2603 3510 in
2624 3470 2782 3511 usum
2802 3457 3061 3512 clientum
3080 3464 3244 3528 atque
3262 3454 3435 3511 fama;

1842 3543 2040 3612 lorum,
2060 3554 2118 3601 et
2143 3546 2328 3603 omnia
2355 3546 2494 3603 lucri
2520 3563 2687 3603 causa
2709 3546 2959 3603 facimus.
2988 3535 3289 3604 Sinautem
3319 3548 3435 3605 haec

1845 3645 1958 3693 tam
1998 3654 2193 3711 magna
2225 3648 2354 3698 sunt
2383 3656 2508 3711 quae
2527 3642 2803 3710 videmus,
2823 3651 3028 3713 quanto
3056 3643 3262 3715 majora
3292 3644 3442 3699 testi-4

1845 3731 2043 3787 manda
2069 3741 2223 3799 sunt,
2255 3750 2377 3804 quae
2403 3734 2697 3797 humanam
2727 3735 2990 3807 effugiunt
3015 3737 3435 3808 conscientiam!

1923 3845 1943 3878 ι
1987 3827 2057 3881 Et
2082 3828 2380 3884 introduxit
2403 3843 2491 3884 me
2515 3830 2585 3884 ad
2612 3830 2811 3885 ostium
2837 3830 2986 3897 atrii,
3014 3837 3070 3886 et
3092 3828 3200 3885 vidi
3228 3834 3282 3884 et
3310 3840 3438 3884 ecce

1856 3935 1874 3969 α
1915 3917 2160 3973 foramen
2186 3934 2355 3974 unum
2379 3920 2435 3974 in
2464 3916 2692 3990 pariete.
2724 3922 2790 3976 Et
2818 3922 2954 3976 dixit
2976 3923 3045 3976 ad
3074 3934 3193 3977 me:
3217 3920 3319 3979 Fili
3346 3921 3443 3977 bo-

1854 4027 1874 4063 ι
1917 4010 2101 4077 minis,
2124 4010 2248 4065 fode
2263 4012 2547 4081 parietem.
2566 4010 2769 4067 Etcum
2786 4012 3140 4082 perfodissem
3154 4013 3439 4083 parietem,

1857 4122 1876 4155 ι
1922 4106 2172 4174 apparuit
2199 4106 2400 4160 ostium
2427 4107 2720 4162 unum-Et
2747 4107 2881 4162 dixit
2910 4107 2978 4162 ad
3008 4122 3129 4163 me:
3157 4105 3444 4177 ingredere

1858 4214 1876 4249 ι
1919 4204 1976 4251 et
2006 4196 2128 4252 vide
2156 4197 2588 4255 abominationes
2618 4200 2885 4271 pessimas
2911 4214 3048 4271 quas
3096 4200 3186 4255 isti
3230 4197 3443 4265 faciunt

1857 4306 1875 4339 ι
1922 4287 2029 4353 hic,
2072 4306 2093 4342 ι
2123 4297 2228 4343 etc.
2261 4288 2377 4345 Hoc
2407 4291 2551 4359 quod
2577 4281 2828 4347 t’ranStuli
2857 4309 2871 4348 :
2909 4302 2929 4345 ο
2965 4292 3033 4347 Et
3063 4290 3168 4347 vidi
3204 4299 3261 4348 et
3311 4302 3440 4348 ecce

1851 4379 2094 4437 foramen
2159 4397 2327 4438 unum
2367 4384 2425 4438 in
2467 4382 2695 4454 pariete,
2735 4402 2754 4438 ι
2825 4386 2881 4442 in
2925 4385 3279 4458 Septuaginta
3328 4402 3437 4445 non

135 4478 303 4527 recte
328 4469 705 4540 subiungitur:
729 4489 746 4522 ι
770 4470 905 4538 Quia
921 4477 975 4526 et
990 4471 1101 4527 illic
1114 4480 1235 4527 erat
1258 4479 1521 4528 statutum
1543 4472 1744 4528 idolum
1850 4470 2103 4526 habetur.
2136 4472 2202 4526 Et
2229 4473 2357 4543 quia
2378 4474 2560 4529 omnia
2583 4475 2739 4545 quasi
2778 4476 2831 4531 in
2858 4475 3093 4547 imagine
3120 4478 3440 4550 picturaQue

140 4562 249 4617 zeli
266 4562 337 4616 ad
354 4562 752 4632 provocandam
775 4562 1194 4618 aemulationem.
1219 4582 1238 4616 ι
1258 4562 1396 4618 Dum
1423 4565 1568 4620 enim
1601 4565 1742 4621 intra
1772 4552 1833 4612 Β
1852 4572 2245 4631 monstrantur,
2274 4582 2440 4621 unum
2486 4568 2545 4621 in
2589 4569 2799 4637 pariete
2838 4567 3082 4622 foramen
3131 4568 3332 4623 vidisse
3381 4580 3440 4622 se

141 4655 451 4713 Eeon
478 4663 721 4709 sanetam
753 4670 784 4708 a
814 4656 1091 4711 nonnullis
1120 4656 1299 4725 specie
1340 4657 1453 4713 sola
1496 4642 1746 4714 ﬁdelibus

142 4748 400 4817 rapinas,
440 4754 500 4801 et
540 4746 671 4799 vitia
698 4746 998 4815 perpetrari
1034 4746 1405 4813 considerant,
1435 4747 1565 4817 quid
1602 4747 1747 4803 aliud

143 4852 319 4908 quam
340 4837 399 4892 in
419 4834 723 4892 Jerusalem
749 4836 954 4890 idolum
980 4836 1207 4891 vident?
1229 4837 1383 4904 Quod
1412 4837 1617 4892 idolum
1645 4837 1748 4893 teli

144 4930 376 4996 dicitur,
424 4929 551 4998 quia
590 4943 688 4999 per
720 4927 823 4983 hoc
846 4935 1038 4983 contra
1068 4938 1169 4983 nos
1196 4928 1468 4983 aemulatio
1510 4932 1746 4999 superna

142 5030 508 5093 provocatur,
550 5030 611 5076 et
638 5029 793 5076 tanto
827 5021 1127 5076 districtius
1171 5018 1556 5090 delinquentes
1599 5018 1746 5088 ferit,

144 5120 363 5185 quanto
375 5128 474 5169 nos
483 5112 707 5168 eharius
718 5111 1048 5182 Redemptor
1059 5119 1224 5167 amat.
1242 5112 1550 5185 Hypoct'itaz
1564 5112 1747 5183 igitur,

143 5206 280 5276 quia
323 5205 681 5276 cogitationes
713 5206 910 5261 mentis
939 5220 1048 5261 non
1073 5204 1354 5276 colligunt,
1393 5220 1492 5275 per
1538 5205 1747 5260 cincin—

146 5318 284 5357 num
319 5303 516 5373 capitis
544 5303 769 5359 minime
800 5312 1074 5369 tenentur,
1104 5312 1163 5359 et
1187 5304 1280 5372 qui
1330 5312 1426 5359 sua
1476 5298 1748 5366 nesciunt,

145 5393 576 5450 commissorum
625 5395 729 5451 sibi
789 5397 1006 5466 quando
1058 5395 1256 5451 delicta
1300 5392 1751 5464 deprehendunt?

147 5482 218 5539 Hi
250 5486 440 5557 itaque
464 5495 683 5558 torpent
705 5504 736 5543 a
763 5488 1099 5554 emiestibus,
1143 5488 1213 5542 ad
1237 5496 1361 5557 qua:
1386 5486 1620 5558 ﬂagrare
1652 5484 1748 5543 de-

147 5573 420 5644 buerunt,
443 5586 502 5633 et
524 5578 758 5651 ﬂagrant
798 5579 1032 5637 terrenis
1081 5582 1243 5637 rebus
1274 5580 1455 5645 anxie,
1492 5592 1524 5633 ιι
1558 5578 1752 5649 quibus

149 5670 508 5730 laudabiliter
533 5676 882 5746 torpuissent.
916 5676 1220 5746 Poatposita
1244 5674 1443 5745 quippe
1467 5674 1597 5727 cura
1622 5673 1757 5728 filio—

155 5773 312 5832 rum,
339 5778 481 5838 saepe
500 5781 597 5822 eos
612 5765 799 5823 videas
830 5782 888 5823 se
912 5776 1102 5823 contra
1128 5765 1370 5838 pericula
1402 5765 1649 5821 immensi
1672 5766 1753 5819 la-

1850 4655 2306 4727 dieit,juberique
2343 4659 2447 4713 sibi
2495 4668 2554 4713 ut
2595 4660 2726 4713 illud
2774 4660 3062 4729 perfodiat,
3106 4666 3160 4713 et
3210 4659 3446 4729 amplius

1850 4748 2035 4815 faciat,
2065 4764 2174 4819 quo
2225 4749 2479 4804 videlicet
2529 4757 2717 4818 aperto
2758 4748 3046 4814 foramine,
3078 4748 3239 4804 latius
3267 4748 3444 4818 possit

1849 4842 2057 4897 intrare
2081 4850 2138 4897 et
2160 4841 2370 4907 videre,
2396 4856 2517 4910 quae
2540 4841 2673 4896 foris
2704 4842 2890 4897 videre
2919 4843 3127 4912 positus
3154 4856 3259 4897 non
3289 4846 3444 4911 pote-

1850 4941 1955 4987 rat.
1987 4932 2091 4987 Per
2115 4933 2261 5002 quod
2300 4933 2604 4987 ostenditur
2637 4941 2750 4988 tam
2784 4935 2838 4988 in
2881 4934 3149 4999 ecclesiis,
3180 4944 3341 5003 quam
3386 4932 3444 4989 lii

1854 5023 2082 5094 singulis
2108 5025 2268 5079 nobis
2295 5039 2395 5095 per
2420 5040 2587 5095 parva
2627 5025 2761 5080 vitia
2792 5024 2995 5093 majora
3031 5024 3360 5093 monstrari,
3389 5023 3446 5081 et

1852 5113 2009 5184 quasi
2034 5129 2133 5184 per
2167 5114 2412 5185 quaedam
2453 5114 2721 5170 foramina
2760 5115 2829 5170 ad
2860 5114 3294 5172 ahomiuatlones
3323 5126 3443 5171 ma-

1851 5206 2027 5261 ximas
2054 5206 2347 5277 perveniri.
2382 5224 2401 5258 ι
2447 5207 2526 5262 Ex
2556 5205 2825 5263 fructibus
2849 5206 2997 5262 enim
3038 5207 3204 5261 arbor
3244 5218 3445 5281 cognoé

1853 5299 2044 5367 scitur,
2069 5298 2286 5371 (Matth.
2317 5299 2449 5372 xu);
2508 5314 2577 5355 ex
2619 5298 2954 5355 abundantia
3000 5299 3145 5355 enim
3176 5298 3355 5355 cordis
3382 5302 3447 5355 os

1854 5393 2093 5464 loquitur
2126 5393 2280 5467 (Luc.
2304 5394 2405 5464 vi).-
2437 5414 2457 5446 ι
2485 5394 2593 5449 Pro
2617 5393 2772 5463 signo
2800 5394 2927 5447 sunt
2954 5392 3230 5450 interimis
3272 5388 3446 5447 homi-

1858 5488 1943 5544 nis
1958 5489 2121 5545 verba
2144 5488 2501 5558 erumpentia.
2531 5486 3186 5554 Quomodolibidinosum,
3203 5486 3329 5557 quia
3346 5500 3445 5545 sua

1858 5582 2051 5638 callide
2077 5581 2220 5638 celat
2268 5582 2421 5647 vitia,
2450 5581 2726 5635 interdum
2775 5579 2950 5651 turpis
2995 5588 3178 5636 seruio
3224 5580 3447 5633 demon-

1857 5682 2013 5728 strat.
2042 5672 2110 5727 Et
2139 5672 2420 5727 avaritiam
2456 5670 2711 5726 latentem
2743 5668 3074 5728 intrinsecus
3100 5667 3337 5742 parvula:
3369 5668 3448 5723 rei

1862 5764 2059 5837 cupido
2086 5763 2379 5836 signiﬁcat.
2406 5762 2702 5821 Minoribus
2729 5765 2877 5822 enim
2904 5766 3113 5837 majora
3142 5770 3450 5821 matran—
