3938 6360
436 321 542 380 625

436 450 548 506 tur,
575 439 836 507 vultuque
860 445 916 492 et
952 434 1124 491 oculis
1153 431 1482 489 dissimulari
1527 445 1636 487 non
1668 435 1847 501 potest
1892 441 2023 482 con-
2051 429 2105 492 Α
2128 422 2409 494 ingressus
2456 417 2568 472 vidi
2614 434 2630 470 :

440 532 688 596 scientia,
716 533 844 586 dum
886 527 1181 584 luxuriosa.
1222 534 1278 580 et
1325 525 1525 580 lasciva
1567 538 1722 578 mens
1769 521 1916 576 lucet
1971 519 2026 574 in

433 623 600 691 facie,
637 631 693 678 et
730 628 940 678 secreta
986 618 1185 684 cordis,
1217 624 1370 674 motu
1407 614 1650 687 corporis
1687 622 1744 669 et
1787 611 2028 683 gestibus

435 716 770 772 indicantur.

518 815 537 848 ι
577 795 646 850 Et
681 796 959 867 ingressus
984 792 1115 859 vidi,
1142 801 1198 848 et
1235 807 1362 848 ecce
1403 789 1581 846 omnis
1621 787 1912 844 similitudo
1946 798 2030 840 re-

447 908 466 940 (
507 888 721 958 pti‘lium
751 893 807 942 et
834 887 1150 942 animalium
1177 885 1594 948 abominatio,et
1617 883 1867 937 universa
1887 879 2029 935 idola

445 1001 464 1032 ι
509 982 702 1036 domus
726 979 892 1036 Israel
923 980 1133 1052 depicta
1165 989 1322 1034 erant
1356 979 1412 1033 in
1436 978 1642 1048 pariete
1693 978 1745 1032 in
1797 975 2030 1031 circuitu

442 1090 461 1123 ‹
506 1086 606 1142 per
643 1079 836 1128 totum.
877 1091 896 1124 ι
923 1070 1042 1126 Non
1071 1071 1244 1126 solum
1275 1077 1456 1125 autem
1482 1069 1684 1125 idolum
1716 1068 1819 1123 zeli
1849 1067 2033 1122 stabat

439 1163 494 1219 in
535 1164 762 1220 introitu
791 1171 932 1235 pota:
962 1163 1251 1233 aquilonis,
1287 1163 1380 1218 sed
1400 1170 1454 1216 et
1480 1177 1670 1216 omnes
1697 1160 1881 1230 templi
1909 1173 2035 1229 par-

371 1243 374 1245 i
441 1264 525 1311 tes
579 1256 810 1312 diversis
866 1255 1132 1310 idolorum
1179 1255 1506 1326 imaginibus
1561 1253 1943 1325 pingebantur,
1975 1255 2036 1304 ut

439 1348 587 1404 nulla
615 1356 764 1404 esset
786 1349 961 1404 bestia
988 1363 1153 1418 quam
1197 1364 1307 1403 non
1353 1347 1579 1418 parietis
1623 1346 1839 1415 pictura
1881 1357 2034 1397 mon-

438 1447 657 1494 straret.
684 1438 797 1494 Hoc
827 1439 882 1492 in
903 1438 1142 1493 delubris
1165 1437 1454 1502 idolorum,
1478 1435 1726 1504 fanisque
1752 1431 2034 1504 gentilium

440 1535 548 1589 huc
579 1548 752 1603 usque
774 1532 1188 1603 perSpiciamus,
1224 1530 1367 1599 quod
1393 1528 1574 1584 omnia
1604 1540 1802 1596 genera
1832 1521 2036 1579 bestia-

448 1639 572 1679 rum
603 1624 792 1679 adoret
819 1623 982 1678 stulta
1013 1622 1222 1693 religio.
1255 1620 1407 1675 Unde
1422 1626 1477 1673 et
1499 1615 1760 1686 Virgilius
1786 1627 1812 1654 α
1844 1633 1857 1668 :

507 1716 940 1779 Omnigenumque
966 1715 1078 1776 (ait)
1098 1714 1244 1762 deum
1270 1717 1503 1770 monstra,
1532 1713 1584 1760 et
1604 1707 1803 1758 latrator
1829 1705 2032 1767 Anubis,

444 1801 602 1871 quasi
634 1815 742 1855 non
774 1808 831 1854 et
852 1799 944 1853 illa
967 1798 1077 1852 sint
1102 1803 1346 1850 monstra
1376 1808 1495 1863 qua:
1518 1791 1732 1856 laudat,

507 1901 682 1951 Contra
700 1897 1001 1960 Neptunum,
1027 1901 1080 1945 et
1101 1893 1373 1953 Venerem,
1395 1901 1666 1954 contraque
1686 1889 1974 1939 Minervam.

443 1983 743 2038 Possumus
764 1981 892 2036 etin
915 1979 1119 2035 nostris
1137 1977 1352 2048 templis
1372 1976 1514 2032 idola
1535 1982 1843 2030 monstrare
1863 1973 2041 2043 parie-

443 2077 593 2133 tibus
623 2075 853 2146 depicta,
879 2074 1095 2145 quando
1115 2072 1369 2127 omnibus
1398 2071 1545 2126 vitiis
1595 2070 1962 2140 subjacemus,
1988 2075 2044 2122 et

442 2168 716 2241 pingimus
737 2168 795 2222 in
825 2167 989 2222 corde
1013 2174 1201 2221 nostro
1244 2172 1589 2234 peccatorum
1630 2160 2041 2242 conscientiam,

441 2261 820 2331 imaginesque
846 2260 1109 2315 diversas.
1135 2258 1212 2312 De
1233 2258 1429 2328 quibus
1459 2257 1514 2310 in
1537 2255 1770 2310 Psalmis
1802 2253 2000 2308 dicitur
2028 2271 2041 2307 :

451 2369 470 2402 ε
515 2349 766 2415 Domine,
795 2350 850 2404 in
881 2348 1100 2404 civitate
1139 2357 1232 2402 tua
1279 2346 1574 2416 imaginem
1620 2346 1861 2414 ipsorum
1888 2343 2046 2399 dissi-

442 2440 600 2511 pabis
642 2438 816 2514 (Psal.
845 2441 1038 2511 Lxxu).
1075 2458 1093 2490 ›
1137 2439 1208 2494 Et
1254 2439 1308 2492 in
1353 2438 1459 2492 alio
1499 2436 1620 2493 loco
1651 2452 1666 2490 :
1704 2455 1723 2488 ‹
1760 2436 2048 2491 Verumta-

447 2548 574 2588 men
604 2533 663 2587 in
693 2532 928 2602 imagine
958 2529 1298 2600 perambulat
1338 2529 1501 2584 homo
1531 2527 1705 2600 (Psal.
1739 2527 1992 2600 xxxvm).
2023 2546 2040 2579 ι

449 2623 606 2690 Quod
658 2623 864 2678 scilicet
922 2621 1101 2676 nullus
1167 2620 1445 2674 hominum
1501 2619 1590 2685 sit,
1649 2619 1742 2689 qui
1809 2618 2048 2688 aliquam

449 2713 745 2782 imaginem
809 2729 916 2768 non
969 2713 1190 2778 habeat,
1221 2713 1336 2768 sive
1391 2712 1718 2776 sanctitatis,
1774 2711 1888 2765 sive
1927 2725 2051 2780 pec-

451 2806 578 2861 cati.
640 2803 1002 2871 Quamobrem
1053 2802 1276 2858 furiosis
1340 2802 1540 2858 dicitur
1593 2811 1647 2858 et
1691 2800 1967 2856 iracundis
2033 2818 2046 2854 :

458 2913 478 2946 «
514 2895 692 2950 Furor
747 2895 855 2950 illis
895 2895 1052 2964 juxta
1097 2894 1508 2950 similitudinem
1554 2895 1855 2965 serpentis,
1909 2893 2054 2948 sicut

451 2985 657 3056 aspidis
709 2985 910 3052 surdae,
941 2993 996 3040 et
1029 2985 1334 3040 obturantis
1371 3001 1531 3041 aures
1579 3000 1728 3051 suas,
1775 3000 1894 3055 quae
1941 2998 2051 3039 non

450 3076 706 3130 exaudiet
732 3090 920 3131 vocem
948 3075 1342 3131 incantantium
1388 3073 1563 3146 (Psal.
1603 3072 1759 3147 Lvn).
1807 3093 1828 3126 ›
1883 3073 1949 3127 Et
1982 3071 2051 3128 de

450 3165 762 3221 hominibus
789 3180 1022 3235 nequam
1077 3185 1090 3218 :

451 3260 691 3314 ostendit
731 3259 883 3314 vobis
914 3259 1101 3329 fugere
1135 3265 1418 3312 aventura
1461 3257 1583 3311 ira?
1629 3276 1648 3308 ι
1682 3255 1900 3327 (Matth.
1941 3253 2051 3327 ιιι.)

450 3349 520 3404 Et
559 3351 626 3404 de
672 3349 1066 3419 versipellibus
1097 3364 1162 3403 ac
1212 3347 1574 3404 fraudulentis
1622 3365 1636 3400 :
1693 3367 1711 3398 ‹
1767 3348 1867 3412 lte,
1889 3347 2054 3402 dicite

454 3440 604 3511 vulpi
653 3441 781 3495 huic
831 3439 984 3512 (Luc.
1044 3438 1185 3512 xm).
1223 3459 1241 3490 ι
1280 3440 1360 3494 Ac
1397 3441 1464 3495 de
1518 3441 1852 3495 amatoribus
1893 3440 2052 3494 femi—

454 3547 649 3606 narum
683 3549 696 3583 :
735 3549 755 3582 ‹
791 3529 933 3600 Equi
981 3530 1316 3586 insanientes
1367 3531 1422 3585 in
1469 3528 1700 3586 feminas
1745 3529 1875 3586 facti
1929 3540 2057 3586 sunt

454 3623 614 3690 mihi,
644 3623 1020 3694 unusquisque
1041 3624 1109 3678 ad
1138 3638 1366 3678 uxorem
1396 3623 1633 3694 proximi
1658 3623 1742 3678 sui
1774 3622 2058 3679 hinniebat

459 3713 597 3786 (Jer.
624 3713 702 3787 v).
745 3734 763 3765 ι
800 3716 878 3770 De
905 3715 1080 3770 brutis
1111 3729 1327 3786 quoque
1356 3731 1421 3770 ac
1473 3715 1797 3772 vecordibus
1828 3733 1842 3770 :
1884 3734 1902 3766 ‹
1951 3715 2058 3770 Νο-

453 3806 556 3860 lite
601 3804 723 3860 ﬁeri
764 3805 906 3860 sicut
954 3820 1127 3875 equus
1174 3814 1232 3861 et
1262 3805 1462 3871 mulus,
1487 3806 1683 3877 quibus
1722 3821 1835 3861 non
1865 3813 1950 3861 est
1973 3805 2057 3860 in-

456 3895 708 3953 tellectus
755 3895 942 3971 (Psal.
994 3897 1164 3971 xxxx).
1224 3918 1244 3950 ι
1301 3896 1517 3970 (Greg.,
1549 3897 1744 3952 Moral.
1777 3897 1869 3952 lib.
1902 3914 2056 3965 xxvr,

457 4008 506 4045 ε.
577 3989 674 4065 6.)
727 3992 843 4047 Viri
912 4001 1095 4049 autem
1160 3993 1432 4049 veraciter
1499 3995 1708 4061 sancti,
1771 4011 1893 4050 cum
1961 3993 2060 4048 fla-

457 4084 650 4156 gellari
694 4086 999 4156 quempiam
1053 4100 1158 4157 pro
1183 4084 1341 4156 culpa
1379 4094 1731 4158 cognoscunt,
1763 4087 1867 4143 etsi
1914 4101 2060 4158 quae-

461 4177 586 4232 dam
611 4174 730 4246 ejus
766 4177 1074 4232 inordinata
1123 4177 1445 4247 corripiunt,
1473 4177 1541 4232 ad
1583 4177 1826 4247 quaedam
1876 4186 2058 4233 tamen

462 4267 700 4322 dolentia
732 4257 1154 4336 compatiuntur.
1183 4267 1254 4323 Et
1281 4267 1362 4323 sic
1401 4268 1580 4323 sciunt
1632 4268 1893 4322 tumentia
1936 4282 2060 4336 pre-

461 4371 636 4422 mere,
663 4363 726 4409 ut
758 4356 934 4410 sciant
961 4357 1126 4410 etiam
1173 4365 1402 4412 cruenta
1432 4356 1636 4423 fovere,
1669 4367 1947 4426 quatenus
2003 4357 2056 4411 in

465 4447 548 4502 eis
574 4445 702 4501 dum
732 4446 869 4502 dura
893 4446 1196 4514 emolliunt,
1224 4447 1442 4502 inﬁrma
1468 4447 1900 4503 roborentur.At
1930 4461 2060 4502 con-

465 4550 551 4594 tra
566 4549 883 4612 arrogantes
905 4541 1010 4596 viri
1027 4541 1153 4612 quia
1171 4541 1460 4599 cbaritatis
1471 4541 1684 4596 viscera
1704 4556 1812 4596 non
1835 4539 2060 4606 habent,

464 4647 575 4687 non
607 4631 782 4688 solum
819 4649 928 4690 non
963 4636 1388 4704 compatiuntur,
1436 4635 1601 4690 etiam
1624 4634 1790 4705 justis
1839 4633 2064 4688 dolenti-

464 4727 589 4792 bus,
622 4728 718 4783 sed
743 4743 837 4783 eos
867 4729 1091 4799 insuper
1122 4732 1222 4786 sub
1265 4730 1448 4800 specie
1473 4728 1636 4799 justae
1677 4726 2065 4798 increpationis

467 4815 736 4889 afﬂigunt.
773 4819 871 4875 Vel
909 4821 953 4874 si
985 4835 1092 4888 qua
1121 4821 1176 4874 in
1209 4821 1290 4876 eis
1317 4829 1442 4875 sunt
1462 4835 1631 4890 parva
1662 4819 1802 4874 mala
1835 4834 2066 4891 exagge-

467 4918 614 4976 rant,
653 4910 740 4965 vel
767 4925 831 4965 ea
869 4926 991 4980 quae
1011 4924 1142 4963 vere
1167 4909 1309 4964 bona
1341 4920 1490 4974 sunt,
1521 4909 1664 4964 male
1695 4911 1836 4979 apud
1875 4925 1934 4966 se
1977 4909 2065 4964 in-

468 5001 820 5070 terpretanda
877 5006 1234 5056 commutant.
1280 4997 1538 5064 Quamvis
1587 5000 1754 5054 etiam
1792 5000 1928 5054 casti
1974 4999 2069 5054 do-

470 5099 654 5146 ctores
682 5105 825 5160 saape
855 5103 1188 5160 exaggerare
1213 5088 1425 5145 soleant
1461 5090 1889 5160 delinquentium
1916 5091 2068 5156 vitia,

473 5189 529 5237 et
542 5196 611 5235 ex
629 5181 953 5249 quibusdam
974 5181 1144 5252 signis
1163 5179 1620 5252 publicisocculta
1642 5181 1850 5246 rimari,
1865 5189 1926 5234 ut
1947 5195 2072 5250 pos-

471 5271 586 5328 sint
606 5287 674 5326 ex
695 5271 936 5327 minimis
954 5272 1162 5342 maiora
1189 5289 1540 5345 cognoscere.
1560 5273 1714 5333 Unde
1728 5275 1796 5330 ad
1817 5275 2071 5332 Ezechiel

474 5362 674 5418 dicitur
706 5381 720 5418 :
756 5382 774 5415 ‹
806 5363 910 5418 Fili
967 5367 1221 5433 hominis,
1258 5367 1383 5424 fode
1431 5369 1716 5440 parietem.
1756 5387 1774 5422 ›
1811 5368 1913 5424 Ubi
1943 5383 2071 5424 mox

475 5454 719 5510 subdidit
747 5498 760 5510 .
799 5477 816 5508 ‹
855 5457 925 5512 Et
950 5474 1073 5515 cum
1104 5461 1468 5532 perfodissem
1497 5464 1784 5535 parietem,
1817 5462 2070 5533 apparuit

477 5545 677 5601 ostium
710 5564 898 5603 unum.
925 5549 993 5604 Et
1021 5551 1160 5607 dixit
1186 5555 1252 5608 ad
1309 5571 1396 5610 me
1443 5572 1456 5609 :
1507 5554 1800 5627 Ingredere
1841 5561 1896 5608 et
1945 5553 2069 5609 vide

481 5640 913 5701 abominationes
949 5645 1218 5715 pessimas
1261 5663 1398 5718 quas
1446 5649 1536 5704 isti
1586 5648 1794 5704 faciunt
1841 5647 1950 5702 hic.
2000 5645 2069 5700 Et

1071 321 1135 374 B.
1175 317 1430 375 RABANI
1467 316 1690 374 MAURI
1729 311 2049 372 ARCHIEP.
2084 295 2725 368 MOGUNTJOPERUM
2759 298 2942 359 PARS
2980 299 3048 355 II.

2066 1786 2115 1847 B

2686 422 2746 470 et
2791 427 2921 470 ecce
2963 409 3141 466 omnis
3190 405 3508 464 similitudo
3569 404 3746 475 repti-

2127 513 2259 568 lium
2307 520 2364 566 et
2407 508 2720 564 animalium
2767 504 3119 569 abominatio,
3173 509 3228 558 et
3269 514 3405 558 ecce
3465 498 3742 554 universa

2129 604 2275 661 idola
2301 601 2494 658 domus
2523 598 2691 656 Israel
2721 598 2935 668 depicta
2960 602 3119 652 erant
3147 595 3203 649 in
3259 594 3506 665 pariete.
3563 609 3588 641 ι
3642 590 3744 647 Per

2129 697 2473 755 Ezechielem
2499 694 2695 766 quippe
2725 691 3145 764 praepositorum
3186 703 3431 760 persona
3455 685 3742 755 signatur,

2132 809 2229 865 per
2276 791 2545 863 parietem
2587 787 2788 844 duritia
2827 783 3187 840 subditorum.
3229 781 3299 838 Et
3332 780 3474 852 quid
3505 787 3602 834 est
3657 794 3745 849 pa-

2132 885 2330 940 rietem
2357 882 2577 948 fodere,
2604 881 2711 936 nisi
2754 878 2964 950 asperis
2997 873 3441 946 correptionibus
3477 872 3741 928 duritiam

2137 979 2316 1035 cordis
2375 974 2621 1048 aperire?
2677 973 2849 1042 Quem
2902 986 3027 1028 cum
3077 969 3436 1041 perfodisset,
3491 967 3743 1037 apparuit

2136 1073 2355 1128 ostium.
2389 1071 2526 1139 Quia
2557 1084 2682 1124 cum
2710 1067 2891 1124 cordis
2932 1066 3152 1131 duritia,
3182 1063 3270 1120 vel
3301 1062 3582 1118 studiosis
3628 1077 3740 1131 per-

2136 1163 2594 1229 cunctationibus,
2617 1162 2703 1217 vel
2725 1161 2953 1217 maturis
2978 1158 3423 1230 correptionibus
3455 1156 3736 1224 scinditur,

2139 1256 2296 1328 quasi
2317 1255 2563 1325 quaedam
2586 1253 2754 1325 janua
2783 1251 3111 1317 ostenditur,
3139 1264 3207 1304 ex
3235 1264 3344 1320 qua
3376 1249 3578 1304 omnia
3603 1249 3654 1300 in
3680 1264 3736 1301 eo

2139 1349 2231 1420 qui
2277 1347 2571 1418 corripitur
2594 1388 2611 1413 ,
2660 1345 3052 1414 cogitationum
3107 1342 3374 1398 interiora
3435 1340 3732 1395 videantur.

2141 1439 2295 1496 Unde
2341 1447 2396 1494 et
2435 1441 2573 1495 bene
2603 1437 2713 1493 illic
2740 1436 3025 1508 sequitur:
3061 1453 3081 1486 ι
3117 1433 3186 1488 Et
3211 1433 3351 1489 dixit
3386 1430 3464 1487 ad
3494 1446 3586 1487 me
3617 1450 3631 1484 :
3659 1431 3734 1485 In-

2140 1533 2367 1603 gredere
2412 1537 2469 1586 et
2525 1528 2650 1585 vide
2692 1527 3128 1584 abominationes
3152 1525 3432 1597 pessimas
3468 1538 3613 1593 quas
3658 1523 3732 1577 isti

2141 1623 2349 1679 faciunt
2407 1622 2516 1679 hic.
2564 1640 2584 1674 ι
2621 1620 2790 1690 Quasi
2841 1620 3266 1691 ingreditur,ut
3303 1618 3734 1674 abominationes

2145 1714 2389 1784 aspiciat,
2440 1713 2533 1783 qui
2591 1712 2852 1768 discussis
2910 1709 3238 1781 quibusdam
3280 1710 3467 1780 signis
3517 1711 3732 1763 exterius

2144 1806 2531 1876 apparentibus
2557 1845 2572 1871 ,
2626 1805 2704 1860 ita
2763 1805 2928 1860 corda
2981 1803 3327 1859 subditorum
3365 1813 3662 1875 penetrat,
3689 1813 3735 1855 ut

2145 1905 2340 1951 cuncta
2368 1895 2419 1950 ei
2449 1910 2568 1965 quae
2597 1894 2784 1973 illicita
2809 1895 3139 1964 cogitantur,
3168 1895 3558 1949 innotescant.
3604 1893 3733 1948 Unde

2145 1998 2200 2046 et
2224 1990 2461 2046 subdidit
2494 2009 2506 2043 :
2545 2009 2564 2041 ι
2598 1988 2669 2044 Et
2697 1989 2975 2060 ingressus
3019 1988 3161 2054 vidi,
3205 1997 3262 2042 et
3295 2002 3437 2043 ecce
3467 1987 3645 2041 omnis
3675 1987 3730 2042 si-

2146 2087 2396 2142 militudo
2463 2083 2740 2155 reptilium
2787 2091 2846 2139 et
2891 2082 3211 2138 animalium
3235 2121 3250 2149 ,
3308 2081 3670 2136 abominatio.
3713 2102 3729 2132 ι

2146 2179 2203 2236 1η
2234 2177 2517 2249 reptilibus
2547 2176 2900 2248 cogitationes
2924 2175 3150 2231 omnino
3168 2184 3416 2230 terrena:
3437 2173 3731 2244 signantur;

2149 2272 2204 2326 in
2233 2269 2557 2326 animalibus
2576 2283 2706 2323 vero
2725 2266 2841 2338 jam
2867 2267 3085 2340 quidem
3111 2267 3530 2338 aliquantulum
3557 2283 3588 2321 a
3615 2276 3733 2321 tem

2149 2379 2444 2434 suspensae,
2476 2361 2571 2418 sed
2603 2362 2780 2417 adhuc
2826 2369 3058 2416 terrenas
3094 2359 3371 2415 mercedis
3408 2361 3638 2431 premi:
3669 2374 3736 2414 re-

2150 2457 2448 2528 quirentes.
2482 2455 2621 2510 Nam
2655 2455 2869 2525 reptilia
2893 2463 3007 2510 toto
3038 2470 3104 2510 ex
3131 2467 3372 2524 corpore
3397 2462 3566 2509 terra:
3595 2454 3736 2507 inin-

2150 2560 2294 2618 rent,
2317 2549 2570 2606 animalia
2610 2559 2792 2605 autem
2831 2558 3016 2605 ventre
3055 2563 3087 2603 a
3127 2557 3276 2604 terra
3305 2563 3588 2619 suspensa
3616 2557 3736 2613 sunt,

2151 2643 2389 2714 appetitu
2419 2650 2601 2698 tamen
2630 2642 2769 2713 gulae
2796 2642 2863 2696 ad
2890 2649 3092 2696 terram
3121 2655 3345 2712 semper
3376 2640 3700 2696 inclinantur
3725 2658 3738 2691 :

2152 2735 2367 2805 reptilia
2421 2735 2607 2804 itaque
2634 2733 2778 2788 intra
2810 2733 3076 2802 parietem
3116 2742 3266 2800 sunt,
3290 2733 3522 2802 quando
3553 2733 3738 2802 cogita.

2154 2830 2329 2885 tiones
2345 2828 2639 2884 volvuntur
2668 2827 2726 2881 in
2756 2835 2956 2890 mente,
2987 2841 3107 2896 quae
3135 2841 3165 2879 a
3197 2825 3442 2880 terrenis
3473 2824 3737 2879 desideriis

2154 2939 2430 2994 nunquam
2455 2923 2724 2978 levantur.
2759 2919 3028 2976 Animalia
3067 2934 3285 2989 quoque
3315 2929 3455 2974 sunt
3493 2919 3639 2973 intra
3661 2934 3740 2989 pa-

2155 3017 2366 3083 rietem,
2394 3015 2612 3087 quando
2639 3021 2694 3069 et
2729 3012 2775 3068 si
2804 3028 2911 3082 qua
2929 3011 3044 3081 jam
3065 3012 3239 3082 justa,
3287 3013 3338 3067 si
3381 3027 3500 3082 qua
3541 3013 3743 3068 honesta

2155 3111 2498 3182 cogitantur,
2545 3105 2862 3178 appetendis
2911 3113 3092 3160 tamen
3147 3103 3314 3159 lucris
3365 3104 3747 3175 temporalibus

1156 3162 1535 3277 ‘ffffi‘ia‘f‘:
1560 3179 1892 3277 “me
2079 3175 2124 3238 Ο
2156 3205 2564 3277 honoribusque
2591 3206 2926 3272 deserviunt,
2955 3214 3011 3260 et
3054 3221 3155 3276 per
3203 3204 3512 3274 semetipsa
3547 3204 3747 3274 quidem

2151 3297 2267 3368 jam
2299 3298 2454 3367 quasi
2493 3313 2526 3352 a
2553 3305 2699 3353 terra
2727 3312 2990 3368 suspensa
3022 3305 3168 3362 sunt,
3193 3295 3291 3351 sed
3310 3295 3496 3349 adhuc
3517 3311 3637 3364 per
3662 3310 3748 3346 au:-

2156 3390 2350 3454 bitum,
2374 3388 2532 3459 quasi
2563 3402 2662 3459 per
2703 3388 2842 3461 gulae
2869 3388 3196 3444 desiderium
3220 3401 3342 3443 sese
3376 3389 3446 3442 ad
3470 3387 3606 3441 ima
3653 3386 3750 3441 sub-

2157 3481 2398 3536 mittunt.
2416 3478 2572 3535 Unde
2597 3487 2654 3536 et
2671 3479 2812 3536 bene
2839 3479 3087 3536 subditur
3115 3497 3129 3533 :
3172 3499 3191 3531 ‹
3224 3479 3294 3533 Et
3320 3479 3602 3534 universa
3631 3477 3750 3534 idola

2159 3575 2350 3630 domus
2385 3573 2554 3630 Israel
2608 3574 2822 3644 depicta
2871 3582 3027 3628 erant
3061 3573 3119 3628 in
3157 3572 3394 3642 pariete.
3422 3592 3441 3624 ι
3483 3571 3750 3642 Scriptum

2159 3665 2357 3736 quippe
2391 3675 2477 3720 est
2509 3683 2522 3718 :
2557 3684 2577 3716 ‹
2613 3663 2682 3718 Et
2709 3664 2957 3730 avaritia,
2991 3679 3111 3734 quae
3150 3670 3236 3718 est
3263 3661 3552 3719 idolorum
3593 3662 3750 3717 servi-

2159 3764 2248 3810 tus
2295 3753 2523 3826 (Coloss.
2558 3753 2665 3827 ιιι).
2705 3773 2725 3806 ι
2760 3755 2929 3810 Recte
2971 3769 3103 3824 ergo
3132 3761 3257 3823 post
3293 3753 3570 3808 animalia
3624 3752 3750 3807 idola

2161 3846 2544 3904 describuntur
2565 3885 2582 3914 ,
2636 3846 2763 3918 quia
2809 3847 2910 3902 etsi
2956 3846 3184 3901 honesta
3239 3845 3461 3900 actione
3519 3843 3753 3900 nonnulli

2161 3936 2315 4007 quasi
2346 3951 2379 3990 a
2403 3945 2550 3993 terra
2576 3952 2636 3993 se
2661 3936 2900 4009 erigunt,
2924 3936 3219 3992 ambitione
3244 3943 3435 3990 tamen
3471 3935 3754 3991 inhonesta

2161 4031 2486 4101 semetipsos
2504 4031 2573 4086 ad
2590 4038 2794 4086 terram
2815 4031 3112 4102 deponunt.
3143 4029 3292 4086 Bene
3319 4038 3514 4085 autem
3546 4031 3752 4094 dicitur,

2169 4140 2188 4175 ‹
2231 4123 2446 4194 depicta
2479 4131 2659 4191 erant,
2685 4142 2704 4175 ι
2748 4123 2876 4193 quia
2908 4123 3035 4178 dum
3074 4122 3407 4178 exteriorum
3447 4137 3650 4177 rerum
3681 4136 3757 4175 ex-

2162 4215 2432 4270 trinsecus
2458 4215 2668 4285 species
2697 4215 3074 4281 attrahuntur,
3100 4215 3259 4285 quasi
3289 4214 3344 4269 in
3369 4214 3550 4270 corde
3585 4214 3756 4284 depin-

2162 4306 2327 4377 gitur,
2359 4307 2622 4377 quidquid
2657 4307 2799 4363 fictis
2827 4307 3154 4380 imaginibus
3175 4306 3538 4362 deliberando
3563 4308 3756 4378 cogita.-

2163 4404 2271 4450 tur.
2315 4395 2620 4453 Notandum
2662 4399 2847 4469 itaque
2889 4407 2993 4466 est,
3042 4399 3168 4468 quia
3207 4398 3359 4470 prius
3411 4397 3678 4455 foramen
3714 4400 3758 4452 in

2086 4533 2141 4594 Β
2165 4485 2397 4594 pariete,
2420 4503 2487 4594 ac
2514 4489 2708 4545 deinde
2733 4490 2934 4545 ostium
2963 4490 3240 4556 cernitur,
3267 4499 3325 4546 et
3358 4497 3494 4546 tunc
3553 4491 3758 4546 demum

2168 4578 2382 4633 occulta
2440 4579 2772 4637 abominatio
2823 4582 3264 4650 demonstratur,
3312 4583 3447 4653 quia
3502 4583 3759 4639 nimirum

2168 4674 2598 4745 uniuscujusque
2623 4686 2844 4748 peccata
2868 4679 3019 4748 prius
3045 4680 3201 4747 signa
3222 4677 3558 4742 forinsecus,
3580 4678 3761 4734 deinde

2163 4770 2333 4840 janua
2363 4778 2562 4841 apertae
2591 4771 2897 4844 iniquitatis
2924 4774 3247 4829 ostenditur.
3281 4772 3351 4832 Et
3386 4780 3522 4828 tunc
3553 4772 3759 4828 demum

2169 4878 2334 4920 omne
2360 4863 2563 4920 malum
2585 4865 2727 4934 quod
2750 4866 2899 4921 intus
2921 4865 3056 4922 latet
3087 4866 3369 4938 aperitur:
3401 4864 3633 4921 idcirco
3655 4879 3764 4934 ergo

2171 4959 2338 5014 etiam
2361 4945 2613 5014 doctores
2644 4960 2884 5031 graviter
2907 4960 3086 5017 solent
3111 4961 3323 5015 minuta
3378 4958 3695 5024 discutere,
3716 4963 3764 5010 ut

2172 5053 2242 5106 ab
2280 5053 2538 5108 extremis
2565 5054 2929 5111 exterioribus
2953 5055 3024 5111 ad
3052 5054 3265 5111 occulta
3308 5054 3522 5124 possint
3565 5053 3766 5123 majora

2170 5146 2474 5214 pervenire,
2517 5148 2685 5204 verba
2731 5162 2938 5218 asperae
2987 5148 3374 5219 increpationis
3419 5157 3692 5211 movent,
3720 5153 3769 5198 ut

2172 5240 2358 5311 spinas
2397 5242 2694 5298 mortiferae
2728 5243 3070 5314 cogitationis
3089 5243 3386 5300 eradicent.
3415 5242 3487 5297 Et
3506 5241 3642 5297 haec
3661 5251 3769 5294 an!

2174 5343 2374 5404 agunt,
2443 5337 2728 5394 cbaritatis
2784 5351 2970 5394 amore
3034 5337 3276 5409 sapiunt,
3324 5351 3433 5390 non
3490 5333 3770 5388 inﬂatione

2178 5427 2425 5482 elationis
2466 5428 2853 5486 intumescunt.
2887 5429 3024 5487 Mori
3068 5431 3214 5486 enim
3259 5442 3360 5500 pro
3407 5425 3542 5496 ipsis
3605 5418 3773 5495 νωιί

2177 5528 2324 5588 sunt,
2353 5537 2492 5593 quos
2517 5523 2674 5593 quasi
2699 5537 2873 5594 usque
2900 5523 2970 5579 ad
3013 5531 3246 5580 mortem
3293 5519 3593 5577 saevientes
3645 5513 3772 5571 allii-

2176 5620 2328 5685 gunt.
2358 5612 2667 5671 Servantin
2710 5614 3040 5686 cogitatione
3078 5613 3223 5686 quod
3259 5612 3526 5686 diligunt,
3549 5611 3775 5668 samum

555 5757 828 5817 ‘tﬂneid.
877 5761 973 5819 lib.
1023 5775 1120 5818 vm
1145 5795 1160 5829 ,
1209 5757 1263 5819 in
1311 5763 1676 5836 descriptione
1722 5762 1895 5835 clypei
1944 5761 2164 5818 Emtae.
