3938 6360
163 452 280 509 625

1125 441 1476 502 COMMENT.
1515 441 1586 499 IN
1622 440 2079 500 EZECHIELEM.
2121 471 2192 483 —
2227 441 2356 500 LIB.
2398 444 2462 499 ν.

3338 441 3444 500 626

163 570 229 625 in
255 567 440 640 specie
468 565 613 637 quod
643 571 1060 636 persequuntur,
1078 562 1216 617 bona
1244 558 1753 632 pmdicantesins‘i—
1778 560 1834 622 Α
1857 557 2038 631 (Joan.
2066 559 2148 632 ιι).
2193 579 2211 612 ι
2257 559 2327 617 Et
2362 561 2418 614 in
2457 575 2515 616 se
2563 559 2824 629 intelliget
2871 561 3001 616 illud
3050 577 3168 619 esse
3210 566 3441 637 comple-

164 673 380 730 nuant,
419 663 562 719 mala
600 669 781 716 autem
826 666 1086 714 caventes
1127 656 1513 727 praenuntiant,
1544 669 1654 710 non
1698 663 1760 710 ut

164 757 298 817 Elin
329 756 698 814 desiderantes
720 759 972 818 exorant,
1005 764 1134 822 erga
1156 749 1477 806 commissos
1498 747 1601 804 sibi
1624 761 1762 803 non-

163 863 455 920 nunquam
482 833 826 914 correptione
849 841 1081 907 fervent,
1097 855 1161 896 ac
1185 840 1232 896 si
1260 839 1438 895 nullus
1459 854 1556 896 eos
1576 839 1762 895 fervor

165 939 458 999 accendat.
477 937 646 994 Valde
665 935 812 992 enim
843 940 1111 998 metuunt,
1128 947 1196 988 ne
1217 931 1264 988 si
1281 946 1615 1003 apravorum
1640 945 1762 986 cor-

168 1032 423 1103 reptione
475 1025 828 1090 cessaverint,
889 1024 989 1095 ipsi
1037 1038 1136 1094 pro
1183 1037 1373 1078 eorum
1417 1019 1762 1075 damnatione

170 1123 488 1194 puniantur.
521 1119 589 1174 Et
618 1134 742 1174 cum
767 1117 836 1172 ad
863 1116 1030 1171 verba
1076 1130 1134 1170 se
1179 1112 1497 1168 invectionis
1547 1111 1762 1166 inflam-

168 1223 344 1280 mant,
374 1213 526 1268 inviti
547 1211 767 1282 quidem
791 1211 858 1264 ad
888 1209 1005 1264 haec
1031 1206 1271 1271 veniunt,
1295 1203 1390 1260 sed
1420 1213 1600 1260 tamen
1622 1205 1763 1259 hanc

167 1308 545 1364 defensionem
565 1304 668 1360 sibi
689 1303 828 1373 apud
843 1299 1152 1355 districtum
1177 1296 1417 1366 judicem
1429 1301 1762 1367 praeparant.

251 1421 272 1452 ‹
317 1401 386 1456 Ει
416 1397 757 1470 septuaginta
791 1393 895 1449 viri
923 1393 989 1447 de
1021 1390 1325 1446 senioribus
1355 1389 1545 1444 domus
1572 1386 1762 1454 Israel,

175 1514 196 1545 ‹
240 1503 295 1548 et
322 1491 574 1548 Jezonias
618 1489 836 1560 Saphan
864 1485 1007 1540 filius
1040 1485 1219 1540 stabat
1250 1482 1306 1536 in
1349 1481 1530 1537 medio
1571 1495 1764 1536 eorum

173 1605 196 1637 ‹
247 1585 507 1639 stantium
563 1591 690 1636 ante
718 1579 990 1650 picturas,
1030 1585 1084 1631 et
1123 1575 1496 1645 unusquisque
1529 1572 1765 1629 habebat

174 1695 197 1727 ι
246 1675 584 1731 thuribulum
608 1673 663 1727 in
686 1687 850 1726 manu
873 1685 990 1736 sua,
1008 1676 1062 1724 et
1078 1683 1247 1739 vapor
1274 1666 1488 1722 nebulai
1510 1666 1578 1721 de
1604 1663 1768 1722 thure

172 1787 196 1818 ‹
245 1764 628 1836 consurgebat.
668 1783 688 1816 ι
722 1759 990 1835 (Ηὶενοη.)
1023 1759 1249 1828 Quando
1277 1759 1410 1814 dicit
1427 1757 1766 1829 septuaginta

163 1858 327 1913 viros
363 1855 530 1910 fuisse
555 1855 622 1910 de
651 1852 954 1909 senioribus
1002 1852 1195 1907 domus
1239 1851 1425 1917 Israel,
1471 1851 1565 1922 qui
1613 1858 1765 1906 tene-

1865 659 2010 706 tum:
2047 670 2066 702 ί
2086 649 2189 718 Qui
2207 651 2531 717 inebriatur,
2547 660 2704 707 nocte
2726 652 3027 708 inebriatur
3049 651 3101 726 (l
3119 653 3300 711 Thess.
3315 656 3391 731 v).
3419 677 3439 711 ι

1861 742 2017 810 Quod
2035 741 2191 813 juxta
2215 743 2451 799 litteram
2480 753 2626 800 stare
2668 760 2776 802 non
2818 754 3014 816 potest.
3059 745 3256 814 Quanti
3300 749 3449 806 enim

1863 833 1919 888 in
1947 833 2189 903 prandiis
2235 833 2608 905 conviviisque
2656 835 2867 891 dierum
2921 836 3305 893 inebriantur?
3352 840 3450 896 sed

1863 924 1991 995 quia
2019 925 2255 980 ebrietas
2279 926 2460 981 cordis
2479 924 2757 982 offendens
2778 928 2948 982 Deum
2972 931 3318 986 tenebrarum
3343 938 3448 998 est,

1865 1025 1920 1072 et
1943 1032 2050 1073 non
2083 1017 2238 1082 lucis,
2274 1025 2562 1088 propterea
2592 1020 2902 1090 quicunque
2926 1019 3258 1086 inebriatur,
3291 1031 3452 1078 nocte

1865 1108 2188 1165 inebriatur.
2220 1109 2354 1165 Cum
2377 1119 2560 1166 autem
2582 1112 2825 1167 seniores
2854 1113 3047 1168 domus
3091 1111 3260 1168 Israel
3306 1111 3454 1169 fece«

1865 1209 1995 1256 runt
2024 1202 2168 1256 mala
2195 1203 2250 1257 in
2275 1203 2519 1260 tenebris
2545 1211 2601 1259 et
2643 1204 2700 1258 in
2728 1205 3044 1260 abscondito
3077 1205 3453 1260 cubiculorum

1849 1300 2110 1359 suorum,
2162 1302 2216 1348 et
2253 1297 2565 1364 putaverint
2585 1312 2644 1352 se
2676 1296 2848 1354 Deum
2890 1298 3070 1353 celare
3119 1313 3298 1368 posse,
3325 1307 3455 1354 tunc

1868 1393 2264 1454 consequenter
2287 1387 2471 1442 dicent
2499 1407 2512 1442 :
2541 1387 2658 1444 Non
2686 1389 2834 1444 videt
2853 1390 3114 1445 Dominus
3137 1407 3237 1446 nos
3260 1409 3274 1444 :
3302 1391 3458 1447 dere-

1867 1473 2026 1545 liquit
2055 1476 2316 1533 Dominus
2342 1481 2843 1552 terram.Multique
2865 1490 2992 1538 sunt
3039 1491 3354 1554 peccatores
3400 1493 3459 1540 et

1869 1569 2210 1626 ambulantes
2232 1571 2391 1642 juxta
2430 1575 2786 1646 cogitationes
2814 1592 2972 1642 suas,
3007 1577 3100 1646 qui
3141 1577 3310 1632 Deum
3349 1592 3458 1633 non

1868 1660 2143 1714 aestimant
2168 1677 2361 1718 curare
2389 1665 2671 1732 mortalia,
2700 1681 2804 1721 nec
2833 1666 2901 1721 ad
2928 1666 3078 1722 illum
3116 1676 3304 1724 nostra
3329 1668 3459 1724 vitia

1869 1750 2162 1821 pertinere.
2195 1752 2356 1809 Certe
2391 1755 2607 1826 quando
2645 1771 2966 1827 peccamus,
3009 1757 3054 1812 si
3096 1758 3460 1830 cogitaremus

1871 1841 2040 1898 Deum
2070 1845 2253 1900 videre
2293 1854 2347 1902 et
2374 1862 2493 1903 esse
2518 1855 2870 1918 praesentem,
2903 1865 3180 1919 nunquam
3222 1849 3366 1919 quod
3406 1851 3458 1906 ei

164 1950 308 2004 bant
333 1948 604 2003 thuribula
625 1947 892 2012 manibus,
911 1945 1362 2002 ostenditmultos
1380 1944 1580 2001 etalios
1601 1944 1771 2001 fuisse
1796 1921 1847 1984 Β
1876 1937 2458 2009 displicetfaceremus.
2474 1940 2646 1996 Porro
2667 1943 2810 2012 (ιιιοᾱ
2823 1943 3096 2011 sequitur:
3121 1960 3138 1992 ‹
3161 1942 3462 2011 Dereliquit

167 2043 522 2112 presbyteros
559 2041 651 2111 qui
678 2041 783 2096 hoc
809 2057 920 2096 non
948 2041 1242 2108 faciebant,
1261 2041 1356 2097 sed
1387 2039 1617 2096 forsitan
1647 2056 1770 2112 pec-

170 2133 314 2187 catis
348 2131 469 2186 aliis
512 2130 854 2186 tenebantur.
904 2131 1190 2200 Unumque
1229 2131 1447 2187 nomine
1491 2130 1770 2187 Jezoniam

171 2222 346 2277 filium
379 2221 599 2292 Saphan
629 2222 850 2277 stetisse
875 2222 931 2277 in
951 2221 1129 2276 medio
1159 2237 1347 2277 eorum
1377 2223 1532 2292 quasi
1571 2222 1772 2292 princi-

168 2329 299 2384 pem
325 2314 546 2370 sceleris
574 2330 761 2369 eorum
787 2323 950 2386 atque
975 2315 1270 2387 sacrilegii,
1295 2314 1387 2386 qui
1409 2315 1608 2370 omissa
1641 2315 1772 2370 reli-

173 2407 334 2476 gione
357 2405 471 2472 Dei,
499 2407 640 2462 idola
665 2407 933 2472 colebant,
959 2416 1014 2461 et
1035 2407 1090 2461 in
1123 2407 1320 2476 templo
1343 2423 1453 2462 non
1476 2408 1776 2463 adorabant

174 2497 366 2562 Deum,
384 2497 537 2568 cujus
551 2507 670 2554 erat
689 2499 969 2570 templum,
988 2500 1081 2555 sed
1092 2500 1334 2570 picturas
1344 2500 1634 2571 parietum.
1650 2501 1776 2555 Pul-

176 2589 414 2658 chreque
441 2590 640 2644 dicitur
674 2608 688 2643 :
729 2609 750 2641 ί
784 2590 977 2645 Stabat
1001 2589 1253 2645 Jezonias
1289 2589 1433 2645 ﬁlius
1462 2588 1704 2660 Sapban,
1749 2609 1769 2643 ›

176 2681 234 2735 id
264 2690 347 2736 est
384 2702 401 2733 ι
430 2682 620 2753 judicii
653 2702 672 2734 ›
704 2691 759 2737 et
791 2682 1257 2738 condemnationis
1287 2697 1418 2749 suae,
1451 2703 1468 2734 (
1509 2683 1564 2736 in
1594 2682 1776 2738 medio

176 2775 440 2828 stantium
480 2775 955 2846 presbyterorum,
995 2794 1014 2825 ›
1046 2774 1173 2844 quia
1205 2781 1261 2828 ct
1289 2774 1545 2844 princeps
1571 2815 1587 2841 ,
1631 2782 1686 2828 et
1720 2775 1776 2829 hi

177 2879 410 2934 quorum
456 2865 707 2935 princeps
745 2863 1066 2930 erat,ﬁrmo
1115 2865 1169 2919 in
1214 2864 1509 2920 sceleribus
1555 2867 1776 2920 stabant

179 2959 374 3031 gradu,
424 2975 525 3014 nec
580 2958 914 3015 fluctuabant
965 2959 1020 3012 in
1069 2958 1232 3024 malo,
1263 2959 1359 3013 sed
1404 2958 1778 3014 robustissime

178 3049 562 3120 persistebant.
580 3050 869 3120 Vaporque
892 3049 1100 3106 nebula:
1123 3057 1178 3106 et
1202 3049 1540 3106 confusionis
1572 3066 1637 3106 ac
1665 3060 1777 3105 tur-

177 3141 322 3197 binis
345 3141 435 3210 qui
459 3143 714 3213 surgebat
735 3157 802 3196 ex
833 3142 994 3198 thure
1020 3142 1361 3198 offerentium
1385 3143 1670 3213 sacrilegia
1693 3144 1780 3198 de-

178 3237 539 3292 monstrabat.
573 3236 688 3293 Hoc
713 3235 917 3293 factum
946 3237 1017 3293 sit
1041 3253 1107 3292 eo
1136 3246 1382 3308 tempore
1424 3237 1579 3309 juxta
1628 3237 1776 3293 litte-

178 3346 332 3396 ram;
363 3339 642 3397 caeterum,
669 3340 727 3386 et
755 3332 912 3388 nobis
953 3331 1218 3387 orandum
1253 3341 1369 3398 est,
1419 3349 1489 3388 ne
1533 3331 1777 3388 seniores

181 3424 376 3478 domus
390 3423 576 3488 Israel,
594 3425 963 3493 septenarium
986 3441 1298 3493 numerum,
1313 3425 1405 3496 qui
1429 3433 1512 3480 est
1533 3434 1776 3492 sanctus,

178 3529 282 3586 per
302 3523 508 3586 septem
533 3514 763 3570 decades
786 3515 1232 3585 multiplicantes,
1257 3524 1403 3571 stent
1425 3517 1480 3570 in
1503 3517 1782 3572 erroribus

180 3606 316 3672 suis,
332 3616 386 3662 et
410 3609 636 3662 adorent
658 3609 898 3677 picturas
921 3607 1210 3674 idolorum,
1229 3623 1504 3677 vaporque
1530 3608 1780 3680 sacrilegi

179 3701 442 3754 ascendat
464 3701 576 3754 sive
598 3709 892 3772 consurgat
909 3700 1166 3756 resistens
1181 3701 1311 3756 Deo.
1330 3700 1555 3768 Quando
1575 3700 1778 3755 videri-

179 3808 304 3848 mus
324 3793 532 3862 plebem
555 3794 847 3863 pessimam
869 3805 1276 3865 congregatam,
1301 3796 1366 3851 de
1389 3811 1493 3864 qua
1515 3794 1781 3864 scriptum

180 3889 306 3936 est:
341 3902 359 3934 ‹
402 3882 556 3939 0divi
585 3883 872 3938 ecclesiam
907 3876 1318 3956 malignantium
1359 3883 1533 3958 (Psal.
1567 3885 1717 3958 xxv),
1756 3905 1775 3938 ι

181 3981 243 4028 et
268 3972 484 4045 pejores
509 3973 664 4042 plebe
692 3975 1062 4044 presbyteros,
1092 3976 1516 4046 nequioretnque
1569 3977 1776 4047 princi-

183 4083 308 4138 pem
354 4067 449 4137 qui
478 4065 766 4136 przefectus
789 4075 872 4121 est
909 4067 1052 4135 plebi
1101 4077 1263 4136 atque
1311 4070 1668 4140 presbyteris,
1693 4069 1778 4124 di-

180 4172 377 4212 camus
403 4153 680 4209 Jezoniam
715 4163 949 4210 stantem
980 4164 1106 4211 ante
1140 4156 1380 4225 picturas
1401 4199 1416 4223 ,
1447 4166 1502 4212 et
1542 4158 1782 4229 singulos

183 4248 394 4302 habere
421 4247 695 4302 thuribula
726 4247 783 4302 in
813 4248 1065 4303 manibus
1092 4248 1228 4315 suis,
1251 4264 1359 4304 non
1392 4250 1489 4304 Dei
1525 4248 1782 4317 majesta-

181 4345 316 4402 tem,
336 4337 429 4391 sed
452 4337 701 4406 proprias
723 4338 1022 4393 sententias
1038 4338 1349 4405 adorantes,
1363 4347 1417 4394 et
1439 4354 1782 4410 nequaquam

179 4429 411 4484 odorem
444 4428 600 4482 bonae
626 4427 940 4501 fragrantiae
967 4429 1036 4484 ad
1060 4427 1252 4496 Deum,
1280 4430 1378 4486 sed
1413 4428 1666 4486 fmtorem
1712 4429 1781 4487 ad

183 4520 329 4576 idola
352 4520 654 4590 pervenire.

264 4632 281 4663 ι
308 4612 373 4666 Et
399 4611 537 4666 dixit
560 4612 628 4666 ad
656 4627 743 4667 me
762 4631 774 4665 :
792 4613 951 4668 Certe
975 4613 1148 4682 vides,
1164 4613 1240 4670 fili
1270 4613 1529 4683 hominis,
1548 4632 1668 4687 quae
1695 4632 1782 4674 se-

191 4722 211 4756 c
251 4703 435 4758 niores
453 4702 646 4758 domus
674 4701 839 4757 Israel
868 4701 1073 4758 faciunt
1101 4706 1157 4759 in
1195 4706 1452 4773 tenebris,
1489 4707 1781 4777 unusquis-

189 4815 208 4848 ε
249 4810 354 4865 que
386 4794 444 4850 in
471 4794 788 4850 abscondito
811 4795 1045 4850 cubiculi
1075 4797 1178 4852 sui.
1204 4797 1401 4854 Dicunt
1435 4799 1582 4853 enim
1617 4817 1628 4853 :
1659 4798 1780 4855 Non

192 4905 210 4938 ι
254 4884 402 4940 videt
445 4899 546 4940 nos
590 4885 871 4940 Dominus.
923 4885 1222 4957 Dereliquit
1265 4888 1527 4944 Dominus
1575 4898 1779 4945 terram

189 4997 208 5031 ι
255 4992 464 5043 suam,»
496 4986 603 5032 etc.
629 4977 710 5032 Ex
744 4992 831 5043 eo,
862 4977 1062 5048 inquit,
1085 4979 1230 5049 quod
1255 4979 1311 5034 in
1341 4979 1543 5050 templo
1571 4979 1780 5037 faciunt

182 5068 394 5142 pariter
419 5069 754 5140 congregati,
786 5070 1092 5125 ostenditur
1117 5070 1248 5142 quid
1275 5071 1332 5126 in
1382 5071 1633 5128 cubiculo
1678 5089 1776 5130 suo

183 5163 565 5233 unusquisque
593 5163 776 5219 faciat.
811 5161 919 5218 Sed
943 5163 1240 5220 secundum
1267 5180 1543 5237 anagogen
1587 5167 1781 5224 melius

184 5254 415 5326 intelligi
444 5264 643 5326 potest,
672 5257 816 5327 quod
839 5257 1084 5312 nonnulli
1113 5257 1390 5328 principes
1423 5259 1780 5315 ecclesiarum

184 5348 393 5404 faciant
418 5348 474 5403 in
505 5349 778 5417 tenebris,
818 5365 940 5420 quae
959 5351 1106 5406 dictu
1141 5353 1318 5424 turpia
1364 5362 1508 5409 sunt.
1555 5353 1662 5409 Iste
1699 5362 1784 5408 est

185 5443 543 5499 absconditus
563 5443 744 5500 cordis
769 5442 931 5497 homo
952 5443 1020 5498 de
1041 5459 1149 5513 quo
1173 5444 1371 5500 dicitur
1397 5459 1412 5500 :
1445 5465 1463 5495 ι
1496 5445 1784 5518 Ingredere

185 5536 245 5590 in
285 5534 593 5590 cubiculum
627 5541 779 5590 tuum
808 5532 1026 5606 (Matth.
1050 5534 1149 5606 vr).
1189 5555 1208 5588 ι
1239 5535 1308 5591 Ει
1333 5551 1551 5592 rursum
1586 5555 1597 5590 :
1629 5557 1647 5588 ‹
1679 5535 1784 5604 Qui

184 5626 339 5682 videt
384 5627 440 5682 in
490 5626 758 5682 absconso
788 5625 977 5682 reddet
1007 5625 1124 5681 tibi.
1159 5645 1180 5678 ι
1215 5626 1442 5682 Recolat
1488 5629 1781 5700 unusquis-

185 5731 300 5788 que
325 5716 718 5774 conscientiam
746 5733 920 5785 suam,
946 5726 1001 5774 et
1026 5733 1191 5790 opera
1215 5720 1564 5775 tenebrarum
1594 5735 1781 5776 recor-

191 5813 354 5868 detur
379 5811 436 5867 in
466 5811 738 5878 tenebris,
769 5813 1015 5884 sciatque
1065 5813 1331 5884 scriptum
1365 5831 1378 5866 :
1419 5833 1437 5865 ι
1473 5813 1662 5870 Omnis
1688 5815 1783 5886 qui

1804 4658 1860 4719 D

1875 2030 2136 2088 Dominus
2161 2043 2424 2100 terram,»
2453 2033 2812 2104 quorumdam
2834 2035 2996 2088 etiam
3020 2035 3474 2105 philosophorum

1876 2123 2144 2176 sententia
2175 2130 2282 2187 est,
2315 2124 2407 2193 qui
2427 2139 2494 2179 ex
2521 2125 2758 2180 siderum
2785 2139 2950 2178 cursu
2973 2134 3136 2194 atque
3157 2125 3465 2181 constantia

1876 2213 2221 2284 suspicantur
2251 2231 2371 2271 esse
2404 2216 2460 2270 in
2485 2216 2798 2272 cmlestihus
2826 2217 3222 2286 providentiam
3262 2225 3318 2273 et
3355 2225 3468 2272 ter-

1877 2319 2010 2358 rena
2030 2314 2398 2373 contemnere,
2423 2308 2550 2362 dum
2575 2307 2710 2362 nihil
2734 2316 2901 2375 recte,
2925 2321 3027 2364 nec
3041 2307 3198 2377 juxta
3218 2308 3467 2370 ordinem

1877 2395 1934 2451 in
1961 2400 2122 2451 terris
2144 2399 2370 2469 geritur.

1954 2509 1973 2542 ‹
2018 2489 2086 2544 Et
2113 2491 2248 2546 dixit
2276 2491 2343 2546 ad
2375 2507 2461 2547 me
2495 2509 2507 2546 :
2539 2492 2732 2548 Adhuc
2757 2508 3055 2549 conversus
3099 2493 3309 2549 videbis
3347 2509 3468 2549 ma-

1885 2599 1904 2633 r
1937 2579 2087 2650 jores
2115 2583 2562 2651 abominationes,
2592 2601 2728 2655 quas
2751 2585 2841 2641 isti
2863 2585 3089 2641 faciunt.
3120 2586 3188 2641 Et
3219 2587 3469 2643 introdu-

1885 2695 1904 2728 ‹
1946 2677 2028 2732 xit
2050 2692 2138 2732 me
2174 2693 2272 2747 per
2300 2679 2498 2733 ostium
2534 2687 2704 2749 portm
2729 2681 2920 2736 domus
2949 2680 3187 2748 Domini,
3211 2681 3356 2751 quod
3388 2695 3474 2736 re-

1887 2787 1906 2819 (
1952 2768 2218 2839 spiciebat
2239 2771 2307 2825 ad
2329 2773 2660 2842 aquilonem,
2687 2782 2744 2828 et
2764 2789 2895 2830 ecce
2923 2775 3183 2831 mulieres
3211 2775 3477 2831 sedebant

1886 2878 1903 2910 ι
1947 2859 2266 2930 plangentes
2293 2860 2614 2918 Adonidem.
2646 2884 2666 2914 ι
2696 2863 2868 2930 Quem
2899 2881 2996 2920 nos
3025 2866 3366 2935 interpretati
3389 2881 3478 2920 su-

1880 2965 2004 3006 mus
2032 2951 2354 3020 Adonidem,
2385 2953 2644 3011 Hebraeus
2693 2965 2749 3011 et
2802 2956 2974 3028 Syrus
3033 2973 3213 3014 sermo
3261 2960 3477 3013 (hamus

1881 3053 2099 3099 vocant.
2132 3044 2285 3100 Unde
2306 3047 2431 3117 quia
2453 3048 2609 3117 juxta
2640 3050 2898 3121 gentilem
2923 3049 3162 3105 fabulam
3189 3051 3246 3105 in
3287 3066 3477 3106 mense

1881 3134 2041 3191 Junio
2067 3139 2308 3194 amasius
2339 3138 2588 3206 Veneris,
2618 3148 2672 3194 et
2699 3140 3102 3211 pulcherrimus
3124 3143 3342 3213 juvenis
3375 3158 3475 3199 oc-

1879 3231 2048 3297 cisus,
2081 3240 2136 3286 et
2165 3233 2418 3303 deinceps
2465 3233 2728 3290 revixisse
2774 3241 3046 3300 narratur,
3081 3234 3334 3292 eumdem
3382 3235 3479 3291 Ju-

1882 3324 2034 3380 nium
2065 3340 2304 3380 mensem
2354 3327 2544 3381 eodem
2587 3326 2859 3397 appellant
2912 3327 3166 3394 nomine,
3220 3335 3278 3382 et
3318 3327 3477 3382 anni-

1883 3417 2182 3472 versariam
2209 3418 2260 3472 ei
2298 3417 2575 3473 celebrant
2622 3417 3042 3484 solemnitatem,
3072 3419 3128 3474 in
3169 3434 3276 3489 qua
3322 3419 3476 3490 plan-

1882 3509 2029 3580 gitur
2059 3525 2090 3563 a
2112 3509 2429 3565 mulieribus
2459 3510 2616 3580 quasi
2646 3519 2893 3567 mortuus
2911 3551 2927 3578 ,
2951 3519 3007 3566 et
3038 3519 3227 3582 postea
3250 3512 3478 3568 revivis-

1883 3617 2012 3658 cens
2051 3604 2269 3658 canitur
2297 3612 2458 3674 atque
2477 3603 2746 3658 laudatur.
2773 3601 3295 3676 Consequenterque
3323 3614 3473 3676 post-

1882 3708 2046 3762 quam
2066 3693 2337 3764 principes
2354 3703 2408 3749 et
2428 3695 2671 3750 seniores
2691 3695 2885 3750 domus
2911 3696 3075 3752 Israel
3097 3696 3228 3767 quid
3244 3695 3476 3752 fecerint

1882 3783 1937 3838 in
1969 3784 2169 3854 templo
2206 3799 2272 3839 ac
2310 3785 2551 3841 tenebris
2572 3785 2942 3856 cubiculisque
2964 3794 3327 3842 monstratum
3369 3793 3476 3856 est,

1882 3878 2047 3933 etiam
2073 3878 2362 3934 mulierum
2415 3879 2548 3934 vitia
2596 3879 3000 3945 describuntur,
3047 3895 3166 3952 quae
3211 3880 3476 3952 plangunt

1883 3980 2187 4026 amatorum
2216 3973 2476 4028 societate
2501 3973 2748 4043 privatae,
2776 3980 2831 4028 et
2857 3972 3134 4028 exsultant
3173 3973 3218 4028 si
3247 3987 3342 4028 eos
3370 3986 3471 4042 po-

1885 4063 2090 4117 tuerint
2115 4063 2379 4117 obtinere.
2410 4063 2477 4116 Et
2518 4063 2645 4133 quia
2675 4063 2864 4118 eadem
2911 4063 3182 4133 gentilitas
3224 4061 3478 4130 hujusce-

1884 4154 2032 4209 modi
2060 4154 2272 4208 fabulas
2318 4165 2602 4223 poetarum
2653 4170 2774 4224 quae
2831 4153 3033 4208 habent
3081 4152 3474 4223 turpitudinem

1886 4245 2280 4315 interpretatur
2321 4244 2609 4308 subtiliter,
2652 4243 3088 4300 interfectionem
3133 4251 3188 4298 et
3233 4257 3476 4299 resurre-

1885 4341 2119 4397 ctionem
2182 4340 2442 4396 Adonidis
2495 4339 2717 4410 planctu
2777 4347 2832 4394 et
2883 4338 3078 4410 gaudio
3119 4351 3475 4409 prosequens.

1885 4434 2128 4502 Quorum
2177 4434 2408 4488 alterum
2457 4433 2512 4488 in
2567 4431 2868 4488 seminibus
2911 4447 3030 4501 qua:
3069 4431 3376 4486 moriuntur
3420 4429 3478 4484 in

1884 4536 2053 4592 terra,
2083 4525 2312 4581 alterum
2339 4527 2393 4581 in
2450 4526 2723 4597 segetibus
2762 4525 2958 4595 quibus
3006 4531 3223 4580 mortua
3266 4522 3476 4579 semina

1885 4627 2274 4684 renascuntur,
2301 4617 2513 4674 ostendi
2546 4625 2720 4688 putat.
2751 4617 2860 4673 Nos
2885 4630 3101 4686 quoque
3129 4631 3225 4672 eos
3267 4614 3359 4683 qui
3406 4607 3478 4670 ad

1889 4709 2073 4765 saeculi
2099 4707 2242 4762 mala
2255 4715 2309 4763 et
2335 4709 2498 4772 bona,
2528 4706 2613 4761 vel
2643 4705 3039 4761 contristantur
3059 4704 3144 4758 vel
3174 4702 3470 4768 exsultant,

1886 4802 2143 4857 mulieres
2171 4800 2504 4871 appellemus
2531 4797 2679 4853 molli
2710 4805 2766 4852 et
2815 4795 3122 4852 effeminato
3158 4794 3361 4858 animo,
3390 4792 3475 4847 di-

1886 4907 2184 4962 camusque
2208 4891 2464 4962 plangere
2486 4905 2581 4945 eos
2600 4887 2863 4951 Thamuz,
2889 4903 2954 4944 ea
2981 4887 3252 4952 videlicet,
3271 4900 3391 4956 qua:
3419 4885 3476 4942 in

1885 4984 2048 5040 rebus
2075 4982 2261 5038 mundi
2287 4990 2545 5052 putantur
2571 4996 2692 5038 esse
2726 4980 3111 5052 pulcherrima.

1964 5095 1984 5127 ι
2029 5075 2098 5130 Et
2119 5073 2256 5129 dixit
2291 5074 2360 5129 ad
2391 5089 2477 5130 me
2511 5093 2523 5129 :
2554 5073 2714 5130 Certe
2740 5072 2944 5138 vidisti,
2967 5071 3042 5126 fili
3089 5071 3354 5138 hominis,
3381 5071 3476 5127 ad-

1890 5186 1912 5220 ‹
1949 5169 2059 5224 huc
2088 5182 2385 5223 conversus
2409 5167 2618 5222 videbis
2642 5165 3076 5222 abominationes
3096 5165 3332 5235 majores
3366 5165 3471 5220 his.

1890 5279 1910 5313 ι
1947 5260 2016 5315 Ει
2041 5259 2340 5314 introduxit
2363 5274 2450 5314 me
2478 5260 2534 5314 in
2556 5260 2755 5314 atrium
2770 5259 2962 5313 domus
2983 5257 3195 5311 Domini
3224 5257 3472 5313 interius.

1892 5371 1912 5405 ι
1955 5352 2023 5406 Ει
2049 5366 2175 5407 ecce
2202 5351 2257 5406 in
2283 5352 2423 5406 ostio
2451 5351 2635 5421 templi
2661 5350 2874 5405 Domini
2904 5349 3047 5405 inter
3070 5349 3395 5406 vestibulum
3419 5358 3478 5405 et

1891 5464 1910 5498 ‹
1951 5444 2143 5511 altare,
2166 5444 2320 5514 quasi
2347 5443 2538 5515 viginti
2564 5442 2801 5512 quinque
2847 5441 2972 5506 viri,
3003 5441 3162 5498 dorsa
3213 5441 3476 5497 habentes

1893 5556 1913 5590 ι
1952 5545 2139 5593 contra
2170 5535 2432 5606 templum
2466 5533 2700 5598 Domini,
2731 5540 2786 5587 et
2809 5531 2976 5588 facies
3004 5533 3070 5587 ad
3093 5533 3378 5588 orientem.
3405 5531 3474 5587 Et

1893 5648 1913 5682 ι
1957 5629 2256 5684 adorabant
2282 5628 2350 5682 ad
2377 5635 2554 5682 ortum
2581 5626 2729 5681 solis.
2761 5646 2781 5679 ›
2810 5626 2878 5680 Ει
2899 5626 3025 5696 quia
3052 5639 3213 5694 supra
3240 5623 3471 5694 legimus

1885 5731 2010 5793 post
2029 5720 2229 5776 idolum
2251 5719 2534 5788 zeli,quod
2560 5719 2627 5773 ad
2653 5728 2864 5790 portam
2893 5717 3160 5789 aquilonis
3182 5716 3467 5786 apparuit:

1892 5833 1910 5866 ι
1949 5813 2140 5868 Adhuc
2160 5826 2452 5869 conversus
2477 5811 2682 5868 videbis
2711 5811 3140 5868 abominationes
3166 5806 3420 5878 majores,
3445 5826 3468 5860 ι

192 5909 344 5966 mala
391 5917 647 5981 operatur
673 5950 688 5978 ,
731 5910 846 5967 odit
897 5909 1091 5978 lucem,
1151 5926 1221 5968 ne
1271 5917 1530 5983 arguatur
1584 5926 1616 5966 a
1663 5910 1786 5967 luce
1885 5907 2225 5977 ostensisque
2249 5919 2349 5976 per
2376 5903 2636 5976 parietem
2654 5905 2892 5981 picturis
2911 5902 3151 5960 omnium
3176 5899 3472 5956 bestiarum
