3938 6360
222 595 577 652 evolvuntur.
617 591 750 660 Quae
775 595 933 661 porta
969 588 1041 644 ad
1064 586 1373 658 aquilonem
1416 587 1657 658 respicit,
1695 588 1821 658 quia

218 688 486 746 videlicet
506 701 662 742 mens
686 682 910 740 humani
942 680 1161 751 generis
1182 680 1333 739 vitiis
1357 688 1567 750 aperta,
1596 679 1703 737 nisi
1726 695 1821 736 ca-

222 778 409 837 lorem
453 777 739 836 cbaritatis
770 777 1051 838 deserens,
1092 779 1368 842 torporem
1418 770 1618 831 mentis
1659 785 1821 841 sppe-

225 881 394 941 teret,
422 874 492 929 ad
530 874 673 928 bane
709 868 1059 926 mortalitatis
1095 867 1436 923 latitudinem
1461 883 1572 923 non
1597 866 1816 925 exisset.

230 982 255 1017 s
288 966 359 1021 Et
377 962 800 1033 uniude
816 975 915 1017 vas
934 960 1188 1016 interitus
1208 964 1265 1014 in
1285 975 1451 1016 manu
1471 957 1606 1029 ejus.
1635 980 1658 1015 ι
1682 959 1818 1028 Quia

221 1069 565 1125 unaquaeque
615 1053 894 1125 generatio
942 1050 1170 1123 singulis
1219 1051 1522 1121 quibusque
1567 1050 1818 1107 statibus

221 1147 462 1212 evoluta,
487 1154 617 1201 ante
654 1143 1035 1217 Redemptoris
1061 1144 1351 1199 adventum
1395 1143 1453 1201 in
1491 1157 1590 1199 sua
1626 1157 1818 1213 spera-

224 1239 380 1295 tione
418 1238 637 1302 habuit,
689 1237 835 1292 unde
884 1249 1105 1306 poenam
1154 1235 1519 1291 damnationis
1566 1235 1814 1305 sumpsit.

228 1348 251 1382 s
285 1329 380 1385 Vir
398 1342 613 1399 quoque
645 1342 785 1383 unus
818 1328 873 1382 in
902 1326 1083 1383 medio
1110 1341 1299 1383 eorum
1326 1327 1556 1385 vestitus
1577 1327 1755 1384 lineis.
1788 1346 1809 1380 ι

219 1421 364 1490 Quia
400 1421 728 1492 Redemptor
774 1428 957 1477 noster
983 1421 1149 1475 etiam
1175 1421 1243 1475 de
1281 1420 1599 1476 sacerdotali
1648 1422 1812 1488 tribu,

211 1510 377 1581 juxta
404 1526 627 1568 carnem
650 1521 906 1582 parentes
926 1512 1128 1568 habere
1155 1513 1413 1584 dignatus
1441 1520 1544 1569 est.
1575 1513 1815 1569 Vestitus

215 1603 384 1660 lineis
422 1606 611 1661 venire
661 1605 994 1676 perhibetur,
1034 1605 1120 1660 vel
1168 1615 1319 1661 certe
1364 1607 1491 1676 quia
1537 1606 1707 1661 linum
1746 1608 1814 1662 de

215 1702 542 1753 terratnon
583 1706 768 1753 autem
813 1698 954 1754 sicut
995 1698 1118 1753 lana
1162 1698 1233 1753 de
1273 1699 1611 1769 corruptibili
1648 1714 1815 1756 carne

214 1789 491 1853 nascitur,
539 1790 666 1859 quia
717 1790 1089 1845 indumentum
1150 1790 1235 1845 sui
1267 1792 1511 1860 corporis
1574 1805 1643 1846 ex
1703 1806 1813 1847 ma-

1926 535 2121 555 w-w-
2161 535 2325 568 --ιιιιν
2367 535 2634 559 ’νο-ιυιιυο
2657 535 2813 573 ww“
2845 535 3187 571 "ww-luun-
3215 535 3358 561 ’πω
3382 535 3508 572 γιν-

1925 590 2113 653 mitur,
2155 588 2254 649 sed
2283 590 2428 649 seris
2463 589 2661 649 fruitur
2699 589 2971 659 libertate.
3009 607 3133 678 quae
3175 593 3293 663 ipsa
3338 595 3509 678 gloria

1922 678 2138 741 Demiai
2162 680 2339 743 virum
2370 681 2465 751 qui
2489 690 2609 745 erat
2646 683 2705 741 in
2739 683 2929 749 habitu
2958 676 3255 757 Pontiﬁcis.
3289 705 3310 741 ι
3343 676 3510 746 liabe-

1901 770 2122 842 ,batque
2151 772 2598 831 atramentarium
2639 772 2698 831 in
2729 772 2928 841 lumbis
2967 776 3100 842 suis,
3130 795 3152 833 ι
3194 779 3428 847 vocavit,
3454 788 3511 839 et

1923 862 2061 923 dixit
2085 878 2206 934 quae
2235 860 2515 935 Scriptum
2541 872 2789 927 testatur.
2822 864 3054 935 Quidam
3079 882 3175 927 sex
3202 869 3374 938 viros,
3412 884 3510 927 sex

1922 952 2350 1023 interpretantur
2395 953 2642 1026 angelos,
2690 956 2782 1025 qui
2824 955 2922 1021 Dei
2954 966 3185 1030 pareant
3224 957 3504 1023 voluntati,

1920 1045 2208 1116 ipsumque
2245 1062 2411 1109 unum
2446 1047 2541 1117 qui
2566 1048 2803 1115 habebat
2838 1048 3214 1109 indumentum
3237 1051 3510 1122 pontiﬁcis

1921 1135 2257 1201 Salvamer
2296 1138 2622 1210 intelligunt,
2651 1138 2809 1209 iuxta
2851 1142 2906 1199 id
2931 1142 3078 1213 quod
3117 1144 3371 1207 sacerdos
3399 1153 3505 1213 est,

1918 1236 1975 1285 et
2012 1230 2189 1300 magni
2228 1230 2441 1287 consilii
2484 1231 2708 1305 angelus
2726 1231 2756 1289 ἐ
2794 1233 3035 1304 illudque
3076 1234 3503 1306 quod'dicitur:

1924 1339 1944 1373 ι
1979 1321 2059 1377 Τιι
2096 1336 2155 1379 es
2184 1322 2436 1379 sacerdos
2472 1325 2777 1389 secundum
2818 1326 3065 1387 ordinem
3113 1327 3506 1389 Melchisedech

1918 1409 2099 1483 (Psal.
2130 1413 2264 1483 cxx).
2299 1434 2318 1467 ι
2344 1413 2540 1491 Ποδήρη
2563 1425 2747 1481 autem
2772 1419 2916 1488 quod
2947 1418 3299 1492 Septuaginta
3334 1430 3509 1482 trans-

1916 1501 2175 1570 tulerunt,
2201 1520 2306 1563 una
2336 1515 2459 1563 octo
2479 1508 2710 1569 vestium
2736 1518 2821 1571 est
2845 1510 3141 1581 pontiﬁcis,
3168 1528 3288 1583 qua)
3315 1513 3508 1573 Latine

1916 1592 2112 1649 dicitur
2134 1593 2343 1660 talaris,
2367 1602 2421 1651 et
2449 1611 2517 1651 ex
2544 1612 2610 1653 eo
2637 1598 2782 1668 quod
2803 1600 2872 1657 ad
2892 1602 3060 1670 pedes
3086 1618 3258 1672 usque
3283 1604 3509 1663 descen-

1915 1683 2028 1751 dat,
2080 1687 2184 1747 hoc
2232 1688 2423 1743 sortita
2467 1690 2789 1749 vocabulum
2834 1699 2938 1755 est.
2983 1692 3120 1755 Cum
3164 1694 3232 1756 ab
3281 1693 3507 1751 Hebraeo

1914 1788 2212 1843 quaererem
2251 1777 2383 1846 quid
2426 1777 2778 1848 signiﬁcaret,
2822 1783 3103 1852 respondit
3142 1783 3276 1840 mihi
3315 1783 3506 1840 Graeco

215 1887 309 1932 tre
347 1879 576 1949 virgine,
606 1896 717 1935 non
735 1890 915 1936 autem
956 1896 1022 1936 ex
1051 1884 1399 1953 corruptione
1417 1883 1805 1939 coInmistionis

1914 1882 2167 1925 sermone
2181 1870 2439 1939 appellari
2454 1871 2783 1949 καλαμὰριον,
2798 1875 2868 1935 ab
2888 1891 2956 1935 eo
2967 1879 3112 1945 quod
3130 1877 3184 1939 in
3204 1877 3294 1932 illo
3310 1876 3505 1933 calami

213 1971 406 2024 sumit.
456 1971 705 2028 Proiecto
747 1972 815 2031 ad
858 1988 958 2029 nos
1001 1974 1235 2029 vestitus
1275 1975 1433 2030 lineis
1472 1976 1637 2030 venit.
1677 1994 1697 2027 s
1744 1976 1813 2031 Et

211 2063 667 2119 atramentarium
706 2065 989 2134 scriptoris
1015 2066 1081 2120 ad
1110 2080 1265 2122 renes
1285 2066 1420 2136 ejus.
1458 2086 1481 2119 ι
1507 2068 1565 2123 in
1592 2067 1809 2122 renibus

209 2154 485 2225 posterior
522 2171 652 2226 pars
697 2159 946 2227 corporis
986 2166 1090 2213 est.
1139 2160 1206 2217 Et
1229 2160 1354 2233 quia
1395 2159 1509 2230 ipse
1548 2159 1808 2214 Dominus

209 2258 317 2316 pro
338 2246 496 2303 nobis
527 2256 777 2305 mortuus
799 2259 902 2317 est,
932 2253 1235 2307 resurrexit
1259 2260 1314 2307 et
1338 2252 1579 2309 ascendit
1608 2253 1664 2308 in
1694 2265 1809 2309 cm-

210 2337 346 2405 ium,
376 2348 503 2399 tunc
526 2340 931 2398 Testamentum
957 2343 1166 2400 Novum
1186 2360 1286 2416 per
1303 2345 1576 2417 apostolos
1610 2345 1807 2401 scribi-

210 2439 323 2486 tur.
353 2432 450 2486 Vir
476 2433 577 2490 iste
615 2437 1066 2491 atramentarium
1108 2438 1165 2491 in
1208 2437 1428 2493 renibus
1465 2437 1674 2493 habuit.
1702 2435 1807 2504 Qui

206 2523 359 2577 enim
390 2525 714 2597 scripturam
745 2526 1080 2583 Testamenti
1122 2528 1258 2585 Novi
1294 2538 1577 2599 postquam
1605 2529 1807 2585 disces-

207 2612 302 2678 sit,
330 2615 590 2683 condidit,
632 2620 1080 2675 atramentarium
1102 2621 1260 2691 quasi
1300 2635 1335 2675 a
1375 2630 1524 2692 tergo
1548 2621 1801 2692 portavit.

206 2701 328 2760 Hoc
353 2720 485 2779 ergo
515 2712 961 2768 atramentarium
986 2713 1106 2769 viro
1129 2713 1288 2769 lineis
1311 2714 1510 2769 vestito
1536 2715 1805 2770 inhaerere

204 2799 539 2866 considerat,
587 2801 681 2870 qui
710 2801 880 2857 dicit:
919 2821 940 2856 t
974 2803 1043 2859 Et
1070 2803 1267 2859 librum
1311 2806 1518 2860 scribat
1561 2804 1677 2875 ipse
1708 2805 1804 2875 qui

202 2887 416 2958 iudicat
441 2886 585 2960 (Job.
609 2890 784 2963 xxxi).
826 2910 847 2944 ι
875 2891 982 2949 Sed
1022 2910 1141 2960 cur,
1169 2895 1327 2949 beate
1360 2892 1484 2961 Job,
1525 2896 1593 2950 ab
1618 2910 1687 2950 ee
1709 2897 1803 2966 qui

202 2977 373 3049 iudex
401 2988 506 3045 est,
544 2980 740 3039 librum
762 2984 926 3040 scribi
953 2984 1269 3041 desideras?
1289 2993 1350 3040 ut
1385 2987 1650 3056 sequitur,
1687 3006 1709 3039 σ
1744 2997 1805 3044 ut

204 3070 265 3125 in
307 3070 536 3126 humero
568 3088 690 3129 meo
728 3084 940 3145 portem
984 3076 1135 3132 illum
1166 3085 1223 3132 et
1253 3078 1585 3133 circumdem
1625 3079 1799 3147 illum,

1913 1960 2311 2021 recondantur:
2340 1977 2440 2019 nos
2478 1965 2948 2033 atramentarium,
2976 1983 3042 2022 ex
3083 1984 3147 2027 eo
3182 1969 3327 2039 quod
3355 1979 3504 2027 atra-

1910 2059 2157 2115 mentum
2182 2053 2383 2117 hebeat
2420 2054 2671 2116 dicimus.
2708 2056 2860 2117 Multi
2894 2058 3288 2128 signiﬁcantius
3318 2060 3505 2117 thecas

1892 2156 2125 2214 vocant,
2152 2150 2221 2207 ab
2249 2164 2317 2209 eo
2344 2151 2489 2218 quod
2536 2151 2708 2211 thecae
2732 2152 2844 2209 sint
2880 2154 3234 2213 scribentium
3265 2154 3503 2211 calamo—

1910 2258 2050 2303 rum.
2075 2241 2153 2298 De
2182 2252 2415 2313 quatuor
2440 2244 2744 2310 cherubim,
2791 2262 2932 2309 unus
2972 2247 3183 2305 cberub
3218 2247 3452 2303 mittitur
3471 2262 3504 2301 a

1906 2337 2081 2409 gloria
2112 2338 2409 2401 Dominicis
2451 2339 2776 2409 majestatis,
2829 2339 3108 2397 locuturus
3143 2341 3214 2397 ad
3250 2354 3374 2396 eum
3411 2339 3506 2410 qui

1906 2428 2178 2500 pontiﬁcis
2222 2431 2562 2487 vestimentis
2616 2431 2835 2491 indutus
2882 2439 3021 2487 erat.
3070 2431 3141 2489 Et
3195 2445 3504 2501 quanquam

1905 2519 2152 2593 plerique
2194 2523 2262 2578 τὰ
2306 2522 2595 2597 χορουϐεἰμ
2637 2520 2871 2577 neutrali
2923 2535 3122 2593 genere
3171 2534 3505 2590 numeroque

1906 2614 2104 2685 plurali
2126 2617 2231 2672 dici
2272 2626 2479 2687 putent,
2509 2632 2610 2672 nos
2646 2617 2787 2672 scire
2823 2616 3082 2673 debemus
3106 2614 3370 2687 singulari
3397 2629 3502 2670 nu-

1906 2723 2059 2765 mero
2069 2723 2192 2765 esse
2204 2709 2407 2765 cherub
2421 2712 2635 2783 generis
2649 2710 2948 2774 masculini,
2965 2716 3022 2765 et
3042 2708 3237 2781 plurali
3259 2707 3502 2777 ejusdem

1888 2800 2120 2871 generis
2160 2803 2459 2866 cherubim,
2509 2819 2621 2859 non
2662 2818 2770 2873 quo
2809 2818 2975 2859 sexus
3014 2803 3071 2858 in
3109 2801 3375 2858 ministris
3402 2800 3503 2856 Dei

1906 2891 1995 2956 sit,
2025 2893 2123 2947 sed
2144 2908 2253 2963 quo
2278 2895 2700 2964 unumquodque
2717 2893 2873 2963 juxta
2903 2895 3097 2965 linguai
3118 2910 3230 2950 sua:
3256 2892 3502 2963 proprie-

1908 2989 2076 3038 tatem
2131 2984 2361 3041 diversis
2387 2987 2686 3057 appelletur
2707 2989 3018 3059 generibus,
3040 2987 3216 3060 angeli
3239 2993 3506 3042 vocantur

1906 3088 2135 3130 numero
2159 3075 2376 3144 plurali,
2405 3078 2691 3132 malachim
2725 3087 2780 3133 et
2820 3078 3124 3144 cherubim,
3149 3084 3207 3132 et
3228 3075 3502 3146 seraphim

203 3161 364 3232 quasi
402 3176 659 3218 coronam
708 3166 842 3222 mihi
893 3166 1105 3238 ΗΜΛ).
1170 3187 1191 3221 ι
1218 3168 1443 3227 Librum
1496 3171 1696 3241 quippe
1745 3171 1801 3227 in
1837 3235 1871 3241 _
1903 3167 2146 3239 ejusdem
2172 3170 2385 3240 generis
2413 3176 2469 3224 et
2496 3170 2728 3225 numeri.
2757 3170 2929 3225 Porro
2954 3169 3202 3234 sabaotb,
3238 3167 3383 3238 quod
3413 3166 3499 3221 in-

204 3256 438 3313 humero
478 3268 698 3330 portare
741 3270 829 3318 est
880 3235 1219 3336 Scripturam
1264 3282 1475 3323 sacram
1512 3235 1799 3339 sperando
1826 3235 1873 3300 (ἶ
1904 3235 2240 3332 terpretatur
2266 3261 2583 3316 militiarum
2613 3261 2727 3317 sive
2754 3261 3092 3317 exercituum
3137 3235 3301 3329 atque
3333 3258 3504 3315 virtu—

204 3346 488 3417 periioere.
526 3349 594 3405 Et
629 3353 925 3408 notandam
952 3370 1115 3425 quam
1142 3356 1392 3412 ordinate
1428 3358 1793 3414 describitur:

174 3446 265 3493 et
296 3439 451 3509 prius
499 3441 556 3496 in
599 3442 826 3500 humero
873 3448 1104 3516 portari,
1165 3457 1220 3504 et
1264 3451 1609 3520 postmodum
1657 3452 1799 3507 sicut

204 3543 409 3586 cerens
440 3532 792 3602 circumdari,
823 3538 951 3608 quia
979 3539 1231 3595 videlicet
1252 3543 1393 3596 sacri
1419 3542 1619 3613 eloquii
1648 3559 1800 3599 man-

205 3620 355 3688 data,
371 3624 419 3679 si
440 3627 601 3683 modo
622 3635 910 3699 portantur
934 3631 989 3685 in
1010 3645 1196 3702 opere,
1211 3642 1335 3703 post
1357 3634 1511 3690 nobis
1540 3650 1797 3691 coronam

204 3713 449 3769 victoria
458 3716 719 3774 exhibent
731 3718 786 3774 in
802 3720 1178 3778 retributione.
1198 3722 1400 3800 (Hicin)
1414 3725 1495 3781 Ad
1520 3727 1796 3783 hominum

207 3801 375 3875 igitur
407 3815 633 3875 peccata
660 3808 910 3877 delenda,
946 3812 1039 3881 qui
1064 3813 1120 3867 in
1144 3822 1298 3869 sexta
1321 3816 1409 3871 die
1427 3815 1800 3876 fabricationis

204 3894 395 3948 mundi
424 3894 550 3952 facti
582 3908 728 3965 sunt,
759 3901 986 3955 veniunt
1010 3917 1109 3959 sex
1129 3904 1252 3971 viri,
1281 3912 1336 3961 et
1361 3906 1696 3963 descendunt
1731 3911 1797 3966 de

202 3993 362 4057 porta
399 3989 691 4058 superiori,
730 3991 865 4059 sive,
895 4001 956 4047 ut
991 3993 1342 4066 Septuaginta
1380 3999 1795 4067 transtulerunt,

207 4095 231 4130 α
267 4079 481 4134 excelsa
526 4081 597 4135 ad
636 4082 967 4153 aquilonem.
999 4105 1017 4137 ι
1046 4086 1117 4140 Et
1150 4086 1387 4142 habebat
1428 4092 1800 4161 unusquisque

203 4170 447 4225 securim
476 4171 531 4225 in
552 4174 820 4239 manibus,
849 4177 1041 4246 deque
1072 4176 1309 4237 Joannes
1328 4179 1601 4251 loquitur:
1630 4201 1650 4235 ι
1679 4183 1799 4239 iam

202 4258 356 4314 enim
392 4262 604 4318 securis
645 4263 710 4318 ad
750 4264 962 4322 radices
986 4268 1245 4325 arborum
1274 4273 1450 4342 posito
1475 4281 1579 4328 est.
1609 4273 1798 4330 Omnis

202 4353 375 4409 arbor
398 4368 519 4424 qua
543 4369 651 4411 lien
681 4355 814 4413 nteit
851 4358 1089 4417 ﬂuctum
1116 4362 1419 4431 excidatur,
1448 4373 1507 4421 et
1530 4366 1585 4421 in
1618 4366 1797 4438 ignem

201 4445 455 4502 mittetur
477 4446 692 4520 (Maus.
721 4450 827 4521 ill).
855 4468 873 4503 ι
901 4452 1137 4523 Eratque
1156 4454 1211 4509 in
1240 4456 1419 4513 medio
1437 4472 1531 4512 sex
1552 4457 1796 4515 virorum

1895 3360 2037 3420 tum,
2069 3353 2326 3409 dicuntur
2357 3368 2557 3424 genere
2599 3352 2881 3420 feminino,
2914 3367 3144 3408 numero
3186 3349 3404 3423 plurali,
3448 3357 3504 3404 et

1903 3446 2161 3502 desinunt
2200 3446 2253 3500 in
2298 3453 2600 3500 extremm
2628 3444 2891 3517 syllabam
2929 3445 3038 3499 otii.
3074 3443 3177 3513 Qui
3206 3450 3387 3498 autem
3408 3455 3505 3498 ve-

1902 3541 2021 3596 lunt
2064 3541 2166 3596 sub
2212 3541 2382 3612 figura
2429 3540 2704 3611 pontificis
2754 3539 2981 3611 intelligi
3025 3538 3383 3603 Salvatorem,
3432 3537 3499 3592 de

1900 3633 2221 3704 Apocalypsi
2242 3632 2466 3688 Joannis
2484 3640 2711 3687 utuntur
2730 3630 2997 3701 exemplo.
3021 3629 3079 3685 in
3100 3645 3210 3701 qua
3231 3627 3495 3698 scriptum

1904 3731 2023 3780 est:
2061 3742 2081 3775 ι
2116 3724 2183 3778 Ει
2202 3724 2443 3782 converti
2467 3739 2575 3789 me,
2606 3730 2664 3777 et
2686 3723 2797 3778 vidi
2818 3735 3007 3777 vocem
3033 3735 3154 3791 qua
3178 3719 3501 3789 loquebatur

1903 3830 2115 3871 mecum
2146 3833 2158 3868 :
2185 3822 2241 3870 et
2279 3829 2577 3870 conversus
2603 3813 2790 3884 aspexi
2817 3821 3023 3884 septem
3050 3810 3380 3869 candelabra
3405 3823 3501 3863 au-

1899 3920 2013 3972 rea,
2048 3916 2105 3962 et
2132 3907 2190 3962 in
2233 3907 2411 3965 medio
2448 3906 2900 3962 eandelabrorum
2928 3903 3163 3967 similem
3212 3901 3350 3958 Filio
3397 3900 3498 3955 ho-

1901 4000 2065 4055 minis
2091 3999 2275 4073 (Αροο.
2302 3999 2365 4071 ι).

1979 4110 1997 4142 ι
2028 4091 2099 4146 Et
2121 4090 2258 4146 dixit
2296 4088 2557 4144 Dominus
2592 4090 2658 4144 ad
2705 4102 2829 4142 eum
2855 4105 2870 4140 :
2899 4086 3093 4143 Transi
3138 4099 3236 4155 per
3263 4083 3498 4139 mediam

1886 4199 1927 4232 -ε
1964 4181 2239 4237 civitatem
2270 4181 2326 4236 in
2356 4179 2536 4235 medio
2582 4176 2902 4233 Jerusalem.
2931 4176 3000 4231 Et
3026 4176 3179 4246 signa
3224 4173 3378 4229 Tbau
3403 4187 3496 4229 su-

1907 4294 1926 4327 ι
1963 4288 2060 4344 per
2089 4273 2293 4331 frontes
2321 4274 2563 4329 virorum
2605 4270 2933 4343 gementium
2973 4276 3030 4325 et
3075 4266 3373 4325 dolentium
3401 4280 3497 4322 su-

1880 4384 1927 4418 ηι
1966 4381 2064 4437 per
2098 4366 2310 4423 cunctis
2341 4363 2834 4421 abominationibus
2876 4376 2999 4433 qum
3042 4360 3183 4415 ﬁunt
3226 4358 3283 4414 in
3321 4357 3498 4415 medio

1906 4476 1926 4509 ‹
1961 4458 2098 4530 ejus.
2136 4457 2204 4513 Et
2231 4457 2338 4513 illis
2364 4457 2502 4513 dixit
2538 4455 2793 4513 audiente
2820 4469 2947 4510 me:
2974 4452 3226 4508 Transito
3247 4464 3347 4523 per
3363 4449 3499 4506 civi-

200 4552 364 4603 unus,
389 4538 445 4593 id
475 4547 561 4595 est
600 4542 885 4610 septimus,
920 4543 985 4598 in
1016 4545 1203 4601 habitu
1245 4545 1534 4616 pontiﬁcis,
1568 4550 1797 4606 vestitus
1823 4602 1873 4622 ἣ
1905 4569 1924 4603 σ
1963 4560 2127 4608 tatem
2187 4558 2477 4622 sequentes
2522 4564 2666 4615 eum,
2714 4555 2770 4605 et
2808 4546 3093 4618 percutite.
3141 4543 3259 4600 Non
3304 4551 3498 4614 parcat

202 4602 363 4683 lineis
386 4602 736 4686 indumentis.
782 4602 1131 4697 Et'hlbebet
1173 4602 1794 4697 atramentsri'umvscri:
1821 4602 1875 4663 Β
1962 4602 2151 4700 oculos
2179 4602 3008 4714 neque—misereIamini.
3058 4637 3279 4701 Senem,
3307 4602 3497 4692 adole-

202 4720 381 4792 ptoris
396 4720 467 4775 ad
490 4736 649 4779 renes
678 4739 825 4791 suos,
850 4741 962 4797 quo
981 4728 1161 4783 omnia
1193 4738 1417 4799 peccata
1442 4732 1792 4800 describeret,
1906 4753 1925 4786 ο
1963 4736 2267 4791 scentulum
2291 4744 2346 4790 et
2373 4735 2658 4805 virginem,
2690 4730 2973 4802 parvulum
3000 4737 3058 4783 et
3094 4727 3369 4791 mulieres,
3416 4726 3498 4779 in-

198 4823 263 4870 et
300 4823 608 4873 sanctsrutu
648 4833 680 4872 ιι
726 4823 1107 4889 peccatoribus
1142 4840 1425 4881 numerum
1460 4836 1794 4898 segregaret,
1906 4846 1925 4879 α
1970 4828 2198 4881 terﬁcite
2222 4840 2394 4895 usque
2434 4826 2505 4880 ad
2549 4822 2995 4879 internecionem.
3049 4816 3277 4875 Omnem
3313 4824 3494 4869 autem

198 4909 321 4964 sive
350 4925 545 4966 zonam
571 4913 945 4983 sapphirinam
970 4917 1168 4973 coloris
1199 4918 1437 4988 sapphirl
1466 4919 1678 4989 lapidis,
1702 4923 1794 4993 qui
1905 4937 1923 4971 ι
1958 4934 2121 4988 super
2144 4931 2307 4988 quem
2336 4916 2580 4970 videritis
2604 4914 2779 4983 Thau,
2808 4930 2879 4970 ne
2904 4910 3188 4975 occidatis,
3217 4917 3274 4964 et
3306 4922 3338 4962 a
3369 4922 3495 4962 san-

200 5006 261 5061 in
283 5009 617 5065 ornamentis
633 5018 720 5065 est
738 5009 1003 5082 principis
1019 5012 1381 5069 sacerdotum.
1412 5013 1794 5085 «ingressique
1886 5029 1924 5063 rs
1961 5009 2172 5065 ctnario
2193 5021 2314 5063 meo
2335 5007 2580 5078 incipite,
2606 5027 2623 5059 ι
2655 5014 2761 5062 etc.
2798 5004 3121 5073 Prmcipitur
3139 5000 3190 5054 ei
3217 4998 3309 5068 qui
3330 4997 3493 5052 indu-

201 5109 333 5157 sunt
377 5116 473 5158 sex
516 5105 649 5172 viri,
687 5113 742 5160 et
785 5113 1052 5162 steterunt
1088 5105 1243 5175 juxta
1289 5108 1463 5163 altare
1502 5124 1729 5164 mneum.
1767 5130 1784 5161 ι
1892 5114 1983 5159 tus
2024 5110 2143 5159 erat
2176 5102 2317 5157 linea
2345 5107 2495 5157 veste
2520 5100 2634 5155 sive
2682 5098 2854 5159 talari,
2884 5103 2940 5151 et
2979 5088 3370 5148 sacerdotalem
3394 5088 3492 5143 ha-

201 5193 323 5250 Duo
358 5196 505 5251 enim
537 5205 695 5254 erant
728 5200 943 5267 altaria,
971 5212 1136 5255 unum
1169 5200 1541 5273 thymiamatis
1571 5216 1793 5256 aureum
1895 5195 2068 5251 bitum
2089 5193 2683 5265 prmferebat,utponat
2702 5192 2913 5262 signum
2937 5198 3101 5255 super
3122 5183 3327 5243 frenis!
3344 5180 3490 5235 Viro-

200 5286 554 5357 intrinseeus,
579 5296 637 5346 et
673 5289 902 5346 altcmm
943 5299 1067 5346 ante
1097 5292 1356 5363 templum
1398 5308 1609 5349 aeneum
1641 5292 1792 5346 holo-
1896 5303 2017 5344 rum
2032 5287 2363 5360 gementium
2387 5294 2443 5341 et
2465 5284 2760 5341 dolentium
2788 5294 2952 5352 super
2969 5276 3182 5334 cunctis
3210 5274 3491 5330 abomina-

184 5385 539 5435 Acaustorum.
577 5379 738 5436 Juxta
769 5381 940 5437 altare
963 5390 1146 5438 autem
1172 5390 1320 5441 stare
1345 5385 1598 5441 dicuntur
1620 5384 1795 5455 parati
1899 5380 2134 5437 tionibus
2184 5394 2303 5449 qua:
2350 5378 2488 5431 iiunt
2528 5377 2583 5430 in
2609 5375 2788 5429 medio
2824 5368 3150 5428 Jerusalem.
3198 5366 3307 5422 Pro
3335 5365 3489 5435 signo

203 5470 277 5526 ad
296 5469 536 5542 jubentis
574 5473 883 5546 imperium,
922 5482 983 5529 ut
1014 5474 1383 5548 cujuscunque
1421 5477 1676 5545 viderint,
1723 5476 1794 5533 ibi

203 5578 317 5623 non
344 5580 468 5625 esse
484 5576 707 5640 peccata
729 5568 972 5637 dimissa,
1002 5572 1285 5627 sententiae
1305 5572 1516 5629 Domini
1546 5582 1601 5629 et
1626 5574 1795 5627 inter-

102 5698 109 5703 .
203 5655 429 5715 fectioni
460 5673 585 5716 eum
626 5660 913 5733 subjacere
954 5671 1305 5734 cognoscant.
1353 5661 1535 5720 Gloria
1582 5677 1796 5736 quoque

208 5748 427 5807 Domini
471 5750 635 5808 lsrael
696 5752 985 5820 ascendit,
1041 5752 1157 5810 sive
1208 5764 1482 5827 assumpta
1552 5763 1637 5811 est
1659 5795 1675 5821 ,
1730 5755 1797 5811 de

205 5856 324 5903 uno
351 5842 578 5915 cherub,
611 5848 666 5903 et
685 5844 783 5903 ivit
808 5844 877 5902 ad
904 5844 1091 5917 limen,
1126 5844 1241 5904 sive
1267 5846 1333 5905 ad
1356 5847 1640 5905 subdin
1669 5848 1794 5907 atrii

1905 5474 2048 5543 quod
2086 5464 2458 5542 Septuaginta,
2490 5467 2682 5537 Aquila
2706 5474 2767 5524 et
2785 5463 3165 5536 Symmachus,
3194 5456 3487 5515 transmis-

1904 5578 2052 5637 runt,
2082 5568 2379 5626 Theodotio
2404 5568 2579 5638 ipsum
2623 5564 2944 5620 Hebraicum
2964 5562 3144 5631 posuit
3169 5558 3345 5620 Thau,
3368 5569 3489 5625 quae

1903 5671 2145 5719 extrema
2193 5668 2277 5717 est
2306 5658 2446 5731 apud
2489 5657 2747 5713 liebraaes
2771 5654 2962 5728 viginti
2997 5661 3053 5708 et
3079 5653 3307 5707 duarum
3346 5645 3491 5700 litte-

1903 5769 2107 5818 rarum,
2137 5761 2198 5807 ut
2221 5749 2517 5822 perfectum
2552 5749 2606 5803 in
2634 5748 2767 5804 viris
2806 5744 3144 5819 gementibus
3169 5749 3224 5797 et
3264 5735 3493 5794 dolenti-

1901 5843 2002 5901 bus
2027 5843 2309 5901 scientiam
2350 5844 2766 5899 demonstraret.
2817 5836 2964 5905 Sive,
2991 5844 3051 5893 ut
3083 5832 3289 5891 Hebraei
3331 5836 3461 5884 antu
