3938 6360
463 379 562 435 651

1098 373 1159 429 Β.
1202 369 1458 429 RABANI
1493 369 1712 431 MAURI
1750 368 2069 429 ARCHIEP.
2108 371 2419 430 MOGUNT.
2459 369 2746 430 OPERUM
2777 369 2958 427 PARS
2992 369 3056 425 ll.

3671 363 3781 418 αἲξ

463 501 636 559 mant,
649 492 774 563 quia
795 489 882 546 lex
903 489 1052 560 apud
1077 505 1173 547 eos
1201 490 1501 562 appellatur
1524 491 1696 557 thoro,
1717 505 1840 561 qua
1861 490 1964 546 hac
1994 491 2049 545 in
2075 493 2131 553 Α
2157 507 2179 543 ι
2206 489 2344 545 ciem
2385 503 2586 554 meam,
2625 495 2683 542 et
2711 486 2952 543 clamans
2978 483 3125 539 'aio':
3146 481 3282 548 Heu,
3313 481 3572 539 Domine
3602 478 3777 546 Deus,

461 586 728 658 principio
756 583 990 640 nominis
1011 583 1094 638 sui
1124 583 1310 640 littera
1335 583 1610 640 scribitur.
1640 583 1720 639 Illi
1757 585 1860 641 hoc
1887 599 2045 640 acce-

459 695 590 751 pere
631 676 986 750 signaculum,
1011 677 1103 748 qui
1146 676 1280 749 legis
1313 684 1582 748 praecepta
1623 676 2044 747 compleverant.

459 770 529 828 Et
539 779 601 826 ut
611 770 682 826 ad
693 777 878 826 nostra
891 769 1194 835 veniamus,
1217 768 1456 839 antiquis
1469 768 1818 826 Hebraeorum
1831 768 2045 838 litteris,

459 864 658 936 quibus
706 879 879 935 usque
917 865 1078 921 hodie
1126 872 1351 920 utuntur
1397 863 1758 932 Samaritani,
1805 873 2049 922 extrema

457 953 616 1011 Thau
661 954 845 1012 littera
885 956 1064 1013 crucis
1115 957 1278 1013 habet
1324 955 1732 1012 similitudinem
1758 996 1773 1022 ,
1820 971 1942 1027 quae
1990 955 2050 1013 in

460 1045 894 1103 Christianorum
924 1046 1194 1105 frontibus
1238 1047 1496 1120 pingitur,
1530 1054 1586 1102 et
1613 1045 1883 1117 frequenti
1933 1061 2050 1103 ma-

459 1153 563 1194 nus
609 1138 964 1213 inscriptione
1005 1142 1270 1213 signatur.
1307 1139 1445 1195 Sunt
1488 1141 1583 1211 qui
1627 1148 1818 1212 putent
1867 1155 1934 1198 ex
1983 1155 2050 1196 eo

459 1228 604 1296 quod
629 1230 926 1286 secundum
948 1228 1275 1287 Hebraicum
1300 1229 1642 1300 alphabetum
1668 1231 1774 1286 ista
1803 1239 2049 1287 extrema

460 1318 532 1390 sit
576 1318 782 1387 littera,
817 1321 1179 1378 demonstrari
1214 1322 1270 1377 in
1316 1321 1660 1377 multitudine
1705 1323 2050 1392 peccantium

459 1409 718 1482 reliquias
758 1428 1044 1484 superesse
1082 1421 1413 1470 sanctorum.
1443 1412 1732 1469 Gementes
1760 1413 1926 1483 igitur
1949 1415 2047 1469 do-

459 1501 742 1574 lentesque
767 1503 1065 1570 salvantur,
1099 1503 1190 1574 qui
1219 1517 1328 1559 non
1355 1502 1527 1559 solum
1571 1502 1730 1558 malis
1776 1519 1883 1558 non
1928 1519 2052 1559 con-

459 1602 746 1657 senserunt
785 1593 1061 1664 operibus,
1089 1595 1186 1650 sed
1227 1603 1282 1650 et
1309 1592 1481 1649 aliena
1516 1593 1774 1664 planxere
1803 1603 2046 1663 peccata,

457 1687 756 1743 secundum
796 1688 940 1758 quod
976 1697 1032 1744 et
1075 1686 1292 1746 Samuel
1331 1687 1541 1758 planxit
1590 1702 1754 1758 super
1795 1687 1959 1754 Saul,
1994 1695 2085 1743 et.

457 1777 732 1848 apostolus
749 1777 950 1835 Paulus
975 1777 1029 1851 (Ι
1059 1777 1183 1834 Cor.
1209 1779 1264 1849 v)
1291 1793 1454 1849 super
1481 1777 1568 1832 his
1594 1777 1689 1848 qui
1714 1785 1837 1848 post
1857 1792 2048 1847 pecca-

2155 602 2175 637 σ
2207 597 2407 654 ergone
2427 581 2706 653 disperdas
2735 594 2926 635 omnes
2955 577 3210 647 reliquias
3234 575 3427 642 Israel,
3460 573 3775 632 eﬁ'undens

2153 694 2173 729 ι
2201 674 2442 730 furorem
2486 680 2639 728 tuum
2681 686 2845 742 super
2870 667 3190 726 Jerusalem.
3222 686 3242 722 ι
3266 665 3510 723 Cunctis
3548 664 3662 737 qui
3701 665 3774 720 si-

2147 766 2436 839 gnaculum
2455 779 2566 820 non
2592 763 2865 820 habebant
2884 761 3030 818 caede
3053 757 3366 831 prostratis,
3393 756 3636 814 corruit
3657 772 3772 828 pro-

2145 857 2311 929 pheta
2340 856 2396 911 in
2423 853 2618 911 faciem
2638 868 2795 910 suam
2816 867 2914 923 pro
2936 849 3344 908 interfectorum
3369 847 3772 913 multitudine,

2146 949 2355 1005 nullum
2398 954 2596 1019 praeter
2633 960 2694 1002 se
2739 944 3010 1000 arbitrans
3055 942 3406 1000 remansisse.
3435 939 3622 1008 Quod
3647 940 3766 1009 quia

2147 1041 2432 1097 videbatur
2453 1053 2575 1096 esse
2595 1037 2930 1094 contrarium
2955 1037 3007 1092 ei
3035 1033 3344 1099 sententiae,
3371 1047 3494 1103 qua
3522 1031 3765 1102 iusserat

2147 1133 2406 1191 Dominus
2437 1133 2771 1203 signatarum
2794 1129 3054 1187 frontium
3075 1129 3221 1185 viros
3253 1142 3368 1183 non
3395 1141 3536 1183 esse
3563 1126 3764 1181 «aden-

2147 1226 2265 1291 dos,
2295 1231 2583 1296 propterea
2628 1224 2684 1278 in
2729 1222 2946 1294 vulgata
2985 1219 3224 1276 editione
3263 1224 3632 1290 protractum
3666 1225 3758 1271 est.

2147 1316 2258 1373 Nos
2295 1325 2475 1373 autem
2503 1322 2794 1387 sequentes
2841 1312 3164 1368 Hebraicam
3209 1311 3548 1376 veritatem,
3591 1309 3740 1380 posui

2146 1423 2290 1474 mus,
2320 1425 2354 1459 «-
2375 1406 2616 1464 remansi
2641 1419 2762 1478 ego.
2799 1424 2818 1457 ι
2845 1403 3262 1474 Notandumque
3281 1403 3434 1472 quod
3469 1416 3597 1456 non
3620 1401 3758 1457 dixe

2147 1499 2222 1554 rit
2250 1519 2270 1551 ι
2298 1498 2477 1566 solus;
2508 1519 2528 1554 ι
2565 1498 2709 1569 quod
2731 1497 2778 1554 si
2802 1488 3048 1564 dixisset,
3074 1494 3364 1552 videbatur
3386 1508 3523 1551 esse
3551 1502 3736 1549 contra

2147 1589 2289 1646 rium
2312 1632 2328 1656 ,
2377 1589 2496 1657 sed,
2525 1609 2544 1642 ‹
2581 1589 2819 1645 remansi
2857 1603 2978 1660 ego,
3015 1607 3034 1641 ι
3072 1595 3134 1643 ιιι
3174 1586 3558 1644 subaudiatur
3585 1628 3602 1653 ,
3647 1603 3754 1640 cum

2148 1683 2358 1738 caeteris
2385 1683 2477 1753 qui
2506 1682 2712 1740 frontes
2737 1683 2979 1739 habuere
3013 1683 3274 1753 signatas.
3300 1681 3379 1739 Ut
3408 1689 3611 1736 autem
3633 1682 3744 1736 sci:

2147 1789 2270 1830 mus
2291 1773 2587 1845 figurantcr
2604 1775 2710 1831 hoc
2727 1775 2954 1840 dictum,
2985 1793 3005 1826 ‹
3028 1773 3267 1829 remansi
3290 1787 3450 1843 ego,»
3467 1773 3538 1827 in
3559 1770 3751 1841 Regum

455 1875 571 1922 tum
617 1884 727 1924 non
756 1877 925 1940 agunt
952 1847 1532 1940 ptnnitentiamslinde
1558 1847 1623 1923 et
1641 1847 1755 1939 ipse
1785 1868 2001 1924 dicebat
2028 1885 2041 1922 :
2072 1847 2124 1910 Β
2147 1867 2421 1923 volumine
2445 1908 2462 1934 ,
2509 1866 2727 1938 quando
2789 1866 2938 1922 Elias
2966 1868 2974 1918 ἒ
3002 1865 3242 1936 loquitur
3296 1864 3370 1920 ad
3420 1863 3714 1918 Domintmi
3739 1880 3750 1914 :

460 1979 480 2010 ι
516 1959 622 2026 Qui
649 1975 836 2016 sumus
861 1961 918 2015 in
953 1960 1334 2027 tabernaculo,
1364 1959 1771 2030 ingemiscimus
1793 1958 1890 2031 (ΙΙ
1920 1957 2044 2015 Cor.

453 2048 558 2118 v);
583 2069 601 2102 ι
638 2057 694 2104 et
733 2049 859 2104 alibi
891 2068 944 2104 ε(
965 2051 1212 2107 Tristitia
1231 2057 1315 2106 est
1337 2051 1470 2105 mihi
1491 2066 1708 2122 magna,
1737 2059 1794 2105 et
1813 2050 2047 2107 incessa-

453 2139 580 2196 bilis
609 2140 763 2196 dolor
785 2143 965 2198 cordis
998 2143 1105 2199 mei
1132 2142 1342 2216 (Ibid.).
1383 2164 1404 2197 ι
1437 2143 1759 2216 Ρτωοίρίωι·
1787 2159 1882 2200 sex
1914 2145 2048 2202 viris

453 2237 515 2284 ut
540 2239 740 2300 praeter
758 2246 853 2288 eos
879 2233 970 2303 qui
993 2241 1222 2304 possunt
1246 2233 1428 2289 dicere
1452 2251 1465 2287 :
1497 2251 1516 2284 ι
1547 2232 1833 2305 Signatum
1853 2243 1939 2291 est
1958 2250 2048 2291 su-

454 2337 551 2392 per
575 2339 675 2378 nos
697 2324 877 2380 lumen
898 2326 1078 2381 vultus
1107 2327 1205 2392 tui,
1223 2324 1638 2400 Domine(PaaI.
1661 2327 1760 2401 IV),
1786 2348 1806 2380 ι
1825 2338 2050 2385 cunctos

453 2413 804 2482 interficiant,
852 2433 958 2473 non
989 2417 1105 2473 seni
1131 2426 1381 2488 parcant,
1410 2433 1518 2472 non
1547 2417 1756 2487 juveni,
1795 2435 1902 2473 non
1931 2419 2046 2474 vir-

454 2504 584 2574 gini,
609 2522 716 2562 non
742 2509 991 2576 parvulo,
1017 2523 1123 2564 non
1162 2508 1397 2563 mulieri.
1438 2507 1747 2566 Secundum
1790 2511 2048 2582 mysticos

455 2595 762 2674 intellectus
789 2613 948 2653 senes
969 2607 1098 2653 sunt
1121 2599 1175 2653 in
1202 2599 1468 2666 Ecclesia,
1493 2602 1560 2656 de
1579 2601 1778 2671 quibus
1801 2602 2001 2659 dicitur
2028 2620 2042 2658 :

460 2703 480 2736 ι
510 2684 642 2740 Cani
663 2688 899 2744 hominis
917 2689 1206 2759 prudentia
1226 2688 1340 2759 ejus
1356 2690 1506 2763 (Sap.
1523 2692 1621 2764 ιν).
1637 2711 1656 2744 ι
1673 2691 1932 2760 Iuvenes,
1953 2694 2048 2765 qui

455 2787 582 2832 sunt
609 2779 679 2834 ad
719 2777 842 2835 fidei
872 2779 1011 2836 bella
1039 2783 1454 2852 promptissimi.
1488 2783 1758 2854 Virgines,
1773 2785 1866 2854 qui
1892 2785 2049 2856 pudi-

454 2867 638 2923 citiam
667 2877 778 2924 tota
813 2878 994 2926 mente
1025 2881 1365 2928 conservant.
1394 2872 1631 2940 Parvuli,
1666 2875 1758 2944 qui
1779 2874 1919 2930 lacte
1946 2890 2048 2947 po-

455 2967 639 3015 tantur
680 2961 940 3029 infantiae,
975 2973 1032 3019 et
1073 2965 1304 3020 necdum
1347 2967 1656 3037 percipiunt
1690 2967 1920 3024 solidum
1965 2969 2048 3024 ci-

453 3050 600 3106 bum.
627 3053 898 3122 Mulieres,
924 3071 1044 3127 quae
1073 3056 1366 3127 fragilitate
1386 3074 1548 3116 sexus
1574 3061 1772 3118 anima:
1804 3062 2050 3119 imbecil-

454 3141 660 3199 litatem
684 3152 978 3214 testantur;
1011 3148 1208 3217 quibus
1248 3149 1517 3207 universis
1563 3167 1670 3207 non
1707 3155 1970 3224 parcitur,
2000 3153 2050 3210 si

454 3236 657 3305 absque
703 3238 905 3294 Christi
951 3240 1228 3312 signaculo
1273 3242 1476 3312 aliquid
1523 3258 1582 3299 se
1629 3259 1751 3301 esse
1793 3247 2040 3304 credunt.

455 3324 714 3396 Quodque
734 3330 978 3398 sequitur
1007 3346 1019 3382 :
1051 3348 1071 3381 ‹
1106 3329 1176 3386 Ει
1203 3346 1236 3384 a
1264 3333 1572 3388 sanctuario
1594 3349 1717 3390 meo
1741 3335 1986 3407 incipite,
2018 3357 2039 3390 ι

453 3415 588 3482 sive,
639 3425 700 3471 ut
730 3417 1086 3490 Septuaginta
1135 3421 1548 3487 transtulertmt,
1587 3439 1607 3474 ι
1645 3431 1700 3477 et
1761 3439 1794 3478 a
1841 3426 2049 3482 sanctis

453 3506 592 3561 meis
621 3507 862 3578 incipite,
894 3529 914 3562 ι
947 3509 1033 3564 vel
1062 3511 1374 3568 sacerdotes
1416 3511 1703 3584 significat,
1737 3514 1831 3584 qui
1856 3531 2046 3574 versa-

453 3597 652 3653 bantur
695 3599 750 3654 in
798 3600 1021 3673 templo,
1048 3609 1104 3657 et
1143 3603 1237 3675 qui
1280 3603 1498 3661 fuerant
1539 3605 1596 3661 in
1636 3607 1849 3679 populis
1881 3625 2045 3668 causa

452 3689 662 3760 peccati
688 3731 702 3756 ,
728 3691 888 3761 primi
921 3707 1172 3752 meruere
1212 3696 1470 3767 supplicia
1496 3738 1512 3766 ,
1543 3705 1755 3772 tempus
1779 3709 1866 3758 est
1900 3704 2046 3760 enim

451 3791 513 3837 ut
537 3782 761 3853 incipiat
780 3783 1047 3854 judicium
1076 3800 1110 3842 a
1136 3787 1298 3844 domo
1319 3787 1436 3844 Dei.

533 3891 552 3926 ι
581 3873 878 3946 Coeperunt
905 3892 1035 3950 ergo
1063 3894 1095 3934 a
1118 3879 1253 3936 viris
1288 3881 1594 3939 senioribus
1619 3884 1713 3954 qui
1735 3893 1895 3941 erant
1921 3895 2049 3943 ante

457 3979 477 4015 ι
510 3962 704 4020 faciem
735 3965 944 4022 domus.
976 3966 1046 4024 Et
1070 3967 1207 4026 dixit
1250 3970 1319 4026 ad
1366 3985 1497 4027 eos:
1529 3970 1909 4032 Contaminate
1952 3978 2048 4034 do-

457 4071 478 4106 c
514 4070 684 4122 mum,
708 4064 765 4112 et
784 4057 1001 4128 implete
1028 4059 1168 4114 atria
1191 4059 1516 4119 interfectis.
1549 4081 1570 4114 ι
1597 4061 1704 4120 Pro
1729 4065 1902 4133 atriis,
1927 4081 2049 4138 qua:

451 4145 714 4203 Hebraice
737 4147 992 4204 dicuntur
1013 4150 1239 4218 aseroth,
1270 4149 1624 4226 Septuaginta
1650 4171 1886 4227 posuere
1911 4159 2044 4214 vias.

451 4237 784 4296 Occiduntur
816 4227 997 4297 autem
1024 4242 1131 4297 viri
1155 4243 1423 4313 seniores,
1464 4246 1532 4302 de
1557 4247 1755 4319 quibus
1785 4264 1950 4320 supra
1971 4249 2048 4310 lc-

451 4334 648 4404 gimus,
676 4334 822 4402 quod
864 4334 1127 4390 haberent
1158 4336 1455 4405 thuribula,
1494 4347 1550 4394 et
1583 4340 1862 4397 adolerent
1889 4343 2048 4401 idolis

450 4425 754 4479 incensum.
785 4423 898 4480 Nec
941 4434 1027 4482 est
1067 4425 1176 4481 ulla
1204 4428 1389 4499 templi
1417 4430 1629 4500 religio,
1661 4433 1808 4503 quia,
1839 4432 2047 4492 offenso

2153 1977 2172 2010 ι
2205 1957 2413 2014 Altaria
2441 1966 2536 2014 tua
2562 1959 2810 2015 demoliti
2845 1966 2996 2024 sunt,
3037 1965 3093 2013 et
3119 1972 3220 2029 ego
3249 1955 3482 2013 relictus
3517 1971 3647 2011 sum
3674 1970 3751 2010 so-

2146 2048 2249 2115 lus,
2280 2058 2335 2106 et
2377 2057 2631 2119 quaerunt
2674 2050 2915 2105 animam
2956 2063 3137 2105 meam
3183 2047 3407 2104 auferre
3461 2045 3602 2119 (III
3639 2045 3750 2116 Reg.

2146 2141 2317 2213 xix),i
2345 2141 2520 2199 solum
2540 2143 2742 2214 posuit,
2767 2143 2896 2214 quia
2923 2141 3255 2199 remansisse
3281 2141 3427 2197 alios
3455 2140 3749 2196 nesciebat.

2147 2233 2378 2302 Quidam
2401 2241 2594 2304 putant
2614 2242 2670 2290 et
2693 2250 2759 2290 ex
2780 2250 3015 2305 persona
3043 2233 3282 2299 Domini,
3301 2233 3358 2288 in
3386 2232 3560 2302 cujus
3586 2242 3752 2306 typum

2147 2325 2430 2396 pmcessit
2452 2325 2900 2396 Ezechiel,posse
2936 2326 3044 2381 hoc
3070 2325 3301 2397 intelligi
3331 2325 3407 2380 de
3441 2327 3654 2398 populo
3677 2324 3752 2379 Ju-

2151 2414 2408 2480 daeorum,
2441 2416 2656 2484 quando
2679 2430 2869 2471 omnes
2897 2413 3330 2480 declinaverunt,
3345 2415 3525 2472 simul
3557 2414 3755 2470 inutiles

2147 2503 2277 2560 facti
2316 2511 2461 2560 sunt.
2500 2505 2568 2560 Et
2599 2504 2870 2576 Propheta
2909 2514 3178 2560 testatur:
3221 2524 3239 2556 ‹
3273 2504 3512 2563 Salvum
3553 2522 3644 2562 me
3666 2506 3752 2571 fac,

2147 2595 2394 2660 Domine,
2426 2596 2683 2666 quoniam
2711 2594 2910 2652 defecit
2953 2604 3173 2654 sanctus
3203 2594 3383 2668 (Paul.
3420 2596 3531 2668 xi).
3565 2617 3585 2648 ι
3617 2596 3756 2651 Mus

2147 2688 2292 2742 enim
2328 2689 2583 2744 inventus
2607 2696 2694 2744 est
2724 2678 2985 2745 Dominus
3020 2708 3040 2741 ‹
3071 2690 3164 2759 qui
3211 2699 3511 2764 peccatum
3539 2705 3648 2747 non
3683 2688 3752 2744 fe-

2149 2779 2246 2844 cit,
2269 2793 2446 2849 neque
2474 2779 2725 2836 inventus
2744 2788 2829 2836 est
2857 2780 3013 2837 dolus
3036 2781 3093 2836 in
3123 2796 3222 2838 ore
3246 2782 3368 2852 ejus
3394 2782 3453 2854 (1
3472 2782 3620 2837 Par.
3646 2782 3751 2852 11).»

2150 2870 2304 2940 Quod
2333 2881 2516 2928 autem
2540 2872 2744 2938 intulit,
2783 2891 2803 2925 ι
2839 2873 3123 2932 effundens
3151 2875 3399 2931 furorem
3423 2885 3583 2930 tuum
3609 2890 3754 2945 super

2149 2961 2472 3032 Jerusalem,
2512 2983 2532 3018 ι
2567 2964 2796 3021 verbum
2847 2965 3131 3024 efl'usionis
3181 2982 3481 3039 poenarum
3525 2968 3753 3024 ostendit

2151 3058 2601 3130 magnitudinem,
2632 3067 2693 3114 ut
2717 3058 2845 3114 alibi
2873 3059 3106 3130 legimus
3137 3080 3149 3116 :
3186 3079 3205 3112 ι
3239 3059 3432 3115 Effusa
3457 3069 3548 3115 est
3576 3060 3753 3131 despe-

2151 3149 2262 3206 ctio
2279 3165 2443 3221 super
2470 3150 2745 3222 principes
2765 3147 2941 3222 (Psal.
2974 3150 3118 3223 cvr);
3151 3171 3170 3206 ι
3206 3160 3262 3206 et
3283 3152 3490 3207 iterum
3517 3171 3533 3207 :
3575 3172 3594 3204 ι
3628 3151 3753 3208 Pene

2151 3239 2306 3297 effusi
2329 3249 2456 3297 sunt
2475 3257 2696 3313 gressus
2730 3242 2838 3298 mei
2869 3239 3044 3313 (Psal.
3071 3243 3276 3314 Lxxu);
3318 3263 3338 3295 ι
3369 3253 3431 3298 et
3479 3244 3538 3299 in
3572 3243 3753 3301 mnam

2149 3340 2395 3402 partem:
2428 3353 2446 3384 ‹
2482 3331 2734 3388 Charitas
2756 3332 2851 3389 Del
2879 3332 3051 3390 etl'usa
3071 3343 3156 3391 est
3184 3337 3241 3390 in
3267 3335 3534 3391 cordibus
3561 3338 3752 3392 nostris

2149 3422 2331 3495 (Rom.
2354 3423 2440 3495 v);
2465 3442 2485 3478 ι
2517 3430 2574 3479 et
2597 3441 2609 3476 :
2632 3442 2652 3476 ‹
2673 3421 2858 3480 Effusa
2878 3433 2964 3479 est
2983 3427 3158 3498 gratia
3187 3425 3243 3481 in
3271 3425 3429 3483 labiis
3451 3428 3568 3484 tuis
3589 3426 3749 3500 (Ρωι.

2149 3529 2278 3572 xuv
2299 3513 2320 3586 )
2343 3530 2357 3581 ;
2379 3533 2398 3566 ι
2427 3523 2485 3570 et
2512 3513 2569 3570 in
2590 3513 2925 3570 contrarium
2957 3534 2970 3570 :
3005 3533 3025 3568 ‹
3062 3514 3290 3572 Efl‘unde
3325 3516 3584 3574 furorem
3614 3528 3749 3574 tuan

2149 3620 2315 3677 super
2343 3612 2532 3678 gentes
2559 3619 2680 3675 qua:
2727 3611 2783 3658 te
2813 3621 2922 3662 non
2953 3606 3359 3673 intellexerunt,
3387 3617 3452 3665 et
3494 3625 3660 3680 super
3685 3627 3751 3664 η-

2150 3713 2255 3770 ma
2283 3713 2407 3770 quae
2436 3714 2636 3757 nomen
2665 3706 2818 3756 tuum
2845 3716 2954 3758 non
2992 3702 3386 3758 invocaverunt
3417 3701 3562 3775 (Jer.
3612 3706 3695 3774 x);
3728 3724 3745 3756 ι

2149 3797 2206 3847 et
2234 3809 2248 3846 :
2284 3808 2304 3843 ι
2349 3788 2577 3848 Effunde
2610 3789 2900 3860 frameam,
2948 3801 3004 3850 et
3040 3793 3308 3849 conclude
3354 3793 3628 3850 adversus
3665 3808 3746 3850 eos

2149 3881 2243 3954 qui
2273 3890 2678 3953 persequuntur
2706 3899 2796 3940 me
2823 3881 2999 3957 (Paul.
3024 3884 3234 3956 xxxrv).
3260 3904 3278 3937 ι

2229 3991 2249 4027 ι
2278 3973 2347 4029 Et
2375 3973 2514 4032 dixit
2537 3975 2802 4033 Dominus
2823 3976 2894 4032 ad
2912 3991 3002 4034 me
3031 3993 3044 4031 :
3076 3975 3343 4047 iniquitas
3372 3975 3749 4033 domuslsrael

2157 4083 2178 4120 ‹
2213 4075 2272 4124 et
2289 4066 2484 4126 domus
2512 4065 2652 4123 Juda
2695 4083 2894 4138 magna
2939 4075 3026 4124 est
3061 4068 3227 4123 nimis
3250 4067 3433 4134 valde,
3474 4079 3532 4123 et
3556 4068 3746 4139 repleta

2158 4177 2178 4212 r
2210 4167 2297 4216 est
2329 4168 2472 4216 terra
2509 4160 2886 4232 sanguinibus.
2925 4161 2996 4217 Et
3023 4161 3218 4218 civitas
3245 4161 3458 4232 repleta
3490 4170 3578 4218 est
3614 4177 3747 4217 aver-

2159 4273 2178 4306 ι
2212 4255 2385 4310 sione.
2412 4253 2682 4310 Dixerunt
2703 4255 2850 4311 enim
2876 4274 2890 4311 :
2915 4255 3212 4326 Dercliquit
3235 4255 3507 4311 Dominus
3533 4265 3744 4320 terram,

2156 4367 2176 4400 ‹
2209 4356 2264 4404 et
2288 4347 2548 4405 Dominus
2573 4364 2682 4404 non
2704 4349 2869 4405 videt.
2900 4348 3071 4422 Igitur
3093 4357 3167 4405 .et
3207 4363 3367 4406 meus
3410 4365 3530 4406 non
3571 4358 3745 4420 parcet

2157 4456 2176 4489 ι
2212 4438 2406 4494 oculus
2446 4450 2625 4509 neque
2669 4439 2988 4506 miserebor,
3043 4441 3160 4496 vias
3205 4455 3394 4496 eorum
3458 4457 3630 4513 super
3666 4458 3746 4496 ca-

452 4517 971 4624 contamina‘ta
993 4527 1121 4623 sunt
1137 4522 1338 4588 omnia,
1362 4532 1423 4578 ut
1439 4524 1900 4624 undepeccatum,
1921 4527 2046 4584 inde
2069 4563 2125 4624 Β
2157 4547 2178 4583 ο
2208 4539 2309 4602 put
2356 4545 2551 4588 eorum
2602 4532 2846 4601 reddam,
2879 4552 2900 4586 ι
2927 4541 3036 4591 etc.
3082 4534 3286 4591 Videns
3327 4533 3600 4591 Dominus
3636 4550 3748 4606 pru-

443 4605 706 4676 judicium
757 4607 843 4664 sit.
891 4608 1152 4682 Atriaque
1205 4612 1558 4673 cadaveribus
1599 4617 1944 4688 complentur
1987 4619 2044 4675 in

450 4697 669 4768 templo,
690 4705 880 4756 etnon
906 4700 1029 4768 viae,
1058 4717 1179 4774 qua:
1203 4705 1390 4776 utique
1413 4705 1547 4763 foris
1571 4717 1748 4778 erant,
1784 4709 1888 4766 nisi
1927 4709 2041 4768 for-

447 4788 592 4845 sitan
613 4789 730 4846 vias
754 4788 1056 4865 intelligere
1083 4810 1371 4866 possumus
1401 4797 1610 4870 plateas
1643 4801 1900 4858 civitatis.
1930 4801 2043 4860 Nec

446 4881 649 4938 audere
684 4891 938 4954 poterant
977 4887 1153 4959 angeli
1187 4891 1559 4949 contaminare
1607 4895 1863 4965 templum
1909 4911 2041 4954 san-

446 4971 610 5041 guine
637 4984 994 5040 mortuorum,
1029 4975 1083 5028 in
1104 4990 1211 5044 quo
1235 4979 1386 5046 prius
1412 4981 1581 5051 gloria
1617 4981 1715 5040 Dei
1737 4986 2036 5056 habitabat,

446 5063 552 5119 nisi
582 5064 688 5120 hoc
714 5065 988 5121 credentis
1014 5065 1198 5136 gloriae
1230 5065 1491 5127 Dominus
1518 5075 1882 5144 praecepisset.
1909 5077 2037 5135 Om-

447 5157 534 5212 nis
575 5157 668 5226 qui
709 5165 935 5229 peccato
971 5166 1218 5214 mortuus
1246 5168 1348 5224 est,
1377 5163 1708 5218 contaminat
1736 5167 1873 5222 atria
1902 5175 2037 5223 tem-

446 5249 543 5319 pli,
571 5256 627 5304 et
653 5249 806 5306 urbis
832 5249 1046 5305 Domini
1074 5249 1212 5317 vias,
1259 5251 1317 5306 in
1342 5252 1560 5323 ,quibus
1586 5254 1739 5323 vivit,
1769 5257 1863 5328 qui
1909 5274 2033 5316 cum

447 5340 665 5397 Christo
702 5357 1012 5415 resurgens,
1041 5354 1288 5404 mortuus
1313 5362 1436 5405 esse
1469 5349 1700 5405 desistit.

523 5451 545 5481 ι
579 5429 649 5486 Et
675 5433 881 5504 egressi
911 5443 1056 5504 sunt,
1096 5444 1154 5493 et
1173 5438 1550 5509 percutiebant
1594 5454 1690 5497 eos
1735 5442 1830 5514 qui
1874 5454 2035 5502 erant

455 5540 474 5572 ι
504 5520 561 5575 in
590 5520 831 5578 civitate.
862 5545 880 5576 ι
910 5525 1057 5595 Sive,
1107 5536 1170 5585 ut
1219 5530 1309 5587 alii
1348 5531 1760 5599 transtulerunt,
1793 5553 1812 5587 ‹
1843 5550 2038 5606 percu-

450 5609 658 5667 tiebant
683 5611 978 5682 civitatem,
1011 5635 1032 5671 »
1061 5633 1162 5690 pro
1187 5619 1274 5677 his
1297 5621 1391 5693 qui
1417 5629 1578 5678 erant
1599 5623 1655 5680 in
1680 5621 1835 5692 urbe,
1864 5626 2037 5697 ipsam

455 5703 644 5758 urbem
672 5705 1022 5776 appellantes.

531 5811 552 5847 ‹
581 5793 650 5852 Ει
674 5797 818 5856 caede
843 5800 1112 5874 completa
1140 5804 1378 5860 remansi
1405 5819 1526 5878 ego,
1555 5807 1748 5878 ruique
1772 5824 1934 5882 super
1961 5811 2037 5868 fa-

2147 4623 2368 4695 phetam
2403 4639 2564 4681 suum
2586 4625 2719 4682 flere
2744 4642 2842 4698 pro
2868 4626 3091 4699 populo,
3119 4636 3178 4685 et
3210 4629 3479 4686 admirari
3508 4631 3744 4703 indigna-

2146 4715 2310 4773 tionis
2335 4716 2788 4788 magnitudinem,
2819 4718 2998 4776 reddit
3021 4735 3216 4778 causas
3252 4735 3362 4777 non
3396 4731 3463 4778 ut
3497 4722 3588 4778 ille
3609 4731 3750 4794 puta‘

2143 4805 2258 4874 bat,
2289 4805 2476 4876 iniusti
2505 4807 2592 4864 vel
2629 4810 2940 4868 excedentis
2961 4813 3183 4869 modum
3209 4813 3487 4885 supplicii,
3519 4817 3616 4872 sed
3638 4831 3744 4872 me-

2143 4899 2263 4955 ritae
2294 4897 2566 4974 iustaque
2615 4902 2920 4958 sententiae.
2964 4902 3226 4974 lniquitas
3254 4947 3270 4971 ,
3310 4906 3517 4978 inquit,
3566 4910 3746 4964 decen

2143 4990 2383 5049 tribuum
2415 4991 2586 5048 Israel
2609 5000 2666 5048 et
2687 4993 2923 5050 duarum
2951 4996 3194 5052 tribuum
3226 4995 3387 5064 Juda,
3418 5015 3624 5072 magna
3650 5009 3746 5062 est.

2139 5089 2194 5137 et
2241 5098 2352 5139 non
2394 5083 2571 5140 solum
2616 5101 2834 5156 magna,
2885 5089 2980 5144 sed
3029 5104 3222 5162 magna
3266 5091 3452 5147 nimis.
3502 5093 3620 5150 Nec
3653 5094 3746 5149 hoc

2137 5171 2341 5231 dixisse
2386 5173 2603 5241 sufficit,
2643 5177 2740 5233 sed
2773 5179 2974 5249 repetit
3002 5179 3176 5247 valde,
3218 5192 3280 5238 ut
3324 5199 3427 5254 pro
3477 5186 3748 5258 magnith

2136 5261 2264 5318 dine
2296 5263 2602 5334 iniquitatis
2634 5267 2952 5338 magnitudo
2991 5270 3241 5342 supplicii
3269 5272 3360 5328 sit.
3412 5273 3499 5330 Ex
3530 5292 3643 5347 quo
3675 5277 3748 5331 di-

2135 5354 2340 5411 scimus
2369 5371 2481 5412 non
2511 5365 2572 5412 ut
2592 5357 2838 5429 plerique
2867 5360 3160 5428 aestimant,
3186 5371 3244 5420 et
3263 5365 3511 5421 maxime
3553 5364 3743 5433 Stoici,

2140 5447 2291 5518 paria
2331 5462 2454 5505 esse
2480 5459 2728 5521 peccata,
2747 5448 2851 5509 sed
2882 5453 2970 5509 vel
3000 5470 3196 5526 magna
3229 5455 3316 5512 vel
3341 5472 3543 5527 parva,
3569 5468 3626 5516 et
3649 5474 3746 5532 pro

2141 5538 2402 5610 qualitate
2433 5556 2797 5615 mensuraque
2829 5546 3176 5616 peccantium
3215 5547 3593 5606 diversitatem
3626 5564 3749 5608 esse

2134 5628 2326 5701 judicii
2359 5634 2655 5704 punientis.
2691 5655 2711 5688 ι
2740 5636 2965 5708 Repleta
3013 5647 3100 5696 est
3154 5648 3319 5708 terra,
3359 5642 3567 5714 inquit,
3614 5661 3741 5702 san-

2141 5723 2416 5796 guinibus.
2448 5746 2468 5780 ι
2499 5727 2634 5794 sive,
2656 5735 2716 5782 ut
2742 5726 3096 5800 Septuaginta
3130 5732 3555 5802 transtulerunt,
3591 5754 3612 5787 ι
3645 5751 3746 5806 po-

2141 5816 2320 5886 pulis:
2359 5837 2378 5869 »
2416 5836 2436 5871 ι
2473 5818 2542 5875 Et
2567 5818 2764 5878 civitas
2793 5819 3009 5894 repleta,
3028 5831 3112 5880 est
3149 5825 3489 5882 aversione.»
3516 5827 3650 5894 Aut,
3686 5835 3745 5883 ut
