3938 6360
153 411 270 469 635

1125 403 1481 466 COMMENT.
1521 402 1592 460 1N
1629 400 2089 463 EZECHIELEM.
2128 403 2364 462 —--LlB.
2406 407 2475 464 Υ.

3337 408 3446 464 ϐδῦ

152 526 394 599 Vulgata
425 525 591 582 habet
631 524 817 590 editio,
851 541 870 576 ι
906 523 1193 594 iniquitate
1237 528 1292 577 et
1321 518 1692 586 immunditia;
1727 539 1748 572 ι
1781 523 1838 584 Α
1862 525 2169 588 terrogatus
2197 526 2456 590 exoptat:
2491 539 2510 573 ι
2545 518 2687 588 Quid
2722 520 2882 576 detur
2913 520 3008 576 tibi
3040 529 3134 577 aut
3173 521 3302 592 quid
3347 537 3444 592 ap-

149 634 273 675 non
292 617 540 675 modicus
565 616 788 688 sanguis
806 614 1012 672 effusus
1039 621 1140 679 est,
1167 614 1264 669 sed
1297 613 1364 668 de
1390 620 1546 684 porta
1582 626 1758 680 usque

151 713 228 769 ad
276 717 510 783 portam,
532 718 590 766 et
613 709 791 765 omnis
818 709 1013 764 civitas
1055 705 1344 762 declinavit
1382 721 1416 760 a
1450 704 1597 760 cultu
1633 703 1752 759 Dei.

150 802 228 857 Et
257 817 356 874 pro
379 816 444 857 eo
472 800 632 872 plena
656 805 740 856 est
765 797 1138 862 immunditia,
1161 795 1478 851 idololatriae
1505 794 1758 850 videlicet

152 895 431 957 sordibus.
468 892 644 950 Causa
683 897 869 946 autem
919 896 1197 944 tantorum
1231 887 1501 943 scelerum
1529 885 1621 942 illa
1647 894 1754 953 est,

151 989 307 1060 quod
341 992 668 1058 putaverunt
695 981 1090 1055 providentiam
1137 995 1248 1036 nou
1291 995 1412 1036 esse
1444 994 1606 1052 super
1648 986 1758 1035 ter-

153 1096 305 1146 ram,
341 1094 444 1135 nec
479 1079 650 1134 Deum
689 1087 883 1131 curare
918 1071 1189 1129 mortalia.
1235 1069 1396 1128 Juxta
1437 1071 1568 1127 illud
1610 1071 1756 1141 quod

154 1173 293 1229 alibi
321 1171 550 1244 legimus
575 1188 590 1224 :

318 1282 582 1396 is
600 1281 797 1345 superis
816 1278 955 1330 labor
978 1279 1078 1341 est,
1100 1286 1160 1328 ea
1177 1286 1295 1327 cura
1315 1274 1510 1338 quietos

421 1358 435 1394 ι
556 1379 570 1394 .

421 1358 570 1394 leuat.

152 1449 300 1517 Quia
339 1449 507 1519 igitur
549 1447 627 1503 illi
669 1447 757 1502 vel
791 1451 1122 1518 putaverunt
1155 1457 1264 1499 non
1303 1457 1424 1498 esse
1462 1441 1755 1512 providen-

155 1541 318 1605 tiam,
356 1538 444 1594 vel
473 1553 595 1609 qum
625 1545 752 1593 ante
789 1535 969 1592 fuerat
1005 1535 1060 1589 in
1101 1533 1332 1604 populis,
1375 1532 1479 1587 hoc
1513 1539 1760 1600 tempore

157 1644 319 1683 suum
339 1629 602 1700 populum
617 1629 927 1698 reliquisse,
941 1632 1227 1697 propterea
1253 1633 1309 1680 et
1327 1623 1425 1680 Dei
1446 1638 1553 1678 non
1574 1630 1760 1694 parcet

154 1717 372 1783 oculus,
394 1732 496 1773 nec
516 1717 888 1782 miserebitur,
913 1723 972 1770 ut
991 1722 1181 1770 contra
1207 1714 1340 1770 vitia
1368 1714 1618 1780 saeviens,
1643 1711 1760 1784 pla-

152 1810 357 1866 cabilis
397 1810 472 1866 sit
509 1810 832 1875 virtutibus,
861 1807 1083 1877 viasque
1121 1822 1310 1862 eorum
1345 1813 1509 1877 atque
1532 1814 1760 1877 peccata

148 1905 358 1959 reddat
384 1918 553 1974 super
577 1903 750 1973 capita
779 1916 991 1968 eorum,
1015 1900 1103 1957 vel
1128 1916 1290 1972 super
1315 1900 1612 1971 principale
1636 1915 1760 1956 cor-

154 1997 263 2060 dis,
295 1995 382 2050 vel
405 2010 568 2065 super
595 1995 867 2068 principes
892 1994 1098 2065 populi,
1128 1992 1286 2063 juxta
1306 1991 1668 2048 Numerorum
1690 1991 1758 2048 li-

153 2090 320 2146 brum
340 2091 395 2145 in
411 2105 522 2160 quo
532 2090 712 2160 capita
725 2090 1045 2160 populorum
1057 2088 1332 2159 principes
1346 2103 1467 2144 esse
1482 2088 1758 2143 dicuntur.

239 2202 260 2234 ‹
294 2181 363 2237 Et
387 2197 518 2239 ecce
542 2183 628 2237 vir
656 2182 750 2253 qui
790 2182 1013 2237 indutus
1052 2189 1173 2238 erat
1201 2181 1377 2246 lineis,
1403 2181 1496 2252 qui
1524 2180 1762 2236 habebat

165 2293 190 2326 ι
228 2274 676 2330 atramentarium
720 2274 776 2329 in
815 2273 1013 2329 lumbis
1041 2272 1175 2339 suis,
1210 2272 1486 2342 respondit
1531 2271 1756 2327 dicens:

166 2385 191 2418 ι
243 2365 369 2422 Feci
421 2368 563 2423 sicut
615 2366 919 2437 praecepisti
954 2367 1107 2421 mihi.
1146 2386 1164 2419 ι
1199 2365 1551 2436 Septuaginta
1582 2384 1594 2419 :
1629 2385 1649 2418 ι
1693 2364 1763 2420 Ει

161 2473 296 2514 ecce
313 2459 398 2513 vir
420 2459 513 2529 qui
547 2459 768 2513 indutus
800 2468 918 2513 erat
947 2458 1238 2528 podere,id
1261 2465 1366 2522 est,
1391 2465 1544 2512 veste
1575 2456 1757 2522 talari,

159 2559 219 2604 et
243 2550 520 2605 accinctus
553 2565 690 2605 zona
716 2549 928 2605 lumbos
957 2565 1101 2606 suos.
1135 2549 1203 2604 Et
1223 2549 1500 2619 respondit
1532 2549 1760 2605 verbum

160 2640 352 2695 dicens
379 2654 394 2693 :
420 2639 548 2696 Feci
588 2641 730 2696 sicut
754 2642 1022 2696 mandasti
1048 2641 1204 2695 mihi.
1233 2661 1251 2693 ι
1290 2640 1409 2711 Ipse
1433 2647 1517 2695 est
1535 2640 1637 2705 vir,
1671 2640 1760 2694 cui

152 2732 373 2801 jussum
407 2741 492 2788 est
539 2732 773 2788 transire
817 2748 916 2803 per
961 2731 1285 2796 Jerusalem,
1334 2740 1390 2787 et
1434 2746 1637 2801 ponere
1681 2731 1759 2785 si—

161 2837 330 2894 gnum
376 2824 432 2878 in
478 2823 750 2880 frontibus
790 2825 1034 2880 virorum
1091 2825 1424 2895 gementium
1477 2832 1533 2880 et
1571 2814 1758 2880 dolen-

160 2919 304 2973 tium
341 2931 504 2987 super
545 2919 760 2974 cunctis
801 2918 1180 2988 iniquitatibus
1220 2933 1430 2974 eorum.
1465 2917 1761 2988 Dicitergo

161 3027 226 3067 se
274 3009 486 3066 Domini
531 3018 797 3082 praecepta
841 3009 1162 3082 complesse,
1206 3019 1263 3067 et
1306 3009 1584 3082 signaculo
1627 3010 1760 3065 thau

160 3103 361 3158 littera:
401 3101 609 3158 frontes
641 3115 885 3157 armasse
926 3101 1245 3174 lugentium.
1297 3099 1406 3156 Sex
1447 3108 1631 3156 autem
1657 3099 1760 3154 viri

161 3193 362 3264 quibus
387 3201 721 3265 pmceperat
759 3193 1021 3249 Dominus
1067 3193 1290 3249 dicens:
1328 3211 1346 3243 ‹
1378 3191 1627 3249 Transito
1662 3206 1761 3261 per

1857 622 2089 685 ponatur
2133 613 2229 669 tibi
2267 616 2336 670 ad
2371 615 2614 686 linguam
2641 614 2921 670 dolosam?
2947 614 3169 687 Sagittae
3204 617 3442 686 potentis

1857 713 2029 761 acutae
2061 720 2187 762 cum
2225 706 2552 763 carbonibus
2585 705 2924 762 desolatoriis
2978 705 3152 778 (Psal.
3194 709 3363 781 cxtx).
3417 730 3437 763 ι

1857 795 2130 867 Multaque
2166 797 2469 854 istiusmodi
2515 798 2571 852 in
2609 796 2908 868 Scripturis
2959 800 3162 856 sanctis
3202 799 3445 858 invenire

1855 890 2178 960 poterimus,
2195 890 2273 962 de
2317 890 2513 961 quibus
2562 891 2758 947 crebro
2799 891 3050 948 diximus.
3082 890 3198 949 Hoc
3234 900 3444 949 tantum

1856 982 2154 1038 notandum
2195 989 2281 1038 est
2316 981 2460 1053 quod
2507 983 2562 1038 in
2601 983 2776 1050 Isaia,
2825 984 2920 1054 qui
2965 990 3178 1040 tantum
3221 983 3280 1038 in
3323 999 3444 1040 ser-

1857 1089 2018 1132 mone
2047 1083 2388 1145 peccaverat,
2415 1083 2468 1130 et
2494 1075 2774 1131 immunda
2802 1075 2943 1132 labia
2971 1075 3175 1132 habere
3195 1088 3256 1130 se
3289 1075 3444 1131 dixe-

1855 1174 1962 1234 rat,
1999 1167 2066 1223 ad
2093 1168 2430 1240 purgandum
2462 1184 2604 1224 unus
2637 1168 2844 1239 forcipe
2889 1169 3057 1225 carbo
3093 1167 3448 1238 comprehen-

1858 1259 2006 1316 ditur
2050 1259 2195 1333 (Isa.
2236 1259 2358 1332 vr);
2411 1259 2502 1316 hic
2543 1274 2673 1316 vero
2717 1259 2846 1330 quia
2891 1267 3011 1315 erat
3053 1258 3250 1316 civitas
3287 1257 3450 1328 plena

1862 1353 2150 1424 iniquitate
2183 1362 2240 1409 et
2261 1360 2386 1424 post
2409 1353 2670 1424 supplicia
2699 1354 3056 1410 cadaveribus
3085 1360 3450 1421 mortuorum,

1857 1443 2041 1515 plures
2067 1451 2421 1500 assumuntur
2449 1445 2714 1500 carbones
2739 1445 2899 1514 ignis,
2917 1453 3103 1501 etnon
3130 1459 3238 1500 una
3259 1459 3444 1509 manu,

1861 1535 1961 1591 sed
1990 1535 2274 1602 ambabus,
2305 1543 2366 1591 ut
2387 1536 2565 1592 omnis
2587 1545 2848 1607 purgetur
2877 1535 3201 1593 Jerusalem.

1935 1645 1958 1680 ι
1999 1626 2388 1698 Ingressusque
2412 1634 2498 1683 est
2543 1627 2600 1682 in
2643 1636 2937 1700 conspectu
2988 1644 3129 1685 meo.
3159 1627 3454 1686 Cherubim

1867 1731 1888 1771 ι
1924 1724 2106 1772 autem
2148 1718 2367 1774 stabant
2393 1733 2426 1772 a
2466 1718 2678 1775 dextris
2711 1720 2906 1777 domus
2928 1734 3054 1778 cum
3081 1719 3458 1793 ingrederetur

1869 1824 1888 1858 ι
1925 1807 2028 1874 vir,
2060 1814 2115 1862 et
2139 1807 2311 1863 nubes
2339 1807 2582 1880 implevit
2600 1811 2814 1882 .atrium
2849 1811 3101 1867 interius.
3133 1811 3202 1866 Et
3245 1811 3455 1869 elevata

1785 1917 1834 1979 Β
1869 1915 1889 1950 r
1921 1906 2006 1954 est
2028 1898 2198 1968 gloria
2219 1898 2435 1954 Domini
2462 1900 2698 1973 desuper
2716 1903 2924 1958 cherub
2953 1904 3022 1958 ad
3040 1902 3206 1959 limen
3229 1903 3452 1959 domus:

1867 2009 1885 2042 ‹
1925 1998 1981 2045 et
2005 1989 2210 2060 repleta
2250 1999 2336 2047 est
2363 1992 2555 2049 domus
2582 1995 2745 2062 nube,
2771 2003 2828 2050 et
2849 1996 3049 2052 atrium
3084 1995 3350 2067 repletum
3373 2004 3459 2054 est

1866 2099 1886 2134 ‹
1923 2083 2210 2153 splendore
2237 2085 2420 2156 gloriae
2448 2086 2682 2144 Domini.
2711 2089 2779 2145 Et
2801 2091 3008 2147 sonitus
3040 2090 3248 2146 alarum
3270 2091 3460 2147 cheru-

1866 2193 1888 2229 ι
1921 2175 2032 2232 bim
2080 2177 2401 2232 audiebatur
2444 2194 2620 2250 usque
2663 2182 2729 2235 ad
2765 2182 2966 2237 atrium
3004 2183 3263 2250 exterius,
3299 2184 3458 2254 quasi

1866 2283 1886 2318 ι
1926 2280 2032 2320 vox
2055 2266 2150 2321 Dei
2170 2269 2874 2341 omnipotentis'loquentis.
2899 2271 3144 2345 Cumque
3166 2275 3456 2346 praecepis-

1867 2377 1887 2412 ί
1921 2366 2004 2414 set
2047 2359 2165 2415 viro
2215 2361 2309 2430 qui
2360 2361 2578 2418 indutus
2628 2373 2748 2420 erat
2775 2364 2976 2434 lineis,
3015 2366 3204 2422 dicens
3241 2383 3256 2421 :
3292 2366 3460 2422 Sume

1865 2471 1886 2506 ι
1924 2454 2104 2526 ignem
2151 2454 2218 2510 de
2255 2454 2434 2512 medio
2485 2464 2750 2525 rotarum,
2801 2472 2922 2528 qum
2959 2468 3086 2514 sunt
3132 2460 3277 2515 inter
3325 2461 3459 2516 che-

1869 2562 1888 2598 ι
1924 2546 2103 2602 rubim
2130 2563 2145 2613 ;
2177 2547 2458 2617 ingressus
2490 2548 2579 2604 ille
2624 2549 2778 2606 stetit
2817 2549 2975 2620 juxta
3007 2561 3185 2608 rotam
3212 2593 3227 2620 ,
3275 2561 3333 2608 et
3363 2567 3462 2610 ex-

1868 2655 1888 2691 ‹
1924 2639 2098 2694 tendit
2141 2640 2347 2696 cherub
2415 2657 2634 2696 manum
2685 2643 2753 2698 de
2813 2645 2994 2700 medio
3043 2645 3326 2701 cherubim
3390 2645 3460 2702 ad

1867 2749 1887 2783 α
1923 2731 2124 2803 ignem,
2168 2733 2259 2801 qui
2304 2741 2425 2788 erat
2464 2733 2608 2789 inter
2651 2734 2955 2803 cherubim,
2989 2744 3044 2792 et
3086 2737 3380 2808 assumpsit
3407 2745 3461 2792 et

1870 2843 1890 2877 ι
1924 2825 2071 2880 dedit
2099 2826 2154 2880 in
2181 2841 2344 2880 manu
2402 2823 2522 2894 ejus
2559 2827 2654 2896 qui
2701 2826 2921 2882 indutus
2967 2835 3087 2884 erat
3137 2827 3314 2884 lineis.
3356 2827 3459 2895 Qui

1870 2934 1890 2967 ι
1921 2915 2194 2986 accipiens
2219 2931 2475 2988 egressus
2497 2924 2602 2983 est,
2642 2927 2698 2974 et
2724 2919 2975 2989 apparuit
2996 2919 3052 2974 in
3078 2919 3360 2976 cherubim
3388 2918 3462 2975 si-

1869 3026 1890 3060 ι
1925 3007 2172 3064 militudo
2207 3025 2399 3066 manus
2442 3011 2680 3067 hominis
2727 3013 2918 3070 subtus
2944 3028 3150 3085 pennas
3192 3029 3401 3070 eorum.
3436 3033 3455 3066 ι

1865 3101 2096 3158 Vidente
2132 3103 2398 3174 propheta
2452 3104 2753 3176 ingreditur
2808 3107 2894 3162 vir
2934 3108 3028 3177 qui
3072 3109 3295 3163 indutus
3344 3115 3463 3162 erat

1868 3192 2022 3247 talari
2050 3201 2201 3249 veste
2229 3193 2313 3248 vel
2337 3193 2480 3250 linea
2515 3212 2528 3248 :
2568 3195 2870 3267 ingreditur
2888 3205 3087 3263 autem,
3124 3206 3184 3252 ut
3223 3198 3462 3254 secundo

164 3285 443 3340 civitatem
491 3292 780 3356 sequentes
821 3299 966 3351 eum,
1013 3291 1069 3339 et
1114 3284 1408 3355 percutite,
1456 3283 1761 3352 nulliusqne
1787 3276 1834 3340 C
1865 3282 2087 3350 dicitur,
2118 3284 2173 3338 in
2203 3283 2381 3340 medio
2410 3293 2676 3354 rotarum,
2717 3302 2836 3358 quae
2879 3296 3005 3344 sunt
3043 3290 3232 3345 subter
3267 3291 3464 3346 cheru-

162 3375 536 3432 misereamini
557 3391 730 3447 usque
754 3376 824 3432 ad
843 3376 1291 3442 internecionem,
1312 3396 1330 3428 ι
1359 3375 1495 3430 nihil
1540 3375 1645 3431 talc
1676 3388 1762 3430 re-

161 3468 453 3537 nuntiant;
479 3485 656 3541 neque
679 3470 822 3524 enim
845 3469 1067 3536 laetitiae,
1083 3470 1176 3525 sed
1191 3469 1444 3524 maeroris
1466 3469 1761 3539 implevere

167 3561 518 3630 sententiam,
539 3575 660 3632 quae
679 3576 787 3617 non
808 3576 1080 3628 sermone,
1106 3561 1203 3616 scd
1216 3575 1382 3632 opere
1401 3568 1754 3616 monstratur.

798 3653 1030 3710 CAPUT
1054 3651 1124 3708 X.

164 3747 248 3802 De
277 3747 386 3803 viro
436 3747 527 3814 qui
570 3747 766 3816 accepit
789 3743 1352 3816 'carbonesrdermedio
1397 3750 1632 3797 rotarum
1665 3748 1762 3798 ξεί

361 3817 628 3873 cherubim
655 3815 703 3871 et
727 3816 960 3887 repetitio
983 3815 1197 3871 visionis
1222 3824 1270 3870 et
1300 3824 1559 3869 rotarum.

249 3951 268 3985 ι
304 3932 372 3987 Ει
391 3933 517 3998 vidi,
540 3939 594 3988 et
607 3946 734 3987 ecce
754 3931 810 3986 in
830 3931 1174 3985 ﬁrmamento
1195 3929 1340 3999 quod
1361 3936 1478 3984 erat
1499 3933 1762 3997 superca-

167 4044 196 4078 σ
230 4032 327 4096 put
341 4024 621 4080 cherubim
637 4023 791 4092 quasi
804 4023 942 4091 lapis
958 4021 1264 4092 sapphirus,
1282 4019 1438 4090 quasi
1460 4019 1668 4088 species
1685 4018 1761 4072 si-

168 4134 195 4168 ι
231 4115 552 4170 militudinis
573 4113 691 4169 solii
717 4112 965 4182 apparuit
984 4126 1148 4181 super
1173 4121 1314 4166 eam.
1338 4111 1406 4164 Et
1428 4110 1563 4164 dixit
1585 4109 1653 4163 ad
1675 4107 1761 4162 vi-

167 4224 193 4256 c
229 4218 350 4256 rum
401 4201 494 4271 qui
520 4201 740 4256 indutus
779 4206 898 4254 erat
934 4199 1110 4254 lineis.
1142 4199 1212 4254 Et
1247 4198 1357 4252 ait:
1387 4196 1673 4267 Ingredere
1705 4196 1763 4251 in

167 4315 195 4350 ι
236 4295 417 4350 medio
463 4302 702 4350 rotarum
745 4309 865 4365 qua:
912 4302 1042 4349 sunt.
1093 4294 1284 4349 subtus
1327 4290 1606 4347 cherubim
1635 4277 1670 4357 ,l
1708 4299 1774 4352 et

167 4409 191 4441 ‹
233 4387 395 4457 imple
454 4402 647 4442 manus
698 4396 815 4442 tuas
857 4387 1046 4457 prunis
1097 4387 1254 4457 ignis,
1296 4400 1418 4457 quae
1459 4392 1585 4439 sunt
1619 4383 1764 4439 inter

172 4500 195 4533 ι
231 4479 535 4547 cherubim,
576 4487 634 4535 et
673 4479 954 4535 elfundens
975 4494 1138 4551 super
1164 4480 1462 4545 civitatem,
1494 4499 1514 4531 ι
1549 4486 1655 4533 etc.
1685 4477 1789 4534 De'

169 4574 513 4628 ﬁrmamento
541 4572 684 4644 quod
719 4580 841 4627 erat
871 4586 1034 4643 super
1073 4572 1377 4639 cherubim,
1408 4578 1464 4627 et
1492 4571 1559 4626 de
1583 4569 1762 4640 lapide

1860 3373 2002 3440 bim,
2036 3381 2096 3429 ut
2136 3373 2358 3445 impleat
2392 3391 2584 3432 manus
2613 3393 2741 3434 suas
2773 3378 2946 3450 igneis
2972 3379 3318 3437 carbonibus.
3356 3379 3458 3447 Qui

1860 3479 1983 3520 cum
2016 3471 2161 3521 esset
2207 3465 2509 3537 ingressus,
2551 3468 2703 3524 stetit
2737 3475 2949 3524 tantum
2976 3467 3134 3538 juxta
3161 3476 3358 3524 rotam.
3392 3467 3463 3524 Et

1859 3556 1955 3612 vel
1990 3555 2062 3612 ob
2111 3555 2390 3612 tristitiam
2428 3557 2716 3628 puniendae
2763 3557 3087 3628 Jerusalem,
3117 3559 3205 3616 vel
3237 3561 3308 3615 ob
3341 3559 3458 3631 glo-

1861 3651 1957 3706 riae
1989 3651 2418 3723 magnitudinem
2441 3658 2683 3720 stupens,
2725 3665 2949 3707 manum
2993 3652 3062 3708 ad
3114 3653 3292 3723 ignem
3344 3651 3461 3722 ipse

1862 3759 1970 3798 non
2019 3743 2184 3809 misit,
2217 3741 2311 3800 sed
2353 3759 2493 3798 unus
2542 3744 2608 3798 de
2658 3743 2960 3811 cherubim,
3006 3744 3061 3800 id
3103 3751 3206 3810 est,
3255 3743 3460 3799 cherub

1862 3835 2010 3890 misit
2039 3850 2259 3889 manum
2300 3841 2357 3889 et
2384 3835 2507 3890 tulit
2532 3837 2731 3906 ignem,
2759 3836 2853 3906 qui
2887 3842 3007 3891 erat
3039 3837 3095 3892 in
3119 3835 3298 3890 medio
3325 3835 3457 3889 che-

1862 3927 2062 3993 rubim,
2095 3934 2150 3982 et
2187 3926 2337 3982 dedit
2359 3927 2416 3981 in
2447 3943 2667 3982 manum
2697 3929 2814 4000 ejus
2847 3927 2940 3996 qui
2971 3926 3193 3983 indutus
3227 3933 3347 3982 erat
3368 3940 3462 3979 ve-

1863 4019 2038 4076 stibus
2067 4018 2244 4073 lineis.
2275 4019 2380 4086 Qui
2416 4020 2689 4089 accipiens
2733 4034 2987 4092 egressus
3015 4027 3128 4087 est,
3175 4028 3231 4075 et
3279 4029 3459 4074 tamen

1866 4113 2150 4184 Scriptura
2186 4127 2295 4167 non
2347 4112 2477 4168 dicit
2507 4128 2758 4182 egressus
2788 4113 2917 4184 quid
2955 4111 3165 4178 fecerit,
3197 4121 3257 4167 ut
3287 4112 3459 4167 tristis

1865 4207 1947 4262 rei
1990 4205 2362 4259 narrationem
2414 4205 2780 4274 intelligentia:
2818 4205 2999 4276 potius
3053 4214 3252 4262 nostra:
3296 4205 3462 4260 relin-

1865 4307 2077 4370 queret,
2129 4314 2294 4369 quam
2341 4297 2514 4355 oculis
2555 4297 2864 4368 subjiceret.
2920 4299 3234 4355 lntroeunte
3275 4307 3457 4355 autem

1865 4395 1984 4451 viro
2011 4394 2105 4466 qui
2142 4394 2362 4450 indutus
2391 4404 2510 4450 erat
2537 4395 2776 4452 vestibus
2817 4395 2997 4463 lineis,
3026 4395 3310 4452 cherubim
3348 4402 3460 4450 sta-

1865 4487 1996 4544 bant
2022 4501 2053 4541 a
2079 4486 2286 4542 dextris
2314 4486 2525 4553 domus,
2557 4494 2620 4542 ut
2653 4496 2856 4545 sanctae
2894 4502 3248 4560 superumque
3288 4487 3459 4543 virtu-

1867 4586 1948 4635 tes
1977 4581 2252 4636 dexteram
2289 4579 2387 4635 Dei
2433 4578 2625 4636 domus
2653 4590 2865 4650 partem
2915 4590 3097 4647 tenere
3123 4581 3455 4648 viderentur,

166 4663 425 4734 sapphiro
452 4663 544 4733 qui
585 4662 822 4719 habebat
873 4662 1279 4718 similitudinem
1334 4662 1533 4728 throni.
1586 4670 1641 4717 ei
1693 4662 1760 4717 de
1784 4666 1838 4726 D
1863 4677 1917 4726 et
1956 4671 2061 4727 illa:
2101 4685 2221 4741 quae
2261 4673 2548 4728 mittuntur
2577 4673 2648 4727 ad
2686 4672 2968 4744 supplicia,
2999 4672 3065 4727 de
3103 4672 3298 4743 quibus
3323 4671 3458 4726 scri-

167 4754 306 4809 rotis
326 4770 446 4824 qua:
467 4754 720 4810 animalia
751 4755 1136 4824 sequebantur,
1170 4768 1334 4824 supra
1373 4754 1574 4810 dixisse
1615 4753 1762 4808 sulli-

166 4847 299 4901 ciat.
347 4845 416 4899 Et
459 4845 675 4901 illorum
706 4845 876 4901 lector
911 4845 1290 4915 eXplanatione
1329 4853 1614 4900 contentus
1667 4845 1756 4899 sit.

165 4936 326 4992 Nunc
344 4943 524 4990 autem
552 4937 695 5006 quod
715 4936 936 5007 jubetur
957 4934 1048 4990 ille
1066 4935 1160 5005 qui
1194 4935 1414 4989 indutus
1434 4943 1552 4990 erat
1579 4933 1756 5000 lineis,

164 5043 268 5098 pro
294 5043 402 5099 quo
425 5028 478 5082 in
506 5028 606 5082 hoc
643 5027 762 5084 loco
799 5026 1151 5097 Septuaginta
1182 5025 1375 5082 stolam
1421 5026 1761 5096 interpretati

163 5129 318 5187 sunt,
347 5127 407 5174 ut
427 5120 578 5176 tollat
602 5136 806 5191 prunas
828 5121 894 5175 de
921 5119 1101 5175 medio
1120 5119 1421 5186 cherubim,
1443 5127 1499 5175 et
1519 5119 1760 5175 eifundat

164 5213 284 5267 sive
314 5219 531 5284 spargat
566 5227 729 5282 super
773 5211 1064 5276 civitatem,
1091 5210 1221 5266 illud
1256 5210 1390 5266 mihi
1418 5211 1632 5266 videtur
1664 5225 1758 5266 os-

165 5307 392 5362 tendere
411 5306 552 5376 quod
598 5314 722 5377 post
757 5305 1192 5364 interfectionem
1223 5309 1533 5378 caedemque
1555 5306 1757 5363 multo-

164 5412 310 5461 rum,
339 5404 395 5451 et
425 5396 480 5451 in
506 5396 612 5451 viis
635 5396 897 5452 cadavera
923 5407 1259 5456 mortuorum
1283 5416 1577 5471 prunarum
1617 5401 1758 5473 ignis

163 5489 484 5553 assumitur,
511 5497 574 5544 ut
612 5490 801 5560 puniat
827 5491 942 5546 sive
977 5493 1202 5548 mundet
1229 5493 1548 5550 Jerusalem.
1592 5493 1756 5550 Juxta

162 5583 300 5640 illud
317 5584 459 5652 quod
488 5583 540 5638 in
570 5583 705 5639 Isaia
728 5586 988 5657 scriptum
1017 5595 1102 5642 est
1135 5607 1146 5642 :
1181 5607 1198 5640 (
1236 5587 1602 5645 Sanctiﬁcavit
1630 5603 1754 5644 eum

162 5676 220 5730 in
251 5677 376 5745 igne
395 5675 638 5742 ardente,
652 5685 708 5732 et
727 5677 1010 5734 devorabit
1032 5679 1172 5736 sicut
1196 5681 1377 5736 fenum
1398 5683 1701 5739 materiam.
1728 5701 1748 5736 ι

160 5768 262 5823 lsti
292 5777 420 5824 sunt
455 5770 742 5837 carbones,
777 5786 914 5841 quos
940 5773 996 5827 in
1025 5774 1320 5830 remedium
1353 5773 1548 5846 linguae
1593 5771 1756 5848 atque

161 5861 757 5922 mendaciidesolantes
779 5863 913 5922 vitia
937 5874 1100 5938 atque
1125 5874 1366 5938 peccata,
1392 5868 1652 5940 propheta
1673 5867 1757 5926 in-

1861 4772 2013 4834 ptum
2075 4771 2158 4818 est
2199 4781 2212 4816 :
2263 4783 2280 4813 ‹
2331 4763 2724 4817 lmmissionem
2773 4777 2872 4832 per
2922 4761 3140 4833 angelos
3190 4761 3455 4832 pessimos

1866 4851 2038 4925 (Psal.
2081 4854 2310 4924 Lxxvn),
2347 4871 2364 4903 l
2398 4853 2650 4908 sinistras
2685 4861 2869 4922 partes
2906 4851 3186 4922 possidere
3227 4849 3456 4906 credan-

1865 4954 1971 5000 tur.
2003 4943 2247 5015 Cumque
2286 4945 2494 5001 elevata
2541 4953 2626 5004 est
2672 4945 2842 5018 gloria
2877 4944 3088 5002 Domini
3130 4944 3196 5001 de
3223 4945 3449 5012 cherub,

1865 5039 1958 5109 qui
1988 5039 2250 5095 carbones
2277 5040 2418 5112 ignis
2446 5040 2563 5096 viro
2590 5039 2891 5096 traditurus
2916 5047 3052 5104 erat,
3079 5047 3134 5096 et
3167 5038 3455 5097 transisset

1867 5132 1937 5188 ad
1969 5131 2132 5186 limen
2170 5131 2381 5196 domus,
2414 5131 2596 5186 statim
2636 5133 2813 5197 nube,
2841 5130 3078 5186 tenebris
3122 5137 3178 5186 et
3227 5127 3452 5200 caligine

1866 5222 2068 5278 atrium
2090 5221 2347 5293 impletur
2372 5221 2620 5277 interius.
2638 5220 2826 5292 Neque
2854 5221 3020 5288 enim,
3050 5229 3315 5292 praesente
3344 5221 3450 5276 Do-

1865 5315 1998 5371 mini
2028 5313 2332 5385 majestate,
2374 5323 2700 5372 exercentur
2723 5312 3004 5385 supplicia.
3036 5312 3103 5368 Et
3139 5312 3308 5384 gloria
3346 5313 3451 5369 Do-

1866 5407 1998 5464 mini
2034 5409 2248 5465 videtur
2277 5409 2333 5463 in
2368 5409 2540 5474 atrio;
2574 5409 2641 5463 de
2665 5421 2773 5477 quo
2802 5405 3062 5477 scriptum
3083 5413 3205 5461 est:
3240 5423 3260 5456 ι
3292 5403 3452 5462 Soni-

1863 5507 1951 5556 tus
1987 5500 2196 5555 alarum
2236 5501 2514 5556 cherubim
2558 5499 2880 5555 audiebatur
2919 5513 3092 5570 usque
3137 5499 3205 5553 ad
3250 5498 3449 5552 atrium

1862 5592 2122 5648 exterius.
2166 5591 2270 5648 Pro
2294 5593 2491 5658 sonitu,
2522 5591 2577 5646 in
2606 5589 2876 5647 Hebraico
2917 5606 3018 5644 vox
3050 5588 3298 5660 ponitur,
3329 5601 3448 5656 quae

1861 5698 1968 5740 vox
2019 5683 2255 5740 habebat
2302 5682 2710 5739 similitudinem
2764 5680 2914 5738 vocis
2962 5679 3054 5735 Dei
3105 5679 3450 5749 omnipoten-

1859 5777 1932 5832 tis
1970 5775 2260 5845 loquentis.
2304 5772 2472 5840 Nota,
2518 5773 2718 5840 lector,
2764 5773 2820 5829 in
2864 5771 3060 5843 quibus
3103 5769 3351 5842 superior
3389 5775 3448 5824 et

1863 5869 1980 5925 haec
2023 5865 2158 5927 v’isio
2199 5867 2527 5925 concordent
2572 5867 2685 5924 sive
2727 5865 3039 5926 discordem
3060 5903 3078 5932 ,
3126 5869 3186 5920 ut
3227 5875 3296 5918 ex
3331 5857 3444 5918 eol-
