3938 6360
469 397 578 464 ωδ
1105 397 1169 452 a.
1207 393 1462 452 RABANI
1493 386 1718 453 unum
1750 392 2066 452 ARCliiEP.
2109 389 2420 453 uocum.
2458 376 2748 452 ornavit
2777 389 2961 451 mas
2996 392 3062 450 n.
3700 392 3804 449 sas

468 517 671 579 latione
719 513 1005 584 utriusque
1048 509 1254 584 absque
1304 517 1494 567 nostro
1544 509 1819 568 admonitu
1873 509 2054 568 divina
2080 515 2134 582 Α
2159 521 2336 583 neque
2363 511 2506 568 enim
2539 509 2678 568 facie
2722 511 2792 567 ad
2833 508 3029 568 faciem
3055 507 3298 566 revelato
3327 509 3502 565 vultu
3558 509 3800 582 gloriam

469 611 741 684 intelligas
779 613 1139 673 sacramenta,
1183 611 1240 661 et
1282 603 1414 661 illud
1458 607 1604 678 quod
1647 611 1775 662 ante
1809 621 2054 664 commo-
2161 603 2373 663 Domini
2420 603 2868 676 contemplemur,
2913 605 3012 660 sed
3061 604 3115 660 in
3169 603 3562 661 similitudine
3615 606 3798 661 omnia

469 705 600 770 nui,
640 699 903 774 quoniam
941 699 990 754 si
1030 697 1085 754 in
1121 697 1467 754 firmamento
1501 705 1557 752 et
1593 697 1648 752 in
1682 699 1879 754 throno
1910 705 1967 752 et
2000 697 2056 752 in
2160 695 2408 752 videmus
2443 703 2500 752 et
2535 695 2790 768 imagine,
2837 693 3076 765 quandiu
3117 692 3297 767 fragili
3336 702 3397 752 et
3445 692 3725 761 mortui,
3748 705 3796 752 et

467 811 636 855 manu
681 789 918 852 hominis
949 804 1060 848 non
1077 789 1300 856 veritas,
1345 790 1438 846 sed
1485 789 1781 846 similitudo
1826 787 2052 857 dicatur,
2164 787 2501 868 corruptibili
2527 787 2934 846 circumdamur
2956 798 3204 861 corpore.

498 907 3782 980 Mm

1731 1099 2035 1182 LIBER
2109 1099 2524 1179 SEXTUS.

906 1365 1256 1444 SEQUITUR
1291 1365 1518 1428 CAPUT
1551 1364 1619 1426 X.

543 1469 679 1527 Cum
703 1469 844 1525 ratio
871 1467 1172 1540 postularet
1201 1473 1259 1519 ut
1279 1481 1386 1519 una
1414 1463 1712 1533 eademque
1735 1457 1883 1516 visio
1900 1454 2061 1514 simul

472 1561 530 1620 in
563 1576 672 1616 uno
696 1557 966 1616 volumine
991 1555 1464 1630 complecteretur,
1500 1553 1722 1610 forsitan
1753 1551 1918 1624 aliqui
1962 1549 2063 1606 mi-

473 1659 682 1717 rantur,
713 1666 811 1706 cur
853 1665 974 1707 eam
1019 1649 1071 1704 in
1119 1646 1380 1703 librorum
1425 1643 1688 1701 divisione
1719 1645 1787 1702 ab
1833 1643 2063 1699 invicem

472 1757 804 1817 separarem,
825 1740 1028 1813 quibus
1048 1754 1262 1811 quoque
1286 1737 1426 1794 ratio
1443 1736 1603 1808 hujus
1631 1736 1910 1793 divisionis
1931 1753 2064 1809 pan-

472 1830 646 1890 denda
667 1843 770 1890 est.
801 1829 1065 1902 Quoniam
1091 1831 1229 1888 sicut
1261 1829 1556 1886 secundum
1585 1826 1778 1884 librum
1810 1828 1862 1882 in
1889 1837 2066 1884 osten-

2167 1367 2266 1434 lis;
2302 1387 2321 1422 ι
2355 1381 2501 1422 nunc
2538 1373 2718 1422 autem
2759 1365 2891 1422 dicit
2919 1365 2985 1422 de
3034 1363 3211 1424 rotis:
3248 1381 3270 1417 ι
3300 1362 3578 1436 Corpora
3606 1377 3778 1418 eam

2169 1468 2224 1518 et
2266 1459 2404 1518 colla
2452 1469 2508 1516 et
2532 1476 2724 1518 manus
2767 1467 2823 1516 et
2869 1475 3084 1534 penna),
3115 1465 3172 1514 et
3201 1456 3396 1514 circuli
3429 1455 3614 1528 plena
3641 1465 3779 1511 erant

2169 1555 2342 1612 oculis
2389 1555 2444 1614 in
2496 1555 2727 1612 circuitu
2779 1565 3014 1628 quatuor
3055 1562 3320 1612 rotarum.
3359 1574 3381 1606 ι
3421 1552 3686 1627 (ϐνεςοτ.
3731 1555 3775 1604 is

2171 1662 2349 1719 expos.
2391 1645 2620 1718 Evang.)
2647 1645 2754 1705 Sed
2799 1645 3076 1704 sciendum
3110 1645 3266 1704 nobis
3325 1651 3419 1700 est
3455 1642 3603 1713 quia
3635 1657 3771 1712 szrpr,

2172 1739 2299 1796 dmn
2335 1739 2455 1795 aliis
2484 1739 2644 1796 rebus
2692 1739 3042 1805 intendimus,
3074 1739 3134 1793 fit
3163 1748 3222 1792 ut
3257 1737 3368 1794 alia
3411 1736 3770 1806 negligemus,

2171 1839 2226 1886 et
2253 1831 2342 1886 ubi
2395 1831 2740 1902 negligimus,
2767 1831 2839 1886 ibi
2869 1829 3056 1902 procul
3086 1830 3248 1888 dubio
3277 1829 3516 1885 oculum
3563 1843 3673 1882 non
3699 1825 3773 1880 ba-

473 1920 625 1982 Sionc
671 1933 912 1979 rotarum
947 1921 1196 1993 separavi
1245 1937 1274 1976 a
1300 1919 1476 1992 primo
1524 1919 1684 1986 libro,
1716 1919 1806 1974 ubi
1837 1929 2070 1990 quatuor
2095 1908 2144 1972 Β
2173 1921 2381 1978 bemus.
2416 1919 2552 1976 Nam
2601 1919 2908 1976 Phariszeus
2937 1915 3024 1976 ille
3067 1920 3160 1994 qui
3203 1915 3552 1974 ascenderat
3584 1917 3638 1971 in
3663 1925 3772 1970 ten-

473 2016 790 2072 animalium
841 2013 1134 2086 descriptio
1163 2012 1285 2080 fuit,
1331 2029 1439 2069 non
1489 2013 1707 2084 quidem
1737 2021 1957 2084 propter
1989 2011 2066 2065 si-

470 2107 838 2180 gnificationis
883 2102 1396 2171 diSsimilitudinem,
1449 2103 1544 2159 sed
1599 2103 1668 2158 ad
1725 2101 2068 2158 devitandam

473 2199 652 2273 operis
675 2197 1086 2275 longitudinem,
1115 2215 1184 2254 ne
1216 2195 1500 2270 prolixitas
1535 2195 1660 2253 libri
1689 2199 1904 2253 tredium
1926 2197 2070 2276 face-

474 2301 559 2348 ret
593 2289 805 2348 lectori.
831 2287 909 2348 lta
939 2300 994 2346 et
1037 2308 1180 2347 nunc
1204 2287 1274 2346 ob
1301 2290 1442 2346 idem
1477 2290 1694 2346 taedium
1725 2287 2069 2344 devitandum

472 2391 595 2456 post
645 2385 831 2457 gloriae
882 2383 1094 2440 Domini
1138 2383 1404 2440 visionem
1449 2398 1514 2438 ac
1570 2382 1851 2436 cherubim
1909 2381 2071 2436 simul

473 2477 865 2543 ostensionem,
893 2485 1107 2532 sextum
1137 2475 1334 2531 librum
1360 2492 1391 2531 a
1416 2483 1651 2546 quatuor
1673 2483 1910 2530 rotarum
1939 2489 2068 2529 nar-

473 2570 686 2624 ratione
726 2567 964 2638 judicavi
1021 2563 1406 2636 inchoandum,
1457 2565 1524 2624 de
1559 2565 1756 2644 quibus
1801 2564 2071 2638 Propheta

471 2657 550 2713 ita
574 2669 780 2724 narrat,
809 2659 997 2713 dicens
1036 2676 1048 2712 :

555 2766 574 2799 ι
608 2745 676 2804 Et
701 2747 833 2815 vidi,
863 2757 917 2805 et
943 2764 1072 2806 ecce
1099 2755 1334 2820 quatuor
1385 2760 1518 2806 rotae
1563 2747 1718 2823 juxta
1752 2747 2067 2804 cherubim:

481 2859 501 2893 ι
539 2833 678 2896 Rota
709 2857 815 2898 una
859 2837 1015 2911 juxta
1067 2839 1270 2898 cherub
1299 2859 1503 2898 unum:
1539 2851 1594 2898 ct
1639 2850 1756 2898 rota
1787 2841 1891 2896 alia
1915 2839 2073 2910 juxta

483 2951 502 2985 ‹
539 2933 743 2989 cherub
790 2950 974 2989 unum.
1009 2933 1232 3006 Species
1279 2945 1460 2990 autem
1513 2944 1778 2998 rotarum,
1809 2932 1965 3004 quasi
1996 2932 2074 2986 vi-

484 3041 503 3075 t
542 3025 622 3079 sio
651 3021 847 3096 lapidis
873 3025 1214 3097 chrysolithi.
1259 3023 1327 3080 Et
1373 3028 1623 3097 aspectus
1653 3041 1842 3080 earum
1877 3023 2071 3080 simili-

485 3135 505 3169 ί
539 3116 666 3170 tudo
693 3127 799 3170 una
847 3123 1100 3187 quatuor,
1130 3116 1283 3186 quasi
1337 3117 1408 3174 sit
1443 3126 1560 3172 rota
1589 3117 1642 3172 in
1692 3116 1872 3172 medio
1917 3124 2068 3172 rotae.

485 3225 506 3258 ι
539 3203 785 3277 Cumque
812 3206 1154 3262 ambularent
1179 3207 1232 3262 in
1271 3215 1505 3278 quatuor
1533 3216 1716 3278 partes
1749 3206 2073 3278 gradieban-

2167 2007 2315 2085 plum
2345 2029 2524 2081 orare,
2557 2022 2796 2070 testante
2843 2007 3159 2088 Evangelia,
3191 2011 3325 2086 quid
3357 2013 3510 2068 dixit
3568 2009 3766 2080 agnovi-

2171 2119 2310 2158 mus.
2339 2103 2430 2160 Ait
2455 2105 2636 2161 enim:
2667 2120 2685 2155 ι
2713 2101 2877 2172 Deus,
2903 2106 3106 2178 gratias
3133 2119 3234 2178 ago
3269 2101 3391 2160 tibi.
3433 2124 3453 2156 ι
3483 2102 3666 2160 Recte
3691 2118 3768 2156 al-

2173 2203 2280 2249 tem
2306 2195 2510 2266 gratias
2539 2195 2650 2252 Deo
2681 2193 2873 2269 agebat
2902 2198 2956 2253 in
2988 2214 3098 2270 quo
3146 2205 3445 2270 acceperat
3478 2195 3650 2260 bona,
3675 2211 3770 2268 qua

2171 2283 2400 2356 fecerat,
2425 2289 2516 2362 qni
2545 2291 2712 2346 etiam
2741 2291 3022 2366 subjungit
3047 2307 3061 2346 :
3093 2311 3111 2342 ι
3141 2291 3281 2360 Quia
3332 2308 3452 2348 non
3493 2307 3628 2346 sum
3655 2289 3770 2346 sicut

2171 2379 2353 2434 cmteri
2411 2374 2663 2434 homines
2715 2389 2986 2452 raptores,
3044 2377 3252 2450 injusti,
3316 2380 3602 2446 adulteri,
3650 2379 3771 2432 velut

2172 2467 2336 2522 etiam
2387 2469 2476 2526 hic
2504 2469 2846 2542 publicanus.
2881 2471 3073 2543 Jejuno
3121 2471 3206 2528 bis
3251 2469 3307 2527 in
3347 2472 3625 2537 sabbato,
3653 2469 3772 2525 deci-

2171 2577 2298 2642 mas.
2321 2561 2387 2618 do
2411 2563 2654 2618 omnium
2678 2580 2798 2634 qua:
2819 2565 3072 2636 possideo
3099 2564 3252 2638 (Luc.
3281 2565 3475 2636 xviii).
3507 2584 3530 2618 ι
3559 2564 3697 2619 Ecce
3715 2559 3770 2617 ad

2172 2651 2531 2707 exhibendam
2561 2655 2966 2720 abstinentiam,
3005 2655 3072 2711 ad
3104 2653 3540 2727 impendendam
3577 2652 3773 2709 miseri-

2173 2743 2436 2810 cordiam,
2469 2745 2535 2798 ad
2565 2743 2879 2801 referendas
2909 2745 3019 2802 Deo
3053 2748 3285 2820 gratias,
3311 2747 3540 2802 oculum
3581 2745 3774 2800 habue-

2175 2839 2260 2886 rat
2289 2829 2619 2900 Pharisaeus,
2649 2835 2742 2889 sed
2772 2835 2838 2889 ad
2877 2835 3204 2892 humilitatis
3230 2836 3542 2890 custodiam
3573 2833 3770 2888 oculum

2175 2935 2280 2977 non
2315 2922 2566 2980 habebat.
2615 2923 2682 2981 Et
2712 2926 2839 2996 quid
2871 2927 3106 2997 prodest,
3139 2925 3286 2998 quod
3315 2935 3513 2982 contra
3539 2928 3768 2992 hostium

2175 3020 2404 3077 insidias
2431 3035 2568 3091 pene
2611 3027 2723 3076 tota
2751 3017 2948 3076 civitas
2977 3030 3134 3076 caute
3173 3019 3509 3088 custoditur,
3541 3021 3596 3075 si
3627 3035 3769 3075 unum

2176 3113 2419 3171 foramen
2451 3122 2700 3186 apertum
2729 3113 3073 3185 relinquitur,
3123 3114 3265 3170 unde
3295 3114 3366 3168 ab
3421 3113 3675 3170 hostibus
3698 3113 3770 3168 ἱιο

2176 3217 2370 3266 tretur.
2405 3207 2545 3278 Quid
2597 3225 2726 3282 ergo
2770 3210 2995 3280 prodest
3045 3207 3312 3275 custodia,
3346 3223 3476 3280 quae
3509 3223 3653 3279 pene
3674 3207 3772 3262 ubi-

485 3311 504 3346 t
541 3303 649 3362 tur,
677 3303 733 3350 et
775 3309 882 3350 non
913 3298 1324 3351 revertebantur
1351 3298 1717 3363 ambulantes,
1764 3298 1860 3354 sed
1895 3299 1962 3352 ad
1991 3297 2072 3353 lo-
2099 3283 2147 3349 Ε
2178 3315 2284 3372 que
2325 3299 2772 3372 circumponitur,
2799 3298 3015 3370 quando
3045 3297 3283 3356 inimicis
3325 3305 3444 3354 tota
3475 3299 3672 3354 civitas
3693 3312 3771 3370 per

485 3399 506 3438 t
541 3399 690 3452 cum,
723 3385 792 3440 ad
818 3395 976 3456 quem
1005 3387 1082 3441 ire
1113 3387 1440 3454 declinabat,
1471 3404 1592 3460 qua:
1617 3389 1792 3459 prima
1819 3395 1959 3455 erat,
1986 3404 2073 3444 se-

487 3495 506 3530 ι
543 3477 846 3549 quebantur
863 3485 920 3534 et
945 3487 1175 3544 σείει-ω,
1200 3495 1302 3535 nec
1321 3481 1800 3536 convertebantur.
1827 3479 1894 3535 Et
1912 3496 2074 3537 omne

485 3590 504 3623 ι
541 3586 737 3644 corpus
763 3577 950 3627 earum
981 3577 1035 3627 et
1059 3569 1195 3629 colla
1245 3578 1300 3626 et
1350 3583 1544 3628 manus
1588 3581 1643 3628 et
1670 3589 1860 3643 penum
1889 3581 1947 3629 et
1969 3573 2074 3628 cir-

488 3681 508 3716 t
541 3664 668 3731 culi,
701 3661 858 3735 plena
886 3671 1044 3720 erant
1093 3665 1264 3720 oculis
1291 3661 1344 3719 in
1389 3665 1622 3722 circuitu
1663 3675 1897 3738 quatuor
1928 3675 2074 3722 rota-

487 3774 506 3808 ε
541 3772 681 3810 rum.
707 3756 776 3810 Et
801 3761 950 3812 rotas
975 3757 1107 3812 istas
1129 3757 1345 3813 vocavit
1379 3756 1662 3824 volubiles,
1687 3757 1939 3815 audiente
1964 3774 2068 3814 me.

487 3865 506 3899 ι
543 3846 786 3915 Quatuor
831 3856 1011 3905 autem
1061 3847 1230 3904 facies
1255 3845 1489 3904 habebat
1519 3865 1708 3916 unum,
1743 3847 1911 3904 facies
1942 3866 2069 3918 una,

487 3957 507 3990 ι
542 3938 710 3995 facies
733 3935 957 3997 cherub.
983 3937 1049 3997 Et
1070 3941 1238 3998 facies
1262 3943 1518 4012 secunda,
1549 3943 1716 4000 facies
1737 3941 1992 4012 hominis,
2019 3953 2076 4000 et

488 4049 508 4080 α
545 4029 599 4084 in
627 4025 786 4087 tertio
805 4029 975 4090 facies
1000 4033 1190 4100 leonis,
1215 4038 1270 4090 et
1297 4033 1350 4090 in
1373 4045 1564 4106 quarto
1591 4033 1759 4092 facies
1780 4035 1996 4108 aquilae,
2019 4045 2073 4094 et

489 4140 507 4172 ι
544 4119 750 4178 elevata
781 4133 908 4180 sunt
951 4126 1253 4194 cherubim,
1291 4149 1309 4181 ι
1336 4133 1391 4184 et
1419 4129 1647 4200 reliqua.
1675 4123 1944 4202 (Hieron)
1967 4127 2074 4186 Ob-

482 4223 638 4265 serva
661 4213 802 4282 quod
826 4216 977 4285 prius
1003 4219 1210 4286 species
1242 4217 1405 4273 fuerit
1452 4228 1717 4274 rotarum.
1751 4217 1915 4275 Juxta
1947 4220 2076 4292 Sep-

483 4304 746 4372 tuaginta,
784 4322 803 4356 ‹
837 4309 992 4375 quasi
1028 4309 1163 4364 visio
1195 4309 1414 4365 tharsis.
1451 4329 1468 4360 ι
1501 4309 1654 4367 Nunc
1684 4321 1887 4378 autem,
1914 4311 2072 4382 juxta

485 4392 722 4458 eosdem,
756 4412 774 4446 ε
802 4398 957 4464 quasi
983 4398 1122 4452 visio
1148 4397 1480 4465 carbunCuil,
1513 4421 1532 4455 ι
1561 4409 1620 4456 ιιι
1649 4416 1947 4474 pennarum
1976 4419 2076 4474 per

485 4481 688 4550 ignem,
715 4483 806 4553 qui
831 4498 862 4538 a
887 4485 1102 4542 Cherub
1129 4487 1363 4543 traditur
1391 4490 1688 4547 similitudo
1718 4501 2070 4550 monstretur.

481 4573 638 4631 Licet
665 4573 720 4630 in
743 4575 1008 4633 Hebraico
1028 4585 1082 4634 et
1102 4593 1262 4649 supra
1291 4589 1346 4637 et
1367 4581 1456 4638 hic
1480 4599 1499 4634 σ
1536 4583 1736 4640 tharsis
1761 4605 1780 4638 ι
1809 4587 2066 4656 scriptum

483 4665 572 4723 sit.
603 4667 756 4734 Quod
774 4666 968 4740 Aquila
995 4685 1015 4724 α
1041 4673 1416 4746 chrysolitum,
1447 4693 1466 4728 δ
1501 4673 1860 4747 Symmachus
1895 4697 1914 4731 ι
1947 4679 2068 4735 hia-

483 4757 740 4830 cynthum
777 4777 796 4812 l
831 4763 1125 4818 transtulit.
1157 4765 1500 4838 Rursumque
1528 4769 1616 4822 ubi
1655 4785 1752 4825 nos
1787 4772 2069 4840 vertimus,

490 4867 508 4900 t
543 4857 600 4902 et
643 4865 803 4906 omne
841 4865 1038 4920 corpus
1071 4869 1278 4922 earnm,
1317 4875 1334 4908 ι
1375 4858 1518 4927 quod
1557 4859 1880 4914 subauditur
1929 4871 2075 4918 rota-

485 4953 630 5006 rum,
668 4941 722 4995 in
766 4939 992 4996 Hebraeo
1023 4945 1284 5014 scriptum
1323 4957 1405 5002 est
1431 4941 1504 5003 τ’(
1543 4951 1610 5006 Et
1661 4965 1852 5010 omnes
1883 4967 2076 5011 carnes

483 5043 694 5096 earum,
731 5050 751 5081 ι
780 5037 835 5085 et
863 5030 1023 5096 colla,
1061 5038 1116 5086 ct
1160 5047 1370 5097 manus,
1405 5047 1459 5092 et
1495 5055 1717 5108 pennas,
1759 5051 1814 5097 ct
1843 5045 2076 5102 circulos

487 5129 754 5184 rotarum,
779 5132 978 5174 carnes
1004 5121 1260 5191 appellari
1300 5126 1352 5179 in
1378 5131 1626 5197 supernis
1671 5132 1982 5201 virtutibus,
2015 5145 2076 5192 ut

489 5207 704 5277 quando
733 5208 958 5279 lcgimus
991 5228 1003 5263 :
1035 5230 1056 5263 ς
1089 5212 1229 5268 Caro
1251 5222 1301 5268 et
1337 5219 1556 5287 sanguis
1591 5234 1812 5290 regnum
1841 5223 1936 5279 Dei
1966 5237 2072 5282 non

487 5299 883 5392 possidebunt,
938 5319 1110 5376 neque
1178 5309 1453 5379 corruptio
1503 5311 1962 5384 incorruptionem
2010 5321 2074 5392 (1

491 5388 752 5483 ϐονὶχν),
775 5411 795 5446 ι
814 5397 1047 5454 sciamus
1074 5417 1178 5456 non
1193 5403 1548 5460 substantiam
1573 5405 1772 5473 carnis,
1803 5411 1894 5466 sed
1911 5388 2072 5483 opera

487 5479 837 5539 condemnari
865 5503 878 5540 :
907 5486 1099 5545 Bostar
1120 5493 1288 5562 enim,
1319 5493 1461 5564 Quod
1491 5495 1544 5550 in
1589 5497 1691 5554 hoc
1734 5499 1850 5556 loco
1879 5479 2070 5559 scribi-

492 5579 600 5638 tur,
632 5589 738 5629 non
778 5589 974 5649 corpus
1001 5583 1098 5639 sed
1125 5601 1348 5643 carnem
1380 5589 1668 5657 significat.
1702 5590 1946 5650 Circulos
1973 5611 2072 5651 au-

492 5673 601 5762 tem
652 5677 890 5727 rotarum
923 5691 941 5726 ι
977 5679 1201 5736 canthos
1234 5699 1253 5734 ι
1283 5682 1490 5740 ferreos
1542 5683 1848 5758 appellavit,
1879 5691 2076 5762 quibus

491 5751 1086 5855 lignorumrotunditas
1113 5779 1353 5832 arctatur
1387 5786 1439 5833 ct
1478 5751 1783 5852 stringitur.
1816 5751 2075 5855 Superius

489 5861 621 5926 ergo
669 5851 848 5913 dixit:
882 5875 902 5912 ι
935 5859 1176 5938 Corpora
1223 5870 1534 5928 animalium
1582 5874 1742 5952 plena
1782 5851 1908 5934 sunt
1940 5891 2075 5936 ocu-

2176 3391 2480 3464 neglectum
2510 3391 2613 3447 ioci
2645 3409 2750 3448 una
2795 3391 3054 3464 aperitur.
3108 3387 3429 3447 Phariqu
3477 3397 3670 3446 autem
3697 3389 3768 3462 qu?

2169 3483 2436 3556 jejunium
2467 3483 2734 3551 exhibuit,
2766 3482 3006 3540 decimas
3052 3479 3218 3549 dedit,
3248 3483 3364 3540 Deo
3395 3483 3616 3555 gratias
3649 3493 3769 3540 reta-

2173 3573 2258 3640 lit,
2287 3575 2441 3644 quasi
2470 3591 2608 3646 pene
2638 3589 2736 3645 per
2768 3575 3055 3631 circuitum
3093 3573 3147 3630 in
3194 3591 3306 3631 sua:
3341 3574 3592 3630 civitatis
3621 3587 3771 3630 cus»

2175 3666 2260 3722 dia
2289 3665 2553 3736 vigilavit,
2587 3664 2678 3720 sed
2704 3665 2834 3737 quia
2867 3683 3031 3721 unum
3069 3665 3123 3720 in
3147 3682 3206 3722 se
3235 3666 3494 3722 foramen
3521 3667 3770 3740 superbit

2174 3769 2280 3810 non
2315 3751 2568 3820 intendit,
2598 3751 2670 3808 ibi
2712 3755 2924 3810 hostem
2953 3753 3198 3825 pertulit,
3241 3753 3340 3812 ubi
3371 3771 3483 3826 per
3513 3757 3772 3828 negligen-

2176 3845 2304 3899 tiam
2331 3845 2545 3900 oculum
2581 3845 2796 3902 clausit.
2834 3845 2956 3918 (Η.)
2990 3847 3141 3902 Bone
3179 3857 3364 3902 autem
3411 3848 3536 3906 ista:
3569 3865 3677 3905 non
3699 3865 3771 3904 so-

2173 3927 2284 3993 lum
2311 3952 2504 3993 carnes
2547 3939 2772 4004 habent,
2800 3937 2886 3994 vel
2937 3955 3136 4011 corpus
3178 3948 3274 3994 aut
3305 3933 3588 4006 membra,
3611 3937 3703 3995 sed
3725 3947 3772 3994 et

2173 4029 2309 4087 colla
2356 4040 2411 4087 et
2455 4048 2650 4088 manus
2679 4039 2734 4088 et
2777 4049 3006 4104 pennas,
3034 4041 3093 4088 ut
3129 4032 3457 4092 eilicientias
3493 4053 3678 4092 rerum
3723 4037 3767 4090 il

2173 4121 2422 4195 singulis,
2455 4140 2561 4180 non
2584 4125 2954 4182 membrorum
2982 4125 3248 4198 imagines
3276 4126 3610 4183 sentiamus.
3639 4127 3768 4184 Boi:

2173 4231 2392 4286 quoque
2435 4215 2566 4286 ipsa:
2597 4215 2880 4288 appellatae
2924 4227 3050 4272 sunt
3077 4213 3257 4288 lingua
3309 4215 3588 4274 Hebraica
3617 4240 3637 4271 ‹
3669 4218 3766 4274 Gei-

2173 4305 2281 4376 gel,
2316 4327 2334 4358 ι
2371 4307 2513 4377 quod
2565 4306 2924 4378 Symmachus
2960 4329 2978 4360 ι
3013 4305 3311 4378 volubiles,
3348 4327 3368 4359 ι
3403 4307 3612 4380 Aquila
3643 4331 3664 4361 ‹
3693 4326 3766 4366 ro-

2175 4403 2284 4452 tam
2308 4418 2326 4450 »
2359 4397 2700 4471 interpretati
2729 4409 2874 4456 sunt.
2905 4399 3078 4457 Porro
3112 4403 3255 4475 quod
3293 4404 3595 4476 sequitur:
3630 4422 3650 4454 ι
3675 4403 3767 4456 Δι-

2126 4545 2137 4552 .
2175 4489 2359 4546 diente
2383 4507 2470 4548 me
2498 4512 2517 4544 ι
2551 4507 2721 4565 usque
2749 4490 2818 4552 ad
2845 4507 2970 4550 eum
2998 4495 3198 4564 locum,
3229 4497 3324 4552 ubi
3357 4498 3630 4568 scriptum
3653 4507 3728 4552 est
3753 4515 3766 4548 :

2182 4601 2200 4633 ι
2233 4581 2454 4637 Elevata
2493 4591 2620 4640 sunt
2668 4585 2968 4654 cherubim,
3005 4607 3025 4642 ι
3062 4587 3120 4642 ἱη
3156 4585 3519 4662 Septuaginta
3548 4606 3659 4646 non
3685 4590 3767 4644 ba-

2182 4671 2359 4742 betur,
2391 4675 2485 4731 sed
2512 4676 2579 4731 de
2623 4676 2889 4736 Hebraico
2917 4679 3160 4737 additum
3193 4691 3296 4738 est.
3345 4681 3406 4738 lu
3461 4698 3574 4754 quo
3602 4681 3767 4736 uixer-

2185 4765 2440 4834 vandum,
2470 4767 2615 4838 quod
2644 4785 2984 4842 nequaquam
3017 4776 3079 4828 ut
3117 4789 3279 4846 supra
3305 4771 3538 4840 dicitur,
3566 4793 3588 4826 ι
3621 4773 3767 4828 facies

2181 4853 2418 4912 hominis
2437 4899 2452 4922 ,
2484 4865 2540 4914 et
2564 4858 2730 4914 facies
2751 4859 2923 4918 leonis
2949 4878 2980 4918 a
3009 4863 3217 4920 dextris
3241 4873 3499 4936 quatuor,
3534 4873 3592 4920 et
3615 4865 3767 4920 facies

2181 4945 2336 5001 vituli
2371 4965 2402 5002 a
2429 4949 2662 5006 sinistris
2683 4961 2946 5021 quatuor,
2977 4961 3033 5009 et
3054 4953 3218 5012 facies
3245 4955 3444 5026 aquila
3481 4965 3717 5028 quatuor
3741 4969 3766 5006 ι

2184 5036 2418 5104 dextris;
2449 5058 2467 5090 ι
2499 5047 2558 5093 ut
2586 5038 2836 5096 videlicet
2860 5042 2966 5097 alia
2991 5059 3024 5098 a
3051 5043 3319 5112 sinistris,
3356 5043 3468 5100 alia
3506 5062 3539 5101 a
3573 5043 3767 5101 dextri

2176 5138 2296 5180 esse
2317 5127 2629 5194 credantur,
2649 5129 2742 5185 sed
2762 5132 2984 5202 mqualis
2999 5135 3241 5188 omnium
3261 5135 3397 5190 ordo
3421 5133 3764 5192 describitur.

2178 5215 2390 5272 dicente
2429 5216 2710 5288 Scriptura
2761 5237 2774 5274 :
2827 5221 3072 5288 Quatuor
3113 5233 3292 5280 autem
3332 5221 3510 5281 facies
3546 5226 3766 5281 habebat

2177 5324 2364 5378 unum,
2393 5310 2558 5368 facies
2574 5326 2700 5380 una,
2721 5313 2889 5372 facies
2909 5317 3136 5384 cherub,
3153 5325 3208 5374 et
3223 5315 3393 5375 facies
3408 5320 3676 5384 secunda,
3699 5317 3766 5371 fa-

2178 5403 2288 5457 cies
2313 5405 2570 5473 hominis,
2593 5413 2648 5463 et
2673 5408 2726 5462 in
2756 5410 2918 5466 tertio
2944 5407 3308 5480 faciesleonis,
3327 5419 3386 5466 et
3404 5411 3462 5468 in
3479 5419 3680 5484 quarto
3699 5409 3770 5465 fa-

2178 5497 2290 5553 cies
2310 5500 2531 5570 aquilas;
2557 5509 2614 5556 ut
2634 5503 2826 5574 prima,
2849 5511 2902 5558 et
2931 5506 3190 5572 secunda,
3215 5512 3271 5560 et
3299 5505 3486 5570 tertia,
3507 5509 3562 5559 et
3580 5511 3770 5576 quarta

2179 5587 2346 5646 facies
2369 5607 2474 5647 non
2503 5593 2743 5648 locorum
2774 5594 3086 5650 diversitate
3115 5595 3288 5652 dextri
3326 5604 3384 5650 et
3409 5596 3652 5663 sinistri,
3686 5593 3770 5656 sed

2178 5689 2288 5734 uno
2320 5693 2417 5750 per
2441 5683 2640 5752 gradus
2668 5685 2860 5740 ordine
2888 5685 3243 5742 describatur.
3281 5685 3453 5742 Unam
3485 5695 3679 5742 autem
3703 5683 3774 5737 fa-

2177 5771 2339 5838 ciem,
2374 5769 2552 5839 idest,
2579 5775 2809 5844 primam
2836 5773 3124 5846 appellavit
3149 5778 3375 5842 cherub,
3402 5791 3507 5850 pro
3551 5793 3664 5848 quo
3689 5792 3774 5832 su-

2177 5873 2277 5937 pra
2309 5860 2522 5919 dixerat
2559 5863 2730 5922 f‘acics
2758 5863 2933 5922 vituli.
2965 5863 3043 5922 Ex
3073 5879 3180 5942 quo
3223 5866 3550 5944 intelligitur
3576 5867 3774 5926 faciem
