3938 6360
154 464 253 524 637

1107 457 1460 520 ΟΟΜΜΕΝΤ.
1499 459 1569 517 iN
1607 453 2061 517 EZECHlELEM.
2100 489 2170 501 --
2200 456 2332 517 LIB.
2372 454 2464 519 Vl.

3313 454 3421 520 850

153 581 354 643 cherub
385 594 506 640 esse
532 556 724 639 faciem
751 579 926 649 vituli,
976 595 1205 653 quorum
1239 579 1478 637 omnium
1515 595 1732 636 sensum
1759 576 1812 643 Α
1836 594 1944 649 quo
1969 579 2248 650 qumritur.
2294 577 2377 634 Ad
2403 578 2639 635 activam
2665 575 2813 635 enim
2859 577 3025 635 vitam
3056 578 3293 636 ambulat
3343 589 3414 635 te-

153 677 438 754 praeteritae
467 675 689 732 visionis
716 673 957 733 continet
980 671 1313 747 explanatio.

229 787 248 821 ι
282 764 462 840 ipsum
493 774 577 823 est
618 764 839 833 animai,
884 765 1028 839 quod
1078 763 1319 820 videram
1356 761 1508 834 juxta
1536 761 1734 820 ﬂumen

160 880 180 914 ι
212 857 444 917 Chobar.
471 856 715 931 Cumque
744 855 1087 913 ambularent
1127 857 1430 926 cherubim,
1462 854 1612 917 ibant
1639 874 1734 930 pa-

160 971 180 1006 ι
213 952 345 1008 riter
376 959 433 1007 et
462 957 595 1007 rotae
619 948 777 1021 juxta
816 966 900 1006 ea.
924 948 996 1006 Et
1025 966 1148 1006 cum
1179 948 1421 1006 levarent
1440 951 1736 1007 "cherubim

161 1062 180 1096 ι
214 1042 325 1099 alas
352 1058 477 1098 snas
500 1047 560 1097 ut
581 1040 956 1098 exaltarentur
978 1040 1047 1099 de
1074 1050 1240 1110 terra,
1272 1059 1378 1098 non
1412 1042 1739 1098 resistebant

160 1155 178 1189 ι
212 1144 339 1191 rota:
390 1130 483 1192 sed
508 1142 564 1190 et
612 1136 741 1209 ipsa:
779 1134 937 1207 juxta
974 1145 1148 1192 erant.
1183 1134 1465 1193 Stantibus
1496 1137 1601 1192 illis
1628 1145 1737 1193 sta-

160 1243 178 1275 c
212 1222 361 1279 bant.
394 1224 460 1279 Et
489 1238 612 1280 cum
641 1226 867 1282 elevatis
911 1226 1281 1285 elevabantur.
1314 1222 1549 1301 Spiritus
1592 1229 1736 1286 enim

160 1334 178 1367 ι
213 1318 333 1373 γὶιτρ
362 1326 480 1373 erat
511 1318 564 1373 in
599 1318 697 1384 eis,
736 1338 754 1372 ι
788 1327 892 1375 etc.
922 1317 1116 1375 Omnia
1138 1320 1327 1376 vivunt
1357 1316 1467 1377 Deo
1490 1329 1545 1376 et
1581 1336 1738 1377 suum

152 1407 389 1461 sentiunt
415 1417 738 1473 creatorem,
768 1425 873 1464 non
918 1417 1005 1465 est
1033 1410 1177 1465 enim
1203 1410 1345 1466 Deus
1374 1420 1735 1481 mortuorum,

153 1499 244 1552 sed
269 1499 578 1561 viventium,
607 1500 748 1556 unde
774 1508 825 1555 et
852 1500 1035 1556 omnia
1067 1517 1294 1575 corpora
1316 1512 1555 1560 rotarum
1579 1504 1737 1578 plena

152 1598 277 1643 sunt
302 1590 493 1645 oculis.
522 1590 589 1645 Et
622 1591 677 1646 in
711 1592 919 1661 psalmo
966 1592 1162 1648 dicitur
1192 1613 1204 1648 ε
1242 1613 1261 1645 ε
1299 1593 1433 1651 ϐωιὶ
1483 1604 1741 1654 euarrant

150 1678 377 1749 gloriam
409 1681 506 1736 Dei
544 1691 599 1738 et
651 1699 820 1753 opera
874 1698 1131 1740 manuum
1187 1686 1302 1757 ejus
1334 1689 1619 1743 annuntiat
1653 1689 1741 1744 llr-

151 1780 504 1828 mamentum.
535 1773 661 1830 Dies
690 1776 795 1830 diei
823 1784 1039 1832 eructat
1070 1778 1316 1845 verbum,
1359 1787 1415 1834 et
1461 1796 1567 1836 nox
1593 1782 1737 1837 nocti

149 1860 354 1917 iudicat
382 1864 664 1921 scientiam
693 1864 867 1938 (Psal.
894 1867 1071 1941 xvul).
1103 1887 1122 1921 ι
1148 1868 1243 1926 Sol
1268 1886 1485 1943 quoque
1511 1881 1568 1928 et
1588 1871 1735 1940 luna,

1835 678 1976 725 eum.
2010 668 2091 724 Ad
2129 668 2560 727 immobilitatem
2607 677 2770 742 atque
2805 671 3167 727 constantiam
3198 672 3422 745 spiritus

1835 760 2131 834 proiecisti,
2169 768 2278 817 stat
2302 770 2504 829 tecum,
2532 760 2600 819 ad
2628 762 3106 834 contemplativam
3128 764 3298 820 vitam
3324 781 3424 837 per

1836 848 1932 907 Dei
1961 852 2189 924 gratiam
2211 853 2527 924 pervenisti,
2552 854 2703 910 volat
2732 862 2929 911 tecum.
2959 854 3029 911 Et
3053 870 3269 914 rursum
3291 860 3421 914 sub-

1838 940 2025 997 ditur:
2064 960 2084 993 ‹
2120 941 2257 1009 Quia
2311 943 2536 1014 spiritus
2589 943 2716 1000 vita:
2760 945 2973 1001 eratin
3014 946 3170 1003 tutis.
3208 963 3230 1001 υ
3270 946 3429 1015 Quod

1836 1033 2041 1090 idcirco
2069 1034 2308 1091 secundo
2352 1036 2553 1093 dicitur
2581 1037 2707 1093 vitae
2731 1037 2958 1110 spiritus
3006 1039 3064 1094 iu
3114 1040 3250 1096 rotis
3282 1055 3424 1109 esse,

1836 1125 1962 1196 quia
1994 1122 2293 1198 Scriptum
2344 1126 2451 1182 duo
2478 1138 2606 1184 sunt
2642 1137 2990 1198 testamenta,
3035 1144 3158 1202 qua:
3198 1141 3430 1203 utraque

1837 1216 1934 1273 Dei
1957 1217 2183 1289 spiritus
2209 1216 2375 1275 scribi
2404 1218 2596 1287 voluit,
2626 1228 2687 1276 ut
2720 1234 2822 1277 nos
2847 1221 2917 1276 ab
2944 1220 3141 1277 animae
3166 1228 3345 1277 morte
3366 1222 3431 1276 ii-

1838 1306 2075 1375 beraret,
2103 1309 2187 1363 vel
2212 1317 2361 1365 certe
2389 1309 2516 1381 quia
2549 1310 2657 1367 duo
2678 1319 2805 1367 sunt
2830 1320 3100 1383 praecepta
3126 1313 3428 1379 eharitatis,

1838 1398 2055 1455 dilectio
2082 1400 2334 1456 videlicet
2380 1401 2500 1468 Dei,
2533 1410 2590 1457 et
2632 1402 2850 1459 dilectio
2880 1404 3138 1475 proximi,
3168 1420 3267 1476 per
3311 1421 3432 1477 quae

1837 1498 2069 1562 utraque
2104 1508 2206 1548 nos
2245 1509 2417 1550 sacra:
2452 1494 2748 1567 Scriptura:
2792 1496 2935 1553 dicta
2984 1498 3281 1555 viviticant.
3335 1497 3434 1554 Se-

1840 1591 2016 1645 cundo
2044 1605 2175 1659 ergo
2206 1588 2405 1645 dicitur
2437 1607 2451 1644 :
2489 1610 2507 1643 ‹
2541 1590 2677 1658 Quia
2717 1589 2940 1662 spiritus
2965 1592 3091 1647 vitae
3115 1598 3235 1647 erat
3260 1592 3313 1646 in
3345 1608 3434 1648 ro-

1840 1683 1930 1747 tis,
1970 1699 1991 1735 ι
2038 1682 2162 1752 quia
2204 1682 2549 1739 dilectionem
2581 1684 2676 1739 Dei
2724 1692 2779 1739 et
2813 1684 3049 1756 proximi
3083 1686 3327 1757 capimus
3377 1684 3432 1739 in

1839 1771 2068 1842 eloquiis
2095 1773 2314 1839 divinis,
2339 1789 2440 1845 per
2461 1784 2733 1847 przecepta
2763 1790 2934 1831 sacrae
2962 1774 3261 1847 Scriptura:
3288 1775 3434 1831 dicta

1839 1864 2095 1931 vivimus,
2126 1866 2220 1936 qui
2262 1866 2464 1922 mortui
2508 1868 2846 1938 jacebamus.
2882 1866 3036 1924 Unde
3077 1866 3434 1939 omnipotenti

148 1970 300 2010 mare
328 1963 385 2012 et
407 1956 652 2025 ﬂumina,
688 1967 900 2014 manus
945 1970 1002 2015 οι
1047 1961 1216 2018 colles
1242 1961 1469 2018 [audam
1490 1979 1638 2020 eum,
1670 1966 1740 2020 Ει
1766 1946 1812 2008 Β
1840 1954 1951 2011 Deo
1983 1972 2081 2027 per
2100 1957 2447 2013 Psalmistam
2474 1959 2673 2014 dicitur
2700 1976 2713 2013 :
2744 1979 2762 2011 ‹
2790 1959 2846 2013 lu
2874 1966 3136 2014 attentum
3164 1973 3273 2013 non
3300 1958 3437 2013 obli-

152 2048 202 2104 in
234 2065 392 2106 suum
417 2052 679 2109 circulum
723 2070 823 2126 per
855 2070 1030 2113 annos
1058 2056 1299 2127 singulos
1322 2058 1591 2115 elementa
1616 2059 1734 2114 vol-

149 2151 361 2207 vuntur,
402 2143 773 2216 malorumque
801 2147 1071 2204 rationem
1118 2147 1176 2203 in
1229 2150 1392 2205 terris
1432 2150 1737 2221 deprehen-

148 2235 344 2303 dimus,
370 2244 432 2291 ut
470 2237 706 2309 antiqua:
740 2237 875 2311 legis
917 2240 1165 2296 ordinem
1192 2250 1594 2305 conservantes,
1627 2242 1741 2298 vol-

146 2333 339 2381 vantur
367 2335 423 2383 et
469 2337 718 2396 currant,
747 2340 803 2385 et
832 2328 967 2387 nihil
1006 2346 1205 2387 novum
1252 2347 1539 2389 cernamus
1580 2348 1741 2405 super

148 2424 367 2474 terram.
405 2419 563 2489 Quod
613 2430 797 2477 autem
844 2422 1082 2479 dicitur:
1116 2442 1135 2475 ‹
1170 2422 1350 2494 Ipsum
1385 2433 1467 2481 est
1517 2424 1737 2493 animal,

147 2511 284 2583 quod
314 2512 556 2568 videram
583 2509 742 2582 juxta
764 2511 960 2569 [lumen
993 2514 1232 2583 Chobar,
1268 2534 1287 2566 ι
1325 2514 1607 2588 Scriptura
1641 2517 1736 2572 de-

146 2611 409 2658 monstrat
431 2602 621 2658 eadem
649 2619 750 2661 nos
772 2601 969 2660 debere
1001 2603 1306 2676 intelligere
1329 2606 1385 2660 in
1404 2606 1741 2677 expositione

147 2691 416 2759 animalis,
452 2709 574 2766 qum
608 2710 775 2765 supra
812 2690 1197 2752 intelleximus.
1225 2692 1374 2753 Bene
1401 2706 1580 2752 autem
1607 2696 1743 2753 dici-

149 2790 231 2835 tur
260 2801 272 2836 :
317 2801 339 2834 ι
371 2782 507 2839 Cum
537 2786 794 2843 euntibus
818 2786 991 2854 ibant,
1026 2796 1081 2842 et
1119 2788 1389 2843 stantibus
1418 2789 1658 2856 stabant,
1685 2799 1741 2845 et

147 2886 262 2926 cum
287 2871 517 2929 elevatis
540 2893 571 2932 a
600 2886 745 2933 terra
768 2878 977 2951 pariter
1009 2878 1382 2945 elevabantur,
1406 2888 1459 2934 et
1491 2889 1623 2935 reue
1652 2896 1740 2938 se-

146 2973 378 3035 quentes
402 2980 487 3020 ea.
513 2965 647 3034 Quia
678 2969 1045 3040 spiritusvitte
1073 2982 1195 3027 erat
1216 2972 1271 3026 iu
1295 2969 1449 3026 rotis.
1485 2991 1504 3024 ι
1536 2968 1738 3046 (Greg.)

146 3054 266 3112 Haec
319 3065 445 3112 sunt
476 3073 539 3112 ex
581 3059 816 3115 maxima
861 3069 1016 3133 parte
1039 3059 1155 3132 jam
1200 3062 1370 3128 dicta,
1401 3060 1495 3119 sed
1544 3061 1739 3118 iterata

145 3147 508 3221 descriptione
539 3160 852 3209 narrantur.
884 3152 993 3212 Nec
1020 3172 1118 3212 nos
1143 3156 1326 3227 itaque
1348 3166 1527 3231 pigeat
1549 3157 1738 3214 eadem

145 3240 383 3297 breviter
422 3243 740 3314 exponendo
773 3255 1035 3315 repetere,
1070 3263 1190 3319 quae
1218 3247 1442 3319 spiritus
1483 3262 1581 3320 per
1606 3247 1738 3304 Pro-

144 3336 364 3407 phetam
392 3335 645 3408 dignatus
692 3344 775 3393 est
811 3338 1122 3408 replicando
1171 3355 1415 3395 narrare.
1448 3338 1562 3397 Hoc
1593 3341 1739 3396 enim

148 3428 319 3485 solum
352 3428 404 3483 in
452 3429 537 3485 his
568 3430 748 3486 verbis
800 3447 1000 3487 novum
1047 3433 1323 3504 adjicitur,
1353 3435 1497 3506 quod
1534 3435 1739 3492 dictum

143 3528 223 3575 est
252 3537 266 3575 :
306 3537 329 3571 ι
362 3518 497 3575 Cum
526 3520 795 3577 stantibus
824 3522 1081 3580 stabant:
1120 3544 1138 3577 ›
1174 3524 1311 3580 Sunt
1338 3527 1486 3582 enim
1520 3527 1739 3597 quidam

145 3609 230 3678 qui
259 3626 432 3682 usque
463 3611 529 3667 ad
561 3612 663 3667 hoc
686 3614 1006 3689 proﬁciunt,
1038 3625 1098 3671 ut
1119 3625 1335 3673 terrena
1365 3633 1486 3687 qua:
1512 3634 1738 3689 accepe-

146 3714 269 3758 ruut
291 3706 433 3759 bene
457 3704 772 3776 dispensare
791 3709 1061 3764 noverint.
1080 3708 1463 3766 Misericordiae
1484 3712 1741 3782 operibus

145 3792 448 3862 intendunt,
474 3797 749 3870 oppressis
771 3799 1131 3867 subveniunt;
1158 3802 1211 3856 hi
1234 3803 1488 3859 videlicet
1514 3805 1740 3873 vadunt,

144 3886 198 3942 in
222 3903 288 3943 eo
309 3889 452 3960 quod
474 3906 532 3945 se
552 3890 619 3946 ad
640 3892 874 3962 proximi
899 3894 1187 3949 utilitatem
1211 3897 1461 3953 tendunt.
1505 3898 1639 3954 Cum
1658 3898 1743 3954 his

144 3993 275 4050 ergo
305 3989 439 4037 rota:
470 3983 814 4052 gradiuntur,
855 3984 979 4056 quia
1025 4002 1181 4042 sacra
1213 3989 1426 4060 eloquia
1473 3990 1741 4046 dictorum

143 4081 366 4125 suorum
409 4087 602 4143 passus
630 4072 687 4128 in
736 4087 921 4130 eorum
953 4075 1147 4131 itinere
1177 4076 1489 4148 disponunt.
1524 4081 1590 4135 Et
1617 4088 1745 4137 sunt

143 4156 261 4223 alii,
289 4156 381 4227 qui
426 4160 611 4228 tidem,
638 4177 801 4231 quam
848 4174 1197 4236 acceperunt,
1224 4166 1299 4221 ita
1346 4168 1413 4222 ad
1455 4171 1743 4225 tenendum

144 4252 319 4308 fortes
345 4263 490 4321 sunt,
532 4263 591 4310 ut
622 4255 868 4314 adversis
892 4258 1195 4329 quibusque
1222 4262 1480 4318 resistere
1510 4262 1741 4329 valeant,

141 4352 199 4401 et
230 4360 339 4399 non
392 4344 565 4402 solum
620 4348 843 4405 minime
897 4351 964 4406 ad
993 4353 1405 4422 perversitatem
1456 4355 1747 4411 trahuntur

142 4436 408 4508 perﬁdim,
442 4440 534 4494 sed
571 4440 735 4496 etiam
783 4457 1036 4512 perversa
1085 4443 1371 4515 loquentes
1402 4450 1741 4520 impugnant,

147 4542 348 4599 eosque
379 4529 445 4583 ad
474 4526 853 4586 rectitudiuem
885 4532 1126 4589 trahant.
1156 4534 1291 4590 Cum
1321 4537 1443 4592 istis
1473 4538 1744 4595 stantibus

149 4626 294 4673 stant
335 4621 499 4675 etiam
535 4630 689 4687 rotze,
719 4622 845 4693 quia
875 4624 956 4679 eis
986 4626 1370 4681 rectitudinem
1401 4644 1553 4683 suam
1586 4644 1741 4684 sacra

148 4709 343 4782 eloquii
369 4711 533 4767 verba
562 4710 904 4777 confirmant,
940 4728 1063 4771 cum
1092 4714 1147 4771 in
1169 4718 1249 4773 eis
1276 4719 1538 4775 audiunt;
1566 4719 1739 4788 State,

152 4809 203 4856 et
248 4810 430 4859 tenete
485 4805 803 4861 traditiones
850 4823 989 4877 quas
1041 4808 1353 4877 didicistis;
1394 4820 1449 4865 et
1478 4828 1737 4868 rursum:

158 4912 175 4943 ‹
212 4890 567 4951 Adversarius
603 4904 785 4952 vester
814 4897 1061 4955 diabolus
1086 4909 1343 4971 tanquam
1377 4903 1461 4958 leo
1486 4904 1739 4972 rugiens,

152 4984 340 5039 circuit
390 5001 639 5055 quierens
674 5004 833 5059 quem
891 4988 1127 5056 devoret,
1171 4991 1258 5046 cui
1307 4994 1547 5049 resistite
1577 4993 1742 5051 fortes

155 5075 203 5129 in
234 5078 337 5131 lide
371 5078 420 5151 (I
454 5078 599 5135 Petr.
632 5080 707 5155 v).
742 5103 760 5135 ›
794 5082 859 5138 Ει
883 5094 1010 5140 sunt
1051 5084 1162 5151 alii,
1196 5087 1287 5159 qui
1317 5090 1499 5144 omnia
1530 5099 1742 5147 terrena

155 5167 473 5239 despiciunt,
500 5168 646 5227 nulla
676 5190 795 5243 qua:
847 5185 1176 5245 pl‘iDlCl'CUlll.
1208 5178 1489 5249 possidere
1520 5182 1745 5252 dignan-

154 5265 259 5327 tur,
306 5258 362 5316 ln
398 5258 493 5317 Dei
525 5279 603 5330 se,
658 5271 719 5319 ut
767 5265 1085 5335 prmdictum
1122 5278 1225 5335 est,
1287 5272 1744 5341 contemplatione

157 5352 503 5423 suspendunt.
540 5354 675 5411 Cum
706 5354 791 5411 his
820 5374 951 5427 ergo
992 5360 1240 5428 elevatis,
1282 5373 1335 5417 et
1380 5372 1511 5419 rota:
1539 5364 1745 5433 pariter

158 5439 418 5501 levantur.
452 5446 587 5515 Quia
618 5458 877 5514 quantum
910 5450 1139 5521 quisque
1178 5452 1245 5507 ad
1291 5452 1399 5509 alta
1430 5455 1740 5526 profecerit,

159 5528 418 5593 iutautum
445 5540 493 5594 ei
519 5548 575 5593 et
604 5556 757 5595 sacra
786 5541 998 5611 eloquia
1022 5542 1088 5596 de
1114 5541 1398 5599 altioribus
1424 5545 1735 5615 loquuntur.

159 5618 369 5683 Vadunt
414 5644 543 5701 ergo
570 5630 819 5686 animalia
874 5633 940 5688 ad
994 5632 1280 5689 utilitatem
1310 5635 1563 5706 proximi,
1597 5646 1741 5693 stant

160 5714 215 5797 in
243 5720 538 5776 custodiam
558 5722 663 5789 sui,
690 5722 973 5780 elevantur
1000 5724 1067 5780 ad
1094 5726 1598 5797 contemplationem
1624 5729 1737 5784 Dei.

162 5796 268 5863 Sed
296 5818 349 5865 et
392 5821 524 5868 rota:
570 5815 774 5883 pariter
800 5818 1021 5882 vadunt,
1068 5824 1233 5886 stant,
1274 5796 1574 5875 elevantur.
1606 5819 1742 5890 Quia

168 5901 383 5980 quaesita
409 5918 566 5964 sacra
604 5906 767 5967 lectio
795 5908 918 5967 talis
946 5909 1239 5981 invenitur,
1269 5909 1447 5985 qualis
1476 5911 1539 5969 tit
1570 5913 1683 5989 ipse
1710 5929 1744 5972 a

1839 2047 2021 2103 viscar
2062 2048 2481 2119 iustificationes
2518 2058 2659 2115 tuas,
2690 2050 2815 2120 quia
2860 2049 2918 2104 in
2968 2050 3101 2121 ipsis
3147 2047 3434 2104 viviiicasti

1839 2150 1929 2197 me
1980 2139 2154 2214 (Psat.
2212 2140 2420 2215 cxvui).
2459 2162 2478 2195 ι
2513 2142 2936 2199 iustiﬁcationes
2976 2144 3120 2199 enim
3162 2151 3434 2215 praecepta

1841 2230 1937 2288 Dei
1986 2230 2258 2301 dicuntur,
2315 2233 2371 2288 in
2414 2230 2615 2304 quibus
2648 2246 2749 2287 nos
2796 2232 3118 2305 corrigendo
3151 2231 3432 2303 justiﬂcat.

1841 2322 1918 2377 De
1944 2321 2145 2392 quibus
2172 2322 2461 2378 Psalmista
2507 2321 2750 2393 apertius
2779 2321 2913 2376 dicit
2939 2338 2953 2375 :
2991 2338 3011 2374 ι
3042 2318 3102 2377 lu
3144 2319 3252 2377 tuis
3270 2320 3434 2393 justi-

1840 2412 2185 2469 iicationibus
2205 2411 2528 2482 meditabor,
2558 2428 2664 2470 non
2693 2413 2983 2469 obliviscar
3008 2424 3288 2469 sermones
3316 2419 3438 2468 tuos

1840 2501 2053 2575 (Mitt).
2092 2522 2112 2555 ι
2147 2503 2203 2559 in
2233 2502 2314 2560 eis
2360 2505 2542 2575 itaque
2577 2520 2677 2561 nos
2714 2502 2998 2574 justiiicat,
3035 2506 3160 2577 quia
3198 2518 3295 2575 per
3321 2503 3438 2559 haec

1842 2594 2002 2651 nobis
2028 2596 2326 2665 spiritalem
2346 2599 2514 2653 vitam
2539 2598 2897 2665 demonstrat,
2922 2610 3152 2670 eamque
3171 2612 3272 2670 per
3291 2596 3440 2653 allia—

1839 2698 1959 2745 tum
2002 2691 2229 2761 spiritus
2271 2693 2546 2750 mentibus
2574 2696 2778 2751 nostris
2829 2692 3085 2751 infundit.
3129 2694 3283 2764 Quod
3312 2695 3438 2766 quia

1841 2785 2082 2857 quotidie
2098 2802 2197 2857 per
2210 2789 2409 2843 donum
2430 2789 2617 2859 gratiae
2634 2789 2687 2844 in
2714 2790 3009 2846 electorum
3034 2791 3305 2846 mentibus
3326 2788 3441 2861 agi-

1843 2885 1955 2944 tur,
1980 2887 2129 2934 recte
2147 2878 2378 2935 dicitur:
2411 2898 2429 2931 ι
2462 2879 2698 2951 Spiritus
2719 2882 2844 2937 vitae
2870 2882 3065 2937 eratin
3089 2881 3243 2938 rotis.
3272 2900 3292 2934 ι
3311 2878 3439 2936 Haec

1841 2969 2000 3024 nobis
2023 2968 2305 3041 Scriptura
2336 2971 2390 3026 in
2427 2970 2668 3027 tenebris
2698 2973 2821 3028 \ita:
2854 2974 3140 3043 prazsentis
3172 2972 3315 3029 facta
3356 2980 3443 3028 est

1841 3058 2023 3116 iumen
2048 3060 2279 3117 itineris.
2299 3058 2437 3119 Hinc
2455 3063 2659 3118 etenim
2684 3060 2881 3120 Petrus
2904 3064 2981 3119 ait
3006 3083 3018 3120 :
3049 3085 3068 3117 ‹
3098 3065 3197 3121 Cui
3220 3062 3440 3120 benefa-

1842 3152 1967 3209 citis
1989 3152 2349 3221 intendentes,
2371 3155 2525 3225 quasi
2543 3155 2780 3211 lucernae
2795 3150 3050 3212 candenti
3071 3154 3124 3211 in
3146 3155 3442 3229 caliginoso

1842 3242 1963 3300 loco
1986 3244 2075 3318 (ΙΙ
2091 3242 2236 3301 Petr.
2253 3246 2313 3319 l).
2338 3268 2357 3300 ι
2379 3246 2516 3303 iiinc
2540 3246 2825 3305 Psalmista
2850 3250 3011 3305 dicit:
3036 3270 3053 3301 ‹
3074 3249 3322 3306 Lucerna
3346 3265 3443 3321 pe-
3512 3245 3521 3252 ’

1768 3323 1814 3388 C.
1846 3337 2004 3393 dibus
2035 3337 2171 3393 meis
2198 3338 2423 3393 verbum
2452 3346 2602 3394 tuum
2620 3381 2634 3406 ,
2662 3340 2919 3406 Domine,
2946 3349 3002 3396 et
3028 3341 3210 3397 iumen
3233 3341 3442 3398 semitis

1841 3429 1981 3485 meis
2007 3426 2181 3503 (Paul.
2209 3429 2418 3503 cxvm).
2455 3451 2473 3484 ι
2507 3429 2723 3486 Scimus
2745 3439 2926 3487 tamen
2954 3430 3080 3502 quia
3108 3439 3164 3488 et
3202 3433 3317 3502 ipsa
3346 3444 3444 3486 no-

1842 3520 1927 3576 bis
1974 3530 2160 3576 nostra
2189 3521 2411 3577 lucerna
2442 3522 2674 3577 obscura
2697 3530 2802 3587 est,
2834 3522 2881 3577 si
2908 3538 3015 3577 non
3065 3522 3207 3577 hanc
3242 3520 3443 3577 nostris

1840 3612 2117 3669 mentibus
2163 3613 2368 3670 veritas
2419 3614 2672 3670 illustret.
2725 3613 2878 3670 Unde
2927 3614 3122 3671 iterum
3155 3613 3443 3670 Psalmista

1841 3701 1960 3756 ait:
1992 3721 2011 3754 t
2048 3702 2317 3770 Quoniam
2362 3713 2420 3758 tu
2466 3702 2739 3760 illuminas
2769 3703 3047 3761 lucernam
3087 3720 3286 3771 meam,
3338 3704 3442 3759 Do-

1845 3794 2013 3861 mine,
2068 3794 2211 3850 Deus
2267 3808 2423 3851 meus
2474 3792 2718 3851 iilumina
2766 3797 3024 3853 tenebras
3082 3810 3233 3852 meas
3264 3794 3439 3869 (Psal.

1844 3890 2005 3959 xm).
2047 3908 2067 3941 ι
2112 3888 2254 3957 Quid
2301 3890 2447 3944 enim
2477 3890 2700 3947 lucerna
2744 3890 2940 3946 ardens
2964 3899 3071 3956 est,
3100 3890 3201 3945 nisi
3230 3887 3445 3945 lumen?

1844 3978 1956 4035 Sed
2001 3980 2183 4035 lumen
2222 3988 2466 4037 creatum
2498 3994 2603 4036 non
2628 3982 2776 4038 lucet
2810 3981 2987 4049 nobis,
3036 3980 3137 4037 nisi
3170 3981 3441 4035 illumine-

1845 4080 1938 4127 tur
1988 4086 2018 4127 a
2064 4074 2269 4128 lumine
2312 4090 2424 4129 non
2475 4084 2681 4131 creato.
2735 4073 2871 4144 Quia
2920 4090 3051 4147 ergo
3101 4073 3445 4141 omnipotens

1847 4163 1992 4219 Deus
2019 4160 2085 4218 ad
2116 4165 2348 4219 salutem
2375 4172 2617 4219 nostram
2651 4170 2965 4221 sanctorum
2995 4173 3443 4220 testamentorum

1848 4252 1992 4308 dicta
2020 4260 2075 4307 et
2103 4255 2219 4324 ipse
2259 4250 2486 4320 creavit,
2529 4263 2584 4310 et
2616 4255 2730 4328 ipse
2774 4255 2967 4328 aperit,
3005 4275 3023 4307 (
3060 4254 3287 4326 spiritus
3316 4254 3441 4309 vita:

1847 4352 1965 4400 erat
1998 4344 2051 4399 in
2084 4346 2238 4401 rotis.
2270 4363 2289 4397 ι

1922 4451 1943 4485 ι
1976 4436 2043 4492 Et
2077 4448 2294 4506 egressa
2318 4445 2408 4492 est
2437 4436 2610 4509 gloria
2654 4432 2868 4495 Domini
2904 4456 2937 4496 a
2982 4439 3188 4496 lumine
3236 4437 3442 4511 templi,

1852 4538 1874 4579 ι
1909 4534 1965 4582 et
2012 4529 2166 4583 stetit
2200 4540 2365 4600 super
2410 4531 2714 4586 cherubim.
2744 4530 2813 4586 Et
2842 4528 3108 4588 eievantia
3163 4532 3446 4589 cherubim

1854 4636 1874 4672 ι
1913 4618 2029 4675 alus
2056 4633 2187 4676 snas
2216 4622 2453 4676 exaltata
2507 4630 2635 4679 sunt
2670 4638 2700 4677 a
2732 4630 2876 4677 terra
2903 4638 3086 4679 coram
3120 4641 3226 4678 me.
3254 4623 3321 4677 Et
3344 4623 3447 4677 illis

1853 4730 1873 4765 ς
1910 4712 2317 4782 egredientibus
2349 4722 2479 4768 rota:
2508 4729 2728 4785 quoque
2748 4714 3052 4767 subsecuta:
3077 4721 3220 4769 sunt.
3250 4712 3315 4765 Et
3342 4722 3448 4768 ste-

1850 4823 1868 4856 ι
1910 4805 1975 4857 tit
2000 4804 2052 4856 in
2086 4804 2308 4858 introitu
2353 4811 2523 4873 porta:
2567 4803 2758 4857 domus
2784 4798 2999 4858 Domini
3053 4800 3354 4867 orientalis,
3392 4811 3446 4857 et

1850 4914 1868 4948 ι
1902 4896 2071 4964 gloria
2105 4894 2319 4949 Domini
2346 4893 2512 4950 israel
2539 4902 2658 4950 erat
2706 4910 2870 4966 super
2919 4912 3003 4951 ea.
3034 4892 3321 4966 ipsumque
3361 4902 3448 4948 est

1850 5007 1869 5039 ‹
1908 4986 2129 5055 animai,
2160 4986 2304 5059 quod
2340 4986 2448 5043 vidi
2488 4986 2681 5044 subter
2710 4986 2880 5044 Deum
2930 4988 3117 5054 Israel,
3155 4987 3308 5056 juxta
3350 4986 3446 5041 ilu~

1851 5098 1870 5131 ‹
1907 5081 2051 5135 vium
2102 5080 2337 5137 Chobar.
2370 5081 2437 5137 Et
2486 5081 2727 5138 intellexi
2768 5084 2894 5153 quia
2952 5082 3230 5137 cherubim
3262 5090 3446 5137 essent

1852 5191 1871 5225 ι
1910 5183 2145 5243 quatuor
2182 5191 2281 5245 per
2329 5183 2562 5245 quatuor
2613 5174 2783 5231 facies
2818 5175 2931 5239 uni,
2980 5184 3035 5229 et
3068 5182 3299 5244 quatuor
3347 5173 3445 5227 aia:

1853 5285 1872 5319 ‹
1908 5268 2019 5321 uni.
2048 5268 2116 5323 Et
2140 5268 2437 5325 similitudo
2469 5286 2662 5324 manus
2701 5265 2939 5324 hominis
2969 5264 3069 5322 sub
3104 5264 3203 5322 alis
3234 5282 3440 5322 eorum.

1850 5378 1868 5409 ι
1904 5359 1971 5413 Et
1997 5359 2289 5414 similitudo
2324 5360 2571 5415 vultuum
2612 5376 2821 5425 eorum,
2848 5359 2949 5431 ipsi
2986 5357 3167 5415 vultus
3193 5377 3329 5431 quos
3372 5358 3447 5419 vi-

1850 5469 1869 5501 ε
1906 5450 2098 5506 deba'm
2126 5448 2282 5520 juxta
2312 5450 2533 5505 lluvium
2563 5450 2797 5508 Chobar.
2830 5449 2896 5506 Et
2926 5452 3155 5508 intuilus
3180 5468 3366 5508 eorum
3388 5459 3443 5505 et

1853 5562 1871 5596 ι
1909 5543 2142 5613 impetus
2155 5544 2627 5615 singulorumante
2644 5542 2838 5600 faciem
2864 5560 3014 5601 suam
3040 5545 3268 5615 ingredi,
3294 5564 3313 5596 ι
3331 5551 3440 5597 ete.

1851 5632 2050 5709 (llier.)
2083 5636 2262 5692 Gloria
2295 5634 2507 5692 Domini
2535 5637 2647 5691 sive
2672 5635 2959 5704 maiestas,
2984 5652 3106 5708 qua:
3135 5643 3359 5692 steterat
3384 5634 3439 5690 in

1850 5725 2033 5798 templi
2061 5726 2283 5793 lumine,
2322 5729 2473 5783 stetit
2508 5744 2671 5799 super
2715 5728 3019 5795 cherubim,
3067 5744 3187 5801 qua:
3228 5728 3442 5784 eievan-

1848 5821 1922 5877 tia
1955 5821 2068 5876 alas
2094 5834 2221 5876 suas
2265 5820 2535 5893 Propheta
2581 5830 2837 5878 cernente
2867 5821 3101 5879 exaltata
3147 5829 3272 5878 sunt
3308 5820 3443 5876 rotis

1850 5914 2053 5994 pariter
2082 5914 2450 5986 sequentibus,
2474 5920 2531 5971 et
2554 5915 2706 5973 stetit
2731 5913 2787 5972 in
2810 5910 3033 5971 introitu
3053 5921 3225 5987 portae
3248 5904 3442 5970 domus
