3938 6360
496 421 603 482 839

1140 415 1202 469 Β.
1245 410 1502 479 RABANI
1536 409 1760 468 MAURI
1795 404 2117 466 ARCHIEP.
2159 401 2466 461 MOGUNT.
2503 397 2790 458 OPERUM
2830 395 3010 454 PARS
3047 396 3113 453 II.

3708 397 3802 453 ϐω

492 535 711 596 Domini
746 532 1048 600 orientalis,
1079 530 1449 603 paulatimque
1497 527 1762 599 protectio
1809 526 1905 582 Dei
1954 522 2079 579 reli-
2105 523 2160 584 Α
2181 518 2383 576 venire.
2428 517 2505 572 De
2525 532 2632 588 qua
2658 530 2756 586 per
2790 513 3021 569 Paulum
3047 512 3272 569 dicitur
3320 532 3340 565 ι
3389 512 3555 582 Quia
3595 520 3662 567 et
3696 513 3799 585 ipsa

494 629 612 700 quit
628 625 828 693 Israel;
845 625 1082 698 primum
1103 622 1206 678 fuit
1227 622 1284 678 in
1309 621 1530 692 templo,
1554 621 1679 676 dein
1698 620 1843 676 stetit
1860 619 1916 674 in
1942 617 2081 674 atrio

494 719 683 792 templi
707 720 822 776 sive
847 717 1054 774 limine.
1089 715 1207 784 Qua
1254 715 1544 770 recedente
1571 713 1639 768 de
1664 711 1884 782 templo,
1911 711 2084 767 nubes

490 821 549 872 et
575 812 749 884 caligo
773 809 1017 882 implevit
1045 806 1229 878 templi
1256 804 1574 877 penetralia.
1598 803 1947 872 Rursumque
1967 801 2084 872 ipsa

491 906 660 978 gloria
688 903 831 960 sedit
855 916 1021 973 super
1046 897 1352 964 cherubim,
1409 903 1466 951 et
1514 894 1622 952 illis
1649 894 1834 951 statim
1863 891 2084 950 avolan-

492 997 653 1060 tibus,
697 1001 755 1050 et
798 993 866 1049 ad
916 991 1191 1048 exteriora
1219 987 1564 1053 abeuntibus,
1614 993 1813 1043 secuta:
1843 993 1968 1042 sunt
1994 999 2085 1041 ro-

491 1095 562 1142 ta:
589 1097 646 1141 et
691 1083 862 1156 gloria
895 1082 1050 1138 stetit
1081 1081 1140 1137 in
1177 1087 1339 1152 porta
1371 1079 1562 1136 domus
1606 1077 1822 1134 Domini
1847 1076 2084 1132 orienta-

490 1177 580 1245 lis,
607 1191 717 1232 non
743 1177 802 1232 in
830 1176 999 1247 janua
1012 1173 1221 1245 templi,
1247 1172 1345 1229 sed
1367 1181 1493 1242 post
1515 1171 1716 1227 atrium
1741 1178 1798 1225 et
1818 1169 2001 1235 limen,
2025 1168 2082 1224 in

489 1267 716 1324 introitu
753 1275 925 1339 portae
952 1267 1146 1322 domus
1180 1265 1398 1322 Domini
1431 1264 1730 1322 orientalis.
1773 1262 1928 1332 Quod
1957 1278 2082 1319 cum

487 1361 750 1432 propheta
778 1359 1024 1426 vidisset,
1062 1378 1082 1411 ε
1109 1358 1293 1430 Ipsum
1338 1366 1446 1425 est,
1477 1358 1675 1427 inquit,
1700 1355 1903 1412 animal
1939 1353 2085 1427 quod

486 1451 598 1506 vidi
626 1452 814 1507 subter
858 1450 1029 1507 Deum
1057 1448 1248 1516 Israel,
1292 1447 1449 1519 juxta
1476 1447 1703 1504 ﬂuvium
1759 1445 1998 1513 Chobar,
2025 1452 2083 1501 et

487 1541 730 1597 intellexi
777 1537 904 1610 quia
953 1540 1239 1596 cherubim
1287 1548 1491 1596 essent.
1522 1558 1543 1591 ι
1573 1539 1713 1607 Quid
1766 1539 1913 1594 enim
1954 1535 2083 1593 novi

486 1632 720 1699 viderat,
752 1633 897 1702 quod
925 1631 1257 1702 intelligeret
1286 1647 1407 1687 esse
1433 1631 1736 1698 cherubim,
1778 1645 1899 1700 quae
1927 1629 2080 1701 prius

485 1735 594 1776 non
619 1721 998 1778 intellexerat?
1022 1721 1316 1777 Cherubim
1342 1722 1396 1776 in
1422 1722 1606 1792 lingua
1635 1729 1821 1777 nostra
1850 1721 2081 1776 scientia:

486 1810 767 1866 multitudo
792 1820 898 1878 est,
925 1812 1120 1867 notitia
1145 1822 1611 1867 sacramentorum
1643 1811 1739 1866 Dei
1765 1820 1820 1867 et
1848 1813 2079 1868 thronus

483 1901 600 1972 ejus
630 1917 695 1958 ac
715 1903 949 1973 requies.
982 1901 1139 1959 Unde
1167 1910 1221 1958 et
1250 1901 1307 1957 in
1331 1900 1620 1959 Psalmista
1648 1903 1846 1958 dicitur
1871 1920 1883 1956 :
1925 1922 1943 1954 ‹
1972 1902 2076 1970 Qui
2103 1889 2154 1952 B

484 1991 640 2047 sedes
670 2008 834 2063 super
861 1994 1164 2060 cherubim,
1198 1993 1548 2050 manifestare
1580 2013 1592 2050 :
1637 2015 1655 2046 ι
1691 2011 1905 2067 semper
1929 1995 2076 2051 enim

485 2081 654 2153 gloria
673 2080 885 2137 Domini
913 2083 1065 2138 sedet
1093 2082 1150 2138 in
1180 2084 1423 2140 scientiae
1451 2085 1818 2140 multitudine.
1853 2085 1920 2140 Et
1946 2095 2076 2141 tunc

483 2174 863 2232 manifestatur
889 2177 1107 2248 quando
1129 2186 1327 2234 cuncta
1348 2179 1461 2250 regi
1490 2179 1828 2248 providentia
1857 2180 2078 2234 demon-

483 2272 742 2322 strantur.
769 2267 884 2324 Nec
909 2267 1136 2326 fortuito
1176 2272 1306 2341 quid
1342 2271 1461 2327 ﬁeri
1496 2285 1597 2326 nec
1647 2272 1829 2326 dicere
1883 2285 2076 2340 quem-

480 2357 666 2428 piam:
709 2358 1048 2433 «Dereliquit
1087 2363 1349 2420 Dominus
1396 2373 1619 2429 terram,
1657 2383 1678 2416 ι
1713 2372 1769 2418 et
1816 2364 2078 2422 Dominus

481 2463 591 2504 non
616 2449 770 2506 vidit.
814 2450 970 2508 Unde
998 2461 1054 2510 et
1085 2454 1315 2510 intuitus
1365 2453 1677 2520 Cherubim,
1711 2463 1767 2510 et
1809 2455 2079 2526 appetitus

481 2553 671 2595 eorum
699 2550 783 2598 est
807 2543 1052 2600 oblivisci
1075 2545 1501 2615 praeteritorum,
1533 2553 1590 2599 et
1610 2546 1664 2600 in
1690 2544 1873 2602 futura
1901 2561 1960 2603 se
1979 2562 2077 2603 ex-

483 2633 727 2688 tendere.
771 2633 939 2705 Igitur
980 2637 1108 2706 quia
1153 2636 1570 2708 contemplativa
1605 2637 1715 2693 vita
1744 2639 1801 2694 in
1851 2639 1996 2706 aliis,
2024 2648 2081 2697 et

480 2721 539 2777 in
560 2737 726 2777 manu
755 2725 935 2780 activa
960 2725 1317 2798 signiﬁcatur,
1346 2736 1406 2782 ut
1431 2729 1680 2799 superius
1709 2730 2074 2798 ostendimus,

484 2811 624 2868 bene
670 2829 814 2870 nunc
857 2815 1124 2872 iteratur:
1161 2835 1181 2868 ‹
1225 2817 1294 2872 Et
1331 2817 1627 2876 similitudo
1665 2835 1858 2875 manus
1906 2821 2081 2876 homi-

482 2903 567 2958 nis
600 2905 701 2960 sub
735 2905 835 2964 alis
860 2923 1068 2965 eorum.
1104 2929 1124 2963 ι
1183 2910 1373 2967 Manus
1407 2927 1536 2984 ergo
1582 2912 1818 2970 hominis
1845 2914 1946 2970 sub
1976 2915 2078 2972 alis

479 3008 671 3051 eorum
699 3006 804 3065 est,
835 2999 890 3055 id
915 3009 1018 3068 est,
1059 3001 1232 3058 virtus
1261 3004 1442 3074 operis
1468 3005 1570 3060 sub
1597 3003 1782 3061 volatu
1829 3016 2077 3063 contem-

477 3089 753 3160 plationis.
788 3093 923 3162 Quis
963 3097 1112 3153 enim
1138 3112 1470 3168 cognoscens
1515 3097 1690 3153 Deum
1718 3098 1786 3153 ad
1835 3099 1954 3170 ejus
1992 3115 2080 3156 re-

479 3201 643 3256 gnum
688 3188 1010 3260 ingreditur,
1066 3192 1172 3248 nisi
1221 3192 1362 3248 bene
1410 3191 1560 3260 prius
1606 3200 1879 3261 operetur.
1945 3192 2076 3250 Siue

478 3281 898 3349 contemplativa
933 3282 1165 3353 denique
1197 3285 1310 3338 vita
1354 3285 1558 3340 intrare
1605 3294 1834 3354 possunt
1862 3286 1930 3340 ad
1959 3300 2074 3340 σαε-
2100 3263 2149 3329 C

478 3368 668 3425 lestem
704 3373 958 3442 patriam,
1001 3375 1095 3444 qui
1117 3376 1280 3442 bona,
1311 3391 1431 3447 qua:
1456 3384 1682 3447 possunt
1707 3377 1941 3446 operari,
1964 3392 2074 3434 non

479 3460 774 3531 negligunt.
819 3461 951 3518 Sine
991 3465 1167 3519 activa
1207 3474 1386 3521 autem
1428 3467 1636 3522 intrare
1679 3483 1788 3523 non
1825 3478 2073 3539 possunt,

480 3550 526 3604 si
568 3550 846 3623 negligunt
881 3553 1022 3609 bona
1057 3557 1272 3625 operari
1316 3573 1436 3628 quae
1468 3569 1714 3629 possunt.
1738 3559 1834 3616 Illa
1865 3576 1994 3633 ergo
2021 3562 2078 3617 in

481 3642 824 3708 necessitate,
862 3644 977 3699 haec
1016 3646 1072 3700 in
1104 3646 1379 3702 voluntate
1407 3656 1528 3704 est:
1567 3649 1658 3704 illa
1684 3645 1752 3705 'in
1788 3651 2074 3720 servitute,

481 3731 583 3786 ista
634 3733 687 3788 in
740 3734 1011 3791 libertate.
1063 3735 1203 3792 Hinc
1249 3748 1331 3792 est
1367 3739 1511 3793 enim
1561 3742 1706 3810 quod
1744 3742 1813 3796 ad
1855 3741 2076 3814 Moysen

479 3821 705 3877 dicitur:
767 3822 826 3878 Si
879 3827 1078 3881 emeris
1126 3843 1344 3883 servum
1383 3829 1683 3895 Hebraeum,
1733 3850 1752 3882 ‹
1792 3847 1891 3888 sex
1918 3836 2076 3891 annis

480 3912 680 3968 serviet
714 3915 830 3981 tibi,
862 3916 917 3971 in
945 3917 1176 3987 septimo
1210 3919 1518 3990 egredietur
1547 3922 1686 3978 liber
1714 3925 1906 3996 gratis,
1951 3943 2075 3982 cum

479 4002 624 4071 quali
650 4012 798 4060 veste
819 4005 1126 4075 intraverit,
1172 4025 1296 4065 cum
1352 4011 1444 4065 tali
1491 4013 1658 4080 exiet,
1688 4015 2070 4088 ietc.{E-.rod.

479 4093 627 4164 xm.)
680 4094 879 4154 Servus
906 4114 1038 4155 vero
1083 4099 1342 4158 Hebraeus
1379 4112 1595 4175 emptus
1626 4120 1722 4162 sex
1774 4108 1932 4164 annis
1962 4126 2077 4165 ser-

477 4186 593 4240 vire
619 4189 946 4261 praecipitur,
976 4191 1050 4245 ita
1081 4202 1138 4247 ut
1174 4195 1232 4248 in
1260 4195 1490 4264 septimo
1527 4196 1666 4253 liber
1695 4209 1858 4256 exeat
1878 4191 2072 4273 gratis.

479 4275 619 4342 Quid
648 4279 792 4333 enim
822 4296 917 4350 per
955 4284 1230 4339 senarium
1253 4301 1562 4355 numerum,
1593 4290 1699 4345 nisi
1736 4292 1926 4348 activa:
1949 4294 2077 4350 vitae

478 4367 740 4437 perfectio
793 4373 1152 4444 designatur?
1201 4377 1340 4444 Quid
1378 4396 1474 4450 per
1521 4386 1916 4455 septenarium,
1966 4389 2075 4444 nisi

481 4460 895 4530 contemplativa
932 4464 1291 4534 exprimitur?
1347 4468 1456 4525 Sex
1492 4487 1623 4527 vero
1663 4475 1822 4531 annis
1885 4478 2074 4545 servit,

480 4555 535 4603 et
567 4549 796 4620 septimo
825 4554 1102 4624 egreditur
1153 4557 1312 4626 liber,
1339 4561 1432 4630 qui
1457 4578 1556 4634 per
1605 4566 1858 4634 activam,
1910 4584 2075 4640 quam

2185 616 2436 666 creatura
2487 606 2806 663 liberabitur
2839 621 2874 660 a
2924 605 3184 661 servitute
3223 604 3626 676 corruptionis
3660 605 3716 660 in
3746 606 3799 660 li-

2183 705 2448 760 bertatem
2491 701 2677 774 gloria:
2702 700 2938 756 ﬁliorum
2981 699 3077 755 Dei
3102 697 3296 772 (Rom.
3322 715 3426 756 vni
3454 698 3526 773 ).
3569 719 3596 752 ι
3656 699 3798 756 Tune

2183 795 2382 851 etenim
2407 809 2539 850 vera
2563 793 2619 849 in
2648 792 2804 847 nobis
2847 792 3071 848 libertas
3108 792 3235 859 erit,
3265 808 3394 849 cum
3429 793 3517 849 ad
3574 794 3793 865 gloriam

2183 885 2418 942 ﬁliorum
2445 885 2542 940 Dei
2581 884 2800 954 adoptio
2833 891 3019 939 nostra
3070 885 3403 953 pervenerit.
3464 881 3646 938 Nunc
3678 900 3791 941 vero

2182 996 2292 1035 non
2321 978 2494 1035 solum
2542 979 2717 1034 activa
2744 977 2857 1032 vita
2887 977 2943 1031 in
2987 979 3250 1035 servitute
3277 988 3384 1045 est,
3417 979 3536 1035 sed
3572 979 3632 1032 in
3690 980 3786 1049 ipsa

2183 1086 2395 1142 quoque
2444 1069 2922 1140 contemplatione,
2975 1084 3083 1138 qua
3134 1083 3300 1140 super
3353 1084 3463 1124 nos
3531 1068 3784 1138 rapimur,

2182 1163 2489 1218 libertatem
2519 1161 2717 1218 mentis
2763 1161 2939 1216 adhuc
2967 1159 3207 1230 perfecte
3253 1176 3363 1216 non
3412 1160 3675 1223 obtinet,
3707 1161 3783 1215 sed

2182 1255 2446 1321 imitatur,
2488 1254 2616 1325 quia
2640 1253 2732 1309 illa
2782 1269 2902 1324 qua:
2929 1260 3013 1308 est
3054 1253 3245 1308 intima
3274 1252 3329 1306 in
3356 1252 3672 1322 aenigmate
3714 1253 3782 1305 vi-

2183 1345 2358 1401 detur.
2384 1344 2505 1415 Ipsa
2538 1352 2721 1399 tamen
2747 1343 2802 1398 in
2849 1342 3186 1414 quantalibet
3211 1342 3282 1398 sit
3307 1341 3781 1411 contemplationis

2183 1440 2451 1511 angustia,
2492 1439 2683 1494 activa:
2735 1437 2860 1492 vitae
2918 1439 3033 1510 jam
3078 1435 3237 1492 valde
3287 1446 3375 1492 est
3415 1435 3604 1490 latior
3646 1447 3778 1506 atqee

2183 1533 2482 1598 sublimior,
2507 1548 2629 1604 qua:
2650 1532 2720 1587 ad
2745 1531 3038 1602 quamdam
3050 1531 3250 1587 mentis
3267 1530 3606 1586 libertatem
3633 1538 3778 1583 trans-

2183 1625 2245 1692 it,
2280 1624 2599 1696 temporalia
2633 1640 2740 1681 non
2778 1625 3049 1696 cogitans,
3075 1626 3174 1681 sed
3205 1633 3437 1680 aeterna.

2775 1754 3005 1814 CAPUT
3065 1755 3159 1811 XI.

2181 1866 2260 1922 De
2293 1867 2475 1938 viginti
2501 1868 2924 1940 quinqueviris;
2952 1867 3019 1940 de
3043 1869 3362 1940 captivitate,
3398 1869 3500 1940 qui
3533 1868 3639 1936 ipsi
3656 1875 3771 1919 erant

2255 1936 2438 1994 carnes
2467 1936 2524 1994 et
2543 1936 2715 1994 Israel
2738 1938 2873 1994 labes
2888 1956 2908 2005 ;
2943 1939 3009 1992 de
3034 1936 3360 2010 dispersione
3383 1936 3607 2009 populi,
3626 1946 3719 1991 etc.

2260 2089 2278 2122 ‹
2306 2067 2376 2124 Et
2401 2069 2630 2125 elevavit
2653 2085 2741 2126 me
2770 2071 3013 2142 spiritus,
3036 2080 3091 2124 et
3121 2071 3431 2126 introduxit
3466 2086 3568 2125 me
3589 2071 3656 2125 ad
3676 2085 3773 2140 por-

2191 2179 2210 2215 t
2242 2169 2352 2216 tam
2373 2163 2566 2218 domus
2579 2162 2794 2218 Domini
2821 2163 3119 2228 orientalis,
3153 2178 3274 2232 quae
3307 2163 3553 2233 respicit
3579 2163 3644 2217 ad

2191 2270 2210 2304 ι
2238 2261 2441 2308 ortum.
2479 2272 2497 2305 ι
2533 2251 2805 2326 (Ηίενοη.)
2834 2252 2973 2321 Quia
3002 2267 3220 2326 egressa
3247 2261 3334 2308 est
3366 2252 3558 2325 gloria
3592 2253 3769 2307 Domini

2184 2361 2216 2399 a
2239 2345 2424 2400 limine
2453 2345 2660 2416 templi,
2694 2354 2749 2401 et
2783 2347 2933 2401 stetit
2959 2361 3122 2417 super
3149 2345 3477 2413 Cherubim,
3511 2357 3770 2418 postquam

2186 2437 2525 2493 avolantibus
2570 2437 2864 2494 Cherubim
2899 2440 3049 2494 stetit
3096 2439 3211 2513 ipsa
3248 2438 3431 2509 gloria
3471 2439 3531 2492 in
3575 2439 3770 2492 introitu

2184 2539 2355 2602 porta:
2374 2531 2568 2586 domus
2590 2531 2804 2586 Domini
2823 2531 3127 2596 orientalis,
3151 2540 3207 2586 et
3223 2531 3508 2602 Propheta
3522 2573 3538 2596 ,
3556 2534 3679 2602 quia
3695 2549 3771 2603 per

2185 2638 2244 2678 se
2272 2623 2339 2678 ad
2364 2639 2484 2678 eam
2512 2624 2593 2679 ire
2617 2639 2724 2679 non
2751 2632 2996 2694 poterat,
3028 2626 3268 2681 elevatus
3297 2641 3332 2680 a
3372 2627 3581 2697 spiritu
3613 2636 3708 2690 est,
3729 2635 3773 2681 et

2185 2714 2377 2770 ductus
2425 2717 2493 2771 ad
2538 2717 2784 2771 eamdem
2819 2725 3032 2786 portam
3073 2719 3264 2773 domus
3298 2718 3522 2774 Domini
3553 2721 3772 2774 orienta-

2186 2805 2312 2873 lem,
2363 2822 2482 2877 quae
2510 2808 2735 2878 respicit
2772 2808 2939 2864 solem
2983 2809 3230 2880 justitiae.
3263 2808 3341 2865 De
3380 2826 3493 2880 quo
3523 2812 3772 2880 scriptum

2184 2907 2267 2954 est
2287 2916 2330 2953 ε(
2351 2898 2491 2954 Ecce
2512 2900 2596 2953 vir
2619 2899 2812 2956 Oriens
2835 2915 3034 2956 nomen
3057 2899 3224 2971 ejus”
3244 2911 3307 2953 ut
3327 2913 3683 2969 nequaquam
3703 2914 3770 2954 re-

2184 2999 2432 3046 maneret
2457 2991 2513 3045 in
2535 2990 2754 3062 templo,
2787 2991 2931 3062 quod
2959 3000 3078 3047 erat
3104 2991 3436 3061 ignorantia:
3470 2994 3630 3048 nube
3669 3008 3771 3047 con-

2185 3080 2384 3148 fusum,
2414 3083 2509 3138 sed
2534 3091 2683 3139 stans
2730 3084 2787 3137 in
2820 3091 2974 3153 porta
3007 3083 3196 3138 domus
3223 3083 3450 3138 Domini
3491 3084 3768 3150 orientalis,

2185 3187 2305 3242 quae
2334 3180 2636 3244 sequuntur
2662 3182 3004 3229 sacramenta
3044 3183 3381 3244 agnosceret.

2256 3285 2273 3315 ‹
2309 3264 2377 3319 Ει
2397 3277 2524 3320 ecce
2554 3264 2608 3319 in
2639 3265 2862 3320 introitu
2892 3273 3064 3336 portae
3090 3265 3278 3336 viginti
3313 3277 3369 3321 et
3392 3268 3650 3338 quinque
3669 3269 3770 3323 viri.

2188 3375 2207 3408 ι
2241 3357 2308 3411 Et
2351 3357 2464 3411 vidi
2519 3357 2576 3411 in
2607 3359 2786 3412 medio
2832 3374 3019 3412 eorum
3071 3356 3352 3413 Jezoniam
3399 3359 3585 3414 tilium
3627 3361 3768 3425 Azur,

2185 3465 2206 3500 ‹
2240 3456 2297 3503 et
2315 3447 2583 3504 Pheltiam
2619 3450 2789 3504 ﬁlium
2817 3450 3342 3524 Banaim,principes
3374 3455 3594 3524 populi.
3630 3456 3769 3510 Dixit-

2184 3557 2203 3589 ι
2237 3553 2342 3609 que
2367 3539 2437 3594 ad
2463 3554 2550 3594 me
2575 3557 2589 3593 :
2615 3538 2716 3594 Fili
2747 3540 3003 3607 hominis,
3027 3542 3083 3596 hi
3109 3543 3214 3598 viri
3248 3544 3501 3616 cogitant
3528 3547 3769 3618 iniquita-

2183 3649 2204 3683 (
2239 3640 2370 3697 tem,
2400 3641 2456 3686 et
2479 3638 2718 3687 tractant
2749 3633 3035 3688 consilium
3063 3635 3360 3705 pessimum
3399 3639 3460 3693 in
3495 3640 3636 3693 urbe
3667 3641 3770 3703 ista,

2184 3745 2202 3777 ι
2236 3726 2506 3782 dicentes:
2525 3725 2715 3781 Nonne
2741 3727 2941 3783 dudum
2962 3728 3242 3785 aediﬁcata
3264 3741 3392 3786 sunt
3416 3734 3620 3788 domus
3636 3734 3771 3788 ?H;ec

2185 3839 2204 3870 c
2240 3828 2325 3874 est
2363 3820 2532 3884 lebes.
2576 3837 2674 3877 nos
2715 3832 2897 3878 autem
2948 3837 3162 3880 carnes.
3222 3825 3436 3882 Idcirco
3486 3831 3771 3885 vaticinare

2184 3929 2203 3961 (
2238 3911 2303 3966 de
2326 3912 2429 3979 eis,
2458 3913 2778 3980 vaticinare,
2803 3913 2879 3970 ﬁli
2911 3916 3251 3972 hominis.Et
3277 3919 3446 3974 irruit
3475 3921 3530 3976 in
3567 3938 3657 3978 me
3684 3925 3771 3992 spi-

2182 4023 2200 4054 ι
2231 4004 2366 4058 ritus
2388 4003 2620 4059 Domini.
2645 4006 2714 4059 Et
2737 4007 2871 4061 dixit
2912 4007 2980 4062 ad
3019 4024 3105 4064 me
3132 4027 3143 4062 :
3176 4008 3430 4079 Loquere
3462 4027 3476 4064 :
3509 4012 3641 4068 Haec
3656 4013 3771 4068 dicit

2183 4111 2201 4143 ι
2236 4091 2524 4146 Dominus:
2561 4091 2651 4146 Sic
2674 4092 2837 4147 locuti
2867 4094 3020 4159 estis,
3058 4095 3250 4150 domus
3272 4095 3468 4152 Israel.
3498 4097 3569 4154 Et
3591 4101 3772 4169 cogita-

2182 4199 2203 4234 ‹
2241 4182 2415 4238 tiones
2459 4184 2637 4239 cordis
2677 4184 2844 4240 vestri
2870 4201 2968 4258 ego
3004 4188 3152 4254 novi,
3196 4189 3470 4260 plurimos
3511 4194 3770 4250 occidistis

2183 4293 2202 4328 ‹
2242 4275 2294 4329 in
2315 4275 2448 4330 urbe
2477 4277 2600 4330 hac.
2629 4276 2697 4329 Et
2724 4277 2988 4348 implestis
3013 4278 3130 4333 vias
3156 4277 3272 4348 ejus
3295 4281 3634 4339 interfectis.
3662 4283 3771 4341 Pro-

2182 4385 2203 4421 ‹
2237 4375 2426 4438 pterea
2475 4369 2591 4423 lucc
2622 4369 2752 4423 dicit
2794 4370 3054 4426 Dominus
3089 4370 3266 4426 Deus:
3301 4372 3592 4430 lnterfecti
3622 4375 3769 4431 vestri

2186 4477 2204 4512 ι
2240 4474 2376 4530 quos
2414 4460 2673 4529 posuistis
2699 4462 2755 4516 in
2788 4461 2965 4516 medio
3001 4463 3150 4534 ejus,
3192 4463 3249 4518 hi
3305 4475 3437 4520 sunt
3481 4484 3697 4534 carnes,
3728 4477 3773 4524 ct

2185 4567 2206 4600 ι
2241 4550 2357 4605 haec
2385 4558 2470 4606 est
2492 4550 2659 4608 lebes.
2706 4551 2774 4607 Et
2799 4553 3028 4609 educam
3056 4569 3153 4610 vos
3177 4555 3245 4611 de
3275 4556 3460 4612 medio
3487 4560 3628 4631 ejus.
3662 4561 3773 4617 Gla-

477 4641 717 4712 perfecte
764 4619 1104 4714 exhibuerat,
1140 4650 1210 4706 ad
1260 4619 1694 4724 contemplativa
2185 4661 2206 4694 ‘
2248 4643 2398 4698 dium
2441 4645 2730 4714 ῐηθιυίδιίδν
2765 4655 2821 4702 θι
2863 4648 3099 4720 gladium
3134 4651 3388 4707 inducam
3442 4619 3617 4725 suile?
3663 4673 3769 4722 τοῦ,

480 4740 644 4787 tatem
681 4737 893 4792 transit.
924 4737 992 4793 Et
1032 4741 1330 4797 notandum
1355 4745 1498 4814 quod
1544 4746 1714 4814 gratis
1752 4747 1889 4803 liber
1917 4765 2072 4820 egre-

478 4823 643 4891 ditur,
676 4827 802 4896 quia
836 4828 894 4884 hi
929 4830 1022 4899 qui
1050 4841 1337 4903 postquam
1379 4837 1563 4892 omnia
1589 4835 1838 4907 fecerint,
1889 4842 2075 4898 dicunt

476 4931 533 4970 se
560 4917 778 4974 inutiles
804 4934 1012 4976 servos.
1045 4921 1136 4978 Bis
1162 4927 1350 4994 procul
1378 4927 1542 4984 dubio
1570 4929 1714 4986 sicut
1741 4932 1858 5002 ipsa
1894 4934 2074 4991 activa

477 5005 578 5060 fuit
624 5023 692 5062 ex
739 5024 966 5064 munere
1003 5050 1018 5075 ,
1059 5011 1133 5065 ita
1160 5014 1264 5068 erit
1304 5029 1372 5070 ex
1401 5019 1574 5087 gratia
1611 5021 1776 5078 etiam
1828 5036 2074 5082 contem-

476 5099 696 5168 plativa.
726 5119 744 5151 ι
775 5099 909 5156 Cum
934 5102 1079 5172 quali
1107 5113 1258 5160 veste
1286 5107 1571 5166 intraverit
1591 5127 1713 5168 cum
1739 5116 1833 5170 tali
1856 5128 2064 5175 exeat.)

479 5189 616 5256 Quia
669 5192 888 5249 omnino
927 5209 1148 5252 necesse
1193 5206 1278 5254 est
1301 5209 1362 5253 ut
1408 5205 1781 5276 unusquisque
1828 5220 2071 5268 nostrum

481 5279 535 5335 in
589 5281 694 5336 hoc
747 5284 889 5352 quod
944 5287 1133 5360 incipit
1187 5301 1518 5360 perseveret,
1576 5303 1739 5366 atque
1783 5314 1952 5370 usque
2003 5305 2072 5362 ad

481 5373 646 5429 ﬁnem
682 5379 880 5447 operis,
913 5379 966 5436 in
996 5396 1061 5437 ea
1108 5396 1215 5453 qua
1257 5383 1536 5441 inchoavit
1580 5387 1900 5459 intentione,
1947 5411 2071 5466 per-

482 5467 656 5558 duret.
687 5468 780 5526 ille
808 5474 1005 5545 quippe
1039 5476 1177 5534 bene
1216 5479 1284 5534 ad
1333 5483 1812 5554 contemplativam
1855 5491 2067 5558 transit,

482 5557 576 5629 qui
604 5558 658 5613 in
689 5561 864 5616 activa
902 5566 1014 5619 vita
1059 5569 1373 5629 intentionis
1403 5589 1516 5631 suae
1563 5583 1768 5631 vestem
1803 5578 1871 5634 ad
1921 5557 2070 5636 dcte;

447 5673 449 5675 ι
482 5649 626 5705 riora
654 5667 762 5708 non
803 5658 1050 5714 mutavit.
1094 5660 1308 5719 Etenim
1330 5681 1520 5723 servus
1551 5675 1652 5734 est,
1683 5669 1775 5739 qui
1802 5686 1901 5742 per
1929 5674 2066 5728 acti-

480 5745 604 5834 vam
647 5743 817 5800 vitam
871 5746 1182 5808 hominibus
1236 5756 1442 5813 servire
1494 5757 1779 5829 disposuit,
1837 5768 1895 5816 ut
1944 5773 2068 5834 post

481 5845 720 5906 praesens
750 5839 1006 5900 saeculum
1030 5845 1097 5903 ad
1140 5845 1445 5909 libertatem
1493 5849 1682 5910 veram
1717 5843 1902 5913 valeat
1943 5871 2067 5926 per—

2185 4753 2205 4787 ‹
2242 4736 2319 4791 ait
2352 4736 2612 4794 Dominus
2640 4740 2780 4796 Deus
2808 4759 2820 4794 :
2846 4741 2913 4795 Et
2945 4741 3159 4811 ejiciam
3185 4759 3284 4800 vos
3318 4745 3387 4801 de
3409 4750 3604 4804 medio
3629 4751 3767 4819 ejus,

2184 4848 2203 4881 ‹
2247 4830 2496 4902 daboque
2533 4848 2628 4888 vos
2659 4834 2713 4887 in
2742 4849 2904 4888 manu
2933 4835 3192 4902 hostium,
3219 4847 3275 4892 et
3296 4840 3500 4896 faciam
3537 4843 3590 4896 in
3628 4844 3768 4899 vobis

2185 4943 2204 4976 ι
2244 4925 2470 4997 judicia.
2495 4925 2688 4983 Gladio
2729 4929 2954 4995 cadetis,
2983 4929 3037 4984 in
3073 4929 3272 4987 ﬁnibus
3303 4931 3480 4988 Israel
3523 4936 3770 5006 judican

2184 5038 2204 5072 ‹
2245 5035 2361 5076 vos.
2394 5020 2463 5075 Et
2501 5022 2685 5077 scietis
2710 5022 2837 5093 quia
2881 5037 2980 5094 ego
3018 5023 3298 5082 Dominus.
3355 5026 3492 5084 Haec
3539 5045 3651 5085 nou
3677 5031 3768 5085 erit

2187 5129 2206 5162 ‹
2249 5111 2404 5167 vobis
2434 5112 2490 5166 in
2525 5112 2777 5181 lebetem,
2815 5123 2871 5168 et
2895 5130 2992 5170 vos
3026 5131 3133 5172 non
3174 5117 3330 5174 eritis
3369 5119 3426 5173 in
3453 5122 3644 5178 medio
3667 5124 3770 5194 ejus

2186 5218 2206 5253 ‹
2247 5201 2302 5257 in
2323 5218 2552 5260 carnes:
2579 5205 2634 5259 in
2659 5203 2857 5260 ﬁnibus
2880 5205 3043 5262 Israel
3059 5207 3316 5278 judicabo
3339 5225 3463 5278 vos,
3498 5225 3557 5268 et
3593 5216 3771 5270 scietis

2183 5311 2204 5346 ι
2248 5295 2374 5366 quia
2427 5312 2527 5365 ego
2576 5297 2856 5353 Dominus.
2896 5319 2915 5352 ι
2969 5297 3123 5366 Quod
3163 5302 3414 5372 sequitur
3448 5304 3512 5359 in
3545 5305 3772 5378 Septua-

2177 5388 2324 5461 ginta
2376 5405 2483 5444 non
2539 5388 2799 5456 habetur,
2826 5391 2920 5446 sed
2966 5391 3033 5446 de
3073 5391 3298 5448 Hebraeo
3341 5395 3596 5452 additum
3647 5409 3772 5453 est:

2181 5497 2200 5532 ι
2237 5477 2372 5546 Quia
2403 5479 2460 5534 in
2483 5481 2770 5552 praeceptis
2799 5483 2937 5538 meis
2961 5499 3068 5538 non
3099 5485 3437 5553 ambulastis,
3474 5499 3534 5543 et
3567 5491 3772 5561 judicia

2173 5589 2295 5631 mea
2347 5590 2454 5630 non
2503 5575 2731 5644 fecistis,
2763 5585 2819 5633 et
2840 5575 2995 5646 juxta
3020 5579 3224 5650 judicia
3255 5583 3530 5653 gentium,
3563 5602 3690 5657 quae
3723 5586 3772 5641 in

2172 5667 2404 5725 circuitu
2458 5678 2642 5726 vestro
2702 5679 2865 5735 sunt,
2924 5663 3076 5727 estis
3104 5675 3332 5745 operati,
3384 5696 3404 5729 ι
3453 5685 3514 5732 et
3555 5689 3773 5733 caetera.

2169 5751 2496 5818 Assumitur'
2515 5763 2798 5836 propheta,
2830 5760 2987 5832 juxta
3018 5762 3148 5821 illud
3188 5767 3328 5837 quod
3359 5769 3636 5840 scriptum
3657 5781 3776 5826 est:

2177 5874 2195 5908 σ
2227 5848 2530 5916 Αεειιωθηέ
2569 5866 2885 5916 mansuetos
2917 5859 3175 5916 Dominus
3219 5859 3240 5933 (
3272 5858 3425 5917 Psal.
3481 5879 3646 5920 cxrvr
3673 5863 3720 5935 ).
3748 5883 3774 5918 ι
