3938 6360
138 386 235 444 ϐῊ

1093 375 1448 438 COMMENT.
1486 374 1556 432 IN
1590 370 2044 438 EZECHIELEM.
2074 371 2144 415 -ὲ-
2182 373 2310 430 LIB.
2347 372 2456 431 Vl.‘

3303 369 3412 429 6‘9

136 495 259 553 Sive
299 483 555 551 elevatur
597 507 630 549 a
667 498 837 560 terra,
873 499 930 548 et
977 493 1345 549 introducitur
1381 493 1450 548 ad
1500 498 1712 562 portam
1738 494 1795 556 Α
1815 504 1922 560 que
1950 503 2140 555 unum,
2172 497 2228 545 et
2272 488 2433 546 solvit
2471 485 2708 544 medium
2758 487 3045 557 parietem,
3096 486 3411 545 inimicitias

134 590 321 646 domus
354 586 569 643 Domini
599 586 943 654 orientalem,
970 594 1032 642 ut
1055 586 1230 658 possit
1260 585 1452 658 viginti
1480 586 1718 656 quinque

132 684 390 746 virorum,
427 679 518 751 qui
565 689 730 736 erant
767 680 823 735 in
865 680 1100 737 circuitu
1142 687 1345 749 portae,
1380 685 1436 734 et
1480 676 1717 734 Jezonia‘.

136 771 225 826 ﬁlii
289 770 456 838 Azur,
509 780 670 842 atque
712 770 936 826 Pheltiae
963 770 1060 825 ﬁlii
1110 769 1348 837 Banaiaa,
1413 769 1717 841 principum

131 863 309 934 populi
352 872 692 920 sacramenta
743 877 1095 936 cognoscere.
1151 862 1219 918 Hi
1253 863 1420 936 igitur
1458 862 1550 932 qui
1602 862 1715 918 ele-

132 965 260 1019 vant
285 956 339 1010 in
375 955 600 1011 introitu
634 964 805 1027 porta:
833 956 1026 1012 domus
1050 955 1265 1011 Domini
1300 954 1599 1019 orientalis,
1624 954 1718 1011 de-

132 1055 412 1118 sperantes
450 1047 679 1103 salutem
716 1056 772 1103 et
793 1047 1064 1104 scelerum
1093 1047 1425 1104 conscientia
1455 1046 1628 1117 parati
1649 1046 1719 1101 ad

131 1139 425 1206 interitum,
461 1155 563 1195 nec
607 1139 851 1196 volentes
901 1156 1000 1211 per
1062 1140 1451 1212 pmnitudinem
1495 1147 1719 1209 peccata

129 1231 417 1303 corrigere,
458 1231 647 1288 dicunt
691 1232 817 1288 licet
845 1248 1018 1304 nuper
1057 1241 1181 1302 post
1218 1232 1453 1303 primam
1494 1231 1720 1302 captivi-

129 1332 292 1380 tatem
326 1324 605 1381 aediﬁcata:
635 1327 743 1383 sint
774 1327 988 1394 domus,
1042 1341 1165 1396 qua
1204 1335 1331 1382 ante
1370 1331 1718 1393 corruerant,

128 1422 304 1468 tamen
343 1416 546 1472 scimus
594 1416 740 1472 hanc
785 1417 1059 1472 civitatem
1101 1432 1224 1474 esse
1263 1418 1438 1472 instar
1481 1416 1697 1482 lebetis,

126 1520 222 1558 nos
254 1520 470 1577 quoque
508 1523 609 1579 pro
639 1507 896 1565 carnibus
934 1517 996 1564 ut
1030 1509 1084 1564 in
1124 1525 1188 1565 ea
1229 1521 1618 1566 consumamur
1662 1517 1720 1565 et

125 1609 567 1665 concrememur,
618 1600 773 1670 juxta
825 1600 956 1654 illud
1005 1601 1149 1671 quod
1199 1602 1462 1672 scriptum
1515 1610 1598 1657 est
1661 1601 1719 1656 in

120 1683 259 1741 Isaia
285 1707 297 1741 :
338 1707 357 1740 ι
389 1689 708 1762 Tempestas
742 1691 786 1746 si
813 1693 1111 1760 transierit,
1135 1709 1243 1749 non
1280 1703 1520 1750 assumet
1548 1709 1666 1750 nos.
1692 1713 1713 1747 ι

119 1773 230 1832 Illis
272 1777 375 1832 ista
422 1779 744 1847 dicentibus,
796 1781 956 1836 irruit
1008 1782 1064 1836 in
1119 1783 1449 1854 Prophetam
1495 1783 1718 1853 spiritus

1821 580 1875 635 in
1899 594 1995 635 sua
2015 593 2183 636 carne
2210 579 2576 635 condemnans
2605 575 2841 650 (EpIm.
2876 578 2992 653 ιι).
3030 577 3188 638 Unde
3213 587 3269 637 et
3314 595 3412 635 au-

1819 670 2028 746 gustius
2064 671 2194 742 quid
2239 670 2481 741 loquitur
2537 677 2702 740 atque
2754 669 3076 727 sublimius:
3113 689 3134 722 t
3189 671 3303 743 Ego
3355 678 3414 728 et

1817 768 1974 834 pater
1999 775 2168 818 unum
2196 775 2384 817 sumus
2410 759 2430 834 (
2463 759 2627 817 loan.
2667 777 2704 816 x
2729 759 2784 835 ),
2821 778 2843 814 ι
2887 770 2947 817 ιιι
2973 778 3003 817 a
3033 761 3254 818 Iudaica
3279 763 3413 818 dua-

1817 849 1975 907 litate
2033 849 2090 906 in
2139 850 2396 907 unionem
2446 867 2546 908 nos
2597 859 2818 907 revocet
2882 850 3008 908 ﬁdei
3067 851 3406 908 Christianae.

1819 941 2062 1015 Denique
2119 943 2435 1015 pontiﬁcatu
2491 944 2706 1016 perdito
2774 943 3084 1001 Iudaeorum
3151 944 3412 1002 Dominus

1817 1034 2026 1105 patitur
2087 1049 2428 1106 nequaquam
2479 1036 2581 1092 sub
2631 1052 2743 1092 uno
2795 1035 3040 1107 principe
3065 1075 3082 1102 ,
3147 1037 3243 1092 sed
3311 1037 3412 1092 sub

1820 1126 2052 1194 duobus,
2071 1127 2227 1184 Anna
2251 1137 2307 1184 et
2341 1127 2567 1200 Caipha,
2595 1137 2658 1185 ut
2695 1129 2972 1202 religionis
3001 1144 3190 1186 eorum
3217 1128 3412 1184 falsum

1821 1229 2151 1278 monstraret
2198 1237 2462 1279 errorem.
2495 1222 2635 1279 Sunt
2657 1223 2811 1279 multi
2855 1224 2911 1279 in
2939 1222 3101 1295 hujus
3120 1231 3292 1295 porta:
3333 1224 3415 1278 in-

1821 1311 1987 1366 troitu
2031 1320 2158 1368 ante
2195 1313 2415 1369 domum
2475 1313 2691 1370 Domini
2734 1313 3075 1382 orientalem,
3128 1314 3218 1385 qui
3266 1313 3414 1369 vitiis

1820 1404 1933 1460 suis
1985 1404 2296 1461 nationibus
2341 1417 2751 1477 comparantur,
2781 1415 2836 1464 et
2881 1415 3234 1478 peccatorum
3285 1420 3415 1461 con-

1821 1496 2050 1553 scientia
2093 1499 2383 1574 desperant
2442 1499 2690 1567 salutem,
2734 1509 2790 1555 et
2826 1499 3015 1556 dicunt
3055 1517 3068 1554 :
3112 1498 3317 1556 Civitas
3358 1497 3413 1551 in

1822 1606 1928 1662 qua
1971 1605 2274 1659 versamur,
2317 1592 2468 1650 lebes
2513 1602 2614 1662 est,
2652 1603 2706 1650 et
2740 1610 2839 1651 nos
2880 1608 3070 1650 omnes
3119 1607 3332 1658 carnes,
3362 1599 3420 1647 et

1821 1681 2114 1754 Babylonio
2140 1699 2525 1740 consumemur
2545 1687 2738 1743 ardore
2763 1685 2881 1755 ejus
2903 1685 3058 1756 cujus
3080 1684 3224 1740 idola
3245 1682 3415 1754 ignita

1823 1783 1970 1830 sunt.
2014 1774 2271 1833 Nolentes
2314 1778 2478 1850 igitur
2517 1795 2677 1851 agere
2710 1780 3090 1851 pmnitentiam
3121 1787 3178 1834 et
3220 1779 3414 1848 despe-

117 1866 336 1923 Domini
370 1878 428 1925 et
451 1872 685 1927 secundo
714 1874 969 1944 praecepit
995 1882 1056 1928 ut
1079 1875 1409 1930 vaticinetur
1428 1890 1495 1930 ac
1519 1875 1668 1930 dicat
1695 1892 1710 1930 :

1826 1873 2003 1922 rantes
2035 1866 2288 1936 salutem,
2327 1881 2618 1941 propterea
2678 1873 2924 1939 audiunt,
2976 1870 3120 1943 quod
3150 1885 3259 1927 non
3313 1869 3414 1941 ipsi

121 1960 389 2028 Quoniam
436 1963 544 2018 ista
597 1964 832 2030 dixistis,
890 1973 946 2020 et
981 1967 1228 2022 cordium
1282 1975 1589 2022 vestrorum
1625 1983 1716 2023 me

123 2059 327 2106 secreta
375 2066 485 2108 non
537 2052 748 2120 fallunt,
778 2069 879 2127 ego
921 2056 1075 2112 vobis
1116 2058 1537 2129 interpretabor,
1582 2075 1718 2130 quo-

126 2143 280 2198 modo
321 2143 518 2200 civitas
547 2145 604 2199 in
645 2145 902 2214 lebetem,
928 2157 984 2203 et
1029 2165 1125 2205 vos
1151 2150 1206 2204 in
1262 2165 1456 2207 carnes
1500 2161 1718 2223 repute-

126 2232 272 2299 mini,
314 2249 424 2288 non
461 2233 616 2302 juxta
665 2236 816 2292 illum
852 2252 1090 2306 sensum,
1135 2255 1298 2310 quem
1339 2241 1506 2297 locuti
1557 2244 1713 2310 estis,

125 2324 214 2378 sed
236 2324 396 2394 juxta
430 2325 684 2394 alterum,
737 2343 900 2398 quem
937 2345 1046 2386 non
1090 2333 1313 2389 timetis.
1356 2332 1452 2390 Est
1497 2335 1718 2405 quidem

126 2415 315 2472 civitas
359 2417 417 2473 in
467 2417 662 2474 lebetis
712 2419 1142 2490 similitudinem,
1200 2424 1298 2480 sed
1353 2441 1462 2482 non
1515 2429 1714 2484 vestris

125 2505 430 2576 implebitur
467 2509 743 2577 carnibus,
787 2527 976 2569 verum
1005 2529 1218 2580 eorum,
1264 2531 1400 2585 quos
1446 2517 1720 2575 interfeci-

125 2600 235 2656 stis.
266 2600 383 2658 Vos
441 2613 644 2671 autem,
707 2607 800 2676 qui
849 2609 1190 2664 arbitramini
1228 2626 1324 2666 vos
1350 2611 1408 2667 in
1447 2612 1551 2668 hac
1583 2613 1718 2669 urbe

123 2694 438 2762 morituros,
465 2697 694 2753 educam
751 2697 820 2753 de
857 2700 1037 2755 medio
1087 2701 1343 2769 civitatis,
1400 2713 1457 2759 et
1506 2705 1716 2761 tradam

125 2783 360 2841 hostium
413 2789 684 2854 manibus,
735 2788 1040 2863 faciamque
1082 2793 1138 2848 in
1188 2796 1341 2852 vobis
1394 2795 1618 2867 judicia,
1657 2807 1720 2854 ut

123 2888 241 2929 cum
263 2875 574 2934 cecideritis
601 2880 800 2949 gladio,
823 2899 1165 2954 nequaquam
1193 2885 1249 2940 in
1273 2887 1408 2943 urbe
1436 2904 1538 2945 nec
1561 2899 1716 2945 extra

125 2965 386 3022 terminos
429 2965 617 3031 Israel,
658 2973 752 3025 sed
791 2973 847 3025 in
901 2974 1099 3030 ﬁnibus
1157 2985 1355 3032 vestrae
1402 2980 1712 3049 provinciae,

127 3062 247 3110 tunc
316 3058 656 3127 cognoscetis
712 3062 856 3130 quod
917 3079 1018 3135 ego
1084 3067 1186 3122 sim
1244 3068 1526 3126 Dominus.
1589 3070 1718 3127 Haec

125 3155 302 3204 autem
327 3149 575 3204 universa
609 3152 912 3221 patiemini,
959 3157 1087 3225 quia
1137 3157 1191 3212 in
1244 3161 1532 3232 praeceptis
1577 3162 1716 3218 meis

1817 1957 1928 2014 sint
1976 1973 2172 2016 carnes
2201 1962 2491 2031 praeteritae
2535 1971 2590 2019 et
2637 1965 2860 2036 perditae
2895 1964 3152 2030 civitatis,
3199 1964 3297 2020 sed
3334 1963 3435 2044 hi,

1818 2067 1955 2122 quos
2001 2053 2512 2122 scandalizaverint,
2582 2071 2718 2126 quos
2791 2057 3182 2114 interfecerint.
3220 2057 3290 2112 Et
3334 2055 3417 2110 id-

1823 2142 1972 2198 circo
2002 2158 2168 2214 super
2214 2159 2309 2201 eos
2353 2146 2562 2218 gladius
2612 2148 2907 2216 inducitur,
2933 2159 2992 2205 ut
3027 2157 3315 2220 postquam
3358 2148 3416 2202 in

1819 2232 2017 2291 ﬁnibus
2068 2235 2233 2292 Israel
2271 2253 2615 2309 nequaquam
2668 2239 2810 2296 inter
2869 2249 3078 2312 gentes,
3135 2241 3230 2296 sed
3278 2240 3420 2295 inter

1818 2323 2157 2382 Christianos
2191 2326 2394 2384 fuerint
2437 2329 2690 2398 iudicati,
2738 2339 2869 2387 tunc
2897 2339 3248 2404 cognoscant,
3291 2330 3426 2400 quia

1819 2416 1935 2488 ipse
1982 2420 2055 2475 sit
2093 2420 2384 2490 Dominus,
2422 2425 2718 2480 secundum
2762 2425 2895 2480 illud
2929 2427 3074 2496 quod
3098 2426 3154 2480 in
3188 2424 3420 2480 Psalmis

1817 2508 2046 2582 legitur:
2100 2532 2119 2565 ‹
2188 2512 2324 2568 Cum
2363 2514 2698 2572 interﬁceret
2742 2532 2859 2586 eos,
2899 2517 3255 2589 requirebant
3293 2531 3419 2571 eum

1819 2600 1840 2674 (
1869 2599 2021 2658 Psal.
2060 2620 2246 2660 Lxxvn
2270 2605 2291 2679 )
2313 2646 2330 2672 ,
2363 2625 2382 2658 ι
2427 2615 2488 2662 ιιι
2524 2623 2686 2678 quem
2716 2625 2816 2679 per
2842 2608 3108 2666 beneﬁcia
3160 2624 3269 2665 non
3297 2622 3422 2665 sen-

1818 2703 2022 2762 serant,
2055 2711 2149 2763 per
2174 2705 2446 2754 tormenta
2481 2709 2833 2772 cognoscant.

1895 2806 1916 2840 ‹
1952 2788 2022 2843 Ει
2048 2788 2251 2846 factum
2276 2799 2363 2847 est
2388 2808 2511 2848 cum
2534 2795 2917 2866 prophetarem
2943 2796 3260 2868 prephetias
3280 2795 3423 2850 ﬁlius

1828 2897 1847 2931 t
1882 2879 2102 2937 Banaia:
2131 2891 2380 2940 mortuus
2420 2894 2524 2952 est,
2579 2893 2636 2940 et
2691 2888 2861 2943 cecidi
2897 2887 2953 2943 in
3002 2888 3198 2944 faciem
3243 2903 3420 2942 meam

1825 2988 1846 3023 (
1878 2971 2119 3030 clamans
2145 2990 2277 3031 voce
2300 2991 2516 3048 magna,
2547 2985 2599 3034 et
2626 2979 2737 3035 di-xi
2774 2997 2788 3034 :
2820 2978 2960 3048 Heu,
2997 2980 3125 3048 heu,
3154 2978 3281 3047 heu,
3314 2981 3422 3036 Do-

1825 3081 1844 3115 ‹
1882 3063 2029 3119 mine
2060 3064 2221 3133 Deus,
2251 3071 2777 3126 consummationem
2811 3080 2871 3126 tu
2905 3071 3040 3127 facis
3070 3072 3422 3142 reliquiarum

1824 3172 1843 3205 ί
1891 3153 2091 3210 Israel?
2125 3176 2144 3209 ι
2208 3156 2552 3214 Vaticinante
2594 3161 2878 3231 propheta,
2937 3177 3080 3218 unus
3138 3179 3168 3217 e
3218 3162 3425 3217 duobus

123 3252 223 3294 non
252 3241 600 3308 ambulastis,
625 3251 681 3298 et
714 3245 917 3315 judicia
947 3263 1069 3303 mea
1095 3265 1204 3305 non
1229 3228 1457 3319 fecistis,
1488 3253 1582 3308 sed
1604 3269 1714 3310 ca:-

1826 3243 2176 3314 principihus,
2241 3246 2483 3304 Pheltias
2536 3228 2958 3307 ﬁlius—Banaiae
3024 3253 3277 3318 moritur,
3332 3252 3422 3322 qui

127 3338 368 3385 terarum
403 3331 458 3386 in
500 3333 730 3389 circuitu
773 3338 1018 3408 gentium
1063 3340 1269 3396 scelera
1307 3342 1442 3398 estis
1482 3343 1714 3413 operati.
1820 3338 2210 3409 interpretatur
2244 3341 2402 3397 ruina
2430 3341 2732 3399 declinans.
2761 3343 2834 3400 Et
2856 3353 2941 3400 est
2960 3345 3104 3402 ﬁlius
3134 3345 3424 3402 structoris

125 3420 368 3491 Cumque
409 3424 704 3480 secundum
744 3426 985 3483 litteram
1025 3429 1372 3488 manifestum
1438 3433 1534 3501 sit,
1572 3435 1719 3506 quod
1819 3431 1933 3488 sive
1973 3435 2335 3491 ccementarii.
2389 3436 2458 3492 Et
2493 3437 2631 3494 alter
2683 3438 2991 3509 principum
3050 3447 3304 3495 servatur
3342 3438 3427 3493 in-

124 3511 344 3578 dicitur,
382 3516 600 3573 omissis
623 3533 916 3591 parumper
947 3520 1185 3580 Jezonite
1228 3532 1286 3580 et
1336 3524 1506 3594 Azur,
1557 3526 1719 3584 Phel-
1818 3523 2074 3594 colurnis,
2117 3524 2370 3583 Jezonias
2414 3527 2556 3585 ﬁlius
2597 3529 2760 3584 Azur.
2804 3529 3056 3586 Jezonias
3104 3545 3258 3584 aures
3310 3528 3426 3599 ejus

126 3603 210 3658 tiae
260 3613 321 3660 et
374 3604 590 3663 Banaiae
645 3610 977 3678 nominibus,
1027 3628 1148 3684 quae
1209 3614 1264 3670 in
1311 3624 1523 3687 tempus
1574 3618 1717 3675 aliud
1819 3626 1996 3685 sonat,
2056 3621 2201 3690 quod
2263 3620 2583 3676 subauditur
2645 3622 2860 3678 animae.
2923 3620 3074 3678 Azur
3135 3635 3267 3679 vero
3321 3619 3428 3690 ful-

125 3712 490 3767 reservamus,
527 3701 630 3757 hoc
675 3703 964 3760 dicendum
999 3714 1100 3773 est,
1152 3708 1296 3777 quod
1333 3724 1510 3781 usque
1557 3711 1717 3767 hodie
1821 3724 1972 3763 crum
2036 3710 2151 3766 sive
2206 3710 2539 3781 adjutorium
2607 3714 3022 3784 interpretatur.
3076 3712 3182 3781 Qui
3258 3710 3426 3783 igitur

127 3787 179 3842 in
213 3790 463 3859 ecclesia,
488 3808 609 3862 quae
637 3802 722 3850 est
757 3795 948 3852 domus
994 3797 1115 3866 Dei,
1147 3807 1204 3855 et
1245 3808 1372 3854 ante
1411 3809 1624 3870 portam
1664 3810 1721 3858 et
1821 3803 2062 3860 cadendo
2085 3819 2117 3859 a
2164 3806 2395 3862 Domino
2447 3807 2751 3864 declinarat
2800 3815 2858 3864 et
2881 3815 3000 3864 erat
3047 3805 3422 3863 tediﬁcationis

128 3879 181 3934 in
223 3881 470 3949 introitu,
494 3884 608 3940 sive
635 3884 691 3940 in
714 3887 800 3940 via
823 3895 1010 3957 portae,
1039 3905 1160 3960 quae
1183 3891 1721 3962 signiﬁcatSalvato-
1820 3898 2090 3967 pessimae,
2148 3908 2296 3956 recte
2342 3902 2511 3968 cadit,
2567 3903 2928 3974 prophetante
2980 3916 3047 3957 eo
3085 3915 3249 3973 quem
3297 3913 3426 3955 con-

126 3986 262 4038 rem,
286 3991 385 4045 per
424 3992 586 4046 quem
620 3977 956 4049 ingredimur
991 3983 1059 4036 ad
1080 3982 1321 4052 Patrem,
1369 3994 1496 4041 sunt
1525 3987 1721 4058 viginti
1820 3992 2045 4048 fortavit
2089 3993 2386 4061 Dominus;
2449 3995 2546 4065 qui
2580 4003 2761 4051 autem
2807 3995 3096 4066 praeceptis
3139 3992 3427 4048 obediebat

127 4065 372 4136 quinque
395 4069 497 4121 viri
539 4069 605 4123 ad
634 4083 826 4123 sensus
856 4079 1050 4126 cuncta
1089 4073 1408 4131 referentes.
1451 4077 1521 4132 Et
1551 4093 1722 4148 quan-
1822 4081 1940 4149 Dei,
1987 4093 2043 4138 et
2069 4082 2214 4139 illius
2249 4085 2658 4141 sustentabatur
2702 4100 2768 4140 ac
2812 4065 3150 4140 fulciebatur
3199 4082 3424 4147 auxilio,

126 4164 245 4212 tum
276 4171 385 4212 non
427 4157 750 4229 subterfugit
776 4161 1095 4217 memoriam
1123 4178 1324 4232 meam,
1361 4182 1638 4238 nunquam
1665 4170 1722 4224 in
1822 4179 1971 4227 recte
2025 4172 2083 4226 in
2162 4173 2391 4242 imperio
2463 4173 2646 4244 populi
2709 4183 3010 4244 permanet.
3065 4172 3319 4244 Legimus
3370 4172 3426 4225 in

125 4249 330 4303 bonam
355 4255 564 4317 partem
594 4249 740 4304 hunc
773 4265 1058 4308 numerum
1095 4254 1247 4323 potui
1283 4256 1547 4324 invenire,
1597 4257 1724 4314 licet
1826 4263 2016 4319 Exodo
2045 4261 2265 4335 (Exod.
2300 4279 2339 4319 ιι
2383 4263 2403 4336 )
2434 4272 2649 4320 mortuo
2700 4264 2986 4322 Pharaone
3030 4279 3160 4335 rege
3204 4262 3426 4337 Egypti

127 4337 184 4393 in
234 4337 539 4394 Leviticum
589 4348 646 4394 et
684 4342 1020 4399 sacerdotale
1060 4345 1424 4403 ministerium
1470 4363 1502 4404 a
1531 4349 1723 4422 viginti
1824 4356 2155 4428 ingemuisse
2213 4357 2354 4413 ﬁlios
2394 4356 2584 4425 Israel,
2629 4361 2697 4415 ab
2736 4359 2989 4430 Operibus
3028 4359 3308 4430 palearum
3361 4371 3425 4411 ac

131 4429 371 4500 quinque
396 4430 553 4486 annis
581 4432 881 4503 eligantur;
909 4435 967 4490 in
992 4435 1222 4494 Hebraeo
1247 4439 1394 4495 enim
1418 4457 1529 4497 non
1557 4443 1723 4498 habet
1824 4447 2033 4515 lateris,
2063 4457 2118 4504 et
2158 4448 2426 4506 clamasse
2453 4451 2521 4505 ad
2553 4429 2863 4519 Dominum,
2904 4429 3064 4522 quem
3095 4451 3188 4508 illo
3211 4451 3427 4506 vivente

133 4521 279 4577 hunc
304 4525 721 4594 numerum,qui
750 4525 805 4579 in
832 4524 1186 4600 Septuaginta
1211 4531 1430 4599 dicitur,
1447 4535 1542 4590 sed
1566 4536 1725 4590 trice-
1748 4585 1802 4615 η
1826 4539 2118 4596 inclamare
2145 4556 2256 4597 non
2290 4550 2561 4612 poterant.
2609 4544 2776 4599 Isaias
2805 4521 3022 4615 quoque
3053 4550 3271 4599 mortuo
3296 4541 3428 4603 Ozia

128 4608 369 4679 'narium,
417 4613 509 4684 qui
533 4615 589 4668 in
635 4616 858 4672 exordio
887 4617 1047 4688 hujus
1095 4620 1380 4692 Prophetaa
1404 4632 1460 4679 et
1510 4625 1721 4681 Domini
1749 4608 1802 4646 ν
1833 4646 1961 4702 rege
1983 4631 2231 4702 leproso:
2264 4608 2425 4688 ίνὶίίἰ
2463 4635 2752 4691 Dominum
2777 4608 3053 4692 sedentem
3080 4649 3242 4704 super
3272 4635 3425 4690 thro-

141 4703 446 4758 continetur
473 4712 653 4772 aetate,
685 4706 901 4775 quando
925 4710 1075 4764 venit
1101 4711 1170 4765 ad
1220 4710 1421 4768 fluenta
1478 4712 1728 4772 Iordanis
1833 4737 1966 4776 num
2019 4723 2296 4779 excelsum
2350 4734 2405 4779 et
2455 4725 2747 4790 elevatum,
2801 4733 2855 4780 et
2904 4703 3176 4794 seraphim
3226 4723 3427 4779 stantia

142 4800 194 4846 et
221 4809 251 4847 a
293 4794 502 4851 Joanne
546 4797 852 4870 baptizatus
875 4811 974 4856 est.
1007 4801 1106 4857 Sin
1132 4811 1312 4860 autem
1336 4805 1390 4860 in
1432 4806 1726 4881 Evangelia
1831 4813 1978 4868 circa
2005 4828 2125 4869 eum
2156 4813 2177 4885 (
2203 4813 2316 4869 Isa.
2352 4830 2406 4869 v1
2438 4814 2490 4886 ).
2530 4835 2549 4869 ι
2603 4815 3019 4887 lntelligensque
3062 4815 3337 4888 immunda
3367 4828 3425 4869 se

144 4884 163 4956 (
192 4885 382 4984 Matth.
410 4889 582 4962 χχιιι)
628 4891 864 4972 quinque
887 4893 1125 4966 virgines
1149 4895 1467 4965 prudentes,
1490 4906 1546 4953 et
1569 4901 1727 4970 quin—
1829 4907 2033 4964 habere
2062 4884 2222 4975 labia,
2251 4917 2306 4964 et
2328 4884 2577 4968 habitare
2615 4913 2670 4967 in
2722 4884 2947 4984 populo—
2974 4912 3252 4968 immunda
3284 4884 3428 4966 labia

147 4991 248 5047 que
308 4977 472 5036 fatuae
533 4983 900 5053 reperiuntur,
953 4987 1188 5042 sciamus
1240 4989 1386 5044 hunc
1438 5005 1725 5048 numerum
1827 4996 2078 5065 habente,
2111 5009 2352 5056 meretur
2379 5010 2437 5057 ut
2463 5003 2528 5059 de
2554 4977 2897 5061 altaritca-rbo
2921 5004 3185 5070 mittatur,
3214 5011 3270 5058 et
3287 5002 3429 5057 labia

145 5070 200 5125 in
223 5073 404 5130 medio
429 5075 687 5144 positum,
735 5085 790 5134 et
811 5093 914 5149 pro
939 5080 1201 5151 qualitate
1230 5083 1518 5150 utentium,
1541 5085 1627 5142 vel
1665 5087 1733 5144 ad
1836 5090 1956 5161 ejus
1978 5101 2171 5164 purget
2196 5091 2496 5150 immunda.
2527 5093 2629 5151 Hic
2655 5104 2860 5163 autem,
2892 5095 3248 5166 prophetante
3269 5091 3428 5147 forti-

145 5171 370 5254 bonam,
417 5177 503 5232 vel
528 5179 597 5234 ad
645 5179 845 5250 malam
897 5189 1108 5252 partem
1141 5197 1302 5254 posse
1361 5185 1617 5242 conferri.
1664 5185 1732 5242 Hi

148 5261 308 5334 igitur
363 5267 492 5334 viri,
550 5269 644 5338 qui
706 5281 904 5327 cuncta
954 5275 1025 5330 ad
1089 5290 1282 5332 sensus
1342 5275 1603 5344 referunt,
1662 5286 1720 5334 et

150 5351 348 5412 habent
384 5358 519 5414 duos
547 5361 841 5433 principes,
890 5364 958 5420 de
1012 5367 1209 5436 quibus
1267 5383 1430 5441 supra
1473 5370 1728 5440 diximus,

153 5445 291 5504 duali
329 5467 559 5508 numero
605 5455 976 5525 continentur,
1045 5461 1138 5530 qui
1187 5462 1386 5520 scindit
1441 5466 1731 5538 unitatem,

153 5544 205 5592 et
243 5541 296 5596 in
334 5544 583 5600 secundae
618 5545 725 5603 diei
753 5563 983 5607 numero
1012 5565 1124 5606 non
1169 5553 1383 5610 videtur
1407 5571 1438 5611 a
1479 5556 1732 5630 Domino,

150 5627 298 5698 juxta
343 5633 663 5694 Hebraicam
703 5642 1008 5700 veritatem.
1054 5642 1210 5703 Unde
1260 5656 1317 5704 et
1357 5649 1412 5706 in
1449 5667 1576 5708 arca
1619 5627 1734 5712 Noe

154 5719 277 5819 bina
313 5737 369 5782 et
403 5730 530 5786 bina
565 5732 981 5793 introducuntur
1018 5737 1296 5796 immunda
1346 5740 1368 5813 (
1403 5741 1532 5800 Gen.
1579 5761 1654 5801 vn
1687 5745 1729 5819 ).

156 5803 408 5879 Dominus
431 5823 745 5886 scissionem
771 5825 827 5886 in
853 5845 1020 5889 unum
1042 5841 1345 5904 eoarctans,
1374 5835 1501 5892 fecit
1520 5803 1735 5896 utrum-

1838 5183 2027 5241 tudine
2048 5184 2166 5251 Dei,
2196 5185 2472 5258 princeps,
2503 5187 2650 5257 quia
2677 5185 2892 5244 Domini
2923 5184 3289 5242 declinaverat
3313 5198 3430 5239 ser-

1835 5279 2029 5346 vitute,
2054 5279 2200 5336 cadit
2242 5289 2302 5336 ut
2333 5281 2640 5338 elevaretur
2664 5297 2696 5337 a
2721 5281 2958 5337 Christo.
2987 5279 3046 5335 Si
3076 5279 3220 5336 enim
3250 5291 3430 5334 resur-

1836 5371 2006 5427 rectio
2033 5371 2316 5442 Dominus,
2357 5375 2515 5430 ruina
2543 5372 2791 5429 diabolus
2813 5380 2918 5439 est,
2951 5372 3007 5428 in
3033 5386 3144 5444 quo
3165 5369 3430 5444 quaeritur

1841 5464 2111 5534 quomodo
2139 5464 2206 5520 de
2251 5465 2538 5523 Salvatore
2565 5466 2807 5523 dicatur:
2845 5483 2867 5520 ι
2918 5464 3061 5524 Ecce
3102 5462 3193 5521 hic
3218 5461 3429 5535 positus

1841 5563 1928 5612 est
1955 5557 2012 5611 in
2048 5559 2262 5613 ruinam
2300 5567 2355 5614 et
2386 5557 2842 5615 resurrectionem
2871 5559 3168 5615 multorum
3191 5553 3246 5609 in
3271 5551 3420 5610 lsrae

1841 5645 2012 5718 (Luc.
2047 5663 2086 5704 ιι
2117 5647 2156 5720 ).
2196 5670 2214 5702 ι
2250 5651 2310 5706 In
2338 5652 2551 5706 ruinam
2576 5667 2789 5720 eorum,
2813 5651 2908 5724 qui
2934 5650 3152 5708 stabant
3168 5645 3422 5718 pessime,

1841 5747 1896 5795 et
1923 5743 2379 5800 resurrectionem
2409 5733 2599 5800 eorum
2621 5747 2714 5817 qui
2735 5746 3062 5803 ceciderant.
3108 5735 3263 5808 Quod
3301 5750 3426 5793 cum

1842 5830 2114 5905 Propheta
2140 5837 2382 5906 vidisset,
2416 5839 2610 5896 cecidit
2649 5839 2704 5896 in
2735 5838 2930 5897 faciem
2964 5851 3119 5894 suam
3151 5847 3261 5891 non
3297 5842 3426 5902 peo-
