3938 6360
454 311 559 372 645
1094 312 1156 374 Β.
1193 315 1451 375 ΒΑΒΑΝΙ
1484 315 1706 377 ΠΑΗΒΙ
1742 312 2067 379 ΑΒΟΒΙΕΡ.
2105 312 2420 375 ΒΟΩΠΝΤ.
2462 312 2750 379 ορειωιι
2784 315 2965 374 PARS
2998 316 3062 373 II.
3668 312 3771 374 αι

448 430 630 490 cautis
687 428 907 497 merito,
971 431 1073 489 sed
1125 431 1433 504 plangentis
1496 429 1715 488 aﬂ‘ectu.
1778 431 1852 487 Et
1912 446 2049 489 voce
2068 432 2127 499 Α
2153 448 2175 482 ‹
2217 437 2275 486 et
2316 429 2751 487 abominationes
2779 445 2909 486 suas
2944 427 3188 485 ambulat
3218 445 3232 482 :
3264 429 3478 485 herum
3510 427 3683 484 vim
3718 429 3771 485 in

450 540 670 600 magna,
701 539 822 596 qua:
860 524 929 581 de
965 541 1161 599 magno
1181 526 1306 582 fidei
1332 527 1528 582 ardore
1551 525 1826 593 veniebat,
1878 527 2044 583 tertio
2150 540 2171 576 ι
2216 522 2391 593 capite
2416 537 2516 578 suo
2539 537 2763 594 ponam,
2787 523 2920 579 dicit
2944 521 3206 580 Dominus
3230 524 3394 591 Deus,
3418 545 3447 576 ι
3482 532 3616 579 ese.

449 615 707 673 clamavit
726 626 782 673 et
810 616 977 673 dixit:
998 635 1019 670 ε
1040 616 1177 684 Heu,
1193 618 1324 685 heu,
1339 618 1469 687 heu,
1482 617 1709 675 Domine
1727 617 1893 685 Deus,
1914 632 2046 673 con-
2213 614 2480 685 Loquitur
2511 631 2693 672 sermo
2733 616 2951 674 divinus
2973 618 3043 674 ad
3071 633 3185 684 eos,
3212 619 3307 689 qui
3333 619 3567 690 captivi
3614 630 3773 674 θηιιι

455 729 474 762 ι
511 710 932 766 summationem
964 718 1022 765 tu
1064 708 1200 765 facis
1248 709 1608 781 reliquiarum
1659 708 1873 773 Israel?
1907 728 1928 762 ι
1977 708 2048 764 Et
2146 704 2205 762 in
2239 714 2386 763 terra
2412 706 2723 779 Babylonis,
2753 708 2823 763 ad
2850 706 3053 767 fratres
3092 710 3393 767 Ezechielis
3444 712 3769 781 propheta,

447 813 534 861 est
559 819 783 861 sensus:
829 803 1007 860 Etiam
1044 803 1176 875 ipsa:
1200 803 1442 874 reliquiae
1466 818 1588 875 quas
1618 816 1743 860 esse
1786 802 2047 861 videban-

450 905 541 951 tur
560 897 615 952 in
644 896 843 968 popqu
870 903 924 951 te
960 895 1278 967 indignante
1297 896 1583 955 delentur?

527 1007 545 1040 ι
573 988 646 1043 Et
664 986 866 1044 factum
886 996 971 1043 est
997 988 1223 1044 verbum
1244 978 1458 1044 Domini
1476 988 1550 1044 ad
1567 1003 1671 1056 ne,
1698 989 1920 1046 dicens:
1944 989 2049 1049 Fili

455 1102 476 1135 ι
519 1080 773 1147 hominis,
806 1079 1005 1136 fratres
1034 1080 1130 1145 tui,
1155 1080 1357 1141 fratres
1377 1080 1479 1150 tui,
1504 1082 1606 1139 viri
1635 1082 1925 1155 propinqui
1946 1083 2045 1149 tui.

455 1191 475 1224 ‹
523 1180 579 1228 et
601 1171 779 1228 omnis
818 1172 1010 1229 demus
1039 1173 1207 1229 Israel
1249 1174 1523 1242 universi,
1556 1176 1754 1245 quibus
1792 1177 2052 1234 dixerunt

457 1281 476 1315 ι
528 1263 868 1321 habitatores
887 1263 1188 1321 Jerusalem
1220 1282 1235 1321 :
1265 1263 1448 1338 longe
1472 1267 1711 1322 reeedite
1732 1283 1765 1323 a
1788 1268 2047 1335 Domino,

456 1376 476 1408 ‹
530 1356 686 1413 nobis
724 1354 853 1412 data
882 1365 968 1413 est
1022 1366 1169 1413 terra
1208 1359 1264 1413 in
1300 1359 1724 1432 possessionem.
1754 1359 2053 1430 Propterea

458 1465 477 1498 ι
513 1448 631 1503 htec
661 1447 792 1503 dicit
825 1449 1086 1505 Dominus
1125 1449 1291 1518 Deus,
1322 1452 1453 1523 quia
1494 1450 1655 1524 longe
1699 1452 1808 1510 feci
1851 1469 1950 1511 eos
1993 1455 2069 1512 in:

456 1557 475 1590 ι
532 1539 803 1608 gentibus,
835 1548 892 1596 et
914 1541 1040 1611 quia
1068 1541 1323 1613 dissipavi
1353 1557 1452 1600 eos
1478 1542 1536 1600 in
1588 1551 1817 1611 terram,
1844 1558 1942 1600 ero
1968 1544 2052 1601 eis

458 1646 478 1680 ι
517 1629 572 1683 in
630 1630 1128 1687 sanctificationem
1173 1633 1447 1689 modicam
1498 1633 1557 1688 in
1606 1634 1771 1691 terris
1817 1635 1886 1691 ad
1914 1650 2051 1706 quas

456 1738 475 1770 ι
528 1721 796 1776 venerint.
844 1741 863 1775 ι
922 1721 1119 1780 Factus
1142 1732 1229 1779 est
1267 1724 1433 1796 igitur
1477 1740 1659 1783 sermo
1711 1726 1925 1782 Domini
1979 1726 2052 1783 ad

2146 807 2205 855 et
2225 788 2293 855 ad
2313 799 2646 872 propinquos
2666 800 2864 872 quibus
2886 801 3143 859 dixerunt
3165 803 3533 861 habitatores
3560 804 3729 859 Israel
3751 826 3764 858 :

2144 886 2329 961 Longe
2355 890 2660 947 recessistis
2689 907 2722 948 a
2749 892 3002 962 Domino,
3029 894 3188 950 nobis
3213 895 3341 951 data
3366 904 3467 952 est
3514 904 3672 951 terra
3714 898 3765 952 is

2147 982 2570 1055 possessionem.
2594 984 2866 1057 Loquitur
2885 994 3070 1044 autem
3097 986 3216 1045 hac
3248 1005 3374 1060 qua
3401 1000 3761 1060 sequuntur:

2152 1089 2175 1126 ι
2206 1072 2559 1146 Congregabo
2597 1092 2696 1132 vos
2730 1076 2798 1132 de
2836 1077 3071 1150 populis,
3109 1087 3169 1134 et
3204 1080 3441 1135 reddam
3476 1079 3651 1137 vobis
3676 1089 3764 1134 ta-

2148 1178 2271 1219 ram
2314 1164 2502 1221 Israel.
2531 1186 2553 1221 ι
2605 1164 2853 1240 Cumque
2898 1168 3130 1240 ingressi
3187 1169 3448 1237 fueritis,
3511 1168 3763 1225 auferetis

2151 1264 2347 1313 cuncta
2392 1256 2566 1325 idola,
2609 1268 2835 1330 propter
2875 1274 2999 1331 qua:
3043 1259 3404 1319 ofenderatis
3452 1261 3667 1318 Denm.
3705 1262 3758 1317 Et

2152 1348 2294 1406 dabo
2330 1350 2486 1408 vobis
2519 1366 2615 1408 cor
2642 1367 2808 1409 unum
2846 1353 3079 1421 timoris,
3110 1361 3169 1409 et
3193 1354 3503 1411 servitutis
3555 1353 3691 1421 Dei,
3713 1366 3759 1409 ut

2151 1454 2499 1511 nequaquam
2547 1441 2777 1499 diversis
2815 1442 2976 1500 idolis
3014 1443 3292 1510 servietis,
3339 1444 3473 1500 sive
3514 1442 3755 1509 auersa,

2152 1548 2319 1604 quam
2358 1535 2513 1604 prius
2561 1534 2855 1602 habuistis,
2897 1544 2956 1591 et
2998 1536 3254 1608 spiritum
3282 1551 3510 1591 novum
3542 1535 3756 1591 tribua-

2152 1624 2211 1680 in
2236 1624 2536 1682 visceribus
2564 1627 2783 1693 vestris,
2806 1625 2966 1698 juxta
2990 1627 3124 1683 illud
3154 1629 3302 1701 quod
3327 1630 3620 1700 scriptum
3644 1638 3754 1683 at;

2160 1733 2180 1767 ι
2206 1714 2312 1773 Cor
2332 1717 2594 1773 mundum
2618 1732 2745 1775 crea
2767 1717 2825 1774 in
2852 1735 2961 1786 me,
2985 1718 3151 1786 Deus,
3182 1728 3240 1777 et
3264 1720 3543 1792 spiritum
3570 1730 3755 1777 reet-

451 1811 722 1879 Ezcchiel,
744 1814 836 1883 qui
860 1815 1102 1871 dixerat;
1133 1803 1298 1885 «Heu,
1322 1817 1451 1884 heu,
1473 1818 1600 1885 heu,
1633 1820 1859 1876 nomine
1885 1819 2048 1888 Deus,
2077 1826 2128 1887 Β
2154 1808 2352 1865 innova
2373 1810 2430 1865 in
2448 1809 2745 1868 visceribus
2764 1812 2903 1869 meis
2921 1810 3097 1885 (Ρωι.
3118 1812 3228 1885 5).»
3255 1813 3327 1870 Et
3349 1812 3618 1869 auferam
3639 1827 3669 1866 ι
3688 1828 3757 1866 re-

452 1905 973 1961 consummationem
1026 1913 1082 1962 tu
1116 1906 1254 1965 facis
1302 1908 1655 1980 reliquiarum
1682 1911 1893 1967 Israel?
1922 1932 1943 1966 ι
1990 1913 2049 1968 iu

453 1994 677 2053 Pheltiaa
721 1996 974 2054 videlicet
1001 2007 1198 2064 morte,
1225 2006 1280 2057 et
1318 2014 1531 2067 eorum,
1577 2002 1672 2074 qui
1703 2019 1829 2059 cum
1874 2019 1940 2059 eo
1970 2003 2055 2059 in-

457 2078 673 2146 terfecti
699 2099 848 2158 sunt,
890 2092 1035 2163 quod
1066 2107 1410 2165 nequaquam
1438 2094 1544 2150 illa:
1593 2106 1720 2152 sunt
1769 2096 2049 2167 reliquiae,

458 2198 594 2252 quas
632 2183 686 2237 in
720 2182 1025 2240 Jerusalem
1071 2185 1298 2255 putabat
1350 2185 1643 2258 Propheta,
1700 2187 1800 2244 sed
1837 2188 1914 2253 hi,
1959 2188 2055 2259 qui

456 2274 511 2329 in
538 2275 813 2348 Babylone
839 2276 1166 2334 videbantur
1192 2292 1314 2335 esse
1339 2269 1558 2348 captivi.
1606 2280 1677 2335 Et
1712 2287 1800 2335 est
1819 2294 2050 2336 sensus:

461 2367 505 2423 Ο
532 2366 606 2422 fili
639 2368 892 2435 hominis,
935 2368 1137 2425 fratres
1178 2370 1257 2425 tui
1308 2370 1378 2426 de
1421 2371 1612 2427 eadem
1660 2379 1839 2428 tecum
1884 2371 2058 2442 stirpe

467 2461 735 2532 generati,
761 2459 983 2526 fratres,
1010 2461 1256 2532 inquam,
1292 2462 1371 2516 tui
1395 2462 1594 2534 quibus
1618 2462 1874 2518 dixerunt
1902 2463 2058 2523 habi-

457 2556 665 2608 tatores
699 2538 1046 2608 Jerusalem:
1086 2553 1195 2609 Vos
1225 2554 1529 2609 recessrstis
1553 2568 1583 2607 a
1622 2553 1875 2621 Domino,
1927 2542 2056 2625 quia

460 2642 660 2711 captivi
683 2643 835 2708 estis,
862 2650 917 2696 et
946 2658 1072 2699 cum
1106 2642 1374 2703 Jechonia
1398 2659 1495 2701 vos
1521 2640 1843 2712 tradidistis,
1899 2647 2059 2704 nobis

464 2737 648 2787 autem
674 2740 821 2787 terra
865 2732 1034 2790 Israel
1068 2734 1196 2790 data
1222 2743 1307 2792 est
1353 2737 1410 2792 in
1454 2746 1722 2793 aeternam
1758 2740 2057 2809 possessio—

464 2839 609 2880 nem.
652 2822 747 2880 Dic
792 2830 922 2899 ergo
945 2826 1026 2883 eis
1065 2828 1209 2897 quod
1253 2814 1414 2902 longe
1461 2829 1684 2900 quidem
1710 2844 1807 2886 eos
1830 2828 2058 2889 fecerim

461 2930 492 2969 a
509 2924 654 2971 terra
675 2908 858 2984 Israel,
883 2926 937 2974 et
959 2906 1307 2990 disperserim
1328 2920 1384 2977 in
1413 2922 1687 2988 nationes,
1707 2924 1842 2981 etin
1866 2922 2059 2978 alienis

463 3007 622 3063 terris
681 3024 802 3066 esse
844 3011 1233 3082 praeceperim,
1272 3012 1371 3069 sed
1413 3012 1541 3083 quia
1583 3029 1718 3070 meat
1756 3013 2062 3071 obedierint

454 3101 685 3173 jussioni
712 3102 813 3158 sim
849 3103 929 3161 eis
946 3102 1160 3160 futurus
1183 3104 1349 3161 etiam
1371 3105 1427 3161 in
1440 3107 1771 3179 peregrinis,
1789 3114 1847 3163 et
1889 3106 2061 3164 hosti-

2154 1900 2240 1961 bis
2266 1920 2361 1960 cor
2388 1904 2682 1976 lapideum,
2711 1905 2765 1961 id
2786 1913 2896 1974 est,
2938 1921 3036 1962 cor
3056 1907 3276 1974 durum,
3299 1907 3623 1963 secundum
3646 1905 3752 1961 ξω

2155 1995 2302 2066 quod
2328 1994 2570 2068 loquitur
2597 1994 2912 2067 Stephanus
2934 1998 3146 2070 primus
3169 2006 3389 2070 martyr
3432 1998 3497 2057 iu
3524 1997 3748 2054 Christo:

2163 2106 2182 2140 ι
2207 2088 2354 2143 Dura
2385 2088 2597 2144 cervice
2622 2097 2677 2145 et
2702 2089 3076 2147 incircumcisi
3102 2091 3268 2147 corde
3296 2090 3449 2162 (Act.
3476 2091 3610 2161 vn).
3653 2109 3673 2141 ι
3698 2086 3749 2143 Et

2159 2178 2450 2236 induratur
2474 2194 2571 2235 cor
2592 2180 3006 2248 Pharaonis,ne
3030 2182 3273 2238 dimittat
3292 2182 3575 2254 populum
3596 2181 3747 2238 Israel

2162 2288 2183 2323 ι
2212 2270 2284 2326 Et
2317 2271 2477 2337 dabo,
2508 2271 2704 2343 inquit,
2736 2273 2892 2328 vobis
2912 2288 3011 2329 cor
3030 2288 3294 2331 carneum
3335 2273 3559 2345 (Exod.
3581 2272 3745 2344 vnn,»

2158 2361 2322 2417 molle
2348 2369 2405 2417 et
2443 2370 2724 2430 tenerum,
2754 2372 2811 2419 et
2839 2362 2985 2436 quod
3026 2366 3201 2435 possit
3242 2365 3343 2422 Dei
3374 2366 3643 2420 mandata
3678 2378 3751 2419 su-

2158 2440 2391 2524 scipere,
2430 2463 2491 2509 ut
2537 2457 2853 2512 scribantur
2890 2457 2947 2512 in
2980 2457 3182 2521 tabulis
3207 2458 3401 2514 cordis
3423 2457 3749 2520 carmlibm:

2157 2543 2363 2603 idcirco
2405 2555 2588 2603 autem
2634 2548 2795 2604 datur
2834 2563 2930 2604 cor
2957 2550 3140 2617 molle,
3170 2559 3228 2605 et
3259 2549 3523 2607 aufertur
3556 2563 3649 2605 eor
3675 2550 3754 2603 du-

2159 2653 2319 2708 rum,
2364 2648 2425 2693 ut
2470 2640 2528 2697 in
2572 2642 2859 2714 praeceptis
2900 2642 3043 2698 meis
3092 2643 3419 2710 ambulent,
3454 2644 3755 2713 Judieiaque

2161 2730 2494 2797 custodiant,
2537 2739 2593 2787 et
2629 2733 2741 2789 sint
2771 2734 2827 2789 in
2868 2735 3070 2807 popqu
3097 2735 3217 2801 Dei,
3259 2735 3643 2807 Dominusqae
3676 2734 3755 2802 φὶ

2158 2822 2311 2893 prius
2358 2823 2538 2881 fuerat
2578 2826 2948 2896 adversarius,
2986 2830 3060 2885 sit
3095 2831 3177 2889 eis
3203 2831 3259 2886 iu
3301 2830 3500 2886 Deum.
3534 2827 3645 2895 Qui
3677 2844 3755 2881 au-

2162 2920 2274 2970 tem
2295 2931 2642 2989 nequaquam
2669 2922 2991 2991 poenitentia
3016 2923 3200 2992 priora
3238 2930 3479 2992 peccata
3516 2937 3750 2976 cumse-

2161 3004 2292 3074 rint,
2317 3009 2415 3063 sed
2441 3009 2839 3067 ambulaverint
2872 3020 2994 3084 post
3034 3011 3479 3068 abominatienes
3505 3028 3661 3077 suas,
3684 3028 3752 3067 η-

2164 3098 2421 3169 tribuam,
2456 3102 2556 3170 ait,
2587 3103 2688 3171 eis,
2717 3107 2861 3174 quod
2895 3111 3196 3171 merentur,-
3226 3113 3288 3161 ut
3310 3106 3419 3161 via:
3458 3121 3653 3161 eorum
3675 3121 3753 3175 po-

459 3190 600 3248 Iibus
630 3192 765 3251 locis
788 3195 841 3249 in
863 3210 1087 3266 parvam
1099 3192 1620 3268 banetillcationem,
1648 3198 1779 3254 dum
1809 3199 2057 3271 plerique

2162 3198 2362 3246 nantur
2404 3194 2676 3266 capitibus
2726 3209 2936 3251 eorum.
2982 3195 3109 3251 meo
3150 3197 3255 3252 sub
3301 3196 3620 3253 Zorohhel
3662 3196 3754 3250 ﬁlis

460 3282 808 3339 inveniantur
829 3299 898 3338 ex
925 3274 1029 3353 eis,
1055 3286 1150 3357 qui
1175 3286 1494 3344 idololatria
1526 3304 1873 3361 nequaquam
1916 3291 2057 3347 colla

459 3371 816 3440 submittant,
864 3374 960 3430 sed
1012 3390 1284 3433 memores
1336 3379 1447 3434 sint
1494 3380 1879 3437 mandatorum
1927 3368 2058 3452 Dei,

463 3462 607 3518 sicut
644 3461 863 3519 fuerunt
902 3460 1092 3523 Daniel
1116 3476 1174 3524 et
1213 3470 1326 3526 tres
1360 3456 1516 3542 pueri
1541 3481 1597 3529 et
1620 3482 1848 3532 caeteros
1890 3475 2061 3534 fuisse

463 3550 792 3610 credendum
833 3565 949 3624 est,
982 3550 1039 3612 in
1083 3559 1494 3619 similitudinem
1536 3571 1811 3623 tantorum
1857 3569 2061 3639 princi-

462 3652 613 3718 pum,
643 3638 1091 3731 quosScriptura
1132 3669 1279 3711 nunc
1308 3666 1716 3714 commemorat.
1744 3659 1825 3715 Ex
1861 3638 2063 3731 quibus

463 3726 1034 3821 universisdiscimus
1073 3759 1182 3799 non
1228 3759 1352 3803 esse
1410 3746 1780 3804 insultandum
1824 3726 1910 3806 his
1963 3751 2059 3821 qui

465 3827 561 3883 Dei
586 3816 792 3900 judicio
833 3832 1010 3902 poenis
1055 3822 1240 3889 traditi
1287 3845 1438 3902 sunt,
1477 3852 1579 3893 nec
1619 3816 2061 3909 exprobrantium

468 3916 676 3975 homini
724 3926 987 3978 converso
1012 3939 1044 3978 a
1078 3928 1322 3996 peccatis
1366 3927 1496 3993 suis,
1528 3945 1631 3985 nec
1671 3931 2062 4000 ptenitentibus

464 4019 520 4065 et
557 4012 794 4082 egressis
826 4008 892 4068 de
933 4010 1178 4073 Ecclesia
1221 4006 1513 4088 aliquando
1553 4008 1865 4088 dicendum,
1903 4023 2063 4095 longe

462 4102 765 4158 recessistis
803 4120 836 4158 a
878 4102 1126 4174 Domino,
1176 4108 1333 4163 nobis
1370 4104 1496 4164 data
1532 4120 1615 4167 est
1657 4120 1803 4168 terra
1850 4115 1907 4169 in
1936 4131 2064 4186 pos-

462 4194 761 4249 sessionem
787 4236 801 4262 ,
847 4197 972 4266 quia
1017 4196 1132 4252 haec
1160 4196 1291 4255 dicit
1335 4194 1614 4271 Dominus,
1659 4190 1788 4260 licet
1831 4221 1925 4263 eos
1962 4224 2060 4278 pa-

462 4298 685 4354 rumper
714 4299 745 4337 a
777 4300 896 4340 mea
934 4285 1178 4342 Ecclesia
1211 4293 1603 4360 separaverim,
1627 4303 1684 4348 et
1707 4296 1849 4351 inter
1873 4306 2064 4367 gentes

465 4372 844 4441 disperserim,
888 4383 1070 4431 tamen
1102 4393 1197 4433 ero
1224 4378 1307 4436 eis
1342 4379 1396 4436 in
1427 4381 1917 4442 sanctificationem
1946 4404 2063 4445 mo-

466 4460 682 4527 dicam,
734 4456 862 4516 dum
911 4466 1259 4522 meminerint
1307 4481 1660 4540 peccatorum
1709 4491 1951 4532 suorum.
1996 4479 2064 4534 Et

2164 3280 2446 3351 Salathiel,
2490 3292 2549 3340 et
2583 3285 2688 3341 sub
2712 3283 2844 3342 Jesu
2887 3285 2999 3349 ﬁlio
3021 3285 3291 3344 Iosedech
3335 3288 3634 3345 securiore
3658 3304 3755 3343 in.

2162 3387 2291 3444 suo,
2318 3383 2374 3430 et
2410 3376 2512 3432 sub
2540 3377 2682 3433 Esra
2721 3386 2779 3434 et
2821 3377 3049 3435 Neemie
3092 3380 3360 3438 accidisse
3386 3382 3568 3437 tribui
3602 3381 3750 3445 Judt,

2163 3476 2219 3523 et
2246 3470 2336 3525 his
2363 3470 2457 3539 qui
2494 3486 2618 3526 cum
2650 3472 2739 3529 bis
2768 3473 2973 3529 reversi
2997 3482 3147 3542 sunt,
3176 3473 3431 3545 plerique
3471 3476 3750 3531 utinam.

2163 3557 2510 3619 Habitatores
2570 3578 2788 3634 quoque
2833 3563 3178 3633 Jerusalem,
3223 3568 3318 3637 qui
3380 3569 3491 3624 sub
3546 3568 3753 3625 Sedeas

2164 3668 2293 3725 rege
2319 3652 2472 3710 Jud:e
2497 3655 2642 3726 capti
2667 3664 2814 3724 sunt,
2852 3657 2937 3712 vel
2964 3659 3058 3729 qui
3086 3657 3346 3730 fugerunt
3371 3675 3506 3716 cum
3534 3660 3753 3716 Jeremil

2165 3743 2221 3799 in
2246 3743 2545 3816 Adgyptum
2571 3746 2627 3800 in
2652 3761 2843 3803 omnes
2874 3755 3049 3805 terras
3086 3762 3210 3807 esse
3241 3752 3553 3823 dispersos,
3591 3762 3649 3808 et
3672 3767 3751 3807 ne-

2166 3849 2440 3906 quaquam
2464 3852 2715 3893 reversos
2764 3838 2819 3893 in
2855 3840 3048 3896 urbem
3089 3839 3432 3910 Jerusalem;
3475 3844 3641 3915 plena
3673 3859 3754 3897 au-

2167 3933 2275 3980 tem
2318 3928 2604 3984 conversio
2649 3944 2839 3985 eorum
2869 3932 2961 4001 qui
2997 3933 3199 4003 captivi
3228 3944 3389 3990 erant
3428 3946 3491 3991 et
3516 3938 3754 4007 reliquia-

2167 4038 2287 4078 rum
2319 4024 2483 4079 Israel
2520 4026 2837 4098 intelligitur
2874 4029 2931 4083 in
2971 4030 3210 4097 Christo,
3256 4033 3484 4102 quando
3525 4036 3755 4105 reliquiae

2165 4116 2328 4173 salva:
2358 4116 2517 4174 factae
2543 4131 2689 4186 sunt,
2718 4131 2775 4176 et
2804 4138 2911 4176 una
2943 4123 3030 4179 die
3059 4124 3161 4178 tria
3190 4125 3361 4180 millia
3389 4128 3751 4191 crediderunt,

2170 4218 2225 4264 et
2250 4211 2449 4265 iterum
2470 4213 2711 4283 quinque
2748 4214 2937 4281 millia,
2960 4225 3015 4270 et
3048 4217 3163 4283 alii,
3191 4218 3257 4273 de
3288 4220 3500 4289 quibus
3530 4222 3754 4291 loquitur

2166 4299 2403 4357 Jacobus
2421 4304 2491 4358 ad
2515 4305 2820 4374 apostolum
2840 4307 3069 4364 Paulum
3094 4328 3108 4363 :
3138 4311 3357 4377 «Vides,
3386 4311 3587 4377 frater,
3622 4320 3753 4366 tanta

2164 4391 2334 4447 millia
2357 4395 2694 4452 credentium
2724 4398 3071 4456 διαλίποι·υωῖ
3096 4404 3151 4458 hi
3189 4416 3381 4460 omnes
3416 4406 3755 4461 minutatum

2164 4485 2301 4558 legis
2345 4499 2473 4544 sunt
2514 4488 2655 4561 (Act.
2682 4494 2821 4564 xxx),
2844 4513 2863 4547 ι
2907 4496 3004 4550 sed
3040 4504 3096 4551 et
3128 4498 3371 4567 quotidie
3408 4500 3639 4569 superbi
3670 4501 3754 4554 hac

466 4552 558 4621 qui
612 4558 833 4656 propter
878 4554 1007 4659 vitia
1058 4564 1401 4659 recesserunt
1428 4562 1521 4659 ide
1574 4572 1721 4620 terra
1758 4582 1886 4659 sua,
1922 4585 2062 4650 “pro-
2087 4564 2142 4627 D
2166 4552 2428 4635 bitatores
2477 4552 2628 4638 urbis
2680 4552 3004 4652 Jerusalem,
3044 4552 3275 4657 quorum
3303 4603 3401 4643 eor
3432 4552 3561 4659 p33:
3602 4589 3757 4643 ὠὴ

466 4653 587 4714 pter
631 4645 1001 4715 paenitentiam
1049 4646 1119 4706 ad
1166 4652 1323 4709 sedes
1358 4648 1619 4724 pristinas
1675 4652 1858 4715 redire
1904 4646 2061 4719 festi-

468 4740 616 4789 nent.

543 4847 562 4881 ε
597 4826 892 4902 Propterea
928 4830 1187 4906 loquere:
1221 4822 1348 4894 Huic
1397 4836 1528 4897 dicit
1579 4842 1842 4903 Dominus
1876 4864 1890 4901 :
1918 4846 2063 4904 Con-

475 4932 496 4976 t
540 4926 774 4998 gregabo
807 4943 902 4982 vos
929 4928 995 4982 de
1027 4920 1259 5000 populis,
1289 4940 1344 4986 et
1370 4933 1635 4991 adducam
1677 4955 1776 4995 vos
1807 4940 1874 4996 de
1900 4941 2063 4997 terris

475 5024 496 5064 ι
542 5012 594 5067 in
620 5016 817 5085 quibus
855 5012 1085 5088 dispersi
1132 5019 1294 5085 estis,
1342 5020 1589 5094 daboque
1632 5028 1787 5086 vobis
1835 5018 2061 5088 humum

477 5124 496 5156 ι
539 5102 728 5163 Israel.
776 5108 845 5164 Et
877 5108 1255 5179 ingredienlur
1280 5100 1424 5170 illuc.
1467 5112 1536 5177 Et
1582 5122 1835 5179 auferent
1868 5141 2061 5185 omnes

477 5215 496 5249 ι
541 5196 887 5267 offensiones,
931 5206 1261 5273 cunctasque
1286 5192 1717 5269 abominationes‘
1754 5215 1822 5271 de
1854 5215 1967 5271 illa.
1996 5217 2065 5273 Et

478 5308 497 5341 ι
541 5284 679 5349 dabo
703 5292 782 5348 eis
803 5310 901 5350 cor
926 5312 1114 5364 unum,
1149 5305 1205 5353 et
1235 5298 1486 5371 spiritum
1512 5319 1710 5363 novum
1743 5307 1979 5364 tribuam
2006 5312 2062 5368 in

476 5396 498 5433 ι
540 5382 840 5441 visceribus
887 5392 1094 5454 eorum,
1151 5388 1208 5445 et
1248 5382 1492 5449 auferam
1536 5410 1632 5451 cor
1679 5382 1952 5470 lapideum
1997 5403 2066 5459 de

480 5476 500 5524 ἀ
544 5487 709 5530 carne
741 5493 951 5548 eorum,
1001 5488 1056 5537 et
1085 5478 1224 5539 dabo
1247 5482 1329 5541 eis
1347 5500 1441 5541 cor
1461 5502 1747 5558 carneum,
1770 5500 1829 5548 ut
1852 5482 1907 5548 in
1928 5508 2066 5565 pra:-

480 5584 499 5618 ι
541 5566 711 5637 ceptis
743 5569 876 5625 meis
919 5570 1229 5642 ambulent,
1263 5572 1318 5632 el
1338 5574 1543 5650 judicia
1584 5595 1703 5638 mea
1731 5570 2060 5652 custodiant,

480 5678 499 5713 ι
545 5656 850 5736 faciantque
876 5680 961 5731 ea,
998 5666 1052 5719 et
1077 5666 1187 5721 sint
1211 5668 1341 5726 mihi
1371 5671 1425 5727 in
1447 5673 1730 5746 populum,
1754 5683 1809 5734 et
1835 5694 1936 5751 ego
1958 5681 2064 5736 sim

482 5769 501 5805 ι
545 5755 625 5810 eis
651 5755 705 5812 in
730 5752 918 5814 Deum.
965 5758 1203 5829 Quorum
1236 5773 1419 5822 autem
1447 5783 1544 5824 cor
1575 5777 1702 5841 post
1737 5770 2063 5831 offendicula

2165 4671 2342 4726 dicuIa
2380 4679 2437 4726 et
2472 4672 2901 4732 abominationes
2942 4692 3071 4733 suas
3108 4680 3370 4747 ambulat,
3406 4679 3509 4736 Dei
3551 4696 3755 4736 uteren-

2165 4772 2256 4819 tur
2300 4764 2594 4835 offensam,
2641 4778 2695 4824 et
2737 4770 2792 4825 hi
2832 4772 2923 4840 qui
2972 4771 3108 4828 foris
3154 4782 3329 4839 erant,
3375 4776 3564 4830 ablato
3609 4775 3759 4830 mni

2164 4859 2400 4929 lapideo,
2429 4871 2485 4917 et
2520 4872 2742 4934 accepto
2792 4866 2955 4921 corde
2983 4867 3323 4932 mollissimo,
3368 4878 3474 4938 per
3500 4870 3759 4941 panitet:—

2165 4954 2297 5009 tiam
2329 4967 2677 5013 revertuntur
2702 4960 2771 5014 ad
2799 4961 3110 5029 ecclesiam,
3134 4969 3187 5017 et
3216 4963 3505 5018 ambulant
3548 4964 3606 5019 in
3638 4976 3759 5034 pm

2165 5052 2341 5119 ceptis
2372 5051 2605 5120 Domini,
2647 5055 2962 5127 iudiciaque
3008 5056 3125 5126 ejus
3155 5056 3495 5123 custodiunt,
3528 5057 3761 5128 ﬁuntque

2164 5139 2381 5196 Domini
2408 5145 2664 5214 populus,
2687 5155 2744 5203 et
2767 5150 3029 5208 Dominus
3053 5154 3213 5221 quem
3241 5151 3399 5223 prius
3423 5152 3761 5207 uter-derant

2164 5231 2227 5287 ﬁt
2254 5233 2335 5290 eis
2360 5234 2522 5292 Deus.

2243 5343 2265 5378 ι
2293 5325 2359 5380 Et
2382 5328 2732 5388 elevaverunt
2760 5334 3042 5390 cherubim
3074 5336 3191 5393 aias
3215 5350 3371 5406 suae,
3393 5344 3451 5395 et
3482 5344 3622 5395 rota.-
3646 5351 3762 5395 eum

2173 5435 2193 5469 ι
2236 5417 2338 5473 eis.
2366 5419 2434 5473 Et
2458 5421 2629 5491 gloria
2659 5424 2752 5480 Dei
2779 5425 2945 5483 Israel
2971 5438 3091 5483 erat
3118 5438 3284 5502 super
3308 5442 3397 5487 ea;
3425 5432 3499 5486 Et
3526 5431 3763 5488 amen

2171 5527 2189 5560 ι
2230 5509 2407 5580 mia
2447 5513 2660 5571 Domini
2702 5518 2770 5574 de
2798 5520 2983 5576 medio
3020 5523 3281 5589 civitatis,
3312 5524 3580 5596 stetith
3605 5536 3767 5593 sum

2171 5617 2193 5653 ‹
2235 5615 2493 5671 montem,
2528 5609 2624 5677 qui
2667 5618 2753 5666 est
2798 5610 2866 5666 id
2905 5613 3173 5669 orientem
3220 5614 3396 5671 urbis:
3428 5633 3446 5667 ι
3498 5614 3767 5670 Paulatim

2165 5690 2334 5763 gloria
2364 5694 2578 5755 Domini
2630 5702 2834 5759 recedit
2883 5704 2952 5760 de
2992 5704 3318 5762 Musam.
3354 5705 3609 5763 Primum
3639 5716 3772 5761 tem-

2165 5781 2315 5853 Ριιιω
2354 5786 2634 5860 deserens,
2676 5801 2787 5852 stat
2827 5795 2884 5852 ia
2933 5797 3077 5855 atrio
3119 5798 3204 5857 vel
3230 5799 3291 5854 in
3317 5794 3509 5857 limine
3545 5799 3771 5863 doma,
