3938 6360
164 411 285 471 645

1132 388 1485 459 COMMENT.
1521 388 1591 454 ΙΝ
1622 386 2190 457 ΕΖΕΟΗΙΕΕΕΜᾙΞ-
2222 386 2373 455 LIB:
2393 384 2483 456 ’σι

3337 382 3447 457 tito

159 533 363 596 postea
398 510 454 581 in
499 510 722 577 introitu
760 518 930 588 poma!
952 504 1255 569 orientalis.
1286 510 1611 581 Novissime,
1635 508 1761 568 sub-
1786 512 1841 578 Α
1865 504 2061 567 tiowm
2107 524 2326 569 suorum
2388 504 2772 579 amaritudine,
2817 490 2949 569 facit
2990 518 3236 571 amarum
3281 494 3445 587 atque

160 612 302 671 latis
345 602 537 686 pennis
591 604 831 677 rotisque
859 601 1230 677 sequentibus,
1274 600 1382 657 stat
1404 612 1565 672 super
1604 616 1757 656 mon-

160 714 309 775 tem,
347 705 440 776 qui
467 710 552 762 est
576 700 644 759 ad
670 700 935 758 orientem
963 694 1133 753 urbis.
1177 690 1331 755 [laud
1358 692 1581 751 dubium
1625 695 1758 766 quin

161 805 417 853 montem
450 788 719 867 signiﬁcat
747 790 939 847 Olivcti
969 788 1111 845 unde
1139 782 1392 845 Salvator
1421 785 1666 843 ascendit
1690 782 1759 842 ad

159 887 414 944 Patrem.
444 881 739 953 Stabatque
759 880 929 955 gloria
956 879 1192 946 Domini,
1213 886 1333 951 quae
1361 876 1427 935 de
1452 872 1757 934 JeruSaiem

162 972 313 1040 urbe
355 976 697 1045 discesserat,
737 980 902 1049 super
938 980 1176 1030 montem
1223 963 1419 1028 Olivetl
1458 966 1516 1026 in
1545 970 1756 1041 signum

168 1066 591 1129 resurrectionis
624 1079 679 1125 et
719 1064 961 1133 luminis,
1005 1074 1065 1121 ut
1103 1058 1230 1123 inde
1257 1065 1555 1137 perituram
1600 1071 1779 1117 avsa—-

171 1180 404 1237 ramque
437 1166 687 1220 cerneret
720 1154 1043 1218 Jerusalem.
1090 1148 1350 1229 Quodque
1379 1146 1511 1210 dicit
1551 1164 1565 1208 ξ
1612 1172 1630 1207 t
1657 1150 1758 1208 As-

172 1259 359 1315 cendit
374 1257 544 1330 gloria
555 1250 623 1315 de
645 1248 825 1311 medio
847 1252 1108 1317 civitatis,
1136 1270 1154 1303 ι
1176 1248 1297 1305 aliis
1311 1247 1492 1304 verbis
1516 1242 1758 1319 loquitur

171 1338 436 1407 Dominus
480 1346 548 1409 ad
595 1336 886 1415 discipulos
922 1362 935 1397 :
975 1361 993 1395 t
1030 1330 1280 1415 Surgite,
1329 1332 1586 1394 abeamus
1631 1336 1758 1391 hinc

174 1440 360 1514 (lauti.
399 1429 534 1512 xw).
565 1460 585 1497 ι
626 1428 695 1497 Et
735 1432 803 1499 ad
844 1430 1062 1491 Iudaeos
1097 1452 1109 1488 :
1153 1451 1170 1485 t
1206 1428 1562 1502 Relinquetur
1603 1427 1759 1484 vobis

173 1532 368 1593 domus
393 1540 575 1590 vestra
600 1522 814 1591 deserta
842 1514 1055 1599 (Matth.
1082 1518 1261 1596 χχιιι).
1288 1542 1306 1576 ι
1339 1516 1605 1594 Josephds
1631 1526 1761 1592 (Ῑίιο-

173 1639 281 1694 que
308 1623 474 1683 refert
520 1612 762 1682 auditam
788 1636 975 1681 vocem
1004 1616 1060 1676 in
1089 1610 1286 1690 templo
1325 1608 1675 1691 Angelorum,
1704 1618 1759 1669 et

170 1716 550 1774 fortitudinem
576 1715 901 1781 omlestium,
925 1729 1045 1783 quae
1070 1704 1221 1783 prius
1246 1711 1301 1767 in
1327 1708 1478 1764 urbis
1504 1704 1757 1779 praesidio

168 1820 355 1876 erant,
384 1830 403 1863 ι
430 1813 689 1869 abeamus
715 1826 781 1865 ex
809 1809 893 1867 his
921 1808 1156 1865 sedibus.
1182 1828 1200 1861 ι
1235 1800 1537 1876 Mirumque
1565 1798 1619 1860 in
1650 1820 1759 1859 mo-

163 1898 301 1954 dum
332 1917 501 1971 usque
542 1902 597 1957 in
640 1897 962 1972 praesentem
994 1898 1137 1957 diem
1165 1890 1337 1972 gloria
1368 1892 1605 1962 Domini,
1635 1912 1755 1968 qua:
1784 1880 1831 1948 Β

165 1994 411 2050 deseruit
437 1994 720 2064 templum,
748 2002 861 2051 stat
894 2009 1058 2065 super
1087 2001 1325 2053 montem
1372 1985 1591 2055 Oliveti,
1624 1996 1678 2043 et
1707 1988 1763 2045 in

166 2086 351 2140 crucis
400 2086 558 2157 signo
606 2085 837 2141 rutiians
885 2092 1096 2154 spectat
1153 2074 1440 2153 templum,
1491 2078 1762 2153 quondam

163 2175 450 2231 Judaicutn
476 2177 531 2231 in
558 2176 771 2233 favillas
795 2183 851 2230 et
880 2176 1095 2235 cineres
1122 2174 1419 2230 redactum.

242 2290 264 2323 ι
294 2270 360 2326 Et
394 2271 621 2341 spiritus
654 2270 854 2325 levavit
887 2285 996 2337 me,
1027 2276 1080 2324 et
1107 2258 1330 2323 adduxit
1372 2266 1426 2321 in
1455 2256 1762 2321 Chaldacam

172 2381 192 2415 ι
220 2364 290 2418 ad
307 2364 834 2436 tmasmigrationem
849 2363 903 2419 in
917 2363 1125 2421 visione
1140 2350 1194 2419 in
1208 2350 1396 2433 Spiritu
1416 2350 1528 2416 Dei.
1549 2350 1617 2414 Et
1630 2356 1759 2414 sub-

169 2473 191 2507 (
224 2456 334 2511 tata
364 2464 446 2512 est
472 2473 505 2510 ει
547 2473 636 2512 me
660 2456 817 2523 visio.
844 2472 1009 2527 quam
1036 2456 1295 2511 videram.
1320 2446 1381 2511 Et
1412 2454 1621 2510 locutus
1641 2462 1762 2509 sum

172 2563 192 2597 ε
229 2547 300 2601 ad
325 2548 855 2619 transmigrationem
881 2548 1064 2605 omnia
1086 2549 1251 2604 verba
1276 2546 1509 2611 Domini,
1526 2561 1646 2616 quae
1673 2560 1761 2600 os-

168 2657 189 2689 (
221 2638 471 2694 tenderat
487 2640 641 2696 mihi.
670 2660 691 2693 ι
711 2639 818 2696 Pro
829 2656 894 2697 eo
912 2640 1054 2710 quod
1070 2655 1167 2694 nos
1179 2654 1244 2697 ex
1258 2630 1522 2695 chraica
1537 2634 1765 2695 veritate

166 2731 562 2799 transtulimus,
599 2752 618 2787 ε
649 2740 704 2788 et
729 2727 940 2790 sublata
969 2742 1053 2790 est
1083 2749 1114 2788 a
1141 2738 1227 2789 me
1247 2723 1404 2800 ’visio,
1428 2748 1589 2803 quam
1611 2730 1762 2787 vide-

163 2835 339 2885 ram,»
356 2821 707 2893 Septuaginta
733 2812 1138 2889 transtulerunt,
1161 2832 1244 2881 tet
1267 2822 1483 2881 ascendi
1506 2838 1537 2876 a
1556 2818 1766 2877 visione

167 2927 333 2981 quam
358 2911 620 2979 videram,
645 2916 792 2983 quod
819 2924 1109 2985 utrumque
1130 2914 1400 2988 signiﬁcat
1421 2930 1528 2969 non
1559 2902 1615 2968 in
1642 2928 1762 2968 cor-

166 3019 305 3074 pore
328 3018 425 3076 per
453 3005 775 3076 prophetam
800 3007 856 3064 in
881 2996 1179 3067 Jerusalem
1201 3009 1266 3063 de
1290 2998 1561 3080 Babylone
1588 3015 1765 3063 trans-

167 3096 364 3162 latum,
392 3096 485 3153 sed
515 3097 569 3153 in
596 3097 788 3168 spiritu
806 3138 821 3165 ,
862 3100 1181 3171 sublataque
1217 3090 1424 3157 visione
1445 3141 1460 3167 ,
1488 3117 1611 3171 qua:
1639 3116 1764 3155 cum

166 3187 227 3243 in
268 3188 461 3257 spiritu
499 3188 729 3245 duxerat
752 3188 1073 3258 Jerusalem,
1104 3201 1159 3249 et
1205 3180 1457 3249 universa
1487 3200 1759 3247 monstra-

165 3288 344 3345 verat,
375 3295 495 3349 quaa
524 3281 774 3353 superior
803 3297 982 3341 sermo
1010 3285 1271 3349 narravit,
1302 3299 1551 3341 reversus
1579 3291 1664 3338 est
1704 3276 1760 3339 in

165 3369 523 3440 semetipsum
589 3377 646 3424 et
692 3369 903 3426 loeutus
957 3378 1062 3437 est,
1103 3360 1172 3426 ad
1223 3366 1759 3442 transmigrationem

162 3458 351 3517 omnia
374 3475 495 3530 quae
520 3456 571 3515 ei
590 3458 808 3515 fuerant
845 3461 1233 3529 demonstrata,
1265 3454 1515 3519 videlicet
1560 3460 1628 3517 ad
1665 3477 1758 3518 eos

164 3551 236 3606 de
286 3550 480 3621 quibus
531 3566 695 3623 supra
736 3540 999 3622 scriptum
1027 3561 1154 3609 est:
1192 3572 1210 3605 ί
1257 3548 1369 3625 Ego
1398 3546 1649 3609 sedebam
1701 3552 1758 3608 in

163 3644 329 3700 domo
357 3659 495 3708 mea,
520 3653 576 3700 et
610 3659 767 3703 senes
798 3634 934 3699 Juda
958 3640 1217 3700 sedebant
1231 3641 1390 3714 juxta
1417 3660 1522 3699 me.
1563 3640 1631 3699 Et
1665 3660 1756 3700 ce-

163 3734 302 3788 cidit
328 3750 489 3805 super
503 3748 589 3791 me
614 3733 688 3790 ibi
701 3750 892 3789 manus
906 3724 1119 3789 Domini
1147 3722 1240 3789 Dei
1265 3734 1319 3789 et
1336 3722 1463 3789 vidi.
1488 3754 1506 3787 ι
1537 3722 1759 3789 Mirum-

160 3838 274 3892 que
322 3823 377 3877 in
416 3810 632 3880 modum
679 3811 989 3879 sedentibus
1029 3824 1134 3889 his,
1163 3824 1253 3893 qui
1295 3810 1362 3879 ad
1411 3828 1468 3881 Se
1500 3832 1760 3879 venerant

158 3913 515 3980 visitandum,
566 3911 799 3971 visiones
857 3908 1115 3984 mysticus
1146 3912 1416 3984 Propheta
1467 3914 1755 3980 cernebat,

156 4014 218 4061 et
245 4003 437 4062 absens
465 4014 585 4060 erat
610 3992 678 4061 ab
705 4000 814 4070 itis,
841 4007 932 4075 qui
965 4022 1147 4060 coratn
1172 4022 1229 4061 se
1253 4005 1525 4073 sederant,
1560 4002 1757 4061 absens

154 4096 382 4165 spiritu,
413 4111 652 4164 praesens
683 4110 929 4165 corpore.
980 4090 1283 4166 Omniaque
1315 4097 1449 4151 iinnt
1480 4105 1540 4150 ut
1566 4112 1758 4152 conso—

153 4187 428 4242 lationem
451 4187 734 4256 recipiant,
792 4187 881 4258 qui
936 4188 1131 4257 captivi
1170 4188 1355 4252 erant,
1408 4188 1549 4257 quod
1596 4187 1757 4243 redit-

155 4274 325 4332 cendi
353 4275 461 4331 sint
494 4272 550 4330 in
595 4274 795 4330 terram
843 4268 1026 4341 Israel,
1066 4280 1120 4332 et
1157 4272 1481 4333 atitbttlat'uri
1521 4280 1574 4333 in
1622 4282 1759 4350 prm-

155 4368 341 4439 ceptis
364 4369 600 4437 Domini,
630 4354 904 4440 laturique
956 4368 1005 4427 ei
1054 4370 1108 4426 in
1142 4373 1421 4443 populum,
1448 4379 1503 4428 et
1553 4372 1641 4428 ille
1680 4364 1758 4427 fu-

158 4472 322 4517 turus
347 4462 417 4516 sit
442 4461 521 4517 eis
571 4462 627 4516 in
670 4456 858 4516 Deum.
889 4462 989 4531 Qui
1016 4462 1195 4518 autem
1228 4481 1333 4519 non
1375 4463 1572 4520 fuerint
1626 4462 1755 4520 con-

156 4552 307 4607 versi
331 4552 397 4607 ad
422 4552 818 4623 ptenitentiam,
852 4552 944 4609 sed
967 4552 1358 4611 ambulaverint
1386 4562 1511 4629 post
1549 4557 1754 4611 abomi—

1860 604 2150 662 crudelem.
2176 604 2426 678 Alioquin
2452 607 2518 662 de
2551 604 2661 661 Deo
2681 603 2909 677 legimus
2940 616 2953 659 :
2988 625 3005 657 ι
3028 602 3253 663 Gustate
3288 617 3342 664 et
3364 608 3447 664 vi-

1858 698 2002 765 dete,
2042 692 2167 768 quia
2199 699 2381 753 suavis
2432 696 2548 754 sive
2593 695 2766 753 dulcis
2823 708 2909 753 est
2956 693 3215 756 Dominus
3264 692 3439 772 (Psat.

1860 789 2076 864 xxxut).
2115 808 2134 843 ι
2159 788 2378 846 Habitat
2423 800 2606 847 autem
2647 786 2920 863 Propheta
2960 786 3014 846 in
3045 792 3223 850 medio
3262 793 3446 862 populi

1858 882 2028 940 Deum
2045 881 2112 939 ad
2136 882 2548 938 amaritudinem
2572 881 2934 959 provocantis,
2959 878 3051 953 qui
3079 882 3242 939 habet
3261 882 3448 940 oculos

1858 978 1913 1027 et
1938 984 2046 1029 non
2072 968 2237 1039 videt,
2266 980 2425 1028 aures
2450 976 2504 1028 et
2542 986 2648 1027 non
2678 973 2848 1038 audit,
2875 984 2984 1028 non
3007 971 3140 1028 vitio
3168 984 3441 1039 sensuum,

1859 1063 1954 1119 sed
1997 1063 2293 1135 pertinacia
2328 1063 2635 1135 pravitatis.
2665 1058 2821 1121 Unde
2849 1071 2902 1120 et
2943 1057 3203 1121 Dominus
3243 1066 3311 1122 ad
3356 1062 3451 1122 Ju-

1858 1154 2031 1211 σπευδε
2057 1168 2075 1207 t
2102 1150 2162 1210 Si
2199 1155 2350 1223 caeci,
2388 1152 2581 1227 inquit,
2608 1155 2819 1222 essetis,
2845 1162 3126 1226 peccatum
3147 1164 3255 1212 nun
3284 1154 3455 1212 habe-r

1860 1245 1992 1301 retis
2033 1244 2214 1318 (Joau.
2260 1245 2417 1319 11),:
2469 1247 2828 1302 voluntariam
2882 1246 3187 1303 catcitatem
3244 1248 3300 1302 in
3348 1247 3453 1302 illis
3520 1302 3525 1307 .

1860 1346 2091 1408 arguens
2131 1344 2293 1408 atque
2346 1339 2732 1395 cundemnaus.
2777 1338 2913 1407 Quia
2960 1346 3091 1411 ergo
3119 1338 3305 1395 Oculos
3349 1339 3450 1394 ha-

1859 1429 1989 1486 bent
2009 1430 2076 1486 ad
2116 1430 2429 1497 videndum,
2469 1436 2653 1488 etnon
2680 1424 2901 1487 vident:
2927 1440 3086 1488 aures
3113 1432 3182 1488 ad
3226 1431 3451 1488 audiena-

1859 1522 2008 1589 dum,
2033 1530 2089 1578 et
2115 1532 2221 1579 non
2247 1523 2489 1591 audiunt,
2531 1528 2587 1580 et
2612 1530 2700 1579 tua
2726 1523 2890 1579 verba
2923 1528 3295 1590 contemnunt,
3320 1523 3454 1579 doce

1858 1626 1952 1669 eos
1989 1623 2088 1685 per
2131 1614 2420 1686 imaginem
2457 1620 2617 1685 atque
2656 1615 2947 1686 picturam,
2979 1616 3033 1669 et
3081 1616 3452 1671 schematibus

1859 1704 2082 1760 Ostende
2140 1705 2439 1776 corporeis,
2490 1712 2549 1760 ut
2590 1712 2877 1761 venturam
2923 1707 3293 1775 captivitatem
3342 1720 3452 1762 non

1861 1793 2033 1849 solum
2057 1795 2263 1861 auditu,
2288 1796 2383 1850 sed
2419 1803 2477 1851 et
2503 1795 2674 1851 oculis
2703 1806 3114 1866 recognoscant.

1935 1904 1952 1936 ι
1964 1886 2044 1940 Tu
2062 1898 2213 1958 ergo,
2229 1886 2307 1942 illi
2324 1887 2575 1953 hominis,
2590 1884 2676 1943 fac
2688 1888 2784 1944 tibi
2799 1900 2926 1945 vasa
2943 1890 3453 1961 transmigrationis,

1873 1994 1894 2029 ι
1926 1984 1983 2031 et
2011 1977 2270 2047 migrabis
2296 1988 2396 2048 per
2436 1979 2581 2034 diem
2609 1994 2795 2035 coram
2846 1981 2951 2037 bis.
2984 1981 3242 2053 Migrabis
3273 1989 3453 2037 autem

1869 2076 1893 2118 α
1924 2067 1992 2122 de
2020 2068 2139 2123 loco
2168 2077 2258 2124 tuo
2284 2070 2352 2123 ad
2376 2069 2553 2126 locum
2580 2072 2811 2127 alterum
2838 2073 2894 2129 it.
2921 2081 3214 2143 conspectu
3240 2084 3451 2142 eorum,

1869 2172 1889 2210 ι
1922 2161 1966 2214 si
1984 2158 2122 2215 forte
2146 2162 2409 2231 aspiciant
2436 2165 2562 2233 quia
2587 2165 2779 2221 domus
2799 2178 3129 2236 exasperatis
3150 2176 3239 2222 est
3268 2178 3317 2233 ι,
3340 2175 3450 2222 etc.

1864 2245 2003 2303 Nulli
2032 2250 2253 2305 dubium
2274 2253 2405 2321 quin
2427 2253 2679 2310 universa
2705 2254 2807 2310 loci
2834 2256 2994 2327 hujus
3016 2257 3350 2312 continentia
3381 2255 3462 2312 tua

1864 2349 2043 2397 turam
2068 2343 2437 2414 captivitatem
2482 2346 2684 2402 indicet
2727 2350 2874 2419 regis
2906 2347 3148 2405 Sedecite
3181 2352 3240 2405 et
3280 2350 3457 2405 tribus

1863 2437 2034 2505 ludas,
2064 2444 2157 2513 qui
2180 2454 2372 2514 captus
2402 2451 2487 2501 est
2514 2452 2639 2502 cum
2673 2438 2998 2502 Jerusalem.
3041 2445 3149 2503 Sed
3201 2447 3460 2519 quoniam

1864 2531 2085 2602 quidam
2129 2533 2316 2591 volunt
2357 2536 2728 2607 captivitatem
2772 2536 3037 2605 Deductae,
3068 2536 3161 2613 qui
3200 2540 3463 2608 interpre-

1864 2614 2011 2681 tatur
2054 2622 2241 2683 Justus
2289 2628 2569 2699 Dominus,
2603 2631 2659 2687 in
2692 2637 2878 2705 typum
2922 2634 3231 2707 praecedere
3272 2630 3462 2688 Salvae

1865 2717 2019 2785 toris,
2061 2719 2154 2791 qui
2183 2718 2253 2777 de
2297 2722 2611 2781 etelestibus
2639 2722 2706 2781 ad
2737 2732 2954 2781 terrena
2984 2723 3318 2782 descendens
3359 2724 3461 2781 htt-

1865 2820 2082 2866 manu'm
2104 2820 2302 2883 corpus
2325 2820 2715 2887 assumpserat,
2730 2820 2786 2872 et
2805 2819 2921 2875 haec
2944 2832 3064 2876 esse
3080 2826 3211 2875 vasa
3233 2817 3461 2889 captivi-

1867 2905 2014 2969 tatis,
2034 2904 2153 2960 ideo
2174 2909 2615 2975 prtemunendum
2638 2917 2769 2979 puto
2790 2911 3109 2980 prudentem
3132 2916 3462 2981 cautumque

1866 2993 2148 3063 lectorem,
2183 3003 2238 3052 et
2263 2992 2379 3053 time
2407 2996 2624 3069 quidem
2666 3006 2763 3055 nds
2789 3008 3009 3070 ponere,
3042 3012 3110 3057 ne
3144 2998 3272 3071 quid
3317 3010 3459 3073 prae-

1867 3084 2036 3140 terire
2063 3085 2362 3151 videamur,
2397 3084 2491 3142 sed
2540 3100 2646 3144 non
2674 3090 2924 3160 probare.
2958 3088 3144 3162 Neque
3172 3093 3317 3148 enim
3364 3102 3462 3148 rex

1868 3175 2067 3245 impius
2092 3176 2146 3231 in
2174 3177 2401 3248 tigni-am
2428 3182 2608 3250 potest
2637 3182 2946 3252 przecedet-e
2984 3177 3121 3252 citis,
3169 3183 3261 3254 qui
3296 3183 3463 3238 totius

1788 3248 1834 3316 (i
1864 3266 2083 3338 pietatis
2134 3248 2593 3349 exemplumest.
2638 3248 2875 3343 Captum
2924 3248 3105 3329 autem
3151 3248 3271 3331 esse
3299 3272 3465 3330 Sede-

1862 3359 2001 3414 ciam
2045 3372 2093 3428 la
2148 3357 2461 3432 Babyloniis
2511 3369 2675 3434 atque
2724 3361 3022 3431 Chaldaeis,
3081 3370 3137 3420 et
3195 3363 3462 3420 Ieremias

1859 3452 2123 3522 propheta
2148 3493 2162 3519 ,
2211 3459 2267 3508 et
2305 3452 2513 3525 Regum
2558 3462 2748 3509 narrat
2786 3454 3035 3523 historia,-
3067 3460 3122 3511 et
3148 3457 3368 3512 ductum
3394 3456 3463 3513 de

1860 3540 1978 3597 loco
2004 3541 2058 3597 in
2080 3536 2279 3610 locu‘tn,
2306 3543 2410 3600 hoc
2457 3544 2561 3612 est,
2603 3546 2669 3601 de
2696 3544 2996 3601 Jerusalem
3022 3546 3076 3600 in
3104 3545 3457 3619 Babylonem,

1861 3643 1917 3690 et
1949 3641 2165 3704 cattera,
2189 3644 2309 3709 qum
2336 3636 2588 3695 Ezechiel
2618 3638 2674 3694 in
2713 3639 3169 3713 consequentibus
3193 3638 3454 3710 loquitur.

1860 3720 1963 3791 Qui
2006 3730 2187 3781 autem
2236 3724 2484 3783 referunt
2522 3726 2589 3783 ad
2616 3720 2902 3783 Dominum
2943 3726 3127 3784 Iesum
3177 3728 3458 3784 Christum

1860 3815 2229 3883 captivitatem
2270 3815 2391 3885 ejus
2433 3822 2487 3870 et
2516 3816 3053 3888 transmigrationem
3079 3818 3217 3888 eius,
3241 3817 3310 3872 de
3337 3818 3460 3873 loco

1858 3903 1914 3958 in
1958 3904 2162 3972 locum,
2190 3907 2601 3964 descensionem
2647 3920 2715 3964 ex
2764 3909 3083 3965 coelestibus
3128 3909 3197 3965 ad
3240 3918 3459 3966 terrena

1862 3995 2159 4068 signiﬁcari
2182 4006 2394 4069 putant.

1932 4102 1954 4137 ι
1997 4088 2063 4141 Et
2105 4088 2301 4144 ederes
2339 4089 2488 4146 foras
2536 4094 2668 4145 vasa
2718 4096 2832 4156 tua,
2858 4089 3014 4162 quasi
3041 4098 3171 4148 vasa
3200 4093 3457 4147 transmla‘

1865 4194 1883 4229 ι
1921 4179 2131 4248 grantis
2176 4190 2274 4250 per
2316 4178 2457 4235 diem
2506 4182 2560 4236 in
2593 4187 2885 4253 conspectu
2917 4188 3128 4240 eorum.
3164 4184 3243 4237 Tu
3273 4191 3455 4241 autem

1865 4287 1883 4318 t
1916 4270 2213 4343 egredieris
2243 4286 2470 4340 vespere
2498 4288 2679 4328 coram
2708 4275 2805 4339 eis,
2842 4276 2986 4330 sicut
3031 4275 3311 4347 egreditur
3358 4277 3459 4331 nti;

1860 4364 1881 4409 t
1910 4368 2074 4430 graus
2098 4360 2222 4416 ante
2249 4362 2434 4418 oculos
2462 4372 2671 4433 eorum,
2716 4363 2942 4437 pertbde
2961 4366 3058 4422 tibi
3087 4370 3371 4438 parietem,
3402 4377 3459 4424 et

1863 4468 1882 4503 α
1914 4452 2209 4523 egredieris
2230 4460 2326 4525 per
2362 4462 2511 4524 eum,
2539 4454 2594 4511 in
2622 4458 2913 4529 conspectu
2935 4468 3144 4516 eorum.
3168 4458 3225 4516 in
3268 4462 3458 4520 hume—

1863 4560 1881 4594 ‹
1915 4544 1991 4599 ris
2015 4544 2279 4614 portabis,
2320 4546 2373 4602 in
2416 4548 2644 4620 ealigine
2672 4547 2920 4621 eilbgies,
2958 4550 3152 4608 faciem
3195 4560 3342 4610 tuam
3365 4566 3455 4610 ve-

158 4643 414 4699 nationes
441 4659 587 4709 suas,
626 4634 892 4713 recipiant
918 4650 1034 4714 qua:
1070 4638 1332 4711 iecerunt,
1368 4648 1529 4702 verba
1569 4656 1750 4703 autent

1864 4646 1880 4684 α
1913 4607 2052 4691 labis
2078 4644 2132 4691 et
2156 4607 2274 4691 non,
2291 4638 2499 4694 videbis
2520 4607 2745 4705 terram,
2770 4607 2894 4713 quia
2910 4607 3376 4712 [portentttmvdedl
3404 4607 3457 4699 te

160 4735 217 4789 iu
275 4722 573 4807 'Scripturis
617 4735 819 4790 sanctis
871 4752 967 4805 pro
1023 4734 1183 4791 rebus
1235 4726 1339 4793 dici
1400 4750 1540 4807 saepe
1569 4738 1755 4792 admo-

156 4841 402 4881 nutmus.

157 4987 415 5059 Exempio
449 4988 633 5061 probat
659 4910 1262 5061 Ρι-ορςιέἷυυῖηὲἐίὶαπι
1286 4988 1574 5044 obsidionis
1601 4988 1757 5045 larua

585 5059 775 5126 Calcat,
801 5072 850 5114 et
871 5060 985 5131 ejus
1003 5061 1328 5116 instantiam.

235 5190 254 5222 ι
282 5170 350 5225 Et
376 5170 553 5228 factus
594 5181 680 5228 est
728 5186 910 5230 sermo
938 5175 1151 5231 Domini
1180 5175 1249 5230 ad
1275 5184 1363 5230 me
1386 5173 1579 5230 dicens
1606 5186 1623 5229 t
1656 5174 1759 5230 Fili

158 5283 176 5314 ι
215 5260 479 5331 hominis,
505 5263 562 5320 in
588 5260 772 5321 medio
789 5266 987 5323 domus
1006 5268 1388 5338 exasperantis
1414 5274 1473 5322 tu
1516 5267 1753 5335 habitas,

157 5369 176 5401 ι
204 5352 495 5420 quiocuios
512 5353 715 5411 habent
724 5357 793 5411 ad
813 5357 1171 5413 Videndumet
1192 5366 1297 5415 non
1310 5359 1583 5425 videohet
1596 5362 1760 5416 aures

154 5463 175 5496 ι
208 5443 281 5499 ad
308 5444 633 5504 audientium
660 5458 720 5506 et
744 5454 854 5506 noli
894 5448 1138 5518 audiunt,
1161 5453 1287 5523 quia
1304 5455 1501 5511 {intutis
1528 5462 1756 5526 (Ἀπεφθέ-

153 5554 174 5587 ‹
203 5546 338 5592 rans
365 5544 467 5607 est,
494 5546 605 5598 istc;
636 5537 745 5599 ho
768 5546 1177 5615 exasperatione
1214 5556 1430 5615 quoque
1462 5547 1569 5602 diei
1607 5558 1757 5602 sum

146 5628 393 5686 ritildine
438 5631 634 5688 crebre
678 5636 979 5703 docuimus,
1009 5644 1074 5690 ut
1119 5637 1191 5692 sit
1229 5648 1461 5691 sensus:
1489 5637 1541 5691 in
1575 5638 1755 5694 medio

1864 4750 1881 4782 ‹
1917 4722 2101 4786 domui
2153 4728 2343 4798 israei,
2380 4752 2398 4784 ›
2435 4741 2539 4788 etc.
2581 4724 2784 4789 Facere
2829 4733 3051 4802 iubetur
3092 4739 3356 4808 propheta
3399 4740 3453 4794 iti

1860 4820 2051 4892 ﬁgura,
2094 4832 2215 4893 qua:
2261 4820 2519 4879 Sedecias
2566 4824 2808 4882 iacturas
2843 4836 2927 4883 est
2953 4828 3007 4883 in
3045 4830 3282 4885 veritate.
3329 4830 3455 4886 Cul-

1860 4913 1965 4985 lige
1996 4916 2140 4970 enim
2192 4918 2432 4971 sarcinas
2468 4920 2612 4985 titas,
2640 4916 2755 4976 haec
2778 4923 2921 4976 enim
2961 4936 3089 4977 vasa
3123 4928 3248 4977 sunt
3276 4920 3454 4979 trans;

1862 5006 2147 5077 migrantis
2181 5005 2486 5064 videntibus
2510 5010 2607 5066 eis.
2636 5008 2704 5066 Et
2739 5020 3025 5083 postquam
3053 5006 3292 5070 viderint
3330 5022 3451 5087 quae

1860 5094 2101 5152 facturus
2122 5108 2199 5164 es,
2214 5099 2510 5169 egredieris
2529 5110 2754 5173 vespere
2775 5105 2828 5158 in
2846 5102 3252 5161 similitudinem
3277 5112 3452 5162 trans-

1861 5189 2164 5260 migrantis.
2205 5191 2457 5263 Legimus
2482 5195 2628 5250 enim
2658 5188 2940 5252 Sedeciam
2976 5209 3135 5253 nocte
3157 5202 3311 5255 mtiro
3332 5200 3446 5255 suf-

1858 5283 2007 5337 t'osso
2032 5280 2235 5355 i‘tigissc
2275 5284 2341 5339 ad
2385 5285 2599 5342 deserta
2628 5282 2899 5355 Iordanis,
2950 5288 3132 5360 lbiqbe
3160 5300 3192 5345 a
3217 5290 3447 5364 Babylo-

1860 5371 2095 5430 niiscSSé
2108 5376 2578 5446 comprehensum,
2603 5384 2659 5433 et
2687 5376 2789 5435 hoc
2812 5375 3122 5451 signiﬁcare
3139 5382 3446 5452 perfossum

1857 5463 2311 5533 parietem.de
2336 5476 2515 5523 autem
2541 5465 2702 5524 diciti
2737 5476 2755 5520 ι
2787 5468 2845 5525 in
2868 5466 3110 5528 humeris.
3125 5473 3387 5543 pot-tabis,
3415 5489 3439 5526 ιι

1856 5557 2180 5613 subauditur
2222 5558 2468 5616 sarcinas
2504 5566 2646 5626 tuas,
2675 5564 2731 5616 et
2758 5560 3021 5633 quidquid
3056 5558 3129 5617 ad
3169 5559 3270 5618 vis:
3305 5561 3445 5618 solad

1854 5634 1997 5705 cium
2038 5642 2308 5721 tumentes
2336 5658 2557 5722 portare
2588 5654 3025 5709 consueverunt:
3054 5668 3074 5705 ι
3111 5650 3168 5707 in
3213 5651 3443 5726 caligine

146 5721 349 5778 domus
406 5722 473 5780 ad
518 5727 935 5786 amaritudinem
978 5729 1352 5787 convertentis
1402 5734 1460 5783 tu
1488 5729 1746 5797 inanitas,

1864 5742 2066 5809 adet-es,
2092 5746 2114 5795 ὑ
2145 5752 2214 5799 ne
2234 5743 2471 5800 videaris
2493 5758 2525 5799 a
2546 5752 2837 5817 quoquam,
2876 5752 2894 5798 i
2932 5742 3127 5803 faciem
3156 5746 3306 5800 tuam
3324 5721 3447 5798 vve-

145 5831 278 5887 quae
309 5812 599 5879 Dominum
626 5828 820 5881 natura
854 5824 1069 5884 duiccm
1096 5837 1263 5900 atque
1291 5826 1635 5897 densum;
1668 5826 1750 5884 vii
1849 5834 2012 5904 labis,
2046 5840 2067 5888 ι
2094 5832 2184 5893 vel
2202 5836 2509 5896 caecitatem
2527 5812 2651 5912 qua:
2755 5839 2980 5910 accidit,-
3013 5830 3383 5897 animum
3404 5849 3449 5895 2
