3938 6360
523 310 630 368 m
1155 316 1219 373 Β.
1257 315 1516 376 mm
1551 318 1773 381 mum
1808 301 2069 382 meum:

2175 316 2484 386 HOGUNT.
2526 325 2814 386 OPERUM
2849 325 3030 384 PARS
3063 326 3129 384 II.
3727 333 3818 391 648

521 423 1036 521 Nabuchodonosor,
1063 428 1150 486 vel
1191 447 1262 490 ne
1293 444 1671 521 cognoscatur,
1702 439 1848 509 quod
1896 439 2013 511 ipse
2037 442 2110 497 sit
2133 445 2189 508 Α
2217 459 2238 494 ι
2269 442 2386 514 ejus
2413 451 2470 499 et
2493 444 2711 516 agmina
2739 444 2888 501 illius
2906 444 3215 517 dispergam
3239 444 3298 501 in
3319 458 3558 502 omnem
3583 456 3818 521 ventum,

520 532 618 614 res
669 526 728 574 et
771 517 946 614 major
986 520 1085 577 ﬁat
1117 535 1252 580 cura
1309 517 1666 584 servantium.
1718 530 1979 603 Quodque
2031 548 2118 590 se-
2215 538 2244 585 ἰ
2278 541 2334 589 et
2353 535 2592 606 gladium
2609 537 2912 607 evaginabo
2929 543 3055 608 post
3080 550 3194 592 eos.
3235 534 3304 591 Et
3343 537 3537 593 scient
3566 540 3702 609 quia

521 609 749 678 quitur:
781 629 802 663 ‹
853 611 923 668 Ει
949 629 1058 670 non
1095 613 1308 673 videbis
1333 627 1556 687 terram,
1590 641 1610 672 ι
1645 622 1780 678 illud
1823 624 2111 696 signiﬁcat,
2170 618 2172 620 ’
2223 642 2242 676 ι
2275 621 2558 692 Dominus,
2585 627 2801 697 quando
2827 627 3138 698 dispersero
3193 626 3317 683 illos
3345 629 3402 683 in
3447 609 3814 700 gentibus,et

516 701 662 772 quod
713 716 890 768 aecus
913 705 1110 762 ductus
1135 705 1208 762 sit
1249 707 1305 763 in
1354 710 1707 782 Babylonem,
1741 728 1974 785 eamque
2003 732 2114 773 non
2220 732 2242 766 ι
2271 717 2704 776 disseminavero
2740 718 2864 775 illos
2892 718 2950 774 in
2973 727 3168 775 terras.
3198 719 3268 775 Et
3297 720 3628 792 relinquam
3666 739 3730 778 ex
3753 725 3814 780 eis

514 793 734 850 viderit.
791 813 811 847 ι
841 794 980 864 Quia
1020 806 1353 869 portentum,
1409 802 1605 873 inquit,
1648 806 1769 862 dedi
1828 816 1882 863 te
1925 809 2110 865 domui
2217 825 2236 858 ι
2271 807 2418 864 viros
2435 823 2638 879 paucos
2657 825 2690 864 a
2712 809 2894 883 gladio
2912 817 2969 865 et
2990 809 3202 867 fameet
3216 811 3571 883 pestilentia,
3597 821 3663 867 ut
3683 830 3814 869 enar-

441 920 448 927 ~
513 885 698 942 Israel.
737 905 758 940 ι
793 887 852 942 In
901 888 1115 959 signum
1167 891 1312 946 enim
1353 901 1409 947 et
1459 894 1514 949 in
1537 895 1770 966 ﬁguram
1814 902 2107 972 propheta-

2213 913 2237 950 ι
2278 906 2402 954 rent
2430 901 2614 956 omnia
2642 900 2854 957 scelera
2882 915 3070 958 eorum
3094 903 3150 958 in
3173 903 3429 973 gentibus
3454 904 3544 959 ad
3575 920 3710 975 quas
3741 905 3809 961 in-

513 991 634 1032 rum
669 985 782 1032 tam
829 979 971 1034 dicta
997 995 1163 1050 quam
1196 979 1340 1037 facta
1375 991 1522 1040 sunt.
1573 985 1726 1043 Unde
1753 997 1808 1044 et
1827 989 1882 1044 in
1910 991 2110 1048 Zacha-
2213 1003 2234 1038 ι
2269 989 2602 1059 gredientur.
2628 990 2699 1045 Et
2723 991 2899 1047 scient
2919 991 3048 1062 quia
3069 1006 3171 1062 ego
3209 992 3504 1051 Dominus.
3564 1013 3589 1047 ι
3630 995 3804 1065 (Βία.)

512 1069 596 1125 ria
621 1070 726 1125 viri
757 1073 1059 1142 portentosi
1079 1081 1370 1143 vocantur,
1402 1078 1531 1148 quia
1554 1077 1736 1135 futura
1757 1083 2100 1151 portendant.

511 1163 582 1219 Et
633 1165 688 1220 in
731 1165 870 1223 Osca
894 1167 1134 1240 loquitur
1155 1175 1301 1234 Deus
1329 1194 1344 1230 :
1396 1194 1416 1227 ι
1447 1175 1507 1232 In
1534 1177 1785 1233 manibus
1810 1179 2106 1249 propheta-

509 1273 629 1313 rum
655 1275 774 1328 sum
805 1263 1134 1322 assimilatas
1170 1266 1316 1340 (Ose.
1355 1269 1477 1342 xu).
1512 1290 1532 1323 ι
1565 1269 1670 1338 Qui
1705 1279 1888 1327 autem
1913 1271 2105 1327 volunt

509 1349 564 1404 in
585 1351 886 1408 Ezechielis
898 1369 1130 1424 persona
1151 1357 1428 1416 Christum
1448 1361 1694 1433 intelligi,
1721 1378 1852 1418 vasa
1874 1364 2100 1434 captivi-

511 1443 659 1508 tatis,
700 1444 997 1502 humanum
1025 1463 1222 1520 corpus
1267 1453 1563 1523 accipiunt,
1593 1461 1650 1509 et
1674 1453 1977 1524 perfossum
2005 1470 2101 1525 pa-

507 1532 720 1602 rietem,
747 1551 856 1606 quo
883 1537 1218 1597 infernarum
1243 1542 1485 1600 claustra
1524 1544 1804 1616 perfregit,
1841 1554 1896 1601 et
1922 1561 2101 1602 resur-

504 1639 636 1695 gens
658 1644 688 1683 a
710 1629 839 1686 solis
865 1633 1212 1691 credentibus
1231 1636 1382 1694 visus
1401 1645 1504 1704 est,
1534 1647 1891 1710 portatusque
1917 1641 1973 1696 in
1999 1641 2099 1696 hu-

2204 1075 2449 1134 Primum
2477 1095 2812 1152 exponamus
2836 1082 3142 1138 historiam.
3189 1083 3309 1152 Dic,
3350 1085 3575 1156 inquit,
3605 1087 3674 1141 ad
3707 1103 3800 1152 ets,

2203 1185 2238 1226 ο
2268 1169 2346 1225 ﬁli
2373 1171 2632 1239 hominis,
2681 1174 2774 1244 qui
2832 1173 2916 1229 vel
2943 1174 3303 1247 interrogant,
3333 1177 3427 1232 vel
3476 1193 3610 1232 non
3656 1179 3799 1233 inter-

2202 1271 2396 1333 rogant
2424 1280 2438 1317 :
2470 1262 2611 1331 Quid
2651 1271 2710 1318 tu
2749 1263 2886 1321 facis
2913 1265 3068 1321 haec?
3088 1267 3233 1336 quod
3258 1283 3428 1338 super
3449 1267 3667 1324 ducem
3689 1283 3799 1323 onus

2202 1352 2367 1420 istud,
2397 1363 2455 1409 et
2503 1355 2644 1412 visio
2687 1356 2762 1412 sit
2791 1357 2864 1424 ei,
2895 1358 2990 1429 qui
3032 1365 3118 1414 est
3145 1359 3202 1412 in
3247 1357 3606 1425 Jerusalem,
3635 1359 3794 1414 ducem

2199 1442 2470 1515 signiﬁcat
2485 1442 2787 1501 Sedeciam.
2804 1444 2874 1501 Et
2887 1447 2975 1503 dic
2988 1461 3003 1501 :
3015 1468 3033 1499 ι
3044 1447 3158 1519 Ego
3169 1455 3498 1518 portentum
3517 1439 3805 1511 vestrarm

2198 1535 2336 1601 sive,
2357 1545 2416 1592 ut
2437 1536 2786 1608 Septuaginta
2812 1539 3231 1607 transtulerunt,
3250 1559 3270 1594 ι
3298 1539 3419 1613 Ego
3439 1541 3552 1611 qui
3579 1549 3790 1613 portenta

2195 1625 2392 1694 facio,»
2411 1638 2469 1683 ut
2486 1645 2555 1685 ex
2576 1630 2932 1700 praesentibus
2953 1630 3137 1687 futura
3156 1642 3609 1705 cognoscantur.
3641 1648 3661 1682 ι
3685 1631 3790 1699 Quo-

502 1722 692 1790 meris,
721 1726 938 1794 quando
963 1741 1087 1783 cum
1115 1731 1376 1803 angelicis
1395 1733 1756 1804 potestatibus
1783 1738 1851 1791 ad
1890 1735 2069 1791 coelun

2195 1719 2357 1776 modo
2379 1718 2505 1788 feci,
2529 1721 2608 1776 sic
2633 1721 2728 1776 fiet
2750 1721 2879 1789 illis,
2902 1741 2922 1774 ›
2961 1722 3084 1778 duci
3111 1725 3412 1781 ettcunctis
3429 1723 3538 1794 qui
3569 1724 3627 1777 in
3654 1723 3788 1777 mni-

499 1816 748 1870 ascendit
790 1818 984 1875 victor.
1038 1821 1108 1876 Et
1134 1824 1279 1892 quod
1316 1825 1664 1882 absconditus
1702 1828 1997 1899 egreditur,
2037 1844 2068 1885 e

2196 1817 2312 1864 tatu
2357 1811 2512 1866 ducis
2552 1820 2679 1868 sunt
2713 1813 2812 1867 :in
2867 1815 3408 1887 transmigrationem
3451 1815 3785 1886 Babyloniam

498 1907 644 1963 velat
677 1907 873 1965 faciem
908 1927 1084 1979 suam,
1111 1930 1181 1970 ne
1211 1916 1269 1971 in
1293 1932 1458 1973 carne
1495 1920 1709 1975 mortali
1737 1921 1984 1977 videatur
2013 1922 2095 1978 di-

497 1997 625 2052 vina
671 1999 949 2070 majestas.
995 2004 1065 2060 Et
1090 2021 1199 2062 non
1227 2007 1376 2064 videt
1398 2018 1619 2077 terram,
1649 2026 1719 2067 ne
1739 2012 1911 2068 oculis
1950 2013 2094 2070 illius

496 2086 819 2158 illustretur,
850 2108 971 2163 qua:
995 2095 1112 2164 ejus
1152 2113 1260 2154 non
1293 2108 1534 2157 meretur
1553 2111 1854 2173 aspectum.
1889 2101 2092 2162 (Oculi

495 2179 638 2235 enim
667 2181 882 2240 Domini
912 2201 1076 2258 super
1083 2186 1259 2258 justos
1286 2189 1460 2263 (Psal.
1501 2194 1722 2266 χχχιιι),
1757 2213 1778 2248 ι
1813 2204 1868 2251 et
1892 2197 2093 2252 avertit

491 2267 690 2326 faciem
717 2287 870 2330 suam
902 2277 970 2332 ab
999 2277 1199 2348 impiis.
1223 2278 1350 2337 Haec
1381 2290 1580 2349 autem,
1608 2285 1882 2356 inquiunt,
1908 2289 2090 2344 omnia

491 2360 689 2422 fecisse
717 2376 992 2435 narratur,
1019 2377 1081 2424 ut
1102 2385 1201 2442 per
1222 2372 1634 2430 similitudinem
1677 2377 1913 2435 hominis
1954 2381 2089 2436 dura

490 2455 560 2509 ad
585 2455 746 2512 ﬁdem
779 2457 1061 2516 Israelitici
1087 2463 1272 2533 populi
1304 2466 1471 2520 corda
1511 2476 1869 2536 converteret,
1921 2479 1976 2527 et
2030 2473 2087 2528 in

487 2553 802 2632 portentum
845 2551 1005 2606 datur
1059 2552 1245 2608 domui
1297 2552 1488 2623 Israel,
1540 2557 1697 2626 juxta
1754 2559 1886 2616 illud
1943 2563 2088 2632 quod

488 2627 751 2707 scriptum
775 2649 897 2696 est:
931 2660 950 2694 ι
981 2643 1125 2699 Ecce
1169 2645 1261 2700 hic
1287 2647 1497 2717 positus
1528 2657 1612 2705 est
1640 2650 1694 2705 in
1727 2627 2087 2710 resurrectio-

486 2743 610 2784 nem
656 2737 712 2787 et
739 2731 796 2786 in
825 2733 1039 2790 ruinam
1071 2737 1388 2808 multorum,
1422 2749 1480 2798 et
1506 2743 1562 2798 in
1591 2735 1809 2816 signum.
1834 2747 1924 2802 cui
1949 2762 2082 2804 con-

485 2822 805 2880 tradicetur.
835 2845 855 2878 ι

563 2930 584 2963 ι
619 2913 747 2971 Feci
777 2930 912 2988 ergo
936 2918 1078 2974 sicut
1104 2931 1438 2994 praeceperat
1462 2925 1622 2993 mihi,
1646 2941 1775 2982 vasa
1801 2941 1923 2983 mea
1951 2943 2082 2999 pro-

487 3023 507 3056 ι
539 3006 655 3074 tuli,
681 3009 838 3078 quasi
863 3026 990 3068 vasa
1015 3014 1301 3085 migrantis
1320 3031 1418 3086 per
1437 3017 1601 3085 diem,
1625 3027 1681 3075 et
1706 3035 1932 3091 vespere
1952 3036 2080 3092 per-

483 3114 504 3149 c
537 3097 647 3154 fodi
670 3099 803 3155 mihi
823 3101 1087 3172 parietem
1110 3120 1296 3162 manu.
1324 3105 1386 3162 In
1411 3107 1640 3181 caligine
1665 3125 1918 3180 egressus
1936 3127 2077 3179 sum,

2194 1901 2394 1972 captivi
2416 1903 2712 1970 ducentur;
2735 1921 2755 1955 ι
2775 1911 2833 1959 et
2855 1903 2966 1960 dux
2993 1906 3089 1976 qui
3114 1915 3199 1962 est
3224 1906 3283 1962 in
3312 1906 3511 1962 medio
3538 1919 3722 1961 eorum
3746 1905 3787 1958 in

2193 1994 2436 2051 humeris
2460 1997 2817 2068 portabitur',»
2851 1998 2938 2054 vel
2956 1997 3349 2068 jumentorum,
3378 1997 3478 2053 vel
3500 2013 3697 2053 eorum
3714 1997 3782 2066 qui

2193 2099 2314 2140 cum
2338 2101 2404 2142 eo
2423 2087 2676 2160 fugerant
2702 2107 2721 2140 ι
2751 2090 2807 2144 in
2829 2087 3061 2160 caligine
3088 2109 3137 2156 ι,
3156 2097 3213 2145 et
3237 2090 3294 2144 in
3314 2089 3514 2145 noctis
3531 2088 3781 2149 tenebris;

2199 2195 2219 2228 ι
2247 2178 2572 2250 egredietur,
2595 2196 2921 2252 murumque
2959 2180 3250 2237 suﬁ'odient
3282 2199 3302 2234 ι
3334 2179 3482 2236 socii
3506 2178 3656 2250 ejus,
3689 2197 3706 2229 ι
3735 2188 3782 2230 ut

2191 2272 2428 2326 educant
2452 2287 2577 2328 eum
2603 2289 2617 2340 ;
2649 2271 2818 2330 facies
2843 2273 2963 2344 ejus
2990 2272 3285 2338 velabitur,
3315 2291 3336 2325 ›
3369 2272 3469 2328 vel
3497 2273 3699 2327 timore
3719 2269 3778 2322 fl-

2189 2363 2391 2435 gientis
2423 2364 2510 2420 vel
2541 2365 2802 2421 caecitatis
2844 2365 3066 2435 injuria,
3098 2385 3119 2419 ‹
3150 2375 3212 2421 ιιι
3237 2380 3422 2422 caecus
3454 2374 3670 2421 terram
3695 2380 3777 2419 non

2189 2455 2374 2511 videat
2404 2475 2424 2509 ι
2477 2456 2788 2528 Babylonis.
2832 2475 2852 2508 ι
2893 2457 2962 2514 Ει
3012 2472 3113 2526 ego
3146 2457 3446 2515 extendam
3474 2467 3605 2513 rete
3631 2471 3776 2511 meum

2189 2562 2354 2618 super
2398 2548 2572 2616 illum,
2607 2557 2664 2605 et
2705 2551 2952 2620 capietur
2998 2551 3056 2606 in
3104 2564 3305 2621 sagena
3339 2564 3494 2606 mea.
3537 2570 3562 2602 ι
3602 2549 3782 2604 (lance-

2189 2640 2350 2696 dente
2397 2641 2630 2699 Domino
2667 2643 2866 2715 quippe
2914 2658 2946 2698 a
3001 2643 3318 2716 Babyloniis
3349 2651 3562 2714 captus
3599 2649 3700 2697 est.
3725 2638 3779 2692 Et

2187 2733 2304 2789 hac
2347 2750 2468 2804 quas
2515 2736 2586 2791 ab
2625 2736 2872 2792 hostibus
2919 2753 3113 2808 passus
3163 2746 3248 2793 est
3304 2737 3451 2802 fieri,
3498 2752 3565 2793 se
3607 2735 3781 2791 fecisse

2187 2832 2438 2881 testatur.
2470 2826 2782 2898 Ductusque
2811 2828 2868 2883 in
2894 2827 3250 2900 Babylonem,
3278 2837 3489 2884 terram
3507 2823 3780 2879 Chaldae-

2185 2933 2307 2973 rum
2333 2933 2442 2974 non
2489 2918 2715 2987 videbit,
2743 2919 2926 2991 ibique
2948 2922 3198 2992 captivus
3251 2918 3548 2973 morietur.
3593 2916 3775 2974 Omnes

2185 3017 2370 3066 autem
2392 3011 2569 3067 socios
2601 3009 2719 3080 ejus
2745 3019 2802 3066 et
2829 3011 3106 3081 adjutores
3135 3017 3192 3066 et
3213 3010 3447 3066 comites
3469 3010 3641 3082 fuga,
3671 3026 3772 3064 cum

2185 3101 2276 3158 ille
2324 3103 2490 3158 fuerit
2527 3105 2972 3174 comprehensus,
3005 3103 3113 3160 huc
3159 3102 3397 3173 illucque
3451 3104 3769 3174 dispergam,

482 3206 503 3240 ι
532 3198 587 3244 et
611 3191 667 3246 in
680 3193 924 3251 humeris
940 3198 1258 3267 portatusin
1271 3199 1445 3256 oculis
1458 3216 1667 3257 eorum.
1706 3222 1726 3253 ι
1758 3202 1890 3270 Quae
1915 3219 2079 3275 supra
2105 3203 2152 3268 C
2182 3210 2285 3251 nec
2325 3211 2548 3252 securos
2594 3197 2746 3253 abire
2785 3197 3122 3270 permiﬂaln,
3152 3196 3248 3254 Sed
3276 3196 3332 3252 in
3376 3195 3647 3252 manibus
3667 3198 3772 3250 δοεσ

470 3279 655 3350 jussus
676 3292 761 3339 est
813 3285 998 3342 facere
1048 3303 1214 3358 opere
1257 3305 1316 3346 se
1343 3291 1647 3362 complesse
1681 3301 1928 3361 testatur,
1974 3310 2075 3352 nec

473 3371 923 3444 interpretatione
977 3380 1181 3451 indiget
1226 3381 1384 3450 juxta
1429 3392 1717 3456 utramque
1746 3388 2070 3443 sententiam

473 3464 620 3533 quod
662 3481 828 3536 supra
872 3470 1180 3540 expositum
1204 3482 1310 3529 est.
1359 3473 1494 3530 Illud
1544 3484 1728 3532 autem
1773 3479 2071 3534 notandum

473 3559 581 3619 est,
608 3557 753 3625 quod
795 3573 905 3614 uno
945 3569 1106 3630 atque
1136 3563 1328 3620 eodem
1357 3571 1602 3638 tempore
1647 3566 1913 3624 Jeremias
1945 3584 2071 3639 pro-

468 3642 731 3713 phetabat
752 3647 808 3702 in
832 3646 1161 3719 Jerusalem,
1192 3661 1249 3709 et
1297 3654 1552 3713 Ezechiel
1592 3658 1648 3713 in
1691 3658 1966 3730 Babylone
2014 3669 2070 3716 et

470 3733 618 3791 illius
640 3741 926 3809 prophetia
964 3744 1281 3802 mittebatur
1305 3748 1372 3804 ad
1389 3749 1650 3820 captivos
1677 3766 1691 3816 ;
1729 3758 1784 3806 et
1812 3749 1972 3820 hujus
2000 3752 2068 3807 ad

469 3837 565 3882 eos
587 3827 680 3896 qui
706 3829 1024 3889 habitabant
1041 3834 1096 3890 in
1122 3834 1444 3905 Jerusalem,
1477 3847 1538 3894 ut
1561 3840 1721 3895 unius
1755 3841 1812 3896 in
1838 3841 2066 3898 diversis

466 3917 788 3988 regionibus
811 3921 912 3979 Dei
934 3925 1277 3995 providentia
1303 3937 1724 3998 monstraretur,
1752 3939 1811 3987 et
1856 3932 2062 3989 intelli-

465 4018 660 4080 gerent
685 4011 968 4071 audientes
994 4030 1330 4091 quaecunque
1350 4021 1674 4078 accidebant
1703 4021 1923 4094 populo,
1967 4037 2062 4079 ne-

462 4112 735 4171 quaquam
778 4102 1047 4163 idolorum
1090 4117 1383 4180 potestate,
1435 4111 1533 4169 sed
1561 4112 1780 4170 Domini
1813 4112 2061 4184 iussione

461 4192 780 4251 consistere.

537 4300 557 4333 ι
587 4283 653 4338 Ει
677 4284 855 4342 factus
901 4296 988 4344 est
1008 4304 1188 4347 sermo
1232 4293 1450 4351 Domini
1483 4297 1553 4352 ad
1577 4311 1668 4352 me
1704 4297 1891 4354 dicens
1917 4315 1932 4352 :
1954 4296 2058 4352 Fili

467 4387 488 4421 ι
525 4371 784 4440 hominis,
805 4378 1052 4447 nunquid
1075 4395 1183 4437 non
1207 4382 1467 4440 dixerunt
1485 4386 1555 4440 ad
1586 4393 1637 4441 te
1663 4387 1854 4443 domus
1866 4387 2053 4453 Israel,

465 4477 486 4512 ι
520 4462 713 4518 domus
735 4479 1094 4538 exasperans:
1127 4471 1269 4538 Quid
1295 4480 1355 4527 tu
1380 4475 1550 4530 facis?
1572 4463 1703 4532 Haec
1720 4478 1851 4532 dicit
1873 4479 2056 4534 Domi-

2179 3287 2314 3342 tium
2345 3287 2642 3359 evaginabo
2664 3287 2902 3359 gladium
2940 3290 3154 3352 meum,
3189 3294 3251 3342 ut
3277 3288 3502 3358 quando
3555 3286 3770 3359 dispersi

2177 3377 2382 3434 fuerint
2427 3379 2485 3433 in
2523 3379 2796 3450 gentibus,
2829 3378 3131 3450 intelligant
3175 3377 3322 3450 quod
3353 3394 3460 3449 ego
3513 3379 3631 3434 sim
3676 3378 3768 3434 Do-

2175 3472 2374 3536 minus,
2408 3477 2465 3526 et
2494 3483 2614 3526 mea
2652 3478 2850 3526 cuncta
2894 3469 3173 3526 voluntate
3199 3469 3311 3526 sint
3341 3469 3514 3524 facta.
3545 3487 3569 3520 ‹
3607 3469 3674 3524 Et
3701 3483 3770 3523 re

2173 3561 2441 3633 linquam,
2492 3561 2690 3633 inquit,
2734 3578 2804 3618 ex
2851 3562 3015 3619 sociis
3049 3582 3070 3616 ι
3109 3562 3200 3633 qui
3233 3575 3359 3618 cum
3393 3576 3465 3618 eo
3515 3561 3766 3633 fugerim,

2171 3660 2229 3708 ct
2259 3654 2352 3723 qui
2379 3653 2613 3710 evadere
2645 3654 2924 3726 potuerint
2957 3672 2976 3706 ι
3011 3668 3234 3724 paucos,
3269 3672 3290 3708 ι
3324 3653 3424 3724 qui
3453 3653 3693 3725 gladium
3717 3663 3766 3708 et

2169 3745 2369 3802 famem
2397 3753 2454 3800 et
2497 3745 2865 3816 pestilentiam
2913 3746 3211 3813 evaserint,
3240 3754 3302 3802 ut
3348 3760 3482 3802 cum
3531 3747 3620 3802 vel
3652 3747 3762 3817 in:

2167 3839 2254 3894 vel
2307 3840 2651 3910 captivitate,
2705 3841 2772 3895 ad
2822 3840 3066 3896 diversas
3099 3840 3456 3911 pervenerint
3499 3842 3758 3912 regiones,

2165 3941 2389 3989 narrent
2417 3934 2601 3990 omnia
2628 3933 2837 3990 scelera
2862 3948 2962 3989 sua
2985 3933 3072 3988 vel
3091 3947 3346 3990 sermone
3369 3932 3464 3989 vel
3490 3934 3758 4004 exemplo;

2163 4032 2384 4095 prapter
2409 4040 2531 4093 quae
2597 4032 2747 4079 tanta
2796 4025 3099 4081 meruerint
3144 4023 3312 4091 mala,
3357 4032 3418 4080 et
3466 4023 3760 4094 intelligant

2162 4119 2307 4189 quod
2330 4119 2446 4189 ipse
2471 4118 2576 4173 sim
2602 4117 2765 4174 Deus.

2236 4226 2257 4260 ι
2285 4209 2352 4264 Ει
2398 4207 2577 4266 factus
2610 4217 2696 4264 est
2717 4223 2901 4265 sermo
2925 4209 3140 4266 Domini
3166 4209 3234 4264 ad
3260 4225 3351 4266 me
3391 4209 3592 4267 dicens
3618 4227 3634 4265 :
3665 4209 3754 4265 Fili

2166 4318 2186 4352 ι
2215 4299 2473 4366 hominis,
2503 4315 2700 4371 panem
2727 4309 2878 4356 tuum
2902 4302 2958 4356 in
2989 4302 3404 4358 conturbatione
3437 4304 3684 4369 comede,
3707 4310 3752 4356 et

2163 4410 2185 4444 ‹
2218 4407 2415 4462 aquam
2448 4401 2595 4447 tuam
2633 4392 2690 4454 in
2735 4391 3082 4448 festinatione
3125 4401 3181 4448 et
3212 4407 3457 4450 maerore
3501 4395 3652 4459 bibe,
3705 4400 3751 4446 et

2165 4503 2185 4536 ι
2226 4485 2314 4541 dic
2359 4487 2428 4541 ad
2454 4485 2711 4556 populum
2740 4492 2937 4540 terrae:
2981 4484 3108 4541 Haec
3151 4486 3279 4542 dicit
3309 4487 3574 4544 dominus
3624 4487 3748 4542 Dens

462 4569 484 4604 ι
517 4569 622 4610 nus
639 4555 821 4613 Deus:
855 4557 912 4614 Si
953 4566 1028 4627 te,
1052 4561 1248 4632 inquit,
1272 4563 1694 4637 interrOgaverit
1711 4567 1902 4624 domus
1923 4583 2052 4625 exa-
2076 4566 2129 4627 D
2160 4598 2179 4630 ί
2213 4579 2284 4634 ad
2331 4593 2425 4634 eos
2456 4555 2586 4648 iqui
2627 4578 2877 4634 habitant
2918 4575 3219 4635 Jerusalem
3265 4579 3322 4634 in
3376 4587 3534 4636 terra
3572 4579 3745 4644 Israel,

461 4663 481 4697 ι
503 4657 766 4718 ερειςιιιε,
791 4665 960 4721 quare
985 4655 1089 4741 ista
1113 4654 1270 4722 facis,
1297 4656 1384 4712 dic
1410 4657 1479 4713 ad
1506 4657 1766 4730 eos.fHa:c
1793 4659 1924 4716 dicit
1943 4660 2050 4716 Do-

461 4755 482 4789 ι
516 4739 696 4797 minus
718 4742 862 4800 Deus
899 4762 912 4799 :
941 4739 1119 4817 Super
1140 4747 1442 4819 principem
1466 4764 1604 4806 onus
1640 4750 1806 4818 istud,
1839 4754 1931 4822 qui
1963 4761 2049 4808 est

457 4846 478 4880 ι
513 4831 567 4888 in
601 4830 931 4903 Jerusalem,
993 4846 1049 4892 et
1106 4855 1270 4910 super
1330 4857 1549 4900 omnem
1600 4845 1821 4902 domum
1879 4845 2048 4903 Israel

455 4937 476 4989 ι
510 4937 632 4994 qua:
658 4934 744 4982 est
768 4927 824 4982 in
865 4928 1047 4985 medio
1071 4944 1282 4986 eorum.
1311 4934 1409 4990 Dic
1435 4955 1448 4989 :
1473 4935 1586 5008 Ego
1605 4947 1920 5008 portentum
1951 4955 2046 4996 ve-

455 5033 474 5066 ι
511 5023 717 5085 atrum;
744 5019 1015 5089 quomodo
1054 5019 1181 5089 feci,
1217 5023 1299 5080 sie
1319 5023 1413 5081 ﬁet
1434 5027 1574 5096 illis,
1603 5029 1659 5084 in
1680 5032 2042 5103 transmigra-

454 5127 473 5160 ι
513 5109 716 5165 tionem
737 5119 792 5165 et
820 5111 1192 5181 captivitatem
1216 5114 1391 5171 ibunt.
1418 5117 1676 5193 Princeps
1703 5133 1907 5189 autem,
1947 5124 2042 5194 qui

453 5215 473 5247 ‹
509 5205 593 5252 est
614 5199 670 5252 in
700 5199 879 5254 medio
897 5213 1106 5268 eorum,
1134 5203 1188 5258 in
1217 5205 1457 5264 humeris
1482 5213 1806 5281 portabitur.
1821 5214 1882 5268 In
1903 5215 2040 5270 cali-

452 5307 472 5343 ι
503 5293 627 5362 gine
659 5294 971 5365 egredietur
1005 5315 1018 5351 :
1052 5299 1317 5370 parietem
1345 5303 1671 5373 perfodient,
1701 5317 1763 5363 ut
1803 5308 2038 5365 educant

451 5395 473 5434 ι
505 5397 660 5450 eum;
687 5383 853 5442 facies
879 5385 995 5457 ejus
1012 5390 1304 5460 aperietur,
1322 5401 1384 5449 ut
1402 5411 1510 5452 non
1530 5398 1716 5454 videat
1743 5399 1916 5456 oculis
1933 5408 2038 5456 ter-

451 5491 472 5528 ι
509 5488 646 5530 ram.
662 5473 731 5530 Et
751 5479 1039 5536 extendam
1059 5490 1175 5540 rete
1194 5499 1375 5542 meum
1401 5501 1565 5558 super
1584 5488 1756 5556 illum,
1778 5498 1834 5546 et
1853 5493 2031 5562 capie-

450 5586 468 5620 ι
504 5575 596 5623 tur
624 5565 680 5623 in
705 5582 903 5640 sagena
924 5587 1045 5628 mea
1062 5613 1077 5640 ,
1107 5584 1165 5631 et
1187 5578 1453 5636 adducam
1476 5595 1601 5637 eum
1621 5581 1678 5636 in
1698 5580 2031 5654 Babylonem

446 5680 464 5712 ‹
495 5659 554 5716 in
580 5668 783 5716 terram
802 5658 1199 5736 Chaldaeorum,
1220 5678 1277 5726 et
1295 5672 1467 5742 ipsam
1483 5687 1592 5729 non
1607 5673 1833 5743 videbit,
1849 5675 2035 5747 ibique

448 5769 468 5806 ι
501 5755 783 5816 morietur.
806 5758 876 5818 Et
902 5776 1092 5822 omnes
1111 5765 1204 5837 qui
1226 5764 1374 5823 circa
1399 5782 1524 5826 eum
1548 5778 1697 5840 sunt,
1717 5770 2033 5844 prasidium

2163 4688 2183 4722 ι
2215 4668 2418 4725 Panem
2445 4685 2604 4726 suum
2635 4671 2689 4726 in
2711 4669 3076 4726 sollicitudine
3112 4669 3425 4738 comedent,
3452 4681 3513 4728 et
3558 4688 3744 4744 aquam

2160 4782 2181 4815 ι
2210 4777 2364 4818 suam
2387 4763 2442 4817 in
2469 4762 2805 4819 desolatione
2831 4763 3047 4830 bibent,
3091 4771 3152 4817 ut
3189 4762 3472 4819 desoletur
3521 4775 3672 4820 terra
3719 4779 3743 4816 a

2159 4869 2180 4903 ι
2216 4851 2562 4906 multitudine
2583 4867 2701 4919 sua,
2741 4860 2967 4924 propter
3009 4853 3350 4923 iniquitatem
3382 4856 3640 4910 omnium
3663 4855 3742 4926 qui

2157 4961 2178 4996 ‹
2210 4943 2461 4999 habitant
2499 4944 2556 4998 in
2584 4958 2650 4998 ea
2673 4961 2686 4998 :
2712 4953 2768 4999 et
2810 4944 3062 4999 civitates
3086 4958 3208 5014 quae
3236 4959 3380 5000 nunc
3406 4945 3742 5008 habitantur,

2109 5017 2113 5022 ’
2154 5053 2176 5087 ι
2209 5035 2467 5091 desolatas
2519 5044 2700 5102 erunt,
2750 5045 3004 5108 terraque
3032 5037 3268 5092 deserta.
3311 5037 3380 5092 Et
3405 5039 3603 5095 scietis
3630 5040 3742 5111 qua

2151 5148 2172 5184 ι
2207 5145 2308 5202 ego
2355 5129 2637 5197 Dominus,
2674 5139 2779 5187 etc.
2829 5151 2847 5183 ›
2881 5130 3012 5186 Post
3049 5132 3311 5204 principis
3359 5141 3417 5188 et
3474 5136 3750 5191 sociorum

2145 5221 2264 5294 ejus
2291 5222 2658 5293 prophetiam,
2688 5238 2810 5293 quae
2844 5223 2947 5278 sub
2995 5223 3264 5295 corporali
3294 5224 3536 5296 imagine
3600 5241 3748 5280 mon-

2141 5313 2440 5380 strabatur,
2470 5315 2620 5370 venit
2645 5315 2714 5371 ad
2746 5314 3022 5387 populum,
3055 5323 3113 5371 et
3155 5316 3420 5387 quidquid
3467 5321 3748 5388 propheta:

2142 5405 2363 5473 dicitur,
2385 5420 2485 5476 per
2515 5408 2836 5479 prophetam
2870 5407 3107 5465 refertur
3126 5408 3197 5466 ad
3222 5410 3569 5467 habitatores
3588 5411 3747 5466 Jeru-

2141 5495 2313 5552 salem
2359 5498 2505 5568 quod
2534 5499 2588 5552 in
2630 5499 2926 5555 obsidionis
2974 5499 3119 5556 malo
3145 5515 3345 5572 panem
3370 5517 3534 5559 suum
3564 5517 3750 5559 come

2142 5585 2274 5643 dant
2328 5587 2382 5642 in
2436 5597 2676 5660 egestate
2717 5598 2774 5645 et
2801 5591 3074 5662 angustia,
3117 5601 3175 5647 et
3227 5606 3426 5663 aquam
3465 5606 3752 5649 suamne-

2141 5694 2415 5750 quaquam
2445 5680 2500 5734 in
2526 5681 2877 5749 abundantia,
2909 5683 3004 5740 sed
3052 5698 3178 5740 cum
3221 5692 3499 5742 tormento
3551 5686 3755 5741 bibant

2139 5781 2197 5830 et
2243 5773 2611 5832 tribulatione.
2641 5774 2768 5832 Haec
2797 5784 3000 5844 autem,
3033 5777 3231 5849 inquit,
3262 5792 3298 5833 ο
3329 5779 3632 5851 propheta,
3665 5778 3754 5832 di-
