3938 6360
149 327 256 390 649

1062 324 1415 386 acnuam.
1456 322 1523 380 IN
1558 288 2011 380 EZECIHEVLEM.
2048 281 2126 367 ὶέ-
2160 323 2289 382 LIB.
2330 324 2421 383 vr.

3319 321 3428 379 650

140 444 330 501 cuntur
360 442 476 508 tibi,
508 449 570 498 ut
603 447 660 497 tu
680 440 921 512 loquaris
943 441 1011 496 ad
1038 441 1294 511 populum
1322 448 1483 497 terrae
1506 447 1631 505 tuae,
1682 446 1738 494 et
1762 448 1814 504 Λ
1839 438 2210 510 captivitatem
2258 439 2407 497 urbis
2445 439 2768 508 Jerusalem,
2819 449 2876 497 et
2929 440 3251 498 Sedecliiam
3299 455 3427 497 cum

150 534 316 591 dicas.
347 532 473 589 Haec
500 532 633 589 dicit
672 532 936 589 Dominus
976 533 1375 588 habitatoribus
1404 530 1727 598 Jerusalem,

147 642 269 697 quae
289 634 371 682 est
403 626 461 681 in
490 633 633 680 terra
661 624 827 680 Israel
856 642 871 679 :
902 622 1126 681 Obsessi
1170 639 1203 678 a
1228 622 1730 680 Nabuchodonosor

144 726 309 788 atque
333 714 625 783 Chaldaeis,
681 714 844 772 famis
881 724 941 772 et
991 716 1111 772 sitis
1137 715 1476 771 sustinebitis
1504 715 1728 781 malum,
1779 715 1785 722 '

146 817 210 865 ut
234 808 403 867 omnis
432 817 579 864 terra
596 822 722 865 cum
759 822 858 865 sua
876 802 1226 864 multitudine
1250 805 1512 862 deleatur.
1563 805 1734 863 Habi-

144 909 347 959 tatores
399 900 714 973 signiﬁcans
745 916 845 972 per
883 915 1025 969 eam,
1089 914 1211 970 quae
1254 898 1609 956 inhabitatur.
1665 898 1734 955 Et

143 1009 219 1050 ne
247 1000 428 1063 putent
474 993 580 1049 sibi
626 994 849 1050 evenire
877 994 996 1050 sine
1024 1007 1210 1051 causa.
1242 992 1361 1062 Dic,
1393 993 1588 1064 inquit,
1629 993 1729 1059 eis,

141 1086 289 1156 quod
334 1094 554 1157 propter
594 1087 807 1143 scelera
850 1102 1040 1145 eorum
1088 1096 1147 1145 et
1172 1087 1515 1159 iniquitatem
1542 1100 1733 1143 omnes

143 1175 307 1232 urbes
328 1172 525 1232 Judaei
554 1176 624 1231 ad
648 1176 999 1235 solitudinem
1037 1178 1349 1250 redigendae
1376 1178 1509 1245 sint,
1539 1185 1594 1234 et
1614 1177 1736 1232 uni-

147 1280 314 1322 versae
337 1274 498 1323 terraa
528 1267 741 1325 cultura
767 1269 1061 1340 dispereat,
1089 1279 1151 1325 ut
1188 1276 1521 1342 cognoscant
1562 1268 1736 1325 Deum

146 1358 472 1425 saevientem,
503 1374 667 1430 quem
689 1359 1040 1417 miserantem
1067 1366 1398 1431 cognoscere
1423 1360 1735 1417 noluerunt.

143 1444 435 1504 Possumus
478 1448 637 1519 juxta
692 1464 973 1523 anagogen
1038 1450 1373 1507 habitatores
1435 1451 1741 1509 Jerusalem

144 1538 428 1595 credentes
474 1538 695 1598 Christo
731 1541 935 1610 dicere,
986 1543 1077 1612 qui
1120 1543 1373 1600 habitant
1394 1544 1451 1599 in
1486 1544 1738 1612 ecclesia,

143 1629 256 1685 etsi
280 1644 374 1701 per
416 1640 646 1702 peccata
693 1632 841 1691 illius
869 1632 1130 1692 offensam
1180 1634 1506 1702 meruerint,
1554 1648 1739 1691 come-

140 1721 282 1778 dant
304 1738 500 1793 panem
542 1740 669 1782 cum
695 1734 960 1799 egestate,
1003 1736 1059 1783 ct
1126 1727 1319 1784 bibant
1371 1742 1568 1798 aquam
1617 1743 1741 1785 cum

135 1829 384 1872 matrore
427 1826 484 1873 et
533 1820 781 1891 augustia

136 1914 334 1978 potum
359 1922 536 1979 aquae,
572 1911 687 1966 'sed
716 1910 915 1969 famem
957 1913 1243 1969 sermonis
1263 1921 1320 1969 et
1358 1914 1619 1970 doctrina:
1643 1914 1738 1969 Dei

140 1997 492 2056 sustinentes.
521 1999 751 2068 Quando
778 2003 929 2060 enim
970 2004 1059 2061 vel
1106 2005 1241 2062 vitio
1288 2006 1617 2077 principum,
1647 2006 1742 2076 qui

148 2088 398 2159 capiendi
446 2099 595 2159 sunt,
633 2101 691 2149 et
737 2093 988 2152 tradendi
1024 2095 1359 2169 Babyloniis,
1411 2098 1500 2155 vel
1555 2105 1742 2155 nostra

147 2176 350 2234 duritia
394 2181 795 2251 perdiderimus
843 2198 1153 2243 sermonem
1181 2187 1299 2254 Dei,
1325 2202 1605 2260 aquasque
1632 2203 1743 2245 non

143 2271 507 2329 meruerimus
536 2274 741 2332 habere
768 2277 948 2345 utiles,
979 2286 1111 2336 tunc
1137 2280 1192 2336 in
1206 2280 1397 2338 dolore
1435 2289 1491 2337 et
1516 2282 1744 2353 penuria

144 2369 394 2418 nostrum
444 2379 723 2425 sumemus
771 2369 975 2437 cibum,
1002 2358 1062 2427 et
1107 2378 1255 2427 terra
1284 2374 1478 2444 perdet
1500 2374 1747 2431 multitu-

146 2452 330 2508 dinem
365 2455 730 2528 credentium,
752 2469 808 2517 et
832 2462 1101 2530 civitates,
1134 2479 1255 2535 qua:
1281 2465 1340 2524 in
1372 2466 1636 2523 totoorbe
1658 2467 1745 2522 in-

146 2540 467 2616 telliguntur
497 2547 739 2606 ecclesiae
788 2551 1201 2622 desolabuntur,
1244 2564 1301 2612 et
1345 2565 1493 2612 terra
1532 2558 1746 2614 deserta

149 2634 284 2701 erit,
306 2643 363 2692 ut
381 2651 572 2695 omnes
593 2639 772 2696 sciant
793 2642 922 2714 quia
963 2642 1167 2700 oll‘ensa
1214 2646 1288 2703 sit
1334 2645 1573 2714 Domini,
1603 2649 1747 2719 quod

145 2724 370 2794 quidem
399 2734 455 2783 et
493 2727 551 2784 in
578 2730 978 2802 persecutionis
999 2742 1246 2807 tempore
1279 2735 1584 2809 intelligere
1623 2751 1749 2810 pos-

147 2830 362 2873 sumus.
1452 2880 1461 2889 κ

232 2926 252 2960 ι
294 2908 359 2964 Et
377 2909 557 2968 factus
595 2922 680 2970 est
717 2928 900 2973 sermo
920 2916 1137 2974 Domini
1157 2918 1227 2974 ad
1250 2934 1340 2977 me
1380 2919 1566 2977 dicens
1601 2938 1615 2977 :
1646 2920 1751 2978 Fili

155 3012 181 3046 ι
214 2998 472 3068 hominis,
498 3004 646 3073 quod
674 3012 762 3061 est
787 3007 1136 3076 proverbium
1160 3008 1306 3067 istud
1336 3009 1489 3067 vobis
1515 3011 1573 3066 in
1606 3019 1753 3068 terra

154 3104 179 3137 ι
212 3084 379 3141 Israel
400 3084 794 3156 dicentiumJn
806 3096 1034 3170 longum
1062 3098 1383 3158 diﬁ‘erentur
1404 3102 1536 3169 dies,
1554 3111 1610 3160 et
1629 3119 1753 3175 per-

155 3198 179 3235 ι
215 3179 321 3236 ibit
342 3180 521 3237 omnis
546 3181 721 3240 visio?
755 3184 881 3241 Ideo
915 3186 1005 3242 dic
1027 3193 1097 3242 ad
1122 3202 1238 3257 eos,
1272 3196 1392 3247 haec
1418 3197 1551 3251 dicit
1575 3199 1752 3255 Domi—
1779 3176 1825 3239 C

154 3290 181 3323 σ
216 3288 322 3328 nus
355 3271 519 3341 Deus,
552 3273 845 3342 Quiescere
862 3275 1064 3334 faciam
1081 3283 1429 3352 proverbium
1453 3284 1616 3352 istud,
1652 3302 1751 3344 ne-

149 3380 177 3415 α
209 3378 320 3434 que
347 3365 508 3437 vulgo
523 3365 735 3424 dicetur
754 3368 897 3437 ultra
912 3370 970 3426 in
994 3371 1181 3428 Israel.
1210 3373 1281 3429 Et
1300 3374 1524 3446 loquere
1544 3378 1613 3433 ad
1635 3394 1751 3447 eos,

148 3476 177 3511 ι
209 3460 354 3530 quod
388 3460 944 3532 appropinquaverint
964 3464 1101 3532 dies,
1115 3472 1172 3522 et
1191 3482 1372 3524 sermo
1391 3470 1569 3528 omnis
1589 3471 1755 3529 visio-

149 3570 176 3604 σ
211 3550 321 3607 nis.
349 3550 467 3607 Non
503 3552 652 3609 enim
678 3554 788 3610 erit
811 3556 992 3613 omnis
1014 3556 1159 3613 ultra
1204 3558 1340 3616 visio
1365 3576 1541 3628 cassa,
1579 3577 1756 3633 neque

152 3659 180 3693 c
216 3638 478 3698 divinatio
519 3643 775 3716 ambigua
819 3645 878 3702 in
918 3645 1101 3703 medio
1126 3647 1363 3703 ﬁliorum
1390 3650 1577 3715 Israel.
1628 3654 1756 3719 quia

147 3750 174 3784 ι
214 3745 320 3804 ego
363 3730 626 3791 Dominus
673 3734 885 3806 loquar,
929 3739 1290 3810 quodcunque
1339 3739 1550 3797 locutus
1601 3739 1757 3798 fuero

148 3844 177 3879 ι
218 3827 468 3894 verbum,
489 3836 546 3884 et
572 3827 689 3886 ﬁet.
720 3828 839 3886 Non
860 3831 1271 3902 prolongabitur
1297 3833 1549 3904 amplius,
1576 3834 1672 3890 sed
1700 3834 1758 3891 in

155 3932 183 3967 ι
222 3914 415 3972 diebus
444 3920 643 3974 vestris
685 3920 878 3978 domus
905 3937 1252 3993 exasperans,
1283 3923 1478 3994 loquar
1529 3926 1758 3983 verbum

144 4028 172 4061 ι
210 4016 270 4063 et
299 4006 496 4065 faciam
511 4009 665 4076 illud,
695 4010 827 4067 dicit
847 4013 1109 4070 Dominus
1135 4014 1298 4070 Deus.
1323 4036 1343 4070 ι
1362 4015 1634 4091 (Ηῆενοη.)
1663 4018 1761 4076 Est

134 4108 343 4157 autem
366 4116 563 4157 sensus
581 4101 761 4157 omnis
779 4102 1002 4172 capituli
1014 4103 1124 4169 hic,
1143 4102 1321 4174 Supra
1339 4107 1762 4175 prophetaverat

130 4201 357 4251 contra
383 4192 686 4264 principem
705 4232 722 4259 ,
749 4193 844 4263 qui
878 4202 1001 4250 erat
1018 4193 1076 4250 in
1093 4192 1420 4263 Jerusalem,
1447 4196 1642 4253 deinde
1662 4212 1761 4267 po-

127 4280 288 4356 pulo
319 4280 521 4338 famem
543 4291 601 4341 et
636 4283 890 4340 ardorem
918 4284 1041 4341 sitis
1068 4286 1449 4355 nuntiaverat,
1473 4302 1595 4345 esse
1623 4303 1759 4344 ven-

131 4384 363 4432 turum.
396 4373 551 4441 Quod
586 4374 878 4432 multitudo
910 4392 1022 4434 non
1048 4379 1308 4446 credens,
1337 4388 1495 4437 vetus
1515 4395 1760 4439 assume-

130 4468 275 4532 ωε,
292 4464 592 4536 tritumque
615 4467 961 4536 proverbium
986 4484 1000 4522 :
1020 4467 1079 4522 In
1102 4468 1317 4539 longum
1342 4479 1555 4541 tempus
1571 4471 1756 4528 dider-

138 4566 246 4613 tur
273 4557 625 4613 comminatio
650 4558 1041 4630 prophetarum
1058 4598 1075 4623 ,
1101 4566 1159 4625 et
1177 4558 1355 4614 omnis
1374 4559 1514 4637 visio
1536 4560 1754 4631 peribit.

136 4647 256 4704 Dic
275 4661 434 4719 ergo,
464 4648 641 4721 inquit
659 4650 764 4715 eis,
794 4650 941 4720 quod
961 4665 1305 4721 nequaquam
1318 4666 1439 4707 mea
1463 4652 1762 4710 commina-

136 4741 232 4797 tio
259 4738 549 4798 diﬂ'eratur
574 4756 680 4798 nec
697 4742 957 4799 divinatio
976 4741 1113 4799 falsa
1128 4752 1293 4814 atque
1314 4745 1564 4816 ambigua
1587 4744 1764 4816 profe-

139 4840 319 4889 ratur
353 4832 411 4889 in
448 4831 700 4905 populos,
730 4848 851 4904 quae
889 4833 1053 4889 tinem
1085 4835 1288 4891 habeat
1330 4837 1621 4893 incertum.
1654 4837 1765 4893 Aut

140 4923 267 4980 alio
294 4923 511 4980 dicatur
538 4930 805 4995 tempore,
836 4924 943 4981 alio
971 4925 1324 4995 compleatur.
1355 4924 1463 4982 Sed
1492 4942 1637 4982 nunc
1676 4927 1769 4982 vi-‘

137 5022 328 5071 vente
359 5021 416 5071 te
449 5014 712 5086 loqueris,
740 5025 797 5072 et
817 5016 906 5075 bis
933 5017 1028 5088 qui
1056 5016 1303 5086 audiunt,
1346 5017 1571 5074 verbum
1619 5017 1764 5089 quod

138 5107 379 5165 locutus
405 5122 529 5164 sum
550 5108 905 5180 compleatur.

232 5240 257 5274 ι
295 5219 370 5276 Et
396 5219 576 5278 factus
611 5230 698 5278 est
724 5236 906 5280 sermo
936 5222 1156 5280 Domini
1192 5223 1264 5280 ad
1308 5237 1398 5279 me
1420 5222 1631 5288 dicens,
1662 5219 1766 5276 Fili

149 5331 174 5364 ι
211 5311 487 5379 hominis,
515 5327 644 5369 ecce
664 5313 856 5370 domus
876 5312 1047 5370 Israel
1073 5313 1403 5371 dicentium:
1426 5313 1576 5371 Visio
1602 5327 1766 5384 quam

149 5421 175 5456 ι
216 5403 320 5457 hic
338 5403 490 5461 videt
514 5405 572 5461 in
606 5405 722 5462 dies
749 5407 972 5472 multos,
1000 5415 1057 5462 et
1092 5406 1149 5462 in
1187 5417 1432 5478 tempora
1457 5407 1617 5478 longa
1660 5407 1764 5462 iste

150 5513 175 5548 ι
204 5496 536 5567 prophetat,
586 5507 873 5568 propterea
913 5498 1001 5554 dic
1040 5498 1111 5555 ad
1152 5513 1251 5555 eos
1278 5516 1292 5553 :
1316 5498 1445 5553 Haec
1479 5498 1611 5553 dicit
1660 5498 1767 5553 Do-

151 5604 175 5639 ι
216 5586 418 5642 minus
442 5587 586 5643 Deus
606 5606 618 5641 :
636 5586 753 5643 Non
775 5589 1189 5658 prolongabitur
1213 5589 1359 5645 ultra
1378 5589 1556 5646 omnis
1585 5605 1764 5645 sermo

151 5696 176 5731 ι
206 5676 367 5747 ejus.
427 5679 663 5735 Verbum
713 5681 859 5749 quod
897 5679 1110 5735 locutus
1167 5678 1322 5734 fuero
1382 5681 1762 5748 complebitur.

153 5787 180 5821 ι
228 5769 382 5826 dicit
424 5769 685 5827 Dominus
707 5770 867 5827 Deus.
901 5792 920 5823 ι
957 5769 1239 5842 Signiﬁcat
1296 5777 1476 5827 autem
1533 5768 1766 5825 vicinam

583 5867 866 5927 Parnon.
903 5864 1040 5929 CX.

1832 528 2028 600 populo
2055 527 2193 586 Juda
2222 528 2446 602 jamque
2496 531 2837 602 capiendum.
2888 530 3008 586 Non
3037 531 3212 587 solum
3241 541 3424 587 autem

1832 621 1925 678 illo
1941 629 2202 693 tempore,
2229 622 2326 679 sed
2355 637 2527 692 usque
2571 622 2734 679 hodie
2762 623 2955 694 vulgus
3008 622 3343 679 incredulum
3373 631 3428 679 et

1834 713 1971 769 dura
1999 714 2163 771 corda
2191 714 2500 770 mortalium
2521 715 2862 786 prophetiam
2912 714 3009 770 Dei
3056 731 3163 772 non
3212 716 3426 787 recipit,

1835 805 1933 862 sed
1963 805 2147 862 omnia
2193 820 2315 876 quae
2358 806 2646 878 Prophetas
2683 806 3103 872 comminantur,
3135 822 3257 879 quae
3285 823 3426 880 prac—

1836 897 1982 953 dicat
2008 897 2362 969 Evangelium
2387 898 2443 954 in
2485 898 2635 954 aliud
2689 907 2904 969 tempus
2952 899 3224 954 aestimant
3274 897 3428 957 diffe—

1836 989 2085 1047 rendum.
2116 989 2473 1062 Sciamusque
2499 990 2590 1046 hic
2616 990 2950 1061 parabolam,
2986 1005 3109 1062 quae
3133 1006 3167 1046 a
3195 990 3428 1062 Septua-

1837 1081 1990 1152 ginta
2012 1082 2258 1153 ponitur,
2294 1081 2468 1154 accipi
2498 1082 2787 1153 proverbio
2816 1080 2973 1152 juxta
3003 1080 3157 1150 illud,
3182 1081 3328 1151 quod
3374 1082 3431 1137 in

1834 1172 2046 1242 psalmo
2093 1173 2364 1246 legimus:
2397 1190 2416 1225 ι
2471 1173 2541 1229 Ει
2568 1172 2746 1229 factus
2779 1188 2900 1229 sum
2930 1174 3010 1230 eis
3036 1174 3090 1230 in
3116 1173 3429 1243 parabolam

1840 1261 2013 1333 (Paul.
2038 1263 2252 1333 vam).
2289 1284 2309 1317 ›
2344 1263 2413 1320 Ει
2441 1264 2496 1319 in
2526 1264 2631 1320 hoc
2671 1264 2863 1321 eodem
2905 1266 3207 1336 propheta:
3242 1285 3263 1319 ι
3289 1265 3433 1334 Quid

1841 1361 1923 1409 est
1947 1354 2102 1411 vobis
2150 1354 2409 1424 parabola
2447 1356 2553 1411 ista
2581 1356 2637 1411 in
2664 1356 2865 1427 populo
2892 1355 3084 1425 Israel,
3112 1356 3433 1423 dicentium,

1840 1455 2024 1516 patres
2053 1448 2407 1504 comederunt
2442 1464 2606 1504 uvam
2634 1451 2907 1516 acerbam,
2969 1458 3024 1505 et
3068 1450 3257 1506 dentes
3295 1448 3434 1505 ﬁlio-

1842 1554 1963 1594 rum
1989 1538 2401 1611 obstupucrunt.
2439 1561 2458 1595 ι
2495 1541 2776 1599 Manifesta
2813 1542 3247 1615 perstringimus,
3269 1549 3329 1599 ut
3376 1542 3434 1599 in

1840 1628 2251 1691 obscurioribus
2278 1632 2654 1690 immoremur.

2432 1744 2662 1804 CAPUT
2694 1748 2831 1805 XIII.

840 1838 855 1875 ε
897 1834 1007 1878 non
1071 1821 1254 1915 Cibllm
1308 1821 1467 1915 Panis
1491 1862 1525 1915 τί
1562 1837 1740 1915 nequc
1766 1819 1816 1880 Β
1843 1831 2026 1915 Sermo
2056 1834 2271 1915 Domini
2291 1846 2474 1892 contra
2503 1837 2675 1915 falsos
2707 1844 2986 1915 prophetas
3009 1843 3321 1914 decipieutes
3345 1860 3438 1915 po-

1913 1904 2097 1976 pulum
2118 1906 2237 1974 Dei,
2259 1917 2307 1962 et
2326 1904 2520 1970 contra
2549 1904 2774 1980 feminas
2803 1904 2950 1982 "falsa
2978 1904 3364 1986 propizetantes'.

1920 2016 1939 2047 ς
1970 1995 2039 2050 Ει
2058 1995 2236 2052 factus
2258 2004 2341 2053 est
2372 2014 2554 2056 sermo
2592 2001 2806 2057 Domini
2852 2002 2920 2059 ad
2963 2017 3051 2059 me
3086 2003 3306 2060 dicens:
3334 2002 3439 2059 Fili

1850 2107 1869 2140 ι
1910 2088 2165 2155 hominis,
2191 2090 2491 2149 vaticinare
2532 2092 2601 2148 ad
2638 2093 2928 2164 prophetas
2956 2093 3144 2160 Israel,
3177 2095 3269 2165 qui
3309 2110 3438 2165 pro-

1853 2197 1871 2232 ι
1904 2181 2154 2251 phetant,
2199 2189 2255 2237 et
2306 2182 2454 2240 dices
2490 2184 2943 2255 prophetantibus
2982 2184 3051 2242 de
3088 2185 3254 2241 corde
3296 2199 3437 2241 suo:

1852 2288 1871 2323 ‹
1907 2269 2105 2327 Audite
2131 2274 2357 2329 verbum
2377 2273 2623 2343 Domini;
2657 2274 2775 2333 11330
2793 2275 3192 2334 dicitdominus
3216 2277 3381 2344 Deus,
3415 2297 3436 2332 ι

1846 2372 1954 2420 etc.
1967 2363 2066 2420 Est
2088 2373 2270 2421 autem
2285 2381 2465 2422 sermo
2488 2376 2680 2424 contra
2707 2370 3227 2441 pseudoprophetas,
3245 2369 3338 2442 qui
3351 2370 3447 2426 de-

1846 2455 2121 2526 cipicbant
2148 2456 2425 2530 pepulum,
2451 2468 2507 2515 et
2525 2467 2715 2515 contra
2743 2460 2841 2516 Dei
2867 2459 3122 2517 mandata
3150 2461 3296 2517 aliud
3316 2477 3447 2534 pro—

1845 2548 2165 2619 phetabant.
2218 2549 2331 2610 Nec
2357 2553 2666 2623 quempiam
2705 2559 2940 2621 moveat,
2967 2553 3113 2624 quod
3156 2553 3443 2625 Prophetas

1849 2640 2211 2712 appellantur.
2271 2642 2426 2700 Hanc
2483 2644 2629 2700 enim
2697 2644 2861 2701 habet
2925 2653 3113 2702 sancta
3163 2644 3446 2717 Scriptura

1850 2734 2319 2805 consuetudinem,
2347 2744 2408 2792 ut
2433 2752 2876 2809 unumquemque
2900 2737 3309 2795 vaticinationis
3335 2753 3450 2795 suae

1848 2832 1906 2879 et
1951 2825 2222 2882 sermonis
2268 2827 2591 2898 prophetam
2638 2834 2932 2899 nuncupet.
2984 2825 3138 2885 Sicut
3168 2828 3450 2900 prOphette

1852 2917 2191 2989 appellantur
2245 2918 2379 2975 Baal
2435 2928 2492 2977 et
2541 2920 2821 2991 prophetae
2876 2919 3142 2977 idolorum
3159 2960 3175 2990 ,
3218 2929 3277 2978 et
3318 2935 3448 2994 pro—

1851 3010 2032 3082 phetae
2089 3009 2445 3067 confusionis.
2520 3011 2675 3068 Unde
2748 3020 2805 3068 et
2867 3012 3142 3082 apostolus
3206 3011 3406 3068 Paulus
3432 3051 3451 3079 ,

1852 3111 2069 3174 poetam
2095 3119 2330 3174 graecum
2355 3104 2679 3174 prophetam
2693 3111 2851 3160 vocat
2869 3123 2881 3158 :
2905 3121 2923 3155 ι
2936 3103 3083 3158 Dixit
3094 3103 3315 3174 quidam
3329 3118 3455 3174 pro-

1855 3197 2008 3266 prius
2031 3212 2222 3252 eorum
2246 3196 2535 3267 propheta,
2565 3194 2869 3252 Cretenses
2882 3210 3098 3266 semper
3141 3193 3453 3261 mendaces,

1853 3283 2010 3340 malae
2037 3284 2250 3348 bestiae,
2304 3291 2522 3340 ventres
2552 3285 2694 3356 pigri
2752 3282 2881 3356 (Tit.
2914 3285 2978 3356 ι).
3010 3305 3028 3339 ι
3079 3285 3148 3341 Et
3201 3284 3257 3341 in
3316 3284 3457 3341 Osca

1853 3375 2082 3448 legimus
2115 3393 2129 3430 :
2171 3393 2189 3425 ι
2227 3375 2381 3431 Sicut
2417 3376 2682 3446 propheta
2710 3375 2989 3432 insaniens
3016 3375 3179 3432 homo
3226 3383 3457 3446 portans

1854 3469 2107 3541 spiritum
2154 3468 2302 3541 (Ore.
2336 3466 2435 3540 ix).
2474 3487 2494 3521 ι
2529 3468 2802 3538 Quidquid
2845 3475 3027 3522 autem
3074 3483 3142 3524 eo
3210 3475 3460 3538 tempore

1854 3559 2154 3617 Israelitico
2178 3560 2379 3632 populo
2432 3560 2734 3624 dicebatur,
2774 3559 2893 3615 hoc
2934 3574 3077 3614 nunc
3120 3558 3357 3616 refertur
3384 3558 3457 3616 ad

1856 3653 2155 3709 Ecclesiam
2178 3662 2238 3707 ut
2290 3652 2570 3723 prophetae
2606 3649 2782 3707 sancti
2808 3650 2920 3707 sint
2967 3649 3217 3721 apostoli,
3248 3657 3304 3702 et
3323 3663 3459 3718 apo-

1858 3739 2039 3797 stolici
2059 3740 2181 3806 viri,
2205 3743 2484 3810 prophetae
2510 3746 2695 3795 autem
2728 3738 3019 3796 mendaces
3068 3747 3233 3810 atque
3264 3737 3460 3798 furiosi

1858 3847 2049 3889 omnes
2073 3832 2338 3900 haeretici,
2368 3846 2600 3903 quorum
2628 3831 2904 3903 principes
2934 3846 3004 3887 ex
3025 3845 3124 3887 suo
3147 3833 3315 3889 corde
3328 3848 3459 3889 con-

1860 3925 2088 3997 tingant.
2145 3924 2249 3993 Qui
2307 3933 2490 3981 autem
2518 3925 2588 3980 ab
2635 3923 2719 3980 eis
2764 3922 2973 3980 seducti
3022 3934 3168 3992 sunt,
3223 3924 3454 3982 aliorum

1860 4016 2162 4073 mendaciis
2200 4017 2577 4086 adquiescant.

1939 4125 1959 4156 ι
1971 4106 2064 4163 Vae
2072 4106 2354 4177 prophetis
2365 4105 2768 4174 insipientibus,
2782 4106 2876 4175 qui
2892 4115 3193 4176 sequuntur
3206 4107 3459 4178 spiritum

1867 4217 1888 4252 ‹
1926 4214 2084 4256 suum
2111 4207 2167 4255 et
2193 4198 2330 4254 nihil
2350 4199 2557 4255 vident.
2590 4217 2610 4251 ι
2659 4197 2796 4253 Cum
2823 4199 3214 4271 prophetarum
3256 4215 3459 4257 nomen

1864 4292 2162 4349 secundum
2185 4291 2425 4363 regulam
2447 4289 2842 4361 scripturarum
2858 4290 3016 4347 bonis
3027 4290 3292 4362 malisque
3304 4306 3459 4349 com-

1862 4401 2028 4443 mune
2046 4387 2139 4451 sit,
2167 4386 2224 4441 in
2277 4399 2343 4440 eo
2372 4382 2644 4447 diﬂ'erunt,
2697 4383 2842 4454 quod
2889 4384 3016 4440 boni
3053 4384 3332 4456 prophetae
3381 4385 3463 4441 di-

1864 4486 2063 4535 cuntur
2086 4491 2207 4535 esse
2233 4475 2526 4547 sapientes,
2586 4473 2717 4530 mali
2772 4484 2955 4530 autem
3007 4475 3158 4530 stulti
3209 4476 3265 4531 et
3325 4475 3461 4531 insi-

1862 4569 2092 4639 pientes.
2126 4566 2367 4634 Quorum
2390 4565 2621 4620 alterum
2648 4563 2884 4619 refertur
2935 4564 3004 4618 ad
3057 4562 3462 4620 ecclesiasticos

1862 4661 2030 4727 viros,
2058 4659 2290 4714 alterum
2306 4656 2377 4712 ad
2402 4670 2595 4711 omnes
2615 4655 2925 4719 haereticos,
2953 4654 3047 4723 qui
3080 4654 3334 4725 spiritum
3362 4655 3462 4712 Dei

1864 4752 2254 4821 relinquentes,
2284 4754 2590 4818 sequuntur
2616 4746 2868 4816 spiritum
2894 4760 3074 4813 suum,
3096 4746 3226 4817 quia
3248 4761 3458 4818 nequa-

1865 4858 2031 4916 quam
2054 4840 2239 4898 divino
2263 4839 2547 4904 instinctu,
2579 4837 2675 4893 sed
2696 4837 2921 4908 proprio
2954 4837 3121 4895 corde
3164 4837 3462 4894 vaticinan-

1865 4946 1974 5002 tur,
2002 4935 2148 4991 unde
2174 4941 2230 4988 et
2251 4931 2385 4987 nihil
2414 4931 2622 4987 vident.
2654 4930 2758 4998 Qui
2784 4940 2969 4987 autem
2989 4931 3206 5001 sapiens
3234 4938 3319 4985 est
3345 4943 3459 4987 non

1865 5029 2047 5087 cordis
2077 5027 2165 5084 sui
2207 5024 2583 5097 cogitationes,
2606 5023 2701 5080 sed
2750 5024 2847 5080 Dei
2890 5022 3140 5095 spiritum
3188 5022 3456 5094 sequitur.

1866 5121 2030 5178 Juxta
2081 5118 2236 5188 illud,
2287 5116 2432 5189 quod
2475 5122 2530 5173 et
2576 5117 2632 5172 in
2673 5115 3065 5186 superioribus,
3103 5115 3357 5173 animalia
3403 5127 3461 5176 et

1867 5228 2002 5276 rotae
2029 5217 2127 5272 Dei
2167 5216 2418 5287 spiritum
2448 5213 2835 5286 sequebantur.
2875 5212 2946 5269 Et
2976 5214 3241 5285 propheta
3278 5215 3412 5275 dicit
3441 5235 3456 5271 :

1874 5334 1894 5368 ι
1914 5315 2046 5371 Post
2070 5312 2361 5369 Dominum
2392 5310 2564 5365 Deum
2588 5317 2742 5364 tuum
2775 5306 3077 5364 ambulabis
3108 5308 3253 5381 (οδε.
3305 5310 3406 5385 x1).
3433 5331 3453 5365 ι

1866 5406 2004 5462 Ειὶη
2031 5403 2137 5459 alio
2157 5402 2276 5459 loco
2309 5419 2323 5456 :
2355 5421 2374 5454 ι
2412 5400 2597 5456 Deduc
2643 5414 2748 5469 me.
2770 5398 2830 5453 in
2866 5399 3058 5456 semita
3094 5411 3241 5459 recta
3280 5402 3456 5475 (Psal.

1866 5491 2088 5565 cxvm);
2128 5512 2147 5545 ι
2179 5499 2235 5547 et
2269 5492 2468 5546 iterum
2492 5503 2507 5542 :
2531 5506 2549 5538 ι
2583 5486 2819 5558 Spiritus
2841 5496 2966 5545 tuus
2992 5491 3186 5560 bonus,
3227 5493 3340 5564 ipse
3370 5509 3460 5549 me

1868 5588 2028 5643 ducet
2054 5586 2107 5640 in
2136 5593 2338 5639 terram
2366 5592 2572 5640 rectam
2601 5578 2771 5656 (Psal.
2795 5581 2984 5655 CXLII).
3010 5603 3029 5635 ›
3050 5583 3118 5638 Ει
3141 5583 3338 5653 ρορυιο
3359 5582 3457 5637 Dei

1868 5680 2119 5735 columna
2168 5680 2309 5750 ignis
2359 5686 2415 5735 et
2462 5679 2634 5732 nubes
2688 5688 2805 5732 crat
2853 5679 2961 5731 dux
3009 5677 3061 5728 in
3111 5674 3457 5729 solitudinem

1869 5765 2067 5838 (Exod.
2092 5764 2233 5837 xm).
2260 5765 2327 5822 Et
2352 5764 2615 5822 Jcrcmias
2635 5765 2902 5837 quuitur:
2925 5765 3073 5819 «Non
3104 5764 3341 5820 laboravi
3371 5778 3456 5821 se-

2941 5862 3013 5921 21
