3938 6360
555 344 655 403 651

1196 340 1257 394 Β.
1300 335 1553 395 BABANI
1590 332 1809 390 MAURI
1844 321 2514 389 ARGHIEPJMOGUN’I‘.
2556 323 2843 383 OPERUM
2880 321 3061 379 PARS
3098 322 3160 377 II.
3726 331 3806 388 ea

554 476 726 537 quens
751 467 802 516 te
831 456 964 531 (οἷον.
993 454 1161 527 xvu).
1201 473 1220 507 ι
1256 453 1395 520 Quis
1409 460 1593 507 autem
1616 448 2027 533 bzrreticorum,
2043 443 2135 512 qui
2162 439 2516 537 A,prophet:e
2543 439 2887 496 exstitean
2911 437 3099 537 Potest
3123 443 3305 493 autem
3326 444 3386 501 et
3407 448 3587 510 super
3609 449 3804 514 eos,“

552 532 794 623 sequitur
821 550 1070 619 spiritum
1102 560 1294 610 suum,
1338 558 1443 598 non
1479 541 1740 611 impingat
1782 539 1837 595 in
1888 532 2137 592 tenebras

542 655 601 703 et
640 658 814 702 caecus
852 656 1024 699 caecos
1065 641 1231 695 ducat
1270 637 1327 691 in
1351 630 1583 691 foveam.
1636 633 1748 688 lmo
1775 631 1902 687 licet
1939 628 2043 684 sibi
2078 628 2137 682 in

549 733 853 807 mysteriis,
902 732 1013 787 imo
1061 729 1227 802 orgiis
1263 727 1378 783 suis
1418 724 1572 797 plura
1619 721 2004 779 ecclesiasticis
2037 718 2135 775 do-

548 827 788 883 ctoribus
849 824 1036 879 videre
1102 821 1384 876 videantur
1407 859 1423 884 ,
1476 826 1659 873 tamen
1716 814 1852 871 nihil
1915 812 2136 869 omnino

550 920 748 984 vident,
782 918 912 988 quia
951 916 1120 972 solem
1148 913 1375 985 justitite
1396 912 1786 983 perdiderunt:
1826 907 2135 976 frustraque

547 1010 834 1065 imitantur
879 1022 995 1072 eos,
1042 1005 1134 1075 qui
1175 1004 1327 1075 prius
1383 1001 1714 1057 vocabantur
1765 999 2041 1062 videntes,
2080 1004 2137 1052 et

546 1096 744 1167 quibus
773 1095 971 1149 dicitur
1006 1109 1020 1148 :
1061 1111 1079 1144 ‹
1119 1092 1221 1160 Qui
1251 1091 1424 1156 vides,
1454 1082 1610 1154 vade,
1640 1086 1828 1143 recede
1857 1087 1911 1141 in
1934 1096 2133 1140 terram

543 1186 678 1243 Juda
708 1196 766 1244 et
806 1188 861 1243 in
912 1185 1106 1241 Bethel
1150 1200 1257 1238 non
1314 1180 1662 1253 prOphetabis
1718 1179 1920 1250 (Amos.
1946 1176 2066 1247 vn).
2108 1192 2129 1226 ι

545 1279 905 1347 Quamobrem
933 1278 1067 1333 visio
1094 1275 1245 1331 Isaim
1273 1282 1326 1328 et
1354 1273 1541 1328 Abdite
1566 1278 1841 1343 ponuntur
1863 1269 1919 1323 in
1941 1265 2129 1322 titulis.

544 1372 613 1426 Et
668 1371 927 1426 Dominus
963 1368 1233 1439 Apostolis
1285 1365 1542 1437 praecepit
1583 1384 1594 1417 :
1648 1384 1666 1415 ‹
1701 1363 1905 1419 Levate
1948 1360 2133 1421 oculos

543 1470 759 1516 vestros
780 1468 835 1515 et
869 1459 1050 1514 videte
1081 1444 1265 1529 (Joan.
1312 1455 1386 1527 ιν)
1432 1474 1449 1506 ι
1502 1454 1565 1508 Et
1608 1452 1879 1523 Propheta
1931 1449 2134 1522 suppli—

542 1555 679 1608 citer
701 1554 1022 1623 deprecatur
1047 1568 1060 1603 :
1093 1570 1109 1599 ‹
1138 1547 1337 1602 Revela
1379 1545 1565 1603 oculos
1594 1560 1764 1611 meos,
1802 1553 1860 1600 et
1883 1543 2133 1599 conside-

543 1644 675 1697 rabo
701 1642 966 1697 mirabilia
992 1642 1055 1695 de
1080 1640 1196 1711 lege
1229 1650 1318 1693 tua
1353 1637 1524 1710 (Psal.
1555 1635 1765 1708 cxvm).
1799 1657 1820 1689 ι

618 1753 635 1785 ‹
670 1734 833 1802 Quasi
875 1733 1060 1802 vulpes
1102 1732 1155 1785 in
1200 1730 1429 1785 desertis
1468 1729 1746 1799 prophetae
1789 1727 1902 1793 tui,
1943 1726 2126 1783 Israel.

2241 532 2437 588 docent
2473 533 2525 588 in
2562 532 2835 598 ecclesiis,
2877 531 2923 587 si
2971 530 3131 585 aliter
3165 545 3324 599 quam
3374 534 3565 602 poscit
3604 537 3800 607 verita,

2241 626 2468 690 docent,
2510 640 2750 696 praesens
2775 639 2954 680 sermo
2984 638 3301 693 congruere.
3330 623 3392 680 Si
3419 626 3556 697 quis
3581 630 3717 683 enim
3738 648 3799 699 ea,

2240 732 2361 788 qua:
2401 715 2559 772 Iesus
2600 715 2848 772 Christus
2876 715 3381 771 DominusJoc‘utus
3413 723 3509 771 est
3535 756 3553 781 ,
3587 726 3641 773 et
3677 721 3797 776 intei

2238 807 2374 863 Iexit
2412 808 2475 863 in
2497 823 2567 864 eo
2588 822 2783 873 sensu,
2812 823 2923 878 quo
2949 807 3159 864 locutus
3183 817 3269 864 est
3303 808 3458 879 ipse,
3487 811 3589 880 qui
3626 812 3795 881 docuit,

2237 916 2347 957 non
2377 901 2445 957 de
2476 902 2638 957 corde
2658 916 2776 968 suo,
2802 902 2899 957 sed
2923 901 2992 958 de
3017 899 3221 973 Spiritu
3246 910 3440 959 saneto
3461 903 3796 974 [equitasse

2236 1008 2427 1050 mones
2454 994 2549 1048 lilii
2574 994 2673 1050 Dei
2692 993 2916 1061 Jesu,.si
2942 995 3215 1051 consentit
3240 994 3488 1065 Spiritus
3512 1007 3718 1055 saneta
3736 1019 3795 1058 te

2236 1085 2429 1142 luntati
2461 1085 2600 1156 ejus,
2629 1082 2721 1157 qui
2751 1088 2804 1142 in
2835 1087 3096 1158 apostolis
3116 1087 3329 1144 loeutus
3349 1096 3459 1143 est.
3494 1087 3558 1146 Si
3580 1092 3794 1160 φύεται

2237 1177 2421 1249 legens
2450 1179 2799 1250 Evangelium
2830 1181 3111 1250 proprium
3137 1194 3357 1236 sensum
3397 1189 3564 1251 aptat
3602 1180 3790 1256 Evam

2237 1270 2333 1338 lio,
2363 1287 2469 1326 non
2501 1272 2579 1330 ita
2630 1271 2936 1342 intelligens
2966 1280 3027 1326 ut
3055 1272 3578 1328 Dominus‘lonutus
3603 1284 3700 1337 est;
3722 1278 3787 1332 iste

2235 1359 2408 1433 falsus
2444 1363 2709 1434 prepheta
2755 1370 2868 1429 est,
2915 1363 3146 1432 loquens
3192 1363 3260 1419 de
3294 1366 3470 1420 corde
3525 1367 3725 1436 pario
3756 1369 3788 1423 ia

2235 1452 2531 1525 Evangelio
2564 1472 2577 1507 :
2613 1474 2630 1505 ι
2668 1452 2822 1509 Sicut
2848 1453 3035 1525 vulpes
3059 1454 3117 1508 in
3143 1454 3394 1520 deserto,
3422 1456 3699 1525 propheta:
3722 1459 3787 1523 tu,

2233 1541 2419 1599 Israel.
2457 1562 2475 1593 ι
2514 1542 2733 1598 Animal
2756 1544 2931 1616 vulpls
2969 1554 3203 1613 nequam
3239 1553 3363 1611 est,
3398 1554 3683 1601 versunum
3710 1560 3787 1613 est.

2235 1635 2560 1692 indomabile
2602 1644 2716 1704 est,
2768 1637 2944 1692 ferum
2980 1646 3085 1694 est.
3130 1656 3151 1689 ‹
3184 1638 3401 1703 Dicite,
3439 1640 3539 1693 sit
3578 1639 3784 1705 Salute,

2233 1725 2380 1796 vulpi
2404 1727 2494 1782 isti
2528 1746 2540 1780 :
2564 1726 2703 1783 Ecce
2725 1728 3040 1785 sanationes
3064 1729 3287 1800 perﬁcio
3317 1731 3495 1787 hodie
3521 1743 3581 1786 et
3604 1748 3731 1798 cras,-
3748 1746 3783 1789 et

544 1849 561 1879 ι
600 1829 716 1882 Νοη
744 1826 1066 1883 ascendistis
1090 1836 1155 1878 ex
1185 1823 1432 1887 adverso,
1462 1836 1637 1891 neque
1658 1820 1984 1891 opposuistis
2013 1835 2130 1873 mu-
2156 1827 2207 1886 Β
2235 1818 2397 1872 tertia
2424 1818 2510 1872 die
2547 1833 2895 1876 consummor
2937 1821 3089 1893 (Luc.
3119 1824 3262 1895 xm).
3298 1843 3319 1878 ι
3360 1823 3483 1879 Has
3532 1827 3703 1896 vulpes
3722 1844 3781 1883 es

543 1942 563 1972 ‹
600 1937 719 1975 rum
745 1934 845 1991 pro
873 1919 1030 1974 domo
1060 1915 1253 1982 Israel,
1290 1924 1349 1971 ut
1391 1915 1610 1970 staretis
1637 1915 1690 1969 in
1727 1896 1911 1984 prtelio
1954 1912 2010 1968 in
2047 1913 2134 1968 die

544 2035 561 2065 ι
597 2012 829 2069 Domini.
871 2011 1067 2066 Vident
1101 2024 1239 2063 vana
1280 2016 1336 2063 et
1372 2008 1619 2063 divinant
1664 2005 2006 2062 mendacium
2049 2004 2131 2061 di-

544 2124 561 2153 ‹
598 2110 811 2166 centes,
858 2100 933 2155 ait
982 2099 1279 2163 Dominus,
1320 2113 1443 2152 cum
1482 2096 1743 2152 Dominus
1780 2110 1890 2151 non
1924 2095 2135 2151 miserit

543 2215 561 2245 ι
599 2208 709 2260 eos,
727 2202 779 2248 e't
792 2198 1279 2263 perscveraverunt
1296 2187 1434 2245 eonﬁ
1443 2203 1622 2243 rmare
1642 2202 1968 2263 sermonem.
1989 2186 2134 2240 Nun-

543 2305 562 2338 ι
598 2284 725 2356 quid
756 2301 859 2341 non
884 2283 1148 2338 visionem
1176 2297 1386 2337 cassam
1419 2279 1632 2335 vidistis
1660 2258 1717 2334 et
1745 2278 2131 2334 divinationem

544 2400 562 2431 ι
599 2378 911 2433 mendacem
942 2364 1105 2431 locuti
1135 2375 1286 2440 estis,
1304 2384 1358 2429 et
1383 2373 1579 2437 dicitis,
1600 2372 1676 2426 ait
1704 2371 1986 2435 Dominus,
2010 2386 2131 2424 cum

546 2490 563 2521 ι
600 2480 701 2539 ego
753 2484 861 2525 non
909 2468 1010 2522 sim
1068 2467 1316 2531 locutus,
1361 2486 1379 2518 ›
1434 2474 1539 2519 etc.
1595 2464 1850 2519 Dicamus
1898 2463 2131 2533 primum

531 2562 689 2633 juxta
738 2553 1065 2617 Ilebraicum
1109 2559 1387 2630 prophetae
1429 2557 1597 2614 Israel
1644 2556 1848 2612 similes
1893 2555 2133 2625 vulpium

536 2665 696 2722 sunt;
730 2655 969 2725 quotidie
995 2652 1416 2708 domesticarum
1451 2652 1632 2706 avium
1664 2648 1808 2704 furta
1850 2648 2129 2714 facientes,

538 2748 631 2817 qui
665 2747 911 2802 habitant
938 2746 1093 2816 juxta
1128 2744 1376 2814 Aquilam
1406 2752 1461 2801 et
1503 2743 1856 2817 Septuaginta
1902 2763 1919 2794 ι
1958 2743 2010 2796 in
2039 2743 2133 2796 de-

536 2839 733 2905 sertis,
787 2858 805 2891 ι
841 2837 997 2908 juxta
1047 2836 1435 2908 Symmachum
1485 2844 1651 2906 atque
1706 2834 2133 2891 Theodotiouem

541 2956 560 2989 ι
596 2938 650 2996 in
679 2936 960 3007 parietinis
988 2945 1042 2990 et
1069 2934 1336 3000 ruinosis,
1375 2954 1393 2987 ι
1428 2935 1521 3004 qui
1547 2948 1655 2989 non
1686 2940 1913 3003 possunt
1936 2947 2131 2987 ascen-

537 3029 666 3086 dere
691 3045 758 3085 ex
790 3030 1046 3096 adverso,
1081 3043 1256 3099 neque
1282 3044 1494 3084 murum
1520 3043 1621 3098 pro
1649 3028 1806 3083 domo
1833 3026 1998 3082 Israel
2028 3041 2127 3097 op.

535 3136 760 3192 ponere.
792 3119 1044 3191 Legimus
1068 3118 1258 3182 (Num.
1291 3118 1402 3191 xw)
1431 3118 1614 3174 Aaron
1638 3118 1927 3175 adversum
1950 3119 2127 3189 ignem

2239 1911 2504 1966 cessarias
2534 1911 2724 1966 habuit
2750 1913 3035 1969 adversum
3062 1914 3400 1986 alienigenas
3425 1916 3661 1973 Samson
3678 1918 3781 1989 μή.

2238 2002 2353 2072 xv),
2381 2017 2611 2072 quarum
2633 2004 2818 2061 caudis
2843 2021 2965 2061 cum
2991 2006 3119 2063 fune
3145 2007 3345 2064 vinclis
3368 2008 3785 2080 (trecentarum

2237 2094 2527 2168 ceperat),
2568 2094 2625 2149 in
2660 2097 3016 2165 perditionem
3057 2106 3154 2154 eas
3213 2097 3444 2171 frugum
3482 2102 3631 2157 misit
3656 2104 3785 2157 hosti-

2236 2184 2393 2254 lium,
2419 2185 2727 2243 istiusmodi
2753 2198 2882 2244 sunt
2899 2188 3025 2245 falsi
3043 2190 3312 2261 magistri,
3332 2193 3585 2258 venatui,
3604 2194 3783 2265 mligni,

2238 2283 2292 2332 et
2317 2278 2511 2334 bestiis
2537 2278 2772 2345 similes,
2804 2281 2851 2335 si
2882 2280 3007 2336 tatis
3036 2289 3174 2346 sum,
3208 2282 3393 2352 vulpis
3424 2290 3572 2338 sum.
3600 2280 3785 2339 Sedeat

2237 2372 2555 2441 simpliciter
2579 2372 2771 2445 vulpis,
2798 2390 2985 2429 verum
3010 2375 3187 2446 volpis
3211 2377 3275 2431 in
3295 2378 3565 2443 desertis,
3594 2379 3735 2448 νειιῂ
3750 2380 3783 2431 in

2236 2465 2537 2533 parietinis,
2564 2466 2740 2536 vulpis
2767 2467 2822 2522 in
2848 2469 3091 2538 rupibus.
3126 2468 3220 2525 Hm
3246 2472 3405 2529 enim
3430 2473 3491 2526 in
3513 2473 3785 2528 (Evenisse-

2238 2557 2535 2614 ditionibus
2563 2560 2911 2616 continentur
2939 2561 3273 2631 versipelles.
3300 2564 3641 2634 Versipellas
3663 2563 3785 2620 istic:

2235 2667 2475 2722 nequam
2500 2666 2718 2723 semper
2754 2655 2809 2710 in
2837 2655 3096 2725 desertis,
3128 2668 3346 2729 semper
3371 2660 3439 2714 in
3465 2658 3785 2716 aditum

2235 2753 2539 2800 morantur.
2593 2745 2913 2817 Ubicunque
2947 2750 3097 2804 enim
3128 2751 3313 2805 animi
3350 2753 3642 2808 habitatur
3661 2769 3688 2806 a
3710 2750 3789 2807 Du

2235 2836 2371 2891 etin
2405 2834 2608 2906 Spiritu
2645 2847 2833 2895 sancto
2859 2840 3017 2910 plena
3055 2849 3157 2907 est,
3200 2858 3308 2898 non
3337 2853 3533 2914 potest
3560 2845 3633 2901 ibi
3659 2846 3785 2899 lme-

2235 2927 2467 2984 tioorum
2491 2928 2739 2986 doctrina
2781 2941 3090 3001 penem,
3127 2943 3239 2989 mn
3264 2935 3413 2991 valet
3443 2950 3634 2991 eorum
3655 2948 3789 2992 sermo

2231 3034 2605 3091 prorumpere.
2626 3022 2725 3079 Ubi
2745 3033 2925 3080 autem
2948 3026 3182 3084 solitudo
3197 3027 3529 3093 Christiest.
3546 3030 3632 3083 ubi
3652 3030 3788 3079 um-

2234 3121 2347 3168 tum
2369 3112 2598 3182 justitia:
2614 3155 2629 3181 ,
2669 3116 2755 3171 ibi.
2775 3119 3122 3187 nequissimae
3146 3121 3461 3184 disciplima
3478 3131 3677 3172 venena
3700 3132 3789 3171 ver-

534 3212 699 3267 Israel
740 3212 996 3282 populum
1037 3212 1387 3267 devorantem
1407 3250 1422 3276 ,
1467 3211 1770 3267 occurrisse
1810 3217 1866 3264 et
1913 3195 2202 3275 stetissec
2232 3212 2443 3258 sanlut'.
2471 3204 2703 3267 Idcirco,
2729 3208 2870 3257 sicut
2890 3203 3071 3273 Vulpis
3096 3205 3174 3259 ait
3199 3205 3255 3258 in
3280 3206 3542 3269 desertis,
3560 3206 3786 3277 Propheta

534 3303 773 3357 medium
791 3343 806 3367 ,
835 3311 893 3356 et
916 3303 1235 3372 opposuisse
1265 3316 1323 3356 se
1350 3318 1567 3355 murum
1590 3318 1690 3370 pro
1723 3304 1895 3355 salute
1919 3302 2123 3371 populi.

534 3390 784 3451 Jereniite
810 3409 1024 3464 quoque
1052 3394 1273 3459 dicitur,
1302 3409 1370 3447 ne
1395 3401 1648 3448 occurrat
1674 3391 1924 3458 Domino,
1954 3404 2130 3462 neque

536 3493 646 3541 stet
669 3493 857 3541 contra
889 3485 1025 3539 iram
1069 3484 1185 3554 ejus
1224 3483 1486 3539 orationis
1523 3482 1947 3552 perseverantia.
1978 3481 2131 3538 Sicut

536 3592 684 3632 enim
725 3591 910 3636 murus
941 3576 1081 3632 hosti
1124 3575 1446 3646 opponitur,
1487 3582 1544 3629 et
1578 3574 1888 3630 adversario
1915 3574 2131 3629 occurri

535 3667 677 3723 solet
703 3683 769 3723 ex
798 3666 1026 3723 adverso
1047 3675 1342 3735 contraque
1364 3664 1625 3729 venienti,
1650 3663 1725 3717 ita
1747 3663 1841 3717 Dei
1862 3664 2130 3719 sententia

537 3765 854 3814 sanctorum
889 3758 1143 3825 precibus
1179 3756 1467 3822 frangitur.
1504 3755 1658 3807 Unde
1697 3764 1752 3805 et
1787 3754 1957 3821 Moysi
2000 3756 2133 3807 dici—

538 3858 629 3906 tur
653 3870 666 3904 :
696 3868 714 3901 ι
742 3848 967 3904 Dimitte
996 3862 1112 3914 me,
1139 3855 1195 3902 et
1230 3846 1419 3901 delebo
1446 3844 1702 3916 p0pulum
1732 3845 1895 3899 istum
1930 3842 2128 3916 (Exod.

536 3940 744 4013 xxxu).
780 3960 802 3994 ιι
831 3940 928 3997 Cui
958 3940 1103 3994 enim
1131 3932 1359 4005 dicitur,
1395 3957 1412 3988 ‹
1448 3936 1659 3992 dimitte
1685 3951 1803 4003 me,
1840 3955 1859 3987 ι
1889 3936 2128 3992 ostendi;-

536 4042 649 4100 tur,
678 4034 821 4104 quod
856 4031 1072 4088 tenendi
1112 4030 1311 4085 habeat
1348 4028 1681 4084 facultatem.
1715 4027 1809 4082 Isti
1845 4035 1993 4083 stare
2022 4043 2127 4093 non

534 4137 762 4199 possunt
795 4128 849 4182 in
876 4124 1062 4196 praelia
1097 4125 1153 4179 in
1183 4124 1269 4179 die
1298 4121 1536 4188 Domini,
1566 4129 1627 4176 ut
1654 4136 1751 4192 pro
1778 4119 1974 4191 pupulo
2000 4134 2127 4189 pre-

536 4219 690 4274 cibus
714 4218 991 4282 dimicent,
1010 4223 1066 4272 et
1084 4214 1343 4271 resistant
1366 4213 1830 4270 obsecrationibus
1852 4211 2130 4268 sementim

534 4311 650 4366 Dei.
676 4310 814 4376 Quia
851 4309 1015 4380 igitur
1053 4322 1193 4361 vana
1233 4309 1576 4378 conspiciunt
1603 4316 1659 4363 et
1702 4307 1946 4362 divinant
1973 4319 2128 4360 men-

537 4401 783 4463 dacium,
825 4405 882 4452 et
916 4413 949 4452 a
987 4398 1216 4454 Domino
1250 4398 1446 4453 missos
1479 4412 1601 4453 esse
1645 4412 1707 4453 se
1759 4397 1972 4463 dicunt,
2004 4411 2129 4451 cum

535 4503 647 4544 non
673 4488 783 4543 sint
811 4488 963 4544 missi
988 4503 1022 4542 a
1048 4487 1187 4554 Deo,
1211 4497 1267 4544 et
1293 4494 1645 4558 perseverant
1672 4486 1729 4541 in
1752 4487 2052 4553 erroribus,
2074 4496 2132 4542 et

537 4598 699 4639 suum
738 4584 963 4653 cupiunt
1000 4582 1223 4638 firmare
1257 4596 1564 4638 sermonem
1588 4619 1606 4647 ,
1648 4588 1948 4651 arguuntur
1986 4581 2130 4649 quod

536 4674 722 4735 omnia
745 4675 855 4732 sint
903 4690 1085 4743 cassa,
1112 4690 1232 4747 quae
1257 4673 1575 4745 praedicant,
1602 4688 1759 4728 suum
1788 4671 2129 4728 mendacium

536 4770 752 4827 Domini
790 4784 1097 4828 sermonem
1143 4783 1266 4824 esse
1303 4768 1544 4823 dicentes
1586 4785 1598 4821 :
1650 4785 1679 4851 ι.
1714 4764 2016 4836 PrOpheta,
2046 4764 2131 4818 iu-

536 4862 676 4934 quit,
699 4875 864 4932 super
887 4861 1181 4935 prophetas
1204 4858 1371 4915 lsrael
1394 4858 1487 4929 qui
1512 4859 1842 4929 prophetam
1856 4898 1871 4924 ,
1898 4864 1954 4912 et
1980 4856 2129 4912 dices

535 4951 834 5023 prophetis.
869 4970 889 5004 ι
919 4949 1118 5023 (0rig.)
1147 4940 1426 5015 Quomodo
1446 4964 1582 5019 opus
1601 4948 1995 5019 Prophetarum
2013 4955 2131 5002 erat

537 5043 658 5101 haec
681 5043 886 5108 dicere,
915 5055 1037 5112 quae
1059 5038 1419 5110 jubebantur;
1445 5040 1525 5095 sic
1543 5040 1732 5095 eodem
1769 5040 1964 5110 spiritu
1987 5054 2125 5109 opus

537 5144 623 5193 est
648 5137 723 5203 ei,
750 5135 845 5206 qui
872 5145 1144 5204 exponere
1167 5130 1347 5201 cupit,
1386 5147 1447 5188 ea
1486 5147 1607 5202 quae
1639 5140 1766 5188 sunt
1797 5131 2023 5187 latenter
2053 5131 2126 5187 si-

540 5228 815 5299 gniﬁcata,
844 5232 905 5280 ut
930 5229 1194 5281 monstret
1220 5238 1366 5279 nunc
1402 5226 1470 5280 ad
1503 5240 1596 5279 eos
1622 5224 1743 5279 fieri
1764 5224 2123 5296 prophetiam,

543 5316 640 5391 qui
667 5324 854 5373 contra
883 5314 979 5371 Dei
1005 5314 1202 5372 docent
1226 5314 1577 5380 voluntatem,
1599 5315 1689 5385 qui
1711 5314 2035 5386 prophetam
2059 5312 2126 5369 de

543 5409 711 5468 corde
737 5422 856 5465 suo.
888 5405 1051 5464 Juxta
1078 5408 1384 5480 simplicem
1413 5408 1629 5479 quidem
1658 5405 1985 5485 intellectum
2009 5406 2129 5476 qui-

545 5498 672 5558 dam
695 5498 1081 5571 prophetarum
1116 5501 1184 5556 de
1218 5500 1401 5555 divino
1436 5498 1641 5570 Spiritu
1674 5498 1982 5569 loquentes,
2019 5514 2127 5554 non

547 5591 616 5649 de
643 5605 743 5647 suo
776 5589 939 5647 corde
962 5590 1129 5646 locuti
1159 5598 1314 5657 sunt,
1344 5591 1439 5647 sed
1465 5590 1532 5646 de
1563 5605 1725 5647 sensu
1756 5589 1870 5645 Dei.
1899 5588 2126 5658 Quidam

546 5699 677 5739 vero
704 5682 1024 5739 simulantes
1060 5698 1119 5737 se
1155 5683 1452 5754 Prophetas
1490 5692 1651 5753 atque
1688 5682 1928 5738 dicentes
1960 5701 1973 5736 :
2004 5682 2127 5747 Haec

550 5774 683 5832 dicit
703 5776 992 5846 Dominus,
1035 5775 1261 5832 Domino
1290 5792 1395 5832 non
1416 5778 1668 5846 loquente
1706 5777 1761 5829 In
1790 5776 1868 5830 els
1897 5775 2128 5844 pseudo-

2157 4542 2211 4602 Β

2233 3292 2332 3358 tui,
2362 3291 2674 3357 Israel,non
2704 3300 2971 3348 stetemnt
3005 3293 3061 3348 in
3092 3294 3469 3351 ﬁrmamento.
3501 3298 3562 3353 Si
3591 3298 3787 3354 conside-

2234 3398 2358 3437 rare
2386 3382 2621 3438 volueris
2651 3382 2819 3439 falsos
2858 3384 3176 3455 magistros,
3207 3387 3427 3443 videbis
3456 3404 3559 3444 eos
3595 3391 3788 3445 inﬁrmas

2233 3475 2547 3543 instabiles,
2582 3491 2688 3531 non
2727 3476 2971 3533 valentes
2997 3478 3221 3534 dicere:
3256 3494 3287 3531 ει
3315 3479 3535 3537 Βαιωῆ
3559 3498 3787 3553 superpe-

2235 3576 2374 3625 tram
2418 3566 2585 3640 pedes
2626 3578 2775 3626 meas
2799 3610 2814 3636 ,
2860 3578 2915 3625 et
2962 3572 3159 3626 direxit
3204 3582 3434 3642 gressus
3472 3590 3627 3631 uicos
3658 3574 3786 3647 (Pal.

2234 3659 2447 3732 χχχιχ).
2490 3680 2510 3712 ι
2540 3661 2609 3716 Et
2635 3661 2762 3727 quia
2792 3674 2901 3715 non
2932 3670 3063 3716 sunt
3100 3660 3262 3728 tales,
3294 3673 3356 3719 ut
3383 3668 3641 3721 steterint
3663 3665 3788 3723 roh-

2234 3754 2322 3802 sta
2352 3748 2537 3804 radice
2562 3747 2792 3818 fundati,
2816 3751 2940 3807 ideo
2959 3767 3068 3808 non
3090 3760 3358 3810 stetemnt
3382 3757 3442 3810 in
3472 3758 3789 3817 ﬁrmamento.

2233 3841 2331 3899 sed
2356 3841 2673 3897 direxerant
2704 3850 2922 3900 movere
2955 3845 3123 3916 pedes
3149 3860 3299 3902 suos.
3328 3845 3612 3921 (Ηὶετοι.)
3634 3850 3791 3904 Oemes

2234 3933 2478 3989 haeretici
2501 3943 2722 4005 propter
2742 3934 3158 3993 fraudulentiam
3183 3952 3249 3993 ac
3268 3942 3577 4008 nequitiam
3592 3940 3797 4009 vulpium

2234 4025 2439 4082 similes
2465 4035 2609 4081 sunt.
2642 4028 2725 4083 De
2745 4028 2941 4098 quibus
2967 4028 3214 4085 Sulvator
3232 4029 3501 4099 loquitur.
3531 4032 3707 4102 Vulpes
3724 4030 3798 4086 fo-

2233 4132 2363 4172 veas
2380 4117 2599 4183 habent,
2615 4130 2671 4174 et
2684 4118 2933 4174 volucres
2949 4118 3074 4174 caeli
3093 4120 3268 4176 nidos.
3286 4121 3355 4176 Et
3372 4122 3457 4179 de
3468 4121 3669 4178 Herode
3685 4122 3799 4177 scio

2232 4214 2383 4278 ptum
2402 4217 2491 4263 est
2511 4225 2524 4261 :
2555 4226 2574 4258 (
2596 4206 2770 4264 Dicite
2788 4208 2935 4279 vulpi
2950 4208 3095 4265 huic.
3123 4230 3143 4263 ι
3162 4208 3230 4265 Et
3249 4211 3319 4266 de
3334 4211 3544 4269 iisdem
3564 4212 3794 4282 τυφὼς,

2234 4312 2353 4368 quae
2387 4298 2640 4368 parvulos
2680 4299 3065 4371 aimplioesque
3088 4301 3392 4372 decipiunt,
3425 4314 3485 4359 et
3508 4303 3796 4376 populantur

2232 4388 2447 4444 vineam
2473 4388 2673 4446 Christi
2697 4389 3003 4456 ,.Salomon
3032 4392 3271 4463 loquitur
3316 4411 3331 4446 :
3378 4412 3403 4445 ς
3444 4392 3643 4467 Capite
3682 4394 3795 4449 enim

2234 4480 2423 4551 vulpes
2462 4482 2750 4551 parvulas,
2794 4483 3121 4552 dissipantes
3146 4484 3332 4541 vincas
3356 4485 3560 4557 (Cum.
3599 4486 3682 4559 ιι).
3713 4510 3730 4539 ι
3752 4484 3801 4541 Et

2234 4573 2289 4627 in
2330 4573 2573 4642 psalmo,
2614 4586 2780 4644 super
2817 4574 2903 4631 his
2935 4575 3029 4646 qui
3066 4588 3249 4631 eorum
3288 4576 3672 4636 fmudnleatia
3712 4584 3801 4648 ﬁ

2233 4663 2565 4733 plantantur,
2592 4665 2808 4721 canitur
2833 4684 2846 4719 :
2891 4684 2911 4718 ‹
2945 4666 3323 4723 Introihuntin
3350 4669 3641 4726 inﬂeriom
3660 4679 3803 4729 tetu.

2233 4753 2516 4810 tradentur
2533 4755 2588 4810 in
2610 4772 2800 4812 manus
2816 4757 2999 4828 gladii,
3020 4766 3203 4827 partes
3217 4758 3467 4827 vulpium
3480 4760 3801 4833 eranum

2232 4846 2385 4919 amr).
2425 4868 2443 4900 ι
2483 4848 2548 4903 Hi
2577 4849 2875 4918 prophetae,
2899 4850 2992 4919 qui
3022 4849 3262 4919 vulpium
3302 4849 3533 4909 similes
3552 4862 3705 4919 sunt,
3728 4866 3803 4909 ω

2233 4947 2501 4995 steterunt
2528 4940 2582 4993 in
2606 4939 2975 5003 firmamento,
3016 4954 3117 4995 nec
3142 4954 3265 4995 cum
3297 4939 3471 4997 Petro
3500 4947 3704 5002 audire
3723 4960 3804 5000 m-

2231 5040 2459 5087 rueruut
2487 5049 2498 5086 :
2529 5051 2548 5083 (
2578 5031 2655 5085 Tu
2677 5046 2738 5086 es
2766 5029 2978 5097 Petrus,
3004 5040 3063 5088 et
3083 5047 3247 5102 super
3272 5032 3418 5088 hanc
3449 5036 3693 5094 Petram
3714 5036 3805 5092 ed-

2233 5123 2405 5178 ficabo
2432 5123 2726 5178 Ecclesium
2750 5137 2928 5177 meam
2958 5123 3173 5192 (Manli.
3206 5125 3342 5197 xvr).
3378 5145 3401 5178 ›
3436 5145 3462 5179 ο
3493 5129 3633 5186 Non
3661 5146 3811 5186 am

2234 5218 2407 5283 distis,
2439 5217 2632 5287 inquit,
2664 5232 2731 5272 ex
2756 5218 3007 5283 adverso,
3040 5232 3216 5288 neque
3240 5222 3598 5290 opposuisti;
3628 5238 3809 5279 unum

2231 5327 2331 5391 pro
2357 5309 2514 5365 domo
2538 5309 2723 5374 Israel,
2754 5318 2814 5363 ut
2841 5311 3061 5365 staretis
3083 5310 3136 5366 in
3156 5310 3341 5381 praelio
3360 5312 3541 5371 indie
3565 5317 3809 5373 Mi

2232 5404 2435 5480 (Greg.)
2465 5406 2546 5460 Ex
2571 5405 2798 5461 adverso
2826 5405 3022 5476 quippe
3060 5406 3358 5462 ascendere
3381 5419 3475 5464 est
3513 5428 3634 5481 pm
3656 5412 3813 5473 deﬁas—
3892 5400 3893 5405 “

2229 5499 2383 5555 sione
2428 5497 2606 5567 gregis
2639 5512 2770 5553 voce
2813 5496 2984 5553 libera
3025 5496 3187 5567 hujus
3220 5498 3407 5554 mundi
3457 5503 3819 5569 potestatibus

2227 5591 2520 5648 contraire.
2546 5590 2610 5645 Et
2634 5589 2691 5644 in
2723 5589 2818 5644 Die
2847 5588 3060 5643 Domini
3089 5595 3255 5651 stare,
3278 5595 3363 5642 est
3389 5588 3447 5643 in
3478 5593 3699 5660 praelia
3724 5606 3821 5664 pn-

2227 5682 2310 5737 vis
2354 5680 2753 5738 decertantibus
2795 5692 2861 5731 ex
2891 5676 3116 5744 justitiae
3162 5691 3345 5732 amore
3391 5680 3706 5738 resistere.
3754 5682 3825 5735 Pa

2229 5768 2365 5827 stori
2410 5768 2554 5826 enim
2594 5776 2742 5825 recta
2800 5768 3045 5825 timuisse
3087 5767 3263 5826 dicere
3290 5810 3305 5837 ,
3361 5771 3493 5841 quid
3560 5784 3660 5831 est
3703 5774 3827 5830 aliud
