3938 6360
80 365 173 422 653

1023 346 1373 408 COMMENT.
1418 346 1489 403 1N
1524 344 1978 407 EZEGHE‘LEM.
2015 376 2087 387 —-
2120 346 2251 403 LIB.
2290 345 2378 406 Vl.

3226 345 3328 402 654

83 485 229 544 quam
252 465 479 524 tacendo
515 473 665 536 terga
698 462 1029 534 praebuisse?
1056 461 1160 530 Qui
1190 461 1448 519 nimirum
1472 461 1519 516 si
1544 476 1645 532 pro
1669 465 1726 527 Α
1747 467 2069 531 consurgat,
2103 466 2162 517 et
2192 460 2452 517 extendat
2484 475 2707 517 manum
2743 476 2901 519 suam
2926 475 3089 533 super
3116 461 3236 523 illos
3263 463 3333 527 ad

80 578 229 640 grege
257 575 315 616 se
351 558 570 631 objicit,
611 571 833 614 murium
864 570 963 625 pro
999 556 1161 612 domu
1196 554 1363 611 larael
1396 554 1646 613 hostibus

80 653 300 730 opponit.
347 650 488 707 Hinc
525 664 741 706 rursum
780 648 1123 720 deiinqueat’r
1152 647 1348 719 pupillo
1385 647 1585 706 dicitur
1626 665 1653 703 ι

1747 554 2192 628 percutiendum,
2228 564 2287 615 et
2320 570 2430 613 non
2466 554 2751 611 contrahat
2789 553 2858 610 ad
2886 555 3249 624 parcendum,
3277 564 3334 611 et

1748 650 2147 718 comminatur,
2180 650 2325 721 quod
2364 666 2474 707 non
2503 650 2615 707 sint
2648 651 2711 709 in.
2738 650 2971 707 concilio
3006 651 3193 723 populi
3234 652 3336 709 Dei

87 772 103 804 ι
130 746 403 816 prophetae
430 742 512 799 tui
538 743 793 799 viderunt
812 741 915 798 tibi
938 739 1085 797 falsa.
1103 739 1367 807 castulta,
1398 755 1500 798 nec
1520 755 1647 812 ape-
1746 740 1951 824 futuri,
1977 757 2078 800 nec
2104 744 2161 801 in
2190 742 2433 799 Ecclesia
2451 742 2587 813 ejus,
2615 744 2717 801 sed
2735 744 2791 799 in
2816 759 3087 819 synagoga
3111 745 3334 814 diaboli,

82 845 297 897 nerunt
314 836 665 907 iniquitatem
679 842 851 901 mam,
874 842 936 889 ut
958 840 1010 890 te
1039 833 1116 889 ad:
1131 833 1651 903 pmnitcntiamprc—

81 939 344 988 vocarent.
367 948 387 981 ›
406 928 691 999 Propheta
710 926 979 998 quippcin
995 940 1151 983 sacro
1170 925 1387 996 eloquio
1400 941 1650 983 nonnun-

80 1040 230 1098 quam
248 1023 509 1078 Doctores
533 1027 819 1077 vocantur.
847 1018 951 1087 Qui
971 1019 1101 1074 dum
1121 1017 1347 1090 lugitiva
1374 1034 1494 1075 esse
1513 1034 1652 1091 prsc-

81 1117 241 1174 sentia
253 1114 520 1184 iudicant,
551 1127 672 1183 qum
697 1114 826 1168 sunt
848 1120 1079 1167 ventum
1106 1111 1481 1178 manifestam;
1513 1124 1653 1181 quos

82 1210 278 1265 divinum
303 1220 483 1262 sermo
507 1204 646 1260 falsa
670 1204 858 1260 videre
887 1203 1182 1273 redarguit.
1215 1203 1353 1270 Quia
1376 1204 1513 1259 dum
1531 1216 1654 1260 cor-

80 1300 243 1369 ripere
266 1296 455 1366 culpas
482 1301 750 1361 metuunt,
774 1295 1053 1350 incassum
1068 1292 1504 1362 delinquentibus
1527 1309 1653 1364 pro-

79 1390 233 1445 missa
275 1387 570 1443 securitate
606 1385 989 1451 blandiuntur,
1024 1385 1121 1455 qui
1153 1384 1494 1455 iniquitatem
1526 1400 1655 1455 pec-

77 1481 303 1537 cantium
340 1493 684 1550 nequaquam
717 1478 991 1548 aperiunt,
1018 1479 1144 1549 quia
1169 1479 1236 1535 ab
1269 1478 1657 1548 iucrepationie

76 1586 200 1628 voce
232 1572 606 1628 conticescunt
639 1588 652 1625 :
686 1571 867 1627 clavis
893 1570 1093 1642 quippe
1137 1571 1449 1641 apertionis
1473 1585 1656 1628 sermo

76 1665 427 1738 correptionis
474 1674 561 1720 est
584 1704 599 1731 ,
651 1664 744 1734 qui
790 1664 1122 1734 increpando
1165 1664 1381 1735 culpam
1419 1663 1659 1736 detegit,

75 1774 232 1829 quam
260 1773 405 1829 saepe
434 1757 609 1813 nescit
646 1757 763 1828 ipse
795 1757 957 1814 etiam
996 1758 1091 1828 qui
1123 1758 1473 1829 perpetravit.
1512 1757 1657 1813 Falsi

1749 848 1852 894 nec
1876 834 2189 895 scribantur
2206 835 2265 890 in
2287 836 2447 891 domo
2462 834 2649 891 Israel.
2676 835 2757 892 De
2774 836 2971 906 quibus
2996 835 3055 892 in
3086 836 3193 894 alio
3218 836 3339 895 loco

1751 926 1949 984 dicitur
1986 946 2001 981 :
2046 947 2065 980 ς
2117 942 2279 999 super
2316 934 2521 983 terram
2552 926 2883 994 scribantur,
2912 945 2934 980 ι
2962 942 3079 984 non
3101 928 3157 987 in
3189 937 3340 985 terra

1750 1017 2078 1090 Inachquae
2101 1026 2251 1074 terra
2272 1018 2571 1075 viventium
2594 1026 2697 1076 est.
2725 1018 2795 1087 Et
2811 1020 2879 1075 de
2899 1034 3011 1093 qua
3025 1035 3171 1081 nunc
3203 1019 3338 1076 dici-

1753 1120 1862 1177 tur,
1884 1129 1909 1162 ι.
1934 1124 2034 1167 nec
2054 1111 2110 1165 in
2136 1119 2339 1166 terram
2358 1110 2521 1167 lsrael
2539 1112 2927 1185 ingredientur,
2954 1132 2976 1165 ι
3001 1113 3101 1171 sed
3119 1112 3179 1168 in
3196 1121 3342 1169 terra

1752 1212 2099 1261 mortuorum
2123 1213 2177 1259 et
2203 1206 2394 1262 umbra
2429 1206 2642 1262 mortis.
2673 1205 2745 1263 Ut
2769 1214 3058 1278 postquam
3086 1208 3193 1264 ista
3219 1223 3345 1280 per-

1753 1295 1902 1366 pessi
1928 1294 2148 1363 fuerint,
2178 1298 2417 1367 separati
2444 1313 2477 1353 a
2499 1307 2644 1355 coetu
2666 1298 2849 1371 populi
2879 1299 3007 1368 Dei,
3042 1300 3345 1373 intelligant

1755 1389 1907 1459 quod
1926 1389 2043 1458 ipse
2069 1389 2139 1444 sit
2170 1389 2447 1446 Dominus.

1833 1497 1853 1529 ι
1884 1477 1967 1535 Εο
2009 1480 2157 1549 quod
2197 1480 2508 1552 deceperint
2552 1482 2809 1553 populum
2846 1499 3028 1540 meum
3070 1485 3349 1554 dicentes,

1763 1589 1787 1624 ι
1819 1569 1962 1636 Pax,
1991 1581 2183 1630 etnon
2215 1582 2303 1633 est
2336 1589 2463 1644 pax.
2501 1574 2571 1630 Et
2598 1576 2714 1647 ipse
2742 1576 3042 1635 aediﬁcabat
3062 1579 3344 1650 parietem.

1764 1680 1791 1715 ι
1820 1663 1903 1727 illi
1930 1672 2115 1725 autem
2142 1664 2406 1721 liniebant
2424 1682 2548 1722 eum
2572 1666 2684 1722 luto
2710 1668 2913 1737 absque
2937 1668 3142 1740 paleis:
3168 1669 3255 1725 dic
3280 1671 3352 1731 ad

1768 1773 1789 1808 ι
1825 1770 1946 1822 eos,
1976 1757 2071 1826 qui
2107 1756 2306 1813 liniunt
2338 1758 2543 1828 absque
2585 1767 2983 1829 temperatura,
3014 1762 3156 1832 quod
3193 1777 3351 1818 casu-

74 1852 214 1907 enim
251 1849 552 1919 propheta,
575 1846 731 1916 juxta
775 1846 1153 1919 Septuaginta,
1192 1855 1661 1919 congregaverunt
1685 1839 1735 1903 Β
1769 1868 1795 1902 ι
1825 1864 1918 1904 rus
1946 1851 2037 1905 sit.
2064 1848 2180 1903 Erit
2210 1850 2355 1904 enim
2385 1850 2558 1905 imber
2582 1850 2872 1917 inundans,
2903 1860 2958 1907 et
2988 1853 3124 1911 dabo
3145 1853 3353 1924 lapides

75 1955 256 2013 greges
275 1956 438 2012 super
451 1942 667 1996 domum
686 1940 874 2008 lsrael,
894 1941 1000 1998 hoc
1018 1948 1105 1998 est
1122 1941 1497 2011 insipientium
1521 1941 1660 1997 mul-

78 2034 353 2090 titudinem
375 2043 566 2090 contra
590 2034 808 2089 domum
831 2035 951 2091 Dei.
978 2033 1376 2108 (Hieron.)Nec
1399 2049 1658 2092 surrexe-

78 2134 195 2181 runt
223 2125 344 2195 ipsi,
375 2140 480 2181 nec
501 2125 635 2181 alios
658 2127 923 2183 suscitare
948 2132 1255 2196 potuerunt,
1280 2126 1376 2182 sed
1407 2141 1661 2196 quaecun-

77 2231 173 2287 que
186 2224 425 2288 egerunt.
440 2225 496 2272 ct
517 2227 704 2288 agunt,
722 2217 885 2287 plena
910 2215 1207 2273 mendaciis
1227 2225 1371 2273 sunt.
1397 2214 1662 2287 Quodque

78 2308 332 2378 sequitur,
361 2328 381 2360 ι
412 2307 483 2362 Et
510 2317 797 2378 coeperunt
820 2308 1084 2366 suscitare
1105 2322 1439 2373 sermonem,
1474 2326 1493 2359 ι
1530 2305 1663 2362 illud

78 2400 339 2472 signiﬁcat
364 2400 507 2469 quod
543 2400 712 2456 velint
743 2401 960 2471 quidem
984 2416 1330 2473 consurgere
1348 2442 1364 2465 ,
1398 2408 1456 2457 et
1495 2415 1554 2456 sc
1594 2400 1663 2457 ad

78 2493 276 2549 excelsa
328 2492 617 2549 sustollere
639 2533 657 2561 ,
704 2494 800 2551 sed
836 2496 991 2564 quod
1018 2494 1242 2564 cupiant
1282 2492 1508 2563 implere
1552 2509 1662 2549 non

75 2586 294 2656 possint.
335 2586 654 2656 Dioiturque
693 2586 775 2642 eis
813 2604 828 2640 :
877 2605 896 2638 ι
941 2584 1134 2641 Nonne
1172 2585 1439 2642 visionem.
1469 2583 1664 2641 falsam

78 2679 308 2743 vidistis,
346 2687 403 2735 et
429 2679 791 2735 divinationes
813 2694 985 2736 vanas
1012 2678 1176 2735 locuti
1210 2678 1378 2735 estis?
1408 2697 1433 2730 ›
1464 2675 1663 2750 (0rig.)

77 2771 185 2827 Non
217 2787 355 2845 ergo
389 2779 809 2829 resurrcxcrunt
825 2813 843 2839 ,
871 2773 976 2828 hoc
1009 2781 1092 2827 est
1112 2812 1127 2837 ,
1156 2772 1390 2827 necdum
1423 2784 1667 2827 resurre-

77 2863 264 2919 cu'onis
306 2862 577 2935 bapﬂma
623 2863 905 2919 consecuti
948 2870 1101 2928 sunt,
1141 2861 1263 2917 falsi
1297 2861 1575 2932 propheta)
1612 2866 1669 2915 et

76 2954 188 3011 falsi
213 2956 494 3027 magistri;
536 2971 657 3026 qua:
695 2956 887 3011 dicunt
917 2970 949 3009 a
986 2955 1215 3010 Domino
1249 2954 1499 3010 videntes
1528 2952 1667 3008 falsa

76 3054 214 3112 sunt,
248 3060 432 3114 neque
456 3050 748 3120 aliquando
772 3057 999 3120 possunt
1020 3048 1337 3118 conspicere
1356 3048 1662 3105 veritatem.

77 3133 267 3206 Accipe
307 3134 619 3204 exemplum
660 3152 699 3186 τι
721 3139 823 3203 qui
861 3138 1186 3209 scripturam
1218 3137 1374 3208 legit,
1411 3144 1466 3192 et
1509 3135 1667 3192 aliter

1769 1956 1791 1990 ι
1827 1939 2179 2011 praegrandes
2218 1955 2383 2011 super
2431 1941 2730 2009 irruentes,
2763 1951 2817 1996 et
2854 1951 3075 1999 ventum
3103 1943 3354 2014 procella:

1770 2050 1793 2085 ι
1830 2031 2203 2101 dissipantem.
2224 2029 2503 2101 Siquidem
2525 2043 2580 2087 et
2601 2048 2729 2090 ecce
2752 2034 3165 2106 ceciditparics.
3182 2034 3352 2091 Num-

1771 2142 1792 2179 ι
1831 2125 1961 2196 quid
1984 2139 2094 2180 non
2121 2124 2334 2180 dicetur
2364 2125 2537 2191 vobis,
2574 2124 2675 2182 Ubi
2706 2134 2789 2182 est
2824 2126 2986 2182 litura
3025 2142 3188 2199 quam
3216 2127 3353 2184 lcvi-

1770 2234 1793 2269 ι
1828 2216 1965 2272 stis?
1983 2215 2278 2287 Propterea
2296 2217 2412 2272 haec
2432 2217 2563 2273 dicit
2583 2219 2750 2286 Deus,
2771 2220 2838 2274 Et
2858 2235 3144 2291 erumpere
3155 2219 3356 2277 faciam

1772 2326 1793 2361 ι
1827 2308 2077 2379 spiritum
2106 2317 2485 2378 tempestatum
2518 2311 2573 2365 in
2600 2310 2968 2383 indignatione
2992 2327 3130 2371 mea.
3159 2312 3229 2367 Et
3256 2313 3359 2368 im-

1772 2420 1793 2456 |
1825 2402 1926 2459 her
1952 2402 2225 2459 inundans
2255 2403 2312 2458 in
2339 2402 2522 2460 furore
2550 2420 2672 2460 meo
2701 2406 2834 2472 erit,
2867 2414 2924 2462 et
2950 2406 3155 2478 lapides
3189 2422 3357 2478 gran-

1773 2512 1795 2546 ι
1832 2494 1929 2551 des
1956 2495 2052 2551 ira:
2091 2494 2146 2550 in
2176 2497 2720 2552 consummationem.
2761 2497 2829 2553 Et
2869 2499 3145 2554 destruant
3181 2499 3364 2571 parie-

1774 2603 1793 2636 ι
1831 2591 1962 2651 tem,
1977 2600 2138 2656 quem
2151 2585 2358 2641 lcvistis
2374 2587 2579 2656 absque
2593 2594 3037 2655 temperamento.
3052 2587 3121 2642 Et
3134 2589 3363 2659 aequabo

1775 2692 1795 2728 ι
1829 2690 1955 2730 eum
1996 2682 2173 2732 terrm.
2212 2674 2283 2730 Et
2312 2675 2639 2731 revelabitur
2674 2676 3084 2733 fundamentum
3122 2677 3256 2748 ejus.
3294 2677 3364 2733 Et

1777 2782 1798 2818 ς
1833 2764 1994 2821 cadet
2020 2773 2075 2821 et
2101 2776 2452 2822 consumetur
2476 2767 2530 2821 in
2558 2766 2736 2823 medio
2763 2766 2903 2837 ejus,
2931 2776 2987 2823 et
3010 2767 3193 2824 scietis
3234 2770 3365 2839 quia

1777 2874 1796 2909 ι
1829 2870 1930 2929 ego
1957 2857 2236 2912 Dominus.
2264 2856 2334 2912 Et
2354 2857 2634 2928 complebo
2659 2856 3082 2928 indignationem
3108 2874 3287 2915 meam
3307 2860 3366 2916 in

1778 2965 1797 3000 ι
1831 2947 2073 3018 pariete,
2105 2958 2161 3004 et
2193 2949 2251 3003 in
2282 2949 2395 3013 bis,
2426 2950 2518 3020 qui
2544 2949 2742 3005 liniunt
2774 2963 2896 3005 eum
2928 2951 3131 3022 absque
3158 2960 3366 3021 tempe—

1779 3059 1798 3093 ι
1835 3048 2113 3107 ramento,
2145 3041 2432 3111 dicamque
2463 3042 2617 3097 vobis
2638 3083 2653 3107 ,
2681 3040 2797 3097 Non
2826 3050 2910 3097 est
2938 3041 3147 3111 paries,
3175 3050 3229 3097 et
3257 3058 3367 3097 non

1780 3151 1803 3184 ε
1836 3140 1999 3198 sunt,
2040 3132 2133 3203 qui
2163 3132 2360 3187 liniunt
2393 3148 2517 3187 eum
2543 3173 2559 3198 ,
2584 3133 2861 3203 propheta:
2888 3133 3085 3199 Israel,
3117 3135 3209 3204 qui
3238 3149 3366 3204 pro-

78 3204 217 3293 cem,
241 3241 414 3298 quam
440 3226 702 3297 scriptum
730 3232 813 3280 est
843 3204 1063 3296 accipit,
1093 3204 1419 3296 scripturam
1445 3228 1667 3284 menda-
1694 3204 1741 3273 δ
1778 3243 1798 3280 ι
1830 3225 2059 3295 pbetant
2108 3227 2177 3282 ad
2220 3224 2544 3282 Jerusalem.
2584 3225 2648 3280 Et
2687 3225 2872 3281 vident
2900 3226 2951 3281 ei
2984 3226 3244 3281 visionem
3271 3241 3371 3296 pa-

79 3320 210 3376 citer
232 3321 403 3376 videt.
436 3318 539 3387 Qui
562 3333 701 3374 vero
720 3318 873 3374 audit
897 3319 1223 3389 scripturam
1240 3359 1256 3385 ,
1282 3321 1338 3373 et
1365 3319 1506 3375 sicut
1526 3319 1668 3374 veri-

79 3411 200 3468 tatis
224 3411 538 3467 intellectus
567 3412 764 3477 habet,
799 3409 878 3465 sic
910 3424 1037 3464 eam!
1067 3411 1486 3481 interpretatur,
1524 3410 1671 3466 videt

80 3502 383 3558 veritatem.
429 3502 497 3556 Et
543 3501 717 3557 sancti
761 3501 981 3570 quidem
1016 3515 1125 3556 non
1164 3502 1409 3557 divinant
1440 3519 1455 3555 :
1491 3521 1519 3554 ι
1549 3500 1669 3556 Non

82 3594 219 3648 enim
248 3593 513 3650 divinatio
539 3593 597 3647 in
631 3591 798 3647 Jacob
834 3591 1024 3664 (Num.
1062 3592 1258 3664 nm);
1298 3614 1319 3647 ι
1351 3601 1672 3664 peccatores

82 3698 206 3739 vero
232 3685 483 3740 divinant
504 3682 641 3739 falsa
658 3722 675 3749 ,
698 3683 947 3739 dicentes:
973 3700 986 3737 :
1021 3701 1041 3734 ‹
1071 3680 1199 3737 Haec
1226 3684 1359 3737 dicit
1388 3685 1668 3750 Dominus,

83 3782 134 3829 et
156 3775 423 3831 Dominus
438 3790 547 3831 non
572 3775 720 3831 misit
740 3789 853 3830 eos.
877 3795 897 3828 ι
916 3774 1058 3829 Audi
1076 3773 1382 3839 haereticos,
1403 3773 1673 3843 quomodo

87 3865 431 3922 tradititmcm
455 3867 835 3938 apostolorum
851 3868 1055 3923 habere
1087 3881 1148 3923 se
1172 3866 1389 3932 dicant;
1418 3867 1544 3921 audi
1569 3866 1673 3921 fal-

82 3971 170 4012 sos
195 3958 489 4029 magistros
505 3996 519 4020 ,
544 3959 813 4026 quomodo
838 3956 1108 4013 affirmant
1155 3958 1459 4013 doctrinam
1496 3974 1671 4023 suam,

84 4051 300 4105 Domini
340 4065 461 4107 esse
505 4048 841 4115 doctrinam,
892 4060 948 4103 et
993 4064 1214 4105 sensum
1258 4066 1448 4116 suum,
1492 4052 1677 4106 sensui

71 4154 391 4210 .congrucre
413 4141 833 4210 prophetarum,
861 4147 918 4194 et
942 4140 1169 4195 dicunt:
1204 4159 1221 4190 ι
1256 4140 1383 4196 Haec
1411 4141 1542 4195 dicit
1569 4142 1677 4195 Do-

74 4233 307 4296 minus,
331 4240 388 4286 et
410 4229 677 4286 Dominus
712 4246 821 4287 non
845 4230 997 4286 misit
1035 4244 1148 4287 eos.
1186 4251 1207 4284 ι
1253 4251 1272 4284 ι
1304 4231 1373 4286 Et
1397 4241 1683 4303 coeperunt

74 4322 361 4379 suscitare
387 4335 737 4388 sermonem;
781 4337 965 4378 nonne
1000 4321 1266 4378 visionem
1305 4321 1497 4379 falsam
1538 4323 1679 4378 vidi-

80 4417 211 4484 stis;
253 4434 281 4468 ι
311 4422 373 4470 eo
399 4414 457 4470 hi
485 4415 633 4469 enim
667 4414 859 4470 volunt
884 4416 942 4470 in
971 4414 1342 4472 defensionem
1373 4416 1457 4472 sui
1493 4430 1682 4487 quem-

1779 3334 1797 3367 ‹
1834 3315 1933 3370 cis.
1971 3315 2040 3370 Et
2082 3330 2192 3370 non
2227 3323 2311 3369 est
2351 3316 2461 3370 Pax
2483 3356 2500 3382 ,
2542 3316 2674 3371 dicit
2698 3315 2960 3371 Dominus
2984 3316 3162 3383 Deus,
3200 3325 3308 3372 etc.
3344 3334 3365 3367 ι

1775 3405 2058 3476 Prophetas
2087 3405 2255 3461 lsrael
2275 3407 2369 3475 qui
2395 3423 2503 3463 non
2531 3416 2692 3463 erunt
2717 3407 2772 3463 in
2796 3407 3024 3463 concilio
3045 3407 3223 3479 populi
3249 3408 3370 3475 Dei,

1775 3514 1878 3554 nec
1910 3498 2223 3554 scribentur
2263 3500 2319 3554 in
2350 3501 2624 3570 scriptura
2653 3500 2846 3557 domus
2880 3499 3080 3568 Israel,
3122 3516 3222 3557 nec
3262 3509 3372 3556 ler-

1776 3606 1895 3644 ram
1939 3591 2379 3661 repromissionis
2425 3592 2727 3649 intrabunt.
2771 3592 2897 3649 Ideo
2940 3595 3043 3650 ista
3071 3594 3370 3663 patientur,

1775 3680 1904 3749 quia
1930 3679 2259 3751 deceperunt
2277 3682 2532 3752 populum
2568 3698 2746 3739 meum
2773 3699 2871 3753 pro
2898 3683 3072 3755 rigore
3098 3686 3371 3751 poeniten-

1780 3770 1867 3824 tia:
1888 3809 1903 3833 ,
1939 3776 1994 3823 et
2026 3775 2396 3826 conversionis
2430 3776 2645 3843 injuria,
2676 3788 2866 3843 pacem
2901 3775 2981 3830 eis
3017 3782 3072 3829 et
3112 3790 3371 3847 prospera

1778 3860 2132 3929 nuntiantes,
2182 3863 2477 3918 secundum
2525 3864 2697 3931 illud,
2741 3867 2885 3936 quod
2931 3867 3059 3922 alibi
3106 3867 3306 3924 dicitur
3354 3888 3368 3925 :

1786 3969 1806 4004 ι
1840 3950 1982 4016 Pax,
2009 3968 2135 4023 pax,
2170 3960 2359 4009 etnon
2392 3963 2475 4009 est
2501 3970 2604 4025 pax
2636 3954 2770 4027 (Jer.
2802 3957 2942 4029 Vill).
2968 3976 2986 4009 ι
3019 3956 3163 4014 Deus
3192 3961 3374 4029 itaque

1784 4045 2191 4115 metaphorin
2212 4046 2522 4101 aediﬁcabat
2554 4048 2634 4102 eis
2653 4062 2751 4116 per
2776 4048 2911 4118 legis
2938 4049 3218 4115 mandata,
3247 4066 3375 4105 san-

1782 4144 2103 4206 ctorumque
2137 4135 2528 4211 prophetarum
2564 4136 2779 4207 eloquia
2816 4147 2873 4191 et
2902 4139 3368 4204 comminationcs,

1782 4226 2095 4283 maceriam.
2142 4224 2256 4282 Hoc
2296 4226 2440 4281 enim
2474 4227 2703 4282 verbum
2738 4226 3061 4283 Hebraicum
3102 4227 3373 4300 signiﬁcat

1782 4324 1897 4391 his,
1942 4331 2003 4380 ut
2035 4338 2254 4380 omnem
2304 4323 2374 4379 ab
2402 4322 2510 4378 illis
2547 4323 2915 4379 incursionem
2952 4322 3284 4390 bestiarum,
3319 4333 3375 4380 et

1782 4415 2032 4473 hostilem
2051 4416 2314 4486 impetum
2330 4414 2697 4482 submoveret,
2710 4415 2836 4472 dum
2863 4415 3109 4471 conversi
3123 4415 3191 4469 ad
3201 4414 3373 4472 Deum

83 4507 209 4563 dum
245 4505 722 4578 proscwscitarc
748 4519 1076 4562 sermonem.
1107 4506 1431 4579 Scdaguit
1448 4522 1543 4564 eos
1568 4508 1677 4564 Do-
1705 4560 1767 4580 π
1783 4509 1890 4569 hoc
1927 4508 2082 4580 quasi
2120 4522 2287 4565 muro
2318 4514 2373 4563 et
2410 4507 2618 4578 pariete
2656 4505 2966 4566 ﬁrmissimo
3004 4508 3370 4580 cingerentur.

84 4560 290 4666 an;
317 4560 553 4667 et‘tﬁcit,
566 4560 573 4561 ί
586 4618 606 4651 ι
642 4560 821 4655 nonne
843 4560 1340 4655 sua...
1348 4560 1601 4667 nec;
1621 4560 1679 4656 ἐι
1703 4560 1767 4623 θ’
1782 4560 2273 4672 mussans
2284 4560 3375 4668 νὲὲοῖὲόἐίέώέἱζῗιὲἷῖτὲςέἐιῖιέιῖῇὸῐιὲζ

88 4694 459 4751 divinationes
475 4708 647 4749 vanas
669 4693 837 4750 locuti
867 4693 1035 4750 estis?
1059 4692 1132 4767 Et
1150 4692 1385 4762 dixistis,
1404 4693 1553 4753 Dicit
1571 4695 1678 4751 Do-

88 4792 300 4856 minus,
332 4795 390 4845 et
410 4802 512 4860 ego
536 4802 642 4844 non
672 4802 792 4843 sum
819 4787 1051 4845 locutus.
1081 4806 1101 4841 ι

162 4901 181 4935 ς
213 4881 516 4954 Propterea
550 4880 667 4935 haec
691 4878 824 4935 dicit
856 4878 1120 4935 Dominus
1144 4878 1320 4946 Deus,
1351 4876 1481 4948 quia
1510 4876 1678 4934 locuti

96 4995 115 5028 ι
148 4977 285 5033 estis
309 4986 471 5041 vana,
496 4981 552 5029 et
570 4972 785 5029 vidistis
802 4971 1165 5039 mendacium,
1192 4970 1315 5026 ideo
1335 4983 1465 5025 ecce
1485 4984 1587 5040 ego
1610 4969 1680 5026 ad

98 5087 117 5121 ι
147 5084 268 5135 vos,
297 5068 375 5123 ait
412 5066 677 5122 Dominus
713 5064 876 5121 Deus.
907 5064 977 5121 Et
1004 5065 1119 5121 erit
1135 5077 1329 5119 manus
1362 5076 1484 5119 mea
1518 5075 1682 5133 super

100 5176 119 5209 α
154 5161 469 5231 prophetas,
493 5160 586 5230 qui
608 5159 795 5215 vident
818 5172 953 5213 vana
979 5166 1035 5213 et
1053 5154 1300 5213 divinant
1317 5154 1679 5222 mendacium,

101 5275 120 5309 ι
153 5241 209 5313 in
237 5256 471 5314 concilio
502 5254 685 5327 populi
717 5255 833 5310 mei
862 5258 1184 5321 nouerunt,
1214 5260 1275 5309 et:
1308 5251 1367 5308 in
1400 5248 1684 5319 Scriptura

105 5365 125 5399 α
157 5348 353 5406 domus
375 5347 547 5404 lsraei'
585 5362 695 5404 non
722 5346 1051 5411 scribentur,
1078 5360 1181 5400 nee
1206 5343 1263 5398 in
1289 5350 1492 5399 terram
1518 5337 1686 5397 lsi-ae!

107 5456 128 5491 ι
162 5439 557 5512 ingrediantur.
607 5439 676 5493 Et
715 5436 905 5494 scietis
948 5435 1085 5506 quid
1118 5448 1223 5505 ego
1260 5442 1387 5488 sum
1424 5431 1686 5488 Barcinus

107 5548 129 5584 ι
165 5531 330 5588 Deus.
360 5550 379 5582 ›
411 5529 683 5603 (Ηίετοη.)
701 5529 815 5585 Sub
837 5528 1480 5600 prophetarumxpcrsotla
1505 5537 1686 5581 serrno

103 5634 294 5684 contra
318 5624 605 5683 haereticos
644 5630 728 5680 est
744 5664 757 5689 ,
790 5624 883 5694 qui
913 5623 1207 5691 loquuntur
1229 5636 1367 5676 vana
1385 5660 1400 5687 ,
1424 5628 1483 5677 et
1505 5621 1688 5676 vident

105 5723 464 5780 mendacium.
498 5721 566 5777 Et
594 5723 945 5795 perseverant
981 5729 1134 5771 suam
1172 5712 1465 5769 adﬁrmare
1491 5715 1691 5767 doctri-

108 5828 232 5871 nam
248 5855 263 5883 ,
311 5814 454 5886 quod
492 5813 614 5885 ipse
649 5810 910 5869 Dominus
947 5814 1139 5867 contra
1173 5818 1268 5864 eos
1306 5803 1491 5862 veniat
1530 5811 1692 5874 atquc

1782 4695 2046 4751 cebantur
2071 4693 2153 4751 eis
2180 4706 2390 4765 pacem.
2418 4689 2535 4749 Hoc
2560 4690 2708 4747 enim
2734 4690 2997 4761 repetitus
3018 4689 3170 4759 pacis
3192 4703 3373 4745 sermo

1779 4783 2052 4858 significat
2082 4803 2096 4838 :
2134 4801 2156 4835 ι
2190 4783 2308 4848 Dic,
2334 4781 2535 4853 inquit,
2562 4780 2632 4835 ad
2652 4794 2769 4847 eos,
2798 4798 2819 4831 ι
2843 4779 2935 4850 qui
2956 4778 3064 4836 illis
3088 4793 3228 4835 vana
3247 4793 3376 4849 pro-

1782 4875 2041 4942 mittunt,
2084 4881 2141 4929 et
2163 4887 2380 4930 cassum
2410 4871 2734 4943 pollicentur
2773 4870 3034 4927 auxilium
3052 4912 3071 4940 ,
3102 4871 3248 4943 quod
3280 4885 3375 4928 ca-

1782 4987 1946 5029 surus
1974 4972 2047 5029 sit
2075 4969 2181 5026 iste
2207 4968 2390 5040 paries
2410 4975 2469 5024 et
2495 4966 2614 5024 hac
2640 4967 2897 5024 maceria.
2930 4984 2950 5018 ι
2987 4966 3056 5021 Ει
3081 4964 3373 5022 immittam

1784 5062 2016 5119 imbrem
2042 5058 2602 5116 vehementissimum.
2638 5077 2658 5111 ι
2688 5055 2886 5113 Hostes
2914 5055 3166 5111 videlicet
3190 5056 3377 5114 saevis-

1787 5155 1974 5221 simos,
1992 5152 2319 5226 Babylonios
2339 5159 2521 5211 autem
2541 5149 2925 5220 Cbaldacosqne
2944 5145 3233 5218 signiﬁcat.
3260 5166 3281 5200 ε
3304 5147 3375 5205 Et

1787 5250 1993 5321 lapides
2030 5247 2308 5321 grandinis
2357 5248 2587 5317 desuper
2627 5245 2915 5299 irruentes.
2966 5260 2985 5294 ι
3033 5239 3229 5298 Omnia
3274 5254 3375 5312 per

1788 5341 2194 5413 metaphoram,
2220 5353 2332 5410 quo
2368 5336 2674 5394 instabilem
2704 5333 2993 5390 maceriam
3016 5332 3228 5389 subitus
3265 5339 3377 5388 tur-

1791 5435 1871 5491 bo-
1891 5435 2170 5492 subvertet
2194 5439 2250 5488 et
2275 5432 2520 5489 subruat.
2536 5427 2602 5483 Et
2621 5434 2806 5496 postea
2833 5423 3045 5483 dicatur
3069 5423 3168 5491 eis,
3192 5420 3247 5478 id
3267 5430 3373 5489 est,

1790 5526 2294 5599 pseudoprophetis,
2335 5523 2445 5581 Ubi
2488 5528 2573 5577 est
2609 5520 2771 5574 litura
2797 5560 2811 5586 ,
2845 5534 3007 5589 quam
3042 5518 3282 5585 lcvistis,
3319 5524 3378 5574 et

1792 5621 1910 5688 ubi,
1932 5620 2075 5691 quod
2094 5616 2320 5690 polliciti
2346 5616 2475 5672 estis
2502 5611 2792 5667 auxilium?
2814 5610 3083 5683 Quidquid
3106 5619 3284 5666 autem
3308 5607 3377 5663 de

1792 5710 2276 5781 pseudoprophetis
2322 5707 2595 5771 diximus,
2650 5712 2706 5761 et
2751 5704 2817 5759 ad
2856 5704 3141 5760 haereticos
3181 5698 3375 5755 referri

1792 5808 1992 5871 potest.
2027 5797 2182 5866 Quod
2216 5796 2399 5855 omnia
2425 5808 2615 5852 eorum
2648 5792 2903 5868 ﬁgmenta
2930 5794 3026 5851 Dei
3056 5794 3139 5851 ira
3168 5793 3378 5852 solvan-
