  <div class='ocr_page' id='page_1' title='image "/cluster/home/n/w/nwhite01/storage/ocr_20150623/110/hvd.32044015466865/349.png"; bbox 0 0 3938 6360; ppageno 0'>
   <div class='ocr_carea' id='block_1_1' title="bbox 555 293 3903 369">
    <p class='ocr_par' dir='ltr' id='par_1_1' title="bbox 555 293 3903 369">
     <span class='ocr_line' id='line_1_1' title="bbox 555 293 3903 369; baseline -0.008 -2"><span class='ocrx_word' id='word_1_1' title='bbox 555 305 664 366; x_wconf 76' lang='grc'><strong>655</strong></span> <span class='ocrx_word' id='word_1_2' title='bbox 1207 301 1268 357; x_wconf 86' lang='grc' dir='ltr'><strong>Β.</strong></span> <span class='ocrx_word' id='word_1_3' title='bbox 1309 298 1567 356; x_wconf 71' lang='lat' dir='ltr'><strong>MBAN!</strong></span> <span class='ocrx_word' id='word_1_4' title='bbox 1604 295 1824 355; x_wconf 82' lang='lat' dir='ltr'><strong>MAURI</strong></span> <span class='ocrx_word' id='word_1_5' title='bbox 1859 296 2178 355; x_wconf 79' lang='lat' dir='ltr'><strong>ARCHIEP.</strong></span> <span class='ocrx_word' id='word_1_6' title='bbox 2216 295 2547 363; x_wconf 78' lang='lat' dir='ltr'><strong>MOGUNT.</strong></span> <span class='ocrx_word' id='word_1_7' title='bbox 2574 295 2862 355; x_wconf 75' lang='lat' dir='ltr'><strong>OPERUM</strong></span> <span class='ocrx_word' id='word_1_8' title='bbox 2900 293 3080 352; x_wconf 79' lang='lat' dir='ltr'><strong>PARS</strong></span> <span class='ocrx_word' id='word_1_9' title='bbox 3116 294 3184 350; x_wconf 86' lang='lat' dir='ltr'><strong>ll.</strong></span> <span class='ocrx_word' id='word_1_10' title='bbox 3760 295 3840 353; x_wconf 67' lang='lat'><strong>656</strong></span> <span class='ocrx_word' id='word_1_11' title='bbox 3902 310 3903 369; x_wconf 42' lang='grc' dir='ltr'>ᾖ</span> 
     </span>
    </p>
   </div>
   <div class='ocr_carea' id='block_1_2' title="bbox 557 408 3838 492">
    <p class='ocr_par' dir='ltr' id='par_1_2' title="bbox 557 408 3838 492">
     <span class='ocr_line' id='line_1_2' title="bbox 557 408 3838 492; baseline -0.004 -15"><span class='ocrx_word' id='word_1_12' title='bbox 557 433 678 492; x_wconf 85' lang='lat' dir='ltr'><strong>tur;</strong></span> <span class='ocrx_word' id='word_1_13' title='bbox 701 428 761 477; x_wconf 89' lang='lat' dir='ltr'><strong>et</strong></span> <span class='ocrx_word' id='word_1_14' title='bbox 780 417 1068 476; x_wconf 73' lang='lat' dir='ltr'><strong>aediﬁcatio</strong></span> <span class='ocrx_word' id='word_1_15' title='bbox 1094 415 1457 487; x_wconf 89' lang='lat' dir='ltr'><strong>pessimorum</strong></span> <span class='ocrx_word' id='word_1_16' title='bbox 1477 415 1811 483; x_wconf 90' lang='lat' dir='ltr'><strong>dogmatum,</strong></span> <span class='ocrx_word' id='word_1_17' title='bbox 1832 428 1952 483; x_wconf 73' lang='lat' dir='ltr'><strong>qua:</strong></span> <span class='ocrx_word' id='word_1_18' title='bbox 1981 412 2152 483; x_wconf 88' lang='lat' dir='ltr'><strong>Spiri-</strong></span> <span class='ocrx_word' id='word_1_19' title='bbox 2177 418 2232 476; x_wconf 84' lang='grc' dir='ltr'><strong>Α</strong></span> <span class='ocrx_word' id='word_1_20' title='bbox 2255 412 2463 483; x_wconf 71' lang='lat' dir='ltr'><strong>gelistte</strong></span> <span class='ocrx_word' id='word_1_21' title='bbox 2490 419 2727 481; x_wconf 75' lang='lat' dir='ltr'><strong>quatuor</strong></span> <span class='ocrx_word' id='word_1_22' title='bbox 2754 410 2878 469; x_wconf 70' lang='lat' dir='ltr'><strong>ﬁlia:</strong></span> <span class='ocrx_word' id='word_1_23' title='bbox 2909 411 3296 483; x_wconf 90' lang='lat' dir='ltr'><strong>prophetantes</strong></span> <span class='ocrx_word' id='word_1_24' title='bbox 3320 408 3468 480; x_wconf 76' lang='lat' dir='ltr'><strong>(Act.</strong></span> <span class='ocrx_word' id='word_1_25' title='bbox 3504 408 3675 481; x_wconf 67' lang='lat' dir='ltr'><strong>xxx),</strong></span> <span class='ocrx_word' id='word_1_26' title='bbox 3702 409 3838 481; x_wconf 67' lang='lat' dir='ltr'><strong>inspi.</strong></span> 
     </span>
    </p>
   </div>
   <div class='ocr_carea' id='block_1_3' title="bbox 551 500 3833 574">
    <p class='ocr_par' dir='ltr' id='par_1_3' title="bbox 551 500 3833 574">
     <span class='ocr_line' id='line_1_3' title="bbox 551 500 3833 574; baseline -0.004 -5"><span class='ocrx_word' id='word_1_27' title='bbox 551 523 646 574; x_wconf 71' lang='lat' dir='ltr'><strong>tus</strong></span> <span class='ocrx_word' id='word_1_28' title='bbox 670 513 844 569; x_wconf 76' lang='lat' dir='ltr'><strong>sancti</strong></span> <span class='ocrx_word' id='word_1_29' title='bbox 872 525 980 567; x_wconf 91' lang='lat' dir='ltr'><strong>non</strong></span> <span class='ocrx_word' id='word_1_30' title='bbox 1010 509 1171 566; x_wconf 92' lang='lat' dir='ltr'><strong>habet</strong></span> <span class='ocrx_word' id='word_1_31' title='bbox 1201 506 1606 563; x_wconf 90' lang='lat' dir='ltr'><strong>condimentum</strong></span> <span class='ocrx_word' id='word_1_32' title='bbox 1632 513 1873 569; x_wconf 91' lang='lat' dir='ltr'><strong>corruat,</strong></span> <span class='ocrx_word' id='word_1_33' title='bbox 1898 511 1953 558; x_wconf 92' lang='lat' dir='ltr'><strong>et</strong></span> <span class='ocrx_word' id='word_1_34' title='bbox 1978 518 2152 572; x_wconf 90' lang='lat' dir='ltr'><strong>usque</strong></span> <span class='ocrx_word' id='word_1_35' title='bbox 2228 553 2232 556; x_wconf 93' lang='lat'><strong>.</strong></span> <span class='ocrx_word' id='word_1_36' title='bbox 2258 505 2520 560; x_wconf 76' lang='lat' dir='ltr'><strong>rebantur</strong></span> <span class='ocrx_word' id='word_1_37' title='bbox 2545 501 2842 559; x_wconf 83' lang='lat' dir='ltr'><strong>daemonico</strong></span> <span class='ocrx_word' id='word_1_38' title='bbox 2854 502 3067 572; x_wconf 76' lang='lat' dir='ltr'><strong>spiritu,</strong></span> <span class='ocrx_word' id='word_1_39' title='bbox 3084 500 3246 572; x_wconf 87' lang='lat' dir='ltr'><strong>hujus</strong></span> <span class='ocrx_word' id='word_1_40' title='bbox 3266 516 3433 571; x_wconf 76' lang='lat' dir='ltr'><strong>sexus</strong></span> <span class='ocrx_word' id='word_1_41' title='bbox 3459 500 3620 566; x_wconf 68' lang='lat' dir='ltr'><strong>alim,</strong></span> <span class='ocrx_word' id='word_1_42' title='bbox 3644 517 3833 573; x_wconf 65' lang='lat' dir='ltr'><strong>quarum</strong></span> 
     </span>
    </p>
   </div>
   <div class='ocr_carea' id='block_1_4' title="bbox 548 591 3833 673">
    <p class='ocr_par' dir='ltr' id='par_1_4' title="bbox 548 591 3833 673">
     <span class='ocr_line' id='line_1_4' title="bbox 548 591 3833 673; baseline -0.004 -8"><span class='ocrx_word' id='word_1_43' title='bbox 548 606 625 667; x_wconf 70' lang='grc' dir='ltr'>ιι.ἐί</span> <span class='ocrx_word' id='word_1_44' title='bbox 643 598 996 664; x_wconf 72' lang='lat' dir='ltr'><strong>fundamenta</strong></span> <span class='ocrx_word' id='word_1_45' title='bbox 1016 611 1073 657; x_wconf 90' lang='lat' dir='ltr'><strong>et</strong></span> <span class='ocrx_word' id='word_1_46' title='bbox 1089 600 1369 673; x_wconf 90' lang='lat' dir='ltr'><strong>pulverem</strong></span> <span class='ocrx_word' id='word_1_47' title='bbox 1390 598 1682 665; x_wconf 89' lang='lat' dir='ltr'><strong>dilabatur,</strong></span> <span class='ocrx_word' id='word_1_48' title='bbox 1698 606 2010 668; x_wconf 69' lang='lat' dir='ltr'><strong>etmquetur</strong></span> <span class='ocrx_word' id='word_1_49' title='bbox 2032 596 2154 666; x_wconf 88' lang='lat' dir='ltr'><strong>ipsa</strong></span> <span class='ocrx_word' id='word_1_50' title='bbox 2256 591 2361 649; x_wconf 91' lang='lat' dir='ltr'><strong>fuit</strong></span> <span class='ocrx_word' id='word_1_51' title='bbox 2398 593 2589 650; x_wconf 92' lang='lat' dir='ltr'><strong>Prisca</strong></span> <span class='ocrx_word' id='word_1_52' title='bbox 2617 600 2674 649; x_wconf 89' lang='lat' dir='ltr'><strong>et</strong></span> <span class='ocrx_word' id='word_1_53' title='bbox 2695 592 3008 661; x_wconf 75' lang='lat' dir='ltr'><strong>Maximilla,</strong></span> <span class='ocrx_word' id='word_1_54' title='bbox 3048 606 3168 662; x_wconf 75' lang='lat' dir='ltr'><strong>quae</strong></span> <span class='ocrx_word' id='word_1_55' title='bbox 3209 592 3629 648; x_wconf 80' lang='lat' dir='ltr'><strong>vaticinatione</strong></span> <span class='ocrx_word' id='word_1_56' title='bbox 3654 597 3833 651; x_wconf 61' lang='lat' dir='ltr'><strong>menm-</strong></span> 
     </span>
    </p>
   </div>
   <div class='ocr_carea' id='block_1_5' title="bbox 548 678 3831 761">
    <p class='ocr_par' dir='ltr' id='par_1_5' title="bbox 548 678 3831 761">
     <span class='ocr_line' id='line_1_5' title="bbox 548 678 3831 761; baseline -0.003 -5"><span class='ocrx_word' id='word_1_57' title='bbox 548 697 795 758; x_wconf 81' lang='lat' dir='ltr'><strong>maceria</strong></span> <span class='ocrx_word' id='word_1_58' title='bbox 816 705 1010 761; x_wconf 78' lang='lat' dir='ltr'><strong>terrae,</strong></span> <span class='ocrx_word' id='word_1_59' title='bbox 1034 701 1091 750; x_wconf 90' lang='lat' dir='ltr'><strong>et</strong></span> <span class='ocrx_word' id='word_1_60' title='bbox 1111 680 1303 760; x_wconf 85' lang='lat' dir='ltr'><strong>cadat,</strong></span> <span class='ocrx_word' id='word_1_61' title='bbox 1336 700 1394 748; x_wconf 89' lang='lat' dir='ltr'><strong>et</strong></span> <span class='ocrx_word' id='word_1_62' title='bbox 1424 678 1813 747; x_wconf 83' lang='lat' dir='ltr'><strong>consumantur</strong></span> <span class='ocrx_word' id='word_1_63' title='bbox 1850 689 2152 760; x_wconf 82' lang='lat' dir='ltr'><strong>prophetae,</strong></span> <span class='ocrx_word' id='word_1_64' title='bbox 2255 689 2327 743; x_wconf 90' lang='lat' dir='ltr'><strong>cii</strong></span> <span class='ocrx_word' id='word_1_65' title='bbox 2365 687 2528 744; x_wconf 89' lang='lat' dir='ltr'><strong>ﬁdem</strong></span> <span class='ocrx_word' id='word_1_66' title='bbox 2574 688 2959 746; x_wconf 76' lang='lat' dir='ltr'><strong>subverterent</strong></span> <span class='ocrx_word' id='word_1_67' title='bbox 2992 686 3260 744; x_wconf 84' lang='lat' dir='ltr'><strong>veritatis.</strong></span> <span class='ocrx_word' id='word_1_68' title='bbox 3300 686 3413 741; x_wconf 84' lang='lat' dir='ltr'><strong>llas</strong></span> <span class='ocrx_word' id='word_1_69' title='bbox 3450 695 3656 742; x_wconf 86' lang='lat' dir='ltr'><strong>autem</strong></span> <span class='ocrx_word' id='word_1_70' title='bbox 3689 688 3831 745; x_wconf 70' lang='lat' dir='ltr'><strong>dimt</strong></span> 
     </span>
    </p>
   </div>
   <div class='ocr_carea' id='block_1_6' title="bbox 546 768 3829 867">
    <p class='ocr_par' dir='ltr' id='par_1_6' title="bbox 546 768 3829 867">
     <span class='ocr_line' id='line_1_6' title="bbox 546 768 3829 867; baseline -0.003 -19"><span class='ocrx_word' id='word_1_71' title='bbox 546 792 653 867; x_wconf 79' lang='lat' dir='ltr'><strong>qui</strong></span> <span class='ocrx_word' id='word_1_72' title='bbox 684 768 1119 863; x_wconf 78' lang='lat' dir='ltr'><strong>promittebant,</strong></span> <span class='ocrx_word' id='word_1_73' title='bbox 1154 772 1482 857; x_wconf 29' lang='lat' dir='ltr'><strong>et&#39;populus</strong></span> <span class='ocrx_word' id='word_1_74' title='bbox 1511 785 1599 840; x_wconf 92' lang='lat' dir='ltr'><strong>cui</strong></span> <span class='ocrx_word' id='word_1_75' title='bbox 1639 781 2077 854; x_wconf 16' lang='lat' dir='ltr'><strong>promittebatur.</strong></span> <span class='ocrx_word' id='word_1_76' title='bbox 2098 779 2155 835; x_wconf 93' lang='lat' dir='ltr'><strong>in</strong></span> <span class='ocrx_word' id='word_1_77' title='bbox 2254 778 2469 835; x_wconf 73' lang='lat' dir='ltr'><strong>Hebraei</strong></span> <span class='ocrx_word' id='word_1_78' title='bbox 2498 778 2764 836; x_wconf 86' lang='lat' dir='ltr'><strong>maleﬁcis</strong></span> <span class='ocrx_word' id='word_1_79' title='bbox 2799 780 3009 836; x_wconf 89' lang='lat' dir='ltr'><strong>artibus</strong></span> <span class='ocrx_word' id='word_1_80' title='bbox 3048 778 3292 835; x_wconf 88' lang='lat' dir='ltr'><strong>eruditas</strong></span> <span class='ocrx_word' id='word_1_81' title='bbox 3321 794 3424 848; x_wconf 87' lang='lat' dir='ltr'><strong>per</strong></span> <span class='ocrx_word' id='word_1_82' title='bbox 3464 783 3829 837; x_wconf 59' lang='lat' dir='ltr'><strong>necromantia</strong></span> 
     </span>
    </p>
   </div>
   <div class='ocr_carea' id='block_1_7' title="bbox 547 866 3828 952">
    <p class='ocr_par' dir='ltr' id='par_1_7' title="bbox 547 866 3828 952">
     <span class='ocr_line' id='line_1_7' title="bbox 547 866 3828 952; baseline -0.003 -12"><span class='ocrx_word' id='word_1_83' title='bbox 547 882 735 944; x_wconf 54' lang='lat' dir='ltr'><strong>medio</strong></span> <span class='ocrx_word' id='word_1_84' title='bbox 761 880 899 952; x_wconf 85' lang='lat' dir='ltr'><strong>ejus.</strong></span> <span class='ocrx_word' id='word_1_85' title='bbox 929 877 1002 937; x_wconf 86' lang='lat' dir='ltr'><strong>Ut</strong></span> <span class='ocrx_word' id='word_1_86' title='bbox 1025 886 1315 949; x_wconf 85' lang='lat' dir='ltr'><strong>postquam</strong></span> <span class='ocrx_word' id='word_1_87' title='bbox 1342 875 1695 947; x_wconf 82' lang='lat' dir='ltr'><strong>compleverit</strong></span> <span class='ocrx_word' id='word_1_88' title='bbox 1723 866 2154 945; x_wconf 82' lang='lat' dir='ltr'><strong>indignationem</strong></span> <span class='ocrx_word' id='word_1_89' title='bbox 2254 878 2311 926; x_wconf 92' lang='lat' dir='ltr'><strong>et</strong></span> <span class='ocrx_word' id='word_1_90' title='bbox 2334 870 2613 943; x_wconf 85' lang='lat' dir='ltr'><strong>pythicum</strong></span> <span class='ocrx_word' id='word_1_91' title='bbox 2639 871 2915 942; x_wconf 89' lang='lat' dir='ltr'><strong>spiritum,</strong></span> <span class='ocrx_word' id='word_1_92' title='bbox 2945 870 3124 942; x_wconf 84' lang='lat' dir='ltr'><strong>qualis</strong></span> <span class='ocrx_word' id='word_1_93' title='bbox 3156 869 3262 926; x_wconf 84' lang='lat' dir='ltr'><strong>fuit</strong></span> <span class='ocrx_word' id='word_1_94' title='bbox 3298 871 3393 926; x_wconf 88' lang='lat' dir='ltr'><strong>illa</strong></span> <span class='ocrx_word' id='word_1_95' title='bbox 3410 912 3431 937; x_wconf 93' lang='lat'><strong>,</strong></span> <span class='ocrx_word' id='word_1_96' title='bbox 3483 885 3619 940; x_wconf 69' lang='lat' dir='ltr'><strong>qua:</strong></span> <span class='ocrx_word' id='word_1_97' title='bbox 3642 871 3744 929; x_wconf 81' lang='lat' dir='ltr'><strong>visa</strong></span> <span class='ocrx_word' id='word_1_98' title='bbox 3770 884 3828 929; x_wconf 81' lang='lat' dir='ltr'><strong>est</strong></span> 
     </span>
    </p>
   </div>
   <div class='ocr_carea' id='block_1_8' title="bbox 547 962 3824 1044">
    <p class='ocr_par' dir='ltr' id='par_1_8' title="bbox 547 962 3824 1044">
     <span class='ocr_line' id='line_1_8' title="bbox 547 962 3824 1044; baseline -0.006 -9"><span class='ocrx_word' id='word_1_99' title='bbox 547 990 733 1042; x_wconf 73' lang='lat' dir='ltr'><strong>suain,</strong></span> <span class='ocrx_word' id='word_1_100' title='bbox 761 983 818 1032; x_wconf 88' lang='lat' dir='ltr'><strong>et</strong></span> <span class='ocrx_word' id='word_1_101' title='bbox 841 973 1041 1029; x_wconf 80' lang='lat' dir='ltr'><strong>dixerit</strong></span> <span class='ocrx_word' id='word_1_102' title='bbox 1063 972 1144 1028; x_wconf 92' lang='lat' dir='ltr'><strong>eis</strong></span> <span class='ocrx_word' id='word_1_103' title='bbox 1172 988 1185 1025; x_wconf 89' lang='lat'><strong>:</strong></span> <span class='ocrx_word' id='word_1_104' title='bbox 1217 990 1236 1023; x_wconf 82' lang='grc' dir='ltr'><strong>ι</strong></span> <span class='ocrx_word' id='word_1_105' title='bbox 1268 968 1386 1025; x_wconf 83' lang='lat' dir='ltr'><strong>Non</strong></span> <span class='ocrx_word' id='word_1_106' title='bbox 1411 968 1617 1024; x_wconf 90' lang='lat' dir='ltr'><strong>cstiste</strong></span> <span class='ocrx_word' id='word_1_107' title='bbox 1634 967 1836 1038; x_wconf 90' lang='lat' dir='ltr'><strong>paries,</strong></span> <span class='ocrx_word' id='word_1_108' title='bbox 1865 984 1884 1018; x_wconf 78' lang='grc' dir='ltr'><strong>ι</strong></span> <span class='ocrx_word' id='word_1_109' title='bbox 1919 965 2026 1020; x_wconf 89' lang='lat' dir='ltr'><strong>hoc</strong></span> <span class='ocrx_word' id='word_1_110' title='bbox 2045 970 2152 1031; x_wconf 90' lang='lat' dir='ltr'><strong>est,</strong></span> <span class='ocrx_word' id='word_1_111' title='bbox 2254 962 2548 1021; x_wconf 87' lang='lat' dir='ltr'><strong>suseitasse</strong></span> <span class='ocrx_word' id='word_1_112' title='bbox 2584 963 2823 1019; x_wconf 90' lang='lat' dir='ltr'><strong>animam</strong></span> <span class='ocrx_word' id='word_1_113' title='bbox 2855 962 3121 1044; x_wconf 84' lang='lat' dir='ltr'><strong>Samuelis</strong></span> <span class='ocrx_word' id='word_1_114' title='bbox 3160 962 3224 1036; x_wconf 91' lang='grc' dir='ltr'><strong>(Ι</strong></span> <span class='ocrx_word' id='word_1_115' title='bbox 3259 963 3392 1034; x_wconf 84' lang='lat' dir='ltr'><strong>Reg.</strong></span> <span class='ocrx_word' id='word_1_116' title='bbox 3437 963 3692 1034; x_wconf 71' lang='lat' dir='ltr'><strong>arma);</strong></span> <span class='ocrx_word' id='word_1_117' title='bbox 3725 965 3824 1020; x_wconf 71' lang='lat' dir='ltr'><strong>etin</strong></span> 
     </span>
    </p>
   </div>
   <div class='ocr_carea' id='block_1_9' title="bbox 500 1046 3823 1131">
    <p class='ocr_par' dir='ltr' id='par_1_9' title="bbox 500 1046 3823 1131">
     <span class='ocr_line' id='line_1_9' title="bbox 500 1046 3823 1131; baseline -0.004 -3"><span class='ocrx_word' id='word_1_118' title='bbox 500 1076 513 1091; x_wconf 58' lang='grc' dir='ltr'><em>ί</em></span> <span class='ocrx_word' id='word_1_119' title='bbox 548 1084 667 1127; x_wconf 77' lang='lat' dir='ltr'><strong>tun:</strong></span> <span class='ocrx_word' id='word_1_120' title='bbox 683 1078 773 1126; x_wconf 79' lang='lat' dir='ltr'><strong>est</strong></span> <span class='ocrx_word' id='word_1_121' title='bbox 798 1075 982 1125; x_wconf 87' lang='lat' dir='ltr'><strong>vestra</strong></span> <span class='ocrx_word' id='word_1_122' title='bbox 1004 1065 1266 1131; x_wconf 77' lang='lat' dir='ltr'><strong>defensio,</strong></span> <span class='ocrx_word' id='word_1_123' title='bbox 1295 1046 1485 1119; x_wconf 88' lang='lat' dir='ltr'><strong>etnon</strong></span> <span class='ocrx_word' id='word_1_124' title='bbox 1518 1071 1646 1119; x_wconf 89' lang='lat' dir='ltr'><strong>sunt</strong></span> <span class='ocrx_word' id='word_1_125' title='bbox 1668 1060 1762 1131; x_wconf 90' lang='lat' dir='ltr'><strong>qui</strong></span> <span class='ocrx_word' id='word_1_126' title='bbox 1784 1059 1980 1114; x_wconf 89' lang='lat' dir='ltr'><strong>liniunt</strong></span> <span class='ocrx_word' id='word_1_127' title='bbox 2004 1072 2149 1123; x_wconf 90' lang='lat' dir='ltr'><strong>eum,</strong></span> <span class='ocrx_word' id='word_1_128' title='bbox 2243 1048 2478 1113; x_wconf 66' lang='lat' dir='ltr'><strong>Actibus</strong></span> <span class='ocrx_word' id='word_1_129' title='bbox 2500 1056 2898 1128; x_wconf 86' lang='lat' dir='ltr'><strong>apostolorum,</strong></span> <span class='ocrx_word' id='word_1_130' title='bbox 2928 1057 3082 1129; x_wconf 87' lang='lat' dir='ltr'><strong>cujus</strong></span> <span class='ocrx_word' id='word_1_131' title='bbox 3105 1056 3371 1113; x_wconf 87' lang='lat' dir='ltr'><strong>divinatio</strong></span> <span class='ocrx_word' id='word_1_132' title='bbox 3396 1056 3624 1113; x_wconf 81' lang='lat' dir='ltr'><strong>multos</strong></span> 
     </span>
    </p>
   </div>
   <div class='ocr_carea' id='block_1_10' title="bbox 548 1148 3823 1228">
    <p class='ocr_par' dir='ltr' id='par_1_10' title="bbox 548 1148 3823 1228">
     <span class='ocr_line' id='line_1_10' title="bbox 548 1148 3823 1228; baseline -0.006 -5"><span class='ocrx_word' id='word_1_133' title='bbox 548 1148 845 1224; x_wconf 60' lang='lat' dir='ltr'><strong>scilomnia</strong></span> <span class='ocrx_word' id='word_1_134' title='bbox 859 1178 998 1218; x_wconf 90' lang='lat' dir='ltr'><strong>vana</strong></span> <span class='ocrx_word' id='word_1_135' title='bbox 1011 1169 1157 1227; x_wconf 90' lang='lat' dir='ltr'><strong>sunt,</strong></span> <span class='ocrx_word' id='word_1_136' title='bbox 1171 1168 1227 1215; x_wconf 90' lang='lat' dir='ltr'><strong>et</strong></span> <span class='ocrx_word' id='word_1_137' title='bbox 1247 1160 1305 1214; x_wconf 93' lang='lat' dir='ltr'><strong>in</strong></span> <span class='ocrx_word' id='word_1_138' title='bbox 1317 1158 1548 1213; x_wconf 87' lang='lat' dir='ltr'><strong>nihilum</strong></span> <span class='ocrx_word' id='word_1_139' title='bbox 1567 1155 1934 1228; x_wconf 87' lang='lat' dir='ltr'><strong>proﬁcientia:</strong></span> <span class='ocrx_word' id='word_1_140' title='bbox 1959 1170 1978 1204; x_wconf 85' lang='grc' dir='ltr'><strong>ι</strong></span> <span class='ocrx_word' id='word_1_141' title='bbox 2000 1151 2155 1207; x_wconf 88' lang='lat' dir='ltr'><strong>Tunc</strong></span> <span class='ocrx_word' id='word_1_142' title='bbox 2254 1150 2461 1206; x_wconf 90' lang='lat' dir='ltr'><strong>reditus</strong></span> <span class='ocrx_word' id='word_1_143' title='bbox 2489 1150 2830 1220; x_wconf 87' lang='lat' dir='ltr'><strong>adquirebat.</strong></span> <span class='ocrx_word' id='word_1_144' title='bbox 2866 1149 2943 1206; x_wconf 91' lang='lat' dir='ltr'><strong>De</strong></span> <span class='ocrx_word' id='word_1_145' title='bbox 2983 1164 3089 1220; x_wconf 88' lang='lat' dir='ltr'><strong>qua</strong></span> <span class='ocrx_word' id='word_1_146' title='bbox 3124 1165 3225 1221; x_wconf 90' lang='lat' dir='ltr'><strong>per</strong></span> <span class='ocrx_word' id='word_1_147' title='bbox 3249 1148 3500 1219; x_wconf 85' lang='lat' dir='ltr'><strong>apostoli</strong></span> <span class='ocrx_word' id='word_1_148' title='bbox 3528 1149 3681 1204; x_wconf 84' lang='lat' dir='ltr'><strong>Pauli</strong></span> <span class='ocrx_word' id='word_1_149' title='bbox 3701 1150 3823 1221; x_wconf 70' lang='lat' dir='ltr'><strong>inpe—</strong></span> 
     </span>
    </p>
   </div>
   <div class='ocr_carea' id='block_1_11' title="bbox 551 1238 3818 1326">
    <p class='ocr_par' dir='ltr' id='par_1_11' title="bbox 551 1238 3818 1326">
     <span class='ocr_line' id='line_1_11' title="bbox 551 1238 3818 1326; baseline -0.006 -14"><span class='ocrx_word' id='word_1_150' title='bbox 551 1268 724 1325; x_wconf 64' lang='lat' dir='ltr'><strong>tmere</strong></span> <span class='ocrx_word' id='word_1_151' title='bbox 750 1253 1116 1326; x_wconf 81' lang='lat' dir='ltr'><strong>cognoscatis,</strong></span> <span class='ocrx_word' id='word_1_152' title='bbox 1141 1250 1285 1322; x_wconf 90' lang='lat' dir='ltr'><strong>quod</strong></span> <span class='ocrx_word' id='word_1_153' title='bbox 1305 1265 1404 1321; x_wconf 91' lang='lat' dir='ltr'><strong>ego</strong></span> <span class='ocrx_word' id='word_1_154' title='bbox 1434 1264 1553 1305; x_wconf 89' lang='lat' dir='ltr'><strong>sum</strong></span> <span class='ocrx_word' id='word_1_155' title='bbox 1584 1247 1863 1303; x_wconf 85' lang='lat' dir='ltr'><strong>Dominus.</strong></span> <span class='ocrx_word' id='word_1_156' title='bbox 1900 1265 1918 1299; x_wconf 73' lang='grc' dir='ltr'><strong>ι</strong></span> <span class='ocrx_word' id='word_1_157' title='bbox 1958 1245 2030 1301; x_wconf 89' lang='lat' dir='ltr'><strong>Ut</strong></span> <span class='ocrx_word' id='word_1_158' title='bbox 2059 1260 2153 1300; x_wconf 92' lang='lat' dir='ltr'><strong>au-</strong></span> <span class='ocrx_word' id='word_1_159' title='bbox 2253 1241 2394 1297; x_wconf 90' lang='lat' dir='ltr'><strong>rium</strong></span> <span class='ocrx_word' id='word_1_160' title='bbox 2419 1241 2731 1298; x_wconf 86' lang='lat' dir='ltr'><strong>immundus</strong></span> <span class='ocrx_word' id='word_1_161' title='bbox 2765 1241 2972 1312; x_wconf 89' lang='lat' dir='ltr'><strong>ejectus</strong></span> <span class='ocrx_word' id='word_1_162' title='bbox 3012 1249 3096 1296; x_wconf 89' lang='lat' dir='ltr'><strong>est</strong></span> <span class='ocrx_word' id='word_1_163' title='bbox 3132 1239 3361 1312; x_wconf 88' lang='lat' dir='ltr'><strong>spiritus</strong></span> <span class='ocrx_word' id='word_1_164' title='bbox 3389 1238 3568 1311; x_wconf 75' lang='lat' dir='ltr'><strong>(Act.</strong></span> <span class='ocrx_word' id='word_1_165' title='bbox 3588 1240 3721 1307; x_wconf 69' lang='lat' dir='ltr'><strong>sn).</strong></span> <span class='ocrx_word' id='word_1_166' title='bbox 3742 1239 3818 1294; x_wconf 65' lang='lat' dir='ltr'><strong>Nos</strong></span> 
     </span>
    </p>
   </div>
   <div class='ocr_carea' id='block_1_12' title="bbox 553 1332 3817 1414">
    <p class='ocr_par' dir='ltr' id='par_1_12' title="bbox 553 1332 3817 1414">
     <span class='ocr_line' id='line_1_12' title="bbox 553 1332 3817 1414; baseline -0.006 -8"><span class='ocrx_word' id='word_1_167' title='bbox 553 1353 668 1406; x_wconf 66' lang='lat' dir='ltr'><strong>iam</strong></span> <span class='ocrx_word' id='word_1_168' title='bbox 694 1347 949 1409; x_wconf 86' lang='lat' dir='ltr'><strong>sciamus,</strong></span> <span class='ocrx_word' id='word_1_169' title='bbox 983 1344 1076 1414; x_wconf 92' lang='lat' dir='ltr'><strong>qui</strong></span> <span class='ocrx_word' id='word_1_170' title='bbox 1103 1350 1232 1398; x_wconf 87' lang='lat' dir='ltr'><strong>sunt</strong></span> <span class='ocrx_word' id='word_1_171' title='bbox 1258 1341 1371 1408; x_wconf 88' lang='lat' dir='ltr'><strong>isti,</strong></span> <span class='ocrx_word' id='word_1_172' title='bbox 1404 1340 1496 1410; x_wconf 87' lang='lat' dir='ltr'><strong>qui</strong></span> <span class='ocrx_word' id='word_1_173' title='bbox 1533 1338 1728 1393; x_wconf 90' lang='lat' dir='ltr'><strong>liniunt</strong></span> <span class='ocrx_word' id='word_1_174' title='bbox 1753 1337 2038 1408; x_wconf 88' lang='lat' dir='ltr'><strong>parietem,</strong></span> <span class='ocrx_word' id='word_1_175' title='bbox 2061 1349 2149 1390; x_wconf 92' lang='lat' dir='ltr'><strong>se-</strong></span> <span class='ocrx_word' id='word_1_176' title='bbox 2253 1343 2436 1390; x_wconf 86' lang='lat' dir='ltr'><strong>autem</strong></span> <span class='ocrx_word' id='word_1_177' title='bbox 2473 1334 2550 1389; x_wconf 90' lang='lat' dir='ltr'><strong>ita</strong></span> <span class='ocrx_word' id='word_1_178' title='bbox 2589 1335 2830 1391; x_wconf 88' lang='lat' dir='ltr'><strong>dicemus</strong></span> <span class='ocrx_word' id='word_1_179' title='bbox 2858 1334 2994 1390; x_wconf 90' lang='lat' dir='ltr'><strong>alios</strong></span> <span class='ocrx_word' id='word_1_180' title='bbox 3023 1334 3313 1390; x_wconf 68' lang='lat' dir='ltr'><strong>hrereticos</strong></span> <span class='ocrx_word' id='word_1_181' title='bbox 3352 1332 3617 1391; x_wconf 81' lang='lat' dir='ltr'><strong>falsitate</strong></span> <span class='ocrx_word' id='word_1_182' title='bbox 3650 1332 3817 1402; x_wconf 69' lang='lat' dir='ltr'><strong>dogm—</strong></span> 
     </span>
    </p>
   </div>
   <div class='ocr_carea' id='block_1_13' title="bbox 550 1423 3813 1514">
    <p class='ocr_par' dir='ltr' id='par_1_13' title="bbox 550 1423 3813 1514">
     <span class='ocr_line' id='line_1_13' title="bbox 550 1423 3813 1514; baseline -0.006 -17"><span class='ocrx_word' id='word_1_183' title='bbox 550 1439 770 1514; x_wconf 84' lang='lat' dir='ltr'><strong>quitur:</strong></span> <span class='ocrx_word' id='word_1_184' title='bbox 800 1459 820 1491; x_wconf 82' lang='grc' dir='ltr'><strong>ι</strong></span> <span class='ocrx_word' id='word_1_185' title='bbox 848 1436 1131 1507; x_wconf 74' lang='lat' dir='ltr'><strong>Propheta:</strong></span> <span class='ocrx_word' id='word_1_186' title='bbox 1149 1432 1339 1499; x_wconf 87' lang='lat' dir='ltr'><strong>Israel,</strong></span> <span class='ocrx_word' id='word_1_187' title='bbox 1366 1451 1385 1483; x_wconf 75' lang='grc' dir='ltr'><strong>ι</strong></span> <span class='ocrx_word' id='word_1_188' title='bbox 1412 1432 1518 1487; x_wconf 92' lang='lat' dir='ltr'><strong>hoc</strong></span> <span class='ocrx_word' id='word_1_189' title='bbox 1534 1438 1617 1486; x_wconf 90' lang='lat' dir='ltr'><strong>est</strong></span> <span class='ocrx_word' id='word_1_190' title='bbox 1636 1426 2149 1500; x_wconf 74' lang='lat' dir='ltr'><strong>pseudoprophetze,</strong></span> <span class='ocrx_word' id='word_1_191' title='bbox 2253 1432 2369 1481; x_wconf 89' lang='lat' dir='ltr'><strong>tum</strong></span> <span class='ocrx_word' id='word_1_192' title='bbox 2406 1440 2627 1482; x_wconf 90' lang='lat' dir='ltr'><strong>suorum</strong></span> <span class='ocrx_word' id='word_1_193' title='bbox 2657 1425 2955 1495; x_wconf 76' lang='lat' dir='ltr'><strong>praedicare</strong></span> <span class='ocrx_word' id='word_1_194' title='bbox 2996 1425 3287 1492; x_wconf 83' lang='lat' dir='ltr'><strong>virtutem,</strong></span> <span class='ocrx_word' id='word_1_195' title='bbox 3333 1439 3596 1495; x_wconf 86' lang='lat' dir='ltr'><strong>quorum</strong></span> <span class='ocrx_word' id='word_1_196' title='bbox 3637 1423 3723 1478; x_wconf 86' lang='lat' dir='ltr'><strong>fuit</strong></span> <span class='ocrx_word' id='word_1_197' title='bbox 3744 1423 3813 1494; x_wconf 67' lang='lat' dir='ltr'><strong>Pg-</strong></span> 
     </span>
    </p>
   </div>
   <div class='ocr_carea' id='block_1_14' title="bbox 557 1516 3813 1604">
    <p class='ocr_par' dir='ltr' id='par_1_14' title="bbox 557 1516 3813 1604">
     <span class='ocr_line' id='line_1_14' title="bbox 557 1516 3813 1604; baseline -0.005 -16"><span class='ocrx_word' id='word_1_198' title='bbox 557 1549 578 1587; x_wconf 74' lang='grc' dir='ltr'><strong>ι</strong></span> <span class='ocrx_word' id='word_1_199' title='bbox 603 1533 698 1604; x_wconf 88' lang='lat' dir='ltr'><strong>qui</strong></span> <span class='ocrx_word' id='word_1_200' title='bbox 722 1530 1048 1602; x_wconf 88' lang='lat' dir='ltr'><strong>prophetant</strong></span> <span class='ocrx_word' id='word_1_201' title='bbox 1071 1527 1141 1582; x_wconf 92' lang='lat' dir='ltr'><strong>ad</strong></span> <span class='ocrx_word' id='word_1_202' title='bbox 1166 1525 1488 1603; x_wconf 86' lang='lat' dir='ltr'><strong>Jerusalem,</strong></span> <span class='ocrx_word' id='word_1_203' title='bbox 1514 1531 1571 1579; x_wconf 91' lang='lat' dir='ltr'><strong>et</strong></span> <span class='ocrx_word' id='word_1_204' title='bbox 1597 1523 1785 1579; x_wconf 89' lang='lat' dir='ltr'><strong>vident</strong></span> <span class='ocrx_word' id='word_1_205' title='bbox 1809 1522 1860 1578; x_wconf 92' lang='lat' dir='ltr'><strong>ei</strong></span> <span class='ocrx_word' id='word_1_206' title='bbox 1888 1520 2151 1577; x_wconf 89' lang='lat' dir='ltr'><strong>visionem</strong></span> <span class='ocrx_word' id='word_1_207' title='bbox 2252 1517 2506 1588; x_wconf 81' lang='lat' dir='ltr'><strong>Ihagoras</strong></span> <span class='ocrx_word' id='word_1_208' title='bbox 2525 1525 2582 1574; x_wconf 92' lang='lat' dir='ltr'><strong>et</strong></span> <span class='ocrx_word' id='word_1_209' title='bbox 2605 1517 2773 1583; x_wconf 82' lang='lat' dir='ltr'><strong>Zeno,</strong></span> <span class='ocrx_word' id='word_1_210' title='bbox 2802 1534 2834 1573; x_wconf 91' lang='lat' dir='ltr'><strong>a</strong></span> <span class='ocrx_word' id='word_1_211' title='bbox 2860 1532 2969 1591; x_wconf 84' lang='lat' dir='ltr'><strong>quo</strong></span> <span class='ocrx_word' id='word_1_212' title='bbox 2996 1516 3191 1585; x_wconf 88' lang='lat' dir='ltr'><strong>Stoici,</strong></span> <span class='ocrx_word' id='word_1_213' title='bbox 3213 1516 3813 1573; x_wconf 62' lang='lat' dir='ltr'><strong>lndorum‘brachmm</strong></span> 
     </span>
    </p>
   </div>
   <div class='ocr_carea' id='block_1_15' title="bbox 549 1608 3812 1699">
    <p class='ocr_par' dir='ltr' id='par_1_15' title="bbox 549 1608 3812 1699">
     <span class='ocr_line' id='line_1_15' title="bbox 549 1608 3812 1699; baseline -0.006 -17"><span class='ocrx_word' id='word_1_214' title='bbox 549 1624 726 1699; x_wconf 82' lang='lat' dir='ltr'><strong>pacis,</strong></span> <span class='ocrx_word' id='word_1_215' title='bbox 756 1644 775 1676; x_wconf 84' lang='grc'><strong>›</strong></span> <span class='ocrx_word' id='word_1_216' title='bbox 813 1623 904 1679; x_wconf 89' lang='lat' dir='ltr'><strong>isti</strong></span> <span class='ocrx_word' id='word_1_217' title='bbox 931 1631 1057 1678; x_wconf 89' lang='lat' dir='ltr'><strong>sunt</strong></span> <span class='ocrx_word' id='word_1_218' title='bbox 1080 1635 1244 1677; x_wconf 90' lang='lat' dir='ltr'><strong>causa</strong></span> <span class='ocrx_word' id='word_1_219' title='bbox 1268 1618 1479 1690; x_wconf 87' lang='lat' dir='ltr'><strong>peccati</strong></span> <span class='ocrx_word' id='word_1_220' title='bbox 1509 1627 1564 1673; x_wconf 90' lang='lat' dir='ltr'><strong>et</strong></span> <span class='ocrx_word' id='word_1_221' title='bbox 1588 1617 1758 1672; x_wconf 76' lang='lat' dir='ltr'><strong>ruina:</strong></span> <span class='ocrx_word' id='word_1_222' title='bbox 1783 1622 1839 1671; x_wconf 92' lang='lat' dir='ltr'><strong>et</strong></span> <span class='ocrx_word' id='word_1_223' title='bbox 1863 1614 2041 1672; x_wconf 65' lang='lat' dir='ltr'><strong>stultae</strong></span> <span class='ocrx_word' id='word_1_224' title='bbox 2070 1628 2153 1670; x_wconf 88' lang='lat' dir='ltr'><strong>se-</strong></span> <span class='ocrx_word' id='word_1_225' title='bbox 2250 1619 2306 1667; x_wconf 89' lang='lat' dir='ltr'><strong>et</strong></span> <span class='ocrx_word' id='word_1_226' title='bbox 2339 1609 2658 1682; x_wconf 64' lang='lat' dir='ltr'><strong>IEtbiopum</strong></span> <span class='ocrx_word' id='word_1_227' title='bbox 2697 1610 3199 1682; x_wconf 80' lang='lat' dir='ltr'><strong>Gymnosophistae,</strong></span> <span class='ocrx_word' id='word_1_228' title='bbox 3239 1610 3335 1680; x_wconf 93' lang='lat' dir='ltr'><strong>qui</strong></span> <span class='ocrx_word' id='word_1_229' title='bbox 3376 1609 3461 1666; x_wconf 87' lang='lat' dir='ltr'><strong>ob</strong></span> <span class='ocrx_word' id='word_1_230' title='bbox 3494 1609 3671 1664; x_wconf 83' lang='lat' dir='ltr'><strong>victus</strong></span> <span class='ocrx_word' id='word_1_231' title='bbox 3694 1608 3812 1663; x_wconf 67' lang='lat' dir='ltr'><strong>mi-</strong></span> 
     </span>
    </p>
   </div>
   <div class='ocr_carea' id='block_1_16' title="bbox 549 1701 3809 1784">
    <p class='ocr_par' dir='ltr' id='par_1_16' title="bbox 549 1701 3809 1784">
     <span class='ocr_line' id='line_1_16' title="bbox 549 1701 3809 1784; baseline -0.006 -9"><span class='ocrx_word' id='word_1_232' title='bbox 549 1718 819 1776; x_wconf 83' lang='lat' dir='ltr'><strong>euritatis.</strong></span> <span class='ocrx_word' id='word_1_233' title='bbox 850 1735 868 1768; x_wconf 82' lang='grc' dir='ltr'><strong>ι</strong></span> <span class='ocrx_word' id='word_1_234' title='bbox 901 1714 1021 1772; x_wconf 83' lang='lat' dir='ltr'><strong>Non</strong></span> <span class='ocrx_word' id='word_1_235' title='bbox 1047 1715 1194 1770; x_wconf 90' lang='lat' dir='ltr'><strong>enim</strong></span> <span class='ocrx_word' id='word_1_236' title='bbox 1216 1714 1321 1768; x_wconf 90' lang='lat' dir='ltr'><strong>erit</strong></span> <span class='ocrx_word' id='word_1_237' title='bbox 1346 1729 1470 1784; x_wconf 80' lang='lat' dir='ltr'><strong>pax,</strong></span> <span class='ocrx_word' id='word_1_238' title='bbox 1494 1711 1626 1767; x_wconf 87' lang='lat' dir='ltr'><strong>dicit</strong></span> <span class='ocrx_word' id='word_1_239' title='bbox 1652 1710 1933 1767; x_wconf 81' lang='lat' dir='ltr'><strong>Deminus.</strong></span> <span class='ocrx_word' id='word_1_240' title='bbox 1967 1728 1985 1762; x_wconf 76' lang='grc' dir='ltr'><strong>ι</strong></span> <span class='ocrx_word' id='word_1_241' title='bbox 2012 1708 2150 1776; x_wconf 83' lang='lat' dir='ltr'><strong>Quia</strong></span> <span class='ocrx_word' id='word_1_242' title='bbox 2250 1703 2493 1758; x_wconf 88' lang='lat' dir='ltr'><strong>nentiam</strong></span> <span class='ocrx_word' id='word_1_243' title='bbox 2518 1703 2843 1759; x_wconf 88' lang='lat' dir='ltr'><strong>miraculum</strong></span> <span class='ocrx_word' id='word_1_244' title='bbox 2865 1702 2948 1759; x_wconf 89' lang='lat' dir='ltr'><strong>sui</strong></span> <span class='ocrx_word' id='word_1_245' title='bbox 2972 1702 3265 1774; x_wconf 80' lang='lat' dir='ltr'><strong>gentilibus</strong></span> <span class='ocrx_word' id='word_1_246' title='bbox 3286 1702 3585 1759; x_wconf 88' lang='lat' dir='ltr'><strong>tribuunt.</strong></span> <span class='ocrx_word' id='word_1_247' title='bbox 3604 1701 3809 1771; x_wconf 53' lang='lat' dir='ltr'><strong>Restm</strong></span> 
     </span>
    </p>
   </div>
   <div class='ocr_carea' id='block_1_17' title="bbox 549 1786 3807 1870">
    <p class='ocr_par' dir='ltr' id='par_1_17' title="bbox 549 1786 3807 1870">
     <span class='ocr_line' id='line_1_17' title="bbox 549 1786 3807 1870; baseline -0.005 -4"><span class='ocrx_word' id='word_1_248' title='bbox 549 1807 812 1866; x_wconf 84' lang='lat' dir='ltr'><strong>Dominus</strong></span> <span class='ocrx_word' id='word_1_249' title='bbox 836 1806 1123 1863; x_wconf 65' lang='lat' dir='ltr'><strong>non&#39;misit</strong></span> <span class='ocrx_word' id='word_1_250' title='bbox 1148 1820 1271 1870; x_wconf 89' lang='lat' dir='ltr'><strong>eos,</strong></span> <span class='ocrx_word' id='word_1_251' title='bbox 1302 1820 1403 1859; x_wconf 91' lang='lat' dir='ltr'><strong>nec</strong></span> <span class='ocrx_word' id='word_1_252' title='bbox 1427 1810 1511 1859; x_wconf 90' lang='lat' dir='ltr'><strong>est</strong></span> <span class='ocrx_word' id='word_1_253' title='bbox 1547 1787 1766 1858; x_wconf 88' lang='lat' dir='ltr'><strong>locutus</strong></span> <span class='ocrx_word' id='word_1_254' title='bbox 1790 1802 1858 1857; x_wconf 88' lang='lat' dir='ltr'><strong>ad</strong></span> <span class='ocrx_word' id='word_1_255' title='bbox 1881 1816 1997 1857; x_wconf 89' lang='lat' dir='ltr'><strong>eos.</strong></span> <span class='ocrx_word' id='word_1_256' title='bbox 2026 1799 2143 1856; x_wconf 82' lang='lat' dir='ltr'><strong>Hoc</strong></span> <span class='ocrx_word' id='word_1_257' title='bbox 2169 1786 2220 1847; x_wconf 86' lang='grc' dir='ltr'><strong>Β</strong></span> <span class='ocrx_word' id='word_1_258' title='bbox 2248 1796 2503 1852; x_wconf 89' lang='lat' dir='ltr'><strong>dicuntur</strong></span> <span class='ocrx_word' id='word_1_259' title='bbox 2540 1796 2805 1866; x_wconf 90' lang='lat' dir='ltr'><strong>parietem</strong></span> <span class='ocrx_word' id='word_1_260' title='bbox 2848 1796 3008 1853; x_wconf 90' lang='lat' dir='ltr'><strong>linire</strong></span> <span class='ocrx_word' id='word_1_261' title='bbox 3027 1835 3044 1865; x_wconf 92' lang='lat'><strong>,</strong></span> <span class='ocrx_word' id='word_1_262' title='bbox 3087 1803 3144 1852; x_wconf 90' lang='lat' dir='ltr'><strong>et</strong></span> <span class='ocrx_word' id='word_1_263' title='bbox 3189 1796 3441 1867; x_wconf 88' lang='lat' dir='ltr'><strong>aliquam</strong></span> <span class='ocrx_word' id='word_1_264' title='bbox 3496 1793 3807 1851; x_wconf 53' lang='lat' dir='ltr'><strong>fortitudini</strong></span> 
     </span>
    </p>
   </div>
   <div class='ocr_carea' id='block_1_18' title="bbox 548 1890 3808 1970">
    <p class='ocr_par' dir='ltr' id='par_1_18' title="bbox 548 1890 3808 1970">
     <span class='ocr_line' id='line_1_18' title="bbox 548 1890 3808 1970; baseline -0.003 -16"><span class='ocrx_word' id='word_1_265' title='bbox 548 1898 696 1970; x_wconf 88' lang='lat' dir='ltr'><strong>quod</strong></span> <span class='ocrx_word' id='word_1_266' title='bbox 720 1896 1075 1967; x_wconf 82' lang='lat' dir='ltr'><strong>Septuaginta</strong></span> <span class='ocrx_word' id='word_1_267' title='bbox 1102 1893 1512 1950; x_wconf 83' lang='lat' dir='ltr'><strong>transtulerunt.</strong></span> <span class='ocrx_word' id='word_1_268' title='bbox 1546 1912 1564 1944; x_wconf 86' lang='grc' dir='ltr'><strong>ι</strong></span> <span class='ocrx_word' id='word_1_269' title='bbox 1592 1892 1663 1947; x_wconf 83' lang='grc' dir='ltr'><strong>Εῑ</strong></span> <span class='ocrx_word' id='word_1_270' title='bbox 1685 1907 1850 1962; x_wconf 88' lang='lat' dir='ltr'><strong>super</strong></span> <span class='ocrx_word' id='word_1_271' title='bbox 1863 1891 2147 1961; x_wconf 89' lang='lat' dir='ltr'><strong>juncturas</strong></span> <span class='ocrx_word' id='word_1_272' title='bbox 2248 1892 2526 1964; x_wconf 88' lang='lat' dir='ltr'><strong>polliceri,</strong></span> <span class='ocrx_word' id='word_1_273' title='bbox 2553 1894 2648 1950; x_wconf 83' lang='lat' dir='ltr'><strong>sed</strong></span> <span class='ocrx_word' id='word_1_274' title='bbox 2670 1894 2797 1964; x_wconf 89' lang='lat' dir='ltr'><strong>quia</strong></span> <span class='ocrx_word' id='word_1_275' title='bbox 2824 1892 3106 1950; x_wconf 87' lang='lat' dir='ltr'><strong>Christum</strong></span> <span class='ocrx_word' id='word_1_276' title='bbox 3151 1908 3262 1950; x_wconf 93' lang='lat' dir='ltr'><strong>non</strong></span> <span class='ocrx_word' id='word_1_277' title='bbox 3308 1891 3543 1948; x_wconf 79' lang='lat' dir='ltr'><strong>habent</strong></span> <span class='ocrx_word' id='word_1_278' title='bbox 3562 1890 3808 1948; x_wconf 67' lang='lat' dir='ltr'><strong>coniti-ra-</strong></span> 
     </span>
    </p>
   </div>
   <div class='ocr_carea' id='block_1_19' title="bbox 548 1982 3805 2063">
    <p class='ocr_par' dir='ltr' id='par_1_19' title="bbox 548 1982 3805 2063">
     <span class='ocr_line' id='line_1_19' title="bbox 548 1982 3805 2063; baseline -0.003 -16"><span class='ocrx_word' id='word_1_279' title='bbox 548 2004 760 2057; x_wconf 83' lang='lat' dir='ltr'><strong>eorum,</strong></span> <span class='ocrx_word' id='word_1_280' title='bbox 798 2009 817 2042; x_wconf 76' lang='grc' dir='ltr'><strong>ι</strong></span> <span class='ocrx_word' id='word_1_281' title='bbox 846 1990 902 2063; x_wconf 80' lang='lat' dir='ltr'><strong>in</strong></span> <span class='ocrx_word' id='word_1_282' title='bbox 929 1988 1197 2044; x_wconf 86' lang='lat' dir='ltr'><strong>Hebraico</strong></span> <span class='ocrx_word' id='word_1_283' title='bbox 1228 2004 1335 2043; x_wconf 86' lang='lat' dir='ltr'><strong>non</strong></span> <span class='ocrx_word' id='word_1_284' title='bbox 1363 1988 1612 2043; x_wconf 88' lang='lat' dir='ltr'><strong>habetur.</strong></span> <span class='ocrx_word' id='word_1_285' title='bbox 1650 1986 1934 2058; x_wconf 84' lang='lat' dir='ltr'><strong>Signiﬁcat</strong></span> <span class='ocrx_word' id='word_1_286' title='bbox 1963 1993 2145 2040; x_wconf 90' lang='lat' dir='ltr'><strong>autem</strong></span> <span class='ocrx_word' id='word_1_287' title='bbox 2249 1992 2384 2053; x_wconf 84' lang='lat' dir='ltr'><strong>tum,</strong></span> <span class='ocrx_word' id='word_1_288' title='bbox 2414 2000 2589 2042; x_wconf 90' lang='lat' dir='ltr'><strong>vanus</strong></span> <span class='ocrx_word' id='word_1_289' title='bbox 2614 1994 2699 2041; x_wconf 89' lang='lat' dir='ltr'><strong>est</strong></span> <span class='ocrx_word' id='word_1_290' title='bbox 2725 2000 2914 2042; x_wconf 89' lang='lat' dir='ltr'><strong>eorum</strong></span> <span class='ocrx_word' id='word_1_291' title='bbox 2941 1985 3131 2052; x_wconf 92' lang='lat' dir='ltr'><strong>labor,</strong></span> <span class='ocrx_word' id='word_1_292' title='bbox 3168 2002 3187 2036; x_wconf 77' lang='grc' dir='ltr'><strong>ι</strong></span> <span class='ocrx_word' id='word_1_293' title='bbox 3222 1992 3281 2040; x_wconf 90' lang='lat' dir='ltr'><strong>et</strong></span> <span class='ocrx_word' id='word_1_294' title='bbox 3320 1984 3595 2057; x_wconf 81' lang='lat' dir='ltr'><strong>peritura</strong></span> <span class='ocrx_word' id='word_1_295' title='bbox 3636 1982 3805 2038; x_wconf 65' lang='lat' dir='ltr'><strong>alisa-</strong></span> 
     </span>
    </p>
   </div>
   <div class='ocr_carea' id='block_1_20' title="bbox 543 2079 2147 2154">
    <p class='ocr_par' dir='ltr' id='par_1_20' title="bbox 543 2079 2147 2154">
     <span class='ocr_line' id='line_1_20' title="bbox 543 2079 2147 2154; baseline -0.003 -16"><span class='ocrx_word' id='word_1_296' title='bbox 543 2081 831 2154; x_wconf 85' lang='lat' dir='ltr'><strong>juncturas</strong></span> <span class='ocrx_word' id='word_1_297' title='bbox 856 2082 1095 2154; x_wconf 82' lang='lat' dir='ltr'><strong>lapidum</strong></span> <span class='ocrx_word' id='word_1_298' title='bbox 1136 2082 1190 2136; x_wconf 92' lang='lat' dir='ltr'><strong>in</strong></span> <span class='ocrx_word' id='word_1_299' title='bbox 1230 2082 1438 2151; x_wconf 87' lang='lat' dir='ltr'><strong>pariete</strong></span> <span class='ocrx_word' id='word_1_300' title='bbox 1475 2080 1562 2136; x_wconf 88' lang='lat' dir='ltr'><strong>vel</strong></span> <span class='ocrx_word' id='word_1_301' title='bbox 1608 2079 1936 2136; x_wconf 88' lang='lat' dir='ltr'><strong>adminicula</strong></span> <span class='ocrx_word' id='word_1_302' title='bbox 1979 2079 2147 2150; x_wconf 87' lang='lat' dir='ltr'><strong>ligno-</strong></span> 
     </span>
    </p>
   </div>
   <div class='ocr_carea' id='block_1_21' title="bbox 548 2173 2146 2247">
    <p class='ocr_par' dir='ltr' id='par_1_21' title="bbox 548 2173 2146 2247">
     <span class='ocr_line' id='line_1_21' title="bbox 548 2173 2146 2247; baseline -0.003 -15"><span class='ocrx_word' id='word_1_303' title='bbox 548 2191 694 2242; x_wconf 82' lang='lat' dir='ltr'><strong>rum,</strong></span> <span class='ocrx_word' id='word_1_304' title='bbox 721 2176 919 2247; x_wconf 89' lang='lat' dir='ltr'><strong>quibus</strong></span> <span class='ocrx_word' id='word_1_305' title='bbox 939 2176 1176 2247; x_wconf 85' lang='lat' dir='ltr'><strong>parietes</strong></span> <span class='ocrx_word' id='word_1_306' title='bbox 1196 2176 1540 2230; x_wconf 83' lang='lat' dir='ltr'><strong>roborantur.</strong></span> <span class='ocrx_word' id='word_1_307' title='bbox 1574 2173 1795 2229; x_wconf 84' lang='lat' dir='ltr'><strong>Necnon</strong></span> <span class='ocrx_word' id='word_1_308' title='bbox 1824 2174 1975 2239; x_wconf 90' lang='lat' dir='ltr'><strong>illud,</strong></span> <span class='ocrx_word' id='word_1_309' title='bbox 2001 2173 2146 2242; x_wconf 89' lang='lat' dir='ltr'><strong>quod</strong></span> 
     </span>
    </p>
   </div>
   <div class='ocr_carea' id='block_1_22' title="bbox 548 2260 2146 2341">
    <p class='ocr_par' dir='ltr' id='par_1_22' title="bbox 548 2260 2146 2341">
     <span class='ocr_line' id='line_1_22' title="bbox 548 2260 2146 2341; baseline -0.004 -15"><span class='ocrx_word' id='word_1_310' title='bbox 548 2284 715 2339; x_wconf 84' lang='lat' dir='ltr'><strong>supra</strong></span> <span class='ocrx_word' id='word_1_311' title='bbox 756 2260 1014 2341; x_wconf 86' lang='lat' dir='ltr'><strong>legimus,</strong></span> <span class='ocrx_word' id='word_1_312' title='bbox 1054 2268 1169 2337; x_wconf 89' lang='lat' dir='ltr'><strong>ipse</strong></span> <span class='ocrx_word' id='word_1_313' title='bbox 1210 2267 1515 2321; x_wconf 80' lang='lat' dir='ltr'><strong>aediﬁcabat</strong></span> <span class='ocrx_word' id='word_1_314' title='bbox 1557 2266 1644 2320; x_wconf 88' lang='lat' dir='ltr'><strong>vcl</strong></span> <span class='ocrx_word' id='word_1_315' title='bbox 1688 2265 1922 2320; x_wconf 66' lang='lat' dir='ltr'><strong>aediﬁcat</strong></span> <span class='ocrx_word' id='word_1_316' title='bbox 1965 2264 2146 2334; x_wconf 89' lang='lat' dir='ltr'><strong>parie-</strong></span> 
     </span>
    </p>
   </div>
   <div class='ocr_carea' id='block_1_23' title="bbox 550 2344 2144 2430">
    <p class='ocr_par' dir='ltr' id='par_1_23' title="bbox 550 2344 2144 2430">
     <span class='ocr_line' id='line_1_23' title="bbox 550 2344 2144 2430; baseline -0.003 -14"><span class='ocrx_word' id='word_1_317' title='bbox 550 2367 683 2426; x_wconf 84' lang='lat' dir='ltr'><strong>tem,</strong></span> <span class='ocrx_word' id='word_1_318' title='bbox 703 2359 947 2430; x_wconf 87' lang='lat' dir='ltr'><strong>plerique</strong></span> <span class='ocrx_word' id='word_1_319' title='bbox 969 2359 1036 2413; x_wconf 89' lang='lat' dir='ltr'><strong>ad</strong></span> <span class='ocrx_word' id='word_1_320' title='bbox 1065 2358 1320 2429; x_wconf 85' lang='lat' dir='ltr'><strong>pepulum</strong></span> <span class='ocrx_word' id='word_1_321' title='bbox 1349 2357 1592 2411; x_wconf 87' lang='lat' dir='ltr'><strong>referunt</strong></span> <span class='ocrx_word' id='word_1_322' title='bbox 1609 2356 1798 2421; x_wconf 89' lang='lat' dir='ltr'><strong>Israel,</strong></span> <span class='ocrx_word' id='word_1_323' title='bbox 1826 2356 1919 2425; x_wconf 89' lang='lat' dir='ltr'><strong>qui</strong></span> <span class='ocrx_word' id='word_1_324' title='bbox 1944 2344 2144 2412; x_wconf 78' lang='lat' dir='ltr'><strong>vanum</strong></span> 
     </span>
    </p>
   </div>
   <div class='ocr_carea' id='block_1_24' title="bbox 548 2447 2143 2520">
    <p class='ocr_par' dir='ltr' id='par_1_24' title="bbox 548 2447 2143 2520">
     <span class='ocr_line' id='line_1_24' title="bbox 548 2447 2143 2520; baseline 0 -14"><span class='ocrx_word' id='word_1_325' title='bbox 548 2451 650 2507; x_wconf 86' lang='lat' dir='ltr'><strong>sibi</strong></span> <span class='ocrx_word' id='word_1_326' title='bbox 690 2448 779 2506; x_wconf 89' lang='lat' dir='ltr'><strong>vel</strong></span> <span class='ocrx_word' id='word_1_327' title='bbox 817 2447 1231 2520; x_wconf 61' lang='lat' dir='ltr'><strong>Egyptiorum,</strong></span> <span class='ocrx_word' id='word_1_328' title='bbox 1288 2449 1374 2503; x_wconf 88' lang='lat' dir='ltr'><strong>vel</strong></span> <span class='ocrx_word' id='word_1_329' title='bbox 1414 2449 1565 2518; x_wconf 88' lang='lat' dir='ltr'><strong>pacis</strong></span> <span class='ocrx_word' id='word_1_330' title='bbox 1611 2448 1872 2505; x_wconf 81' lang='lat' dir='ltr'><strong>auxilium</strong></span> <span class='ocrx_word' id='word_1_331' title='bbox 1918 2450 2143 2520; x_wconf 86' lang='lat' dir='ltr'><strong>promit-</strong></span> 
     </span>
    </p>
   </div>
   <div class='ocr_carea' id='block_1_25' title="bbox 549 2540 2125 2597">
    <p class='ocr_par' dir='ltr' id='par_1_25' title="bbox 549 2540 2125 2597">
     <span class='ocr_line' id='line_1_25' title="bbox 549 2540 2125 2597; baseline 0.001 -1"><span class='ocrx_word' id='word_1_332' title='bbox 549 2540 719 2597; x_wconf 78' lang='lat' dir='ltr'><strong>tebat.</strong></span> <span class='ocrx_word' id='word_1_333' title='bbox 1405 2579 1409 2582; x_wconf 50' lang='grc' dir='ltr'>ν</span> <span class='ocrx_word' id='word_1_334' title='bbox 1522 2564 1523 2567; x_wconf 52' lang='grc' dir='ltr'><strong>η</strong></span> <span class='ocrx_word' id='word_1_335' title='bbox 2120 2554 2125 2561; x_wconf 83' lang='grc'><em>’</em></span> 
     </span>
    </p>
   </div>
   <div class='ocr_carea' id='block_1_26' title="bbox 624 2630 2141 2703">
    <p class='ocr_par' dir='ltr' id='par_1_26' title="bbox 624 2630 2141 2703">
     <span class='ocr_line' id='line_1_26' title="bbox 624 2630 2141 2703; baseline 0.005 -19"><span class='ocrx_word' id='word_1_336' title='bbox 624 2651 643 2684; x_wconf 86' lang='grc' dir='ltr'><strong>ι</strong></span> <span class='ocrx_word' id='word_1_337' title='bbox 683 2630 753 2685; x_wconf 83' lang='grc' dir='ltr'>Ει</span> <span class='ocrx_word' id='word_1_338' title='bbox 784 2640 875 2697; x_wconf 82' lang='grc' dir='ltr'>ιιι,</span> <span class='ocrx_word' id='word_1_339' title='bbox 920 2630 998 2685; x_wconf 87' lang='lat' dir='ltr'><strong>ﬁli</strong></span> <span class='ocrx_word' id='word_1_340' title='bbox 1050 2630 1316 2699; x_wconf 87' lang='lat' dir='ltr'><strong>hominis,</strong></span> <span class='ocrx_word' id='word_1_341' title='bbox 1354 2647 1496 2703; x_wconf 91' lang='lat' dir='ltr'><strong>pone</strong></span> <span class='ocrx_word' id='word_1_342' title='bbox 1529 2631 1724 2689; x_wconf 86' lang='lat' dir='ltr'><strong>faciem</strong></span> <span class='ocrx_word' id='word_1_343' title='bbox 1766 2642 1915 2690; x_wconf 89' lang='lat' dir='ltr'><strong>tuam</strong></span> <span class='ocrx_word' id='word_1_344' title='bbox 1952 2644 2141 2692; x_wconf 91' lang='lat' dir='ltr'><strong>contra</strong></span> 
     </span>
    </p>
   </div>
   <div class='ocr_carea' id='block_1_27' title="bbox 550 2721 2140 2795">
    <p class='ocr_par' dir='ltr' id='par_1_27' title="bbox 550 2721 2140 2795">
     <span class='ocr_line' id='line_1_27' title="bbox 550 2721 2140 2795; baseline 0.006 -21"><span class='ocrx_word' id='word_1_345' title='bbox 550 2743 570 2774; x_wconf 78' lang='grc' dir='ltr'><strong>ι</strong></span> <span class='ocrx_word' id='word_1_346' title='bbox 606 2722 747 2779; x_wconf 78' lang='lat' dir='ltr'><strong>tilias</strong></span> <span class='ocrx_word' id='word_1_347' title='bbox 771 2721 952 2793; x_wconf 87' lang='lat' dir='ltr'><strong>populi</strong></span> <span class='ocrx_word' id='word_1_348' title='bbox 968 2722 1068 2789; x_wconf 90' lang='lat' dir='ltr'><strong>tui,</strong></span> <span class='ocrx_word' id='word_1_349' title='bbox 1084 2737 1205 2792; x_wconf 74' lang='lat' dir='ltr'><strong>qua:</strong></span> <span class='ocrx_word' id='word_1_350' title='bbox 1220 2726 1545 2795; x_wconf 90' lang='lat' dir='ltr'><strong>prophetant</strong></span> <span class='ocrx_word' id='word_1_351' title='bbox 1565 2725 1633 2779; x_wconf 91' lang='lat' dir='ltr'><strong>de</strong></span> <span class='ocrx_word' id='word_1_352' title='bbox 1650 2725 1814 2781; x_wconf 88' lang='lat' dir='ltr'><strong>corde</strong></span> <span class='ocrx_word' id='word_1_353' title='bbox 1837 2741 1955 2792; x_wconf 91' lang='lat' dir='ltr'><strong>suo,</strong></span> <span class='ocrx_word' id='word_1_354' title='bbox 1981 2735 2037 2782; x_wconf 88' lang='lat' dir='ltr'><strong>et</strong></span> <span class='ocrx_word' id='word_1_355' title='bbox 2054 2744 2140 2784; x_wconf 87' lang='lat' dir='ltr'><strong>va-</strong></span> 
     </span>
    </p>
   </div>
   <div class='ocr_carea' id='block_1_28' title="bbox 549 2807 3801 2886">
    <p class='ocr_par' dir='ltr' id='par_1_28' title="bbox 549 2807 3801 2886">
     <span class='ocr_line' id='line_1_28' title="bbox 549 2807 3801 2886; baseline 0.002 -17"><span class='ocrx_word' id='word_1_356' title='bbox 549 2834 568 2867; x_wconf 81' lang='grc' dir='ltr'><strong>ι</strong></span> <span class='ocrx_word' id='word_1_357' title='bbox 608 2815 834 2870; x_wconf 87' lang='lat' dir='ltr'><strong>ticiuare</strong></span> <span class='ocrx_word' id='word_1_358' title='bbox 855 2831 1018 2886; x_wconf 86' lang='lat' dir='ltr'><strong>super</strong></span> <span class='ocrx_word' id='word_1_359' title='bbox 1036 2829 1149 2882; x_wconf 90' lang='lat' dir='ltr'><strong>cas,</strong></span> <span class='ocrx_word' id='word_1_360' title='bbox 1166 2816 1318 2872; x_wconf 89' lang='lat' dir='ltr'><strong>etdic</strong></span> <span class='ocrx_word' id='word_1_361' title='bbox 1337 2833 1350 2869; x_wconf 91' lang='lat'><strong>:</strong></span> <span class='ocrx_word' id='word_1_362' title='bbox 1370 2815 1498 2871; x_wconf 67' lang='lat' dir='ltr'><strong>Haac</strong></span> <span class='ocrx_word' id='word_1_363' title='bbox 1519 2817 1651 2872; x_wconf 87' lang='lat' dir='ltr'><strong>dicit</strong></span> <span class='ocrx_word' id='word_1_364' title='bbox 1672 2818 1933 2877; x_wconf 86' lang='lat' dir='ltr'><strong>Dominus</strong></span> <span class='ocrx_word' id='word_1_365' title='bbox 1953 2819 2133 2876; x_wconf 89' lang='lat' dir='ltr'><strong>Deus:</strong></span> <span class='ocrx_word' id='word_1_366' title='bbox 2243 2823 2399 2865; x_wconf 68' lang='lat' dir='ltr'><strong>suam</strong></span> <span class='ocrx_word' id='word_1_367' title='bbox 2433 2817 2622 2865; x_wconf 68' lang='grc' dir='ltr'><strong>οοηῐΐει</strong></span> <span class='ocrx_word' id='word_1_368' title='bbox 2656 2809 2796 2865; x_wconf 68' lang='lat' dir='ltr'><strong>ﬁlias</strong></span> <span class='ocrx_word' id='word_1_369' title='bbox 2822 2809 3138 2881; x_wconf 77' lang='grc' dir='ltr'><strong>ρορμιί.ευί-</strong></span> <span class='ocrx_word' id='word_1_370' title='bbox 3173 2809 3548 2880; x_wconf 79' lang='lat' dir='ltr'><strong>Primumque</strong></span> <span class='ocrx_word' id='word_1_371' title='bbox 3575 2807 3801 2866; x_wconf 60' lang='lat' dir='ltr'><strong>dicendi</strong></span> 
     </span>
    </p>
   </div>
   <div class='ocr_carea' id='block_1_29' title="bbox 548 2898 2129 2980">
    <p class='ocr_par' dir='ltr' id='par_1_29' title="bbox 548 2898 2129 2980">
     <span class='ocr_line' id='line_1_29' title="bbox 548 2898 2129 2980; baseline 0.007 -22"><span class='ocrx_word' id='word_1_372' title='bbox 548 2925 569 2958; x_wconf 77' lang='grc' dir='ltr'><strong>ι</strong></span> <span class='ocrx_word' id='word_1_373' title='bbox 610 2905 703 2964; x_wconf 69' lang='lat' dir='ltr'><strong>Vm</strong></span> <span class='ocrx_word' id='word_1_374' title='bbox 742 2907 861 2974; x_wconf 90' lang='lat' dir='ltr'><strong>his,</strong></span> <span class='ocrx_word' id='word_1_375' title='bbox 894 2908 987 2978; x_wconf 90' lang='lat' dir='ltr'><strong>qui</strong></span> <span class='ocrx_word' id='word_1_376' title='bbox 1026 2917 1298 2963; x_wconf 90' lang='lat' dir='ltr'><strong>consuunt</strong></span> <span class='ocrx_word' id='word_1_377' title='bbox 1333 2907 1588 2980; x_wconf 89' lang='lat' dir='ltr'><strong>pulvillos</strong></span> <span class='ocrx_word' id='word_1_378' title='bbox 1629 2898 1915 2966; x_wconf 33' lang='lat' dir='ltr'><strong>sub&#39;omni</strong></span> <span class='ocrx_word' id='word_1_379' title='bbox 1953 2912 2129 2969; x_wconf 88' lang='lat' dir='ltr'><strong>cubitu</strong></span> 
     </span>
    </p>
   </div>
   <div class='ocr_carea' id='block_1_30' title="bbox 2229 2898 3808 2980">
    <p class='ocr_par' dir='ltr' id='par_1_30' title="bbox 2242 2899 3808 2971">
     <span class='ocr_line' id='line_1_30' title="bbox 2242 2899 3808 2971; baseline 0.002 -17"><span class='ocrx_word' id='word_1_380' title='bbox 2242 2900 2372 2970; x_wconf 89' lang='lat' dir='ltr'><strong>quid</strong></span> <span class='ocrx_word' id='word_1_381' title='bbox 2401 2899 2503 2957; x_wconf 87' lang='lat' dir='ltr'><strong>sibi</strong></span> <span class='ocrx_word' id='word_1_382' title='bbox 2536 2900 2668 2956; x_wconf 87' lang='lat' dir='ltr'><strong>velit</strong></span> <span class='ocrx_word' id='word_1_383' title='bbox 2688 2901 2866 2971; x_wconf 90' lang='lat' dir='ltr'><strong>posita</strong></span> <span class='ocrx_word' id='word_1_384' title='bbox 2888 2900 3059 2959; x_wconf 83' lang='lat' dir='ltr'><strong>facies</strong></span> <span class='ocrx_word' id='word_1_385' title='bbox 3089 2901 3206 2957; x_wconf 89' lang='lat' dir='ltr'><strong>sive</strong></span> <span class='ocrx_word' id='word_1_386' title='bbox 3236 2902 3483 2968; x_wconf 87' lang='lat' dir='ltr'><strong>directa,</strong></span> <span class='ocrx_word' id='word_1_387' title='bbox 3517 2911 3574 2957; x_wconf 89' lang='lat' dir='ltr'><strong>et</strong></span> <span class='ocrx_word' id='word_1_388' title='bbox 3603 2902 3808 2957; x_wconf 67' lang='lat' dir='ltr'><strong>obﬁrma-</strong></span> 
     </span>
    </p>
   </div>
   <div class='ocr_carea' id='block_1_31' title="bbox 545 2992 2129 3074">
    <p class='ocr_par' dir='ltr' id='par_1_31' title="bbox 545 2999 2129 3074">
     <span class='ocr_line' id='line_1_31' title="bbox 545 2999 2129 3074; baseline 0.006 -23"><span class='ocrx_word' id='word_1_389' title='bbox 545 3017 569 3051; x_wconf 80' lang='grc' dir='ltr'><strong>ι</strong></span> <span class='ocrx_word' id='word_1_390' title='bbox 602 3015 827 3067; x_wconf 83' lang='lat' dir='ltr'><strong>manus,</strong></span> <span class='ocrx_word' id='word_1_391' title='bbox 864 3007 920 3055; x_wconf 91' lang='lat' dir='ltr'><strong>et</strong></span> <span class='ocrx_word' id='word_1_392' title='bbox 954 2999 1160 3056; x_wconf 92' lang='lat' dir='ltr'><strong>faciunt</strong></span> <span class='ocrx_word' id='word_1_393' title='bbox 1197 3000 1485 3056; x_wconf 87' lang='lat' dir='ltr'><strong>cervicalia</strong></span> <span class='ocrx_word' id='word_1_394' title='bbox 1525 3001 1626 3057; x_wconf 92' lang='lat' dir='ltr'><strong>sub</strong></span> <span class='ocrx_word' id='word_1_395' title='bbox 1662 3004 1841 3074; x_wconf 88' lang='lat' dir='ltr'><strong>capite</strong></span> <span class='ocrx_word' id='word_1_396' title='bbox 1870 3004 2129 3061; x_wconf 71' lang='lat' dir='ltr'><strong>universae</strong></span> 
     </span>
    </p>
   </div>
   <div class='ocr_carea' id='block_1_32' title="bbox 2229 2992 3801 3074">
    <p class='ocr_par' dir='ltr' id='par_1_32' title="bbox 2241 2992 3801 3064">
     <span class='ocr_line' id='line_1_32' title="bbox 2241 2992 3801 3064; baseline -0.01 -6"><span class='ocrx_word' id='word_1_397' title='bbox 2241 3000 2326 3058; x_wconf 69' lang='grc' dir='ltr'><strong>ιθς</strong></span> <span class='ocrx_word' id='word_1_398' title='bbox 2383 3008 2579 3063; x_wconf 82' lang='lat' dir='ltr'><strong>nempe</strong></span> <span class='ocrx_word' id='word_1_399' title='bbox 2628 2992 2783 3060; x_wconf 85' lang='lat' dir='ltr'><strong>illud,</strong></span> <span class='ocrx_word' id='word_1_400' title='bbox 2833 2994 2980 3064; x_wconf 88' lang='lat' dir='ltr'><strong>quod</strong></span> <span class='ocrx_word' id='word_1_401' title='bbox 3034 2995 3100 3049; x_wconf 89' lang='lat' dir='ltr'><strong>de</strong></span> <span class='ocrx_word' id='word_1_402' title='bbox 3155 2993 3801 3064; x_wconf 14' lang='lat' dir='ltr'><strong>Domino‘scriptmat:</strong></span> 
     </span>
    </p>
   </div>
   <div class='ocr_carea' id='block_1_33' title="bbox 542 3079 2129 3167">
    <p class='ocr_par' dir='ltr' id='par_1_33' title="bbox 542 3092 2129 3167">
     <span class='ocr_line' id='line_1_33' title="bbox 542 3092 2129 3167; baseline 0.005 -25"><span class='ocrx_word' id='word_1_403' title='bbox 542 3109 564 3142; x_wconf 82' lang='grc'><strong>‹</strong></span> <span class='ocrx_word' id='word_1_404' title='bbox 601 3092 781 3147; x_wconf 76' lang='lat' dir='ltr'><strong>aetatis</strong></span> <span class='ocrx_word' id='word_1_405' title='bbox 809 3092 878 3147; x_wconf 90' lang='lat' dir='ltr'><strong>ad</strong></span> <span class='ocrx_word' id='word_1_406' title='bbox 904 3092 1199 3162; x_wconf 90' lang='lat' dir='ltr'><strong>capiendas</strong></span> <span class='ocrx_word' id='word_1_407' title='bbox 1229 3093 1458 3147; x_wconf 87' lang='lat' dir='ltr'><strong>animas.</strong></span> <span class='ocrx_word' id='word_1_408' title='bbox 1494 3093 1563 3148; x_wconf 85' lang='lat' dir='ltr'><strong>Et</strong></span> <span class='ocrx_word' id='word_1_409' title='bbox 1589 3109 1714 3167; x_wconf 89' lang='lat' dir='ltr'><strong>cum</strong></span> <span class='ocrx_word' id='word_1_410' title='bbox 1736 3104 1996 3165; x_wconf 88' lang='lat' dir='ltr'><strong>caperent</strong></span> <span class='ocrx_word' id='word_1_411' title='bbox 2017 3097 2129 3151; x_wconf 91' lang='lat' dir='ltr'><strong>ani-</strong></span> 
     </span>
    </p>
   </div>
   <div class='ocr_carea' id='block_1_34' title="bbox 2229 3079 3805 3167">
    <p class='ocr_par' dir='ltr' id='par_1_34' title="bbox 2247 3079 3805 3155">
     <span class='ocr_line' id='line_1_34' title="bbox 2247 3079 3805 3155; baseline 0 -21"><span class='ocrx_word' id='word_1_412' title='bbox 2247 3103 2266 3134; x_wconf 82' lang='grc' dir='ltr'><strong>ι</strong></span> <span class='ocrx_word' id='word_1_413' title='bbox 2300 3083 2493 3140; x_wconf 88' lang='lat' dir='ltr'><strong>Facies</strong></span> <span class='ocrx_word' id='word_1_414' title='bbox 2531 3084 2745 3139; x_wconf 91' lang='lat' dir='ltr'><strong>Domini</strong></span> <span class='ocrx_word' id='word_1_415' title='bbox 2776 3099 2941 3155; x_wconf 89' lang='lat' dir='ltr'><strong>super</strong></span> <span class='ocrx_word' id='word_1_416' title='bbox 2966 3079 3434 3149; x_wconf 54' lang='lat' dir='ltr'><strong>facientoe&#39;mala,</strong></span> <span class='ocrx_word' id='word_1_417' title='bbox 3477 3090 3543 3135; x_wconf 86' lang='grc' dir='ltr'><strong>ιιι</strong></span> <span class='ocrx_word' id='word_1_418' title='bbox 3581 3080 3805 3150; x_wconf 79' lang='lat' dir='ltr'><strong>disperdat</strong></span> 
     </span>
    </p>
   </div>
   <div class='ocr_carea' id='block_1_35' title="bbox 543 3159 2129 3256">
    <p class='ocr_par' dir='ltr' id='par_1_35' title="bbox 543 3181 2129 3256">
     <span class='ocr_line' id='line_1_35' title="bbox 543 3181 2129 3256; baseline 0.006 -19"><span class='ocrx_word' id='word_1_419' title='bbox 543 3202 565 3237; x_wconf 83' lang='grc' dir='ltr'><strong>ι</strong></span> <span class='ocrx_word' id='word_1_420' title='bbox 601 3202 719 3241; x_wconf 81' lang='lat' dir='ltr'><strong>nias</strong></span> <span class='ocrx_word' id='word_1_421' title='bbox 739 3186 922 3256; x_wconf 90' lang='lat' dir='ltr'><strong>populi</strong></span> <span class='ocrx_word' id='word_1_422' title='bbox 948 3189 1071 3248; x_wconf 88' lang='lat' dir='ltr'><strong>mei,</strong></span> <span class='ocrx_word' id='word_1_423' title='bbox 1094 3181 1443 3242; x_wconf 88' lang='lat' dir='ltr'><strong>viviﬁcabant</strong></span> <span class='ocrx_word' id='word_1_424' title='bbox 1463 3188 1674 3244; x_wconf 87' lang='lat' dir='ltr'><strong>animas</strong></span> <span class='ocrx_word' id='word_1_425' title='bbox 1698 3204 1909 3244; x_wconf 89' lang='lat' dir='ltr'><strong>eorum.</strong></span> <span class='ocrx_word' id='word_1_426' title='bbox 1935 3191 2005 3245; x_wconf 90' lang='lat' dir='ltr'><strong>Et</strong></span> <span class='ocrx_word' id='word_1_427' title='bbox 2022 3191 2129 3246; x_wconf 93' lang='lat' dir='ltr'><strong>vio-</strong></span> 
     </span>
    </p>
   </div>
   <div class='ocr_carea' id='block_1_36' title="bbox 2229 3159 3799 3256">
    <p class='ocr_par' dir='ltr' id='par_1_36' title="bbox 2240 3167 3799 3241">
     <span class='ocr_line' id='line_1_36' title="bbox 2240 3167 3799 3241; baseline -0.003 -12"><span class='ocrx_word' id='word_1_428' title='bbox 2240 3173 2309 3229; x_wconf 90' lang='lat' dir='ltr'><strong>de</strong></span> <span class='ocrx_word' id='word_1_429' title='bbox 2348 3176 2848 3229; x_wconf 77' lang='lat' dir='ltr'><strong>terramemo‘rtam</strong></span> <span class='ocrx_word' id='word_1_430' title='bbox 2878 3186 3069 3227; x_wconf 88' lang='lat' dir='ltr'><strong>eorum</strong></span> <span class='ocrx_word' id='word_1_431' title='bbox 3094 3167 3268 3240; x_wconf 80' lang='lat' dir='ltr'><strong>(Psal.</strong></span> <span class='ocrx_word' id='word_1_432' title='bbox 3301 3170 3541 3241; x_wconf 71' lang='lat' dir='ltr'><strong>xum).</strong></span> <span class='ocrx_word' id='word_1_433' title='bbox 3570 3190 3592 3224; x_wconf 71' lang='grc' dir='ltr'><strong>ι</strong></span> <span class='ocrx_word' id='word_1_434' title='bbox 3632 3189 3650 3222; x_wconf 80' lang='grc' dir='ltr'><strong>ι</strong></span> <span class='ocrx_word' id='word_1_435' title='bbox 3684 3170 3799 3225; x_wconf 74' lang='lat' dir='ltr'><strong>Sicut</strong></span> 
     </span>
    </p>
   </div>
   <div class='ocr_carea' id='block_1_37' title="bbox 542 3261 2129 3352">
    <p class='ocr_par' dir='ltr' id='par_1_37' title="bbox 542 3276 2129 3352">
     <span class='ocr_line' id='line_1_37' title="bbox 542 3276 2129 3352; baseline 0.005 -23"><span class='ocrx_word' id='word_1_436' title='bbox 542 3294 564 3329; x_wconf 78' lang='grc' dir='ltr'><strong>ι</strong></span> <span class='ocrx_word' id='word_1_437' title='bbox 599 3276 789 3333; x_wconf 82' lang='lat' dir='ltr'><strong>labant</strong></span> <span class='ocrx_word' id='word_1_438' title='bbox 834 3293 922 3331; x_wconf 86' lang='lat' dir='ltr'><strong>me</strong></span> <span class='ocrx_word' id='word_1_439' title='bbox 965 3278 1033 3332; x_wconf 92' lang='lat' dir='ltr'><strong>ad</strong></span> <span class='ocrx_word' id='word_1_440' title='bbox 1078 3277 1332 3347; x_wconf 87' lang='lat' dir='ltr'><strong>populum</strong></span> <span class='ocrx_word' id='word_1_441' title='bbox 1378 3293 1559 3333; x_wconf 90' lang='lat' dir='ltr'><strong>meum</strong></span> <span class='ocrx_word' id='word_1_442' title='bbox 1602 3286 1824 3349; x_wconf 84' lang='lat' dir='ltr'><strong>propter</strong></span> <span class='ocrx_word' id='word_1_443' title='bbox 1869 3281 2129 3352; x_wconf 88' lang='lat' dir='ltr'><strong>pugillum</strong></span> 
     </span>
    </p>
   </div>
   <div class='ocr_carea' id='block_1_38' title="bbox 2229 3261 3802 3352">
    <p class='ocr_par' dir='ltr' id='par_1_38' title="bbox 2237 3261 3802 3334">
     <span class='ocr_line' id='line_1_38' title="bbox 2237 3261 3802 3334; baseline -0.001 -15"><span class='ocrx_word' id='word_1_444' title='bbox 2237 3264 2383 3320; x_wconf 87' lang='lat' dir='ltr'><strong>enim</strong></span> <span class='ocrx_word' id='word_1_445' title='bbox 2410 3263 2661 3334; x_wconf 89' lang='lat' dir='ltr'><strong>liquescit</strong></span> <span class='ocrx_word' id='word_1_446' title='bbox 2687 3278 2811 3318; x_wconf 89' lang='lat' dir='ltr'><strong>cera</strong></span> <span class='ocrx_word' id='word_1_447' title='bbox 2843 3278 2877 3317; x_wconf 91' lang='lat' dir='ltr'><strong>a</strong></span> <span class='ocrx_word' id='word_1_448' title='bbox 2903 3261 3042 3318; x_wconf 89' lang='lat' dir='ltr'><strong>facie</strong></span> <span class='ocrx_word' id='word_1_449' title='bbox 3066 3261 3233 3334; x_wconf 89' lang='lat' dir='ltr'><strong>ignis,</strong></span> <span class='ocrx_word' id='word_1_450' title='bbox 3262 3262 3345 3317; x_wconf 89' lang='lat' dir='ltr'><strong>sic</strong></span> <span class='ocrx_word' id='word_1_451' title='bbox 3392 3270 3635 3334; x_wconf 86' lang='lat' dir='ltr'><strong>pereunt</strong></span> <span class='ocrx_word' id='word_1_452' title='bbox 3656 3277 3802 3332; x_wconf 70' lang='lat' dir='ltr'><strong>pecu»</strong></span> 
     </span>
    </p>
   </div>
   <div class='ocr_carea' id='block_1_39' title="bbox 2250 2072 3804 2149">
    <p class='ocr_par' dir='ltr' id='par_1_39' title="bbox 2250 2072 3804 2149">
     <span class='ocr_line' id='line_1_39' title="bbox 2250 2072 3804 2149; baseline 0.001 -19"><span class='ocrx_word' id='word_1_453' title='bbox 2250 2076 2346 2132; x_wconf 93' lang='lat' dir='ltr'><strong>tio.</strong></span> <span class='ocrx_word' id='word_1_454' title='bbox 2390 2096 2409 2129; x_wconf 86' lang='grc'><strong><em>‹</em></strong></span> <span class='ocrx_word' id='word_1_455' title='bbox 2447 2076 2563 2133; x_wconf 85' lang='lat' dir='ltr'><strong>Nisi</strong></span> <span class='ocrx_word' id='word_1_456' title='bbox 2612 2077 2760 2133; x_wconf 91' lang='lat' dir='ltr'><strong>enim</strong></span> <span class='ocrx_word' id='word_1_457' title='bbox 2807 2072 3089 2149; x_wconf 55' lang='lat' dir='ltr'><strong>Dominus&quot;</strong></span> <span class='ocrx_word' id='word_1_458' title='bbox 3115 2077 3488 2133; x_wconf 68' lang='lat' dir='ltr'><strong>aediﬁcaverit</strong></span> <span class='ocrx_word' id='word_1_459' title='bbox 3533 2076 3804 2143; x_wconf 51' lang='lat' dir='ltr'><strong>domum!</strong></span> 
     </span>
    </p>
   </div>
   <div class='ocr_carea' id='block_1_40' title="bbox 2247 2164 3801 2238">
    <p class='ocr_par' dir='ltr' id='par_1_40' title="bbox 2247 2164 3801 2238">
     <span class='ocr_line' id='line_1_40' title="bbox 2247 2164 3801 2238; baseline -0.003 -16"><span class='ocrx_word' id='word_1_460' title='bbox 2247 2182 2447 2223; x_wconf 86' lang='lat' dir='ltr'><strong>vanum</strong></span> <span class='ocrx_word' id='word_1_461' title='bbox 2505 2167 2918 2235; x_wconf 89' lang='lat' dir='ltr'><strong>laboraverunt,</strong></span> <span class='ocrx_word' id='word_1_462' title='bbox 2984 2167 3078 2238; x_wconf 92' lang='lat' dir='ltr'><strong>qui</strong></span> <span class='ocrx_word' id='word_1_463' title='bbox 3137 2167 3422 2224; x_wconf 70' lang='lat' dir='ltr'><strong>aediﬁcant</strong></span> <span class='ocrx_word' id='word_1_464' title='bbox 3499 2183 3624 2223; x_wconf 86' lang='lat' dir='ltr'><strong>eam</strong></span> <span class='ocrx_word' id='word_1_465' title='bbox 3685 2164 3801 2233; x_wconf 61' lang='lat' dir='ltr'><strong>(Pd.</strong></span> 
     </span>
    </p>
   </div>
   <div class='ocr_carea' id='block_1_41' title="bbox 2248 2259 3802 2333">
    <p class='ocr_par' dir='ltr' id='par_1_41' title="bbox 2248 2259 3802 2333">
     <span class='ocr_line' id='line_1_41' title="bbox 2248 2259 3802 2333; baseline 0 -18"><span class='ocrx_word' id='word_1_466' title='bbox 2248 2262 2452 2332; x_wconf 76' lang='lat' dir='ltr'><strong>cxxvl).</strong></span> <span class='ocrx_word' id='word_1_467' title='bbox 2493 2279 2511 2312; x_wconf 77' lang='grc' dir='ltr'><strong>ι</strong></span> <span class='ocrx_word' id='word_1_468' title='bbox 2553 2260 2659 2316; x_wconf 87' lang='lat' dir='ltr'><strong>Alii</strong></span> <span class='ocrx_word' id='word_1_469' title='bbox 2686 2269 2868 2316; x_wconf 87' lang='lat' dir='ltr'><strong>autem</strong></span> <span class='ocrx_word' id='word_1_470' title='bbox 2916 2260 3261 2333; x_wconf 83' lang='lat' dir='ltr'><strong>voluptatum</strong></span> <span class='ocrx_word' id='word_1_471' title='bbox 3284 2259 3802 2331; x_wconf 70' lang='lat' dir='ltr'><strong>libidinisqu</strong></span> 
     </span>
    </p>
   </div>
   <div class='ocr_carea' id='block_1_42' title="bbox 2247 2350 3800 2424">
    <p class='ocr_par' dir='ltr' id='par_1_42' title="bbox 2247 2350 3800 2424">
     <span class='ocr_line' id='line_1_42' title="bbox 2247 2350 3800 2424; baseline -0.001 -18"><span class='ocrx_word' id='word_1_472' title='bbox 2247 2367 2337 2406; x_wconf 90' lang='lat' dir='ltr'><strong>res</strong></span> <span class='ocrx_word' id='word_1_473' title='bbox 2363 2352 2617 2407; x_wconf 89' lang='lat' dir='ltr'><strong>dicuntur</strong></span> <span class='ocrx_word' id='word_1_474' title='bbox 2661 2368 2925 2410; x_wconf 87' lang='lat' dir='ltr'><strong>censuere</strong></span> <span class='ocrx_word' id='word_1_475' title='bbox 2970 2352 3222 2424; x_wconf 87' lang='lat' dir='ltr'><strong>pulvillos</strong></span> <span class='ocrx_word' id='word_1_476' title='bbox 3254 2361 3311 2408; x_wconf 91' lang='lat' dir='ltr'><strong>et</strong></span> <span class='ocrx_word' id='word_1_477' title='bbox 3340 2367 3570 2423; x_wconf 85' lang='lat' dir='ltr'><strong>ponere</strong></span> <span class='ocrx_word' id='word_1_478' title='bbox 3592 2352 3683 2407; x_wconf 82' lang='lat' dir='ltr'><strong>sub</strong></span> <span class='ocrx_word' id='word_1_479' title='bbox 3702 2350 3800 2405; x_wconf 66' lang='lat' dir='ltr'><strong>mi</strong></span> 
     </span>
    </p>
   </div>
   <div class='ocr_carea' id='block_1_43' title="bbox 2246 2441 3801 2515">
    <p class='ocr_par' dir='ltr' id='par_1_43' title="bbox 2246 2441 3801 2515">
     <span class='ocr_line' id='line_1_43' title="bbox 2246 2441 3801 2515; baseline -0.001 -18"><span class='ocrx_word' id='word_1_480' title='bbox 2246 2442 2433 2498; x_wconf 91' lang='lat' dir='ltr'><strong>cubitu</strong></span> <span class='ocrx_word' id='word_1_481' title='bbox 2476 2459 2686 2508; x_wconf 89' lang='lat' dir='ltr'><strong>manus,</strong></span> <span class='ocrx_word' id='word_1_482' title='bbox 2718 2444 2971 2515; x_wconf 85' lang='lat' dir='ltr'><strong>Epicurei</strong></span> <span class='ocrx_word' id='word_1_483' title='bbox 3021 2452 3079 2499; x_wconf 90' lang='lat' dir='ltr'><strong>et</strong></span> <span class='ocrx_word' id='word_1_484' title='bbox 3106 2443 3445 2515; x_wconf 86' lang='lat' dir='ltr'><strong>Pyrrhonii,</strong></span> <span class='ocrx_word' id='word_1_485' title='bbox 3489 2451 3553 2498; x_wconf 89' lang='lat' dir='ltr'><strong>et</strong></span> <span class='ocrx_word' id='word_1_486' title='bbox 3579 2441 3702 2513; x_wconf 73' lang='lat' dir='ltr'><strong>apud</strong></span> <span class='ocrx_word' id='word_1_487' title='bbox 3738 2454 3801 2495; x_wconf 76' lang='lat' dir='ltr'><strong>lat</strong></span> 
     </span>
    </p>
   </div>
   <div class='ocr_carea' id='block_1_44' title="bbox 2244 2531 3800 2606">
    <p class='ocr_par' dir='ltr' id='par_1_44' title="bbox 2244 2531 3800 2606">
     <span class='ocr_line' id='line_1_44' title="bbox 2244 2531 3800 2606; baseline -0.001 -18"><span class='ocrx_word' id='word_1_488' title='bbox 2244 2531 2562 2591; x_wconf 85' lang='lat' dir='ltr'><strong>Jovinianus</strong></span> <span class='ocrx_word' id='word_1_489' title='bbox 2588 2544 2642 2593; x_wconf 91' lang='lat' dir='ltr'><strong>et</strong></span> <span class='ocrx_word' id='word_1_490' title='bbox 2669 2536 2983 2602; x_wconf 89' lang='lat' dir='ltr'><strong>Eunomius,</strong></span> <span class='ocrx_word' id='word_1_491' title='bbox 3011 2536 3106 2606; x_wconf 88' lang='lat' dir='ltr'><strong>qui</strong></span> <span class='ocrx_word' id='word_1_492' title='bbox 3129 2535 3319 2592; x_wconf 89' lang='lat' dir='ltr'><strong>dicunt</strong></span> <span class='ocrx_word' id='word_1_493' title='bbox 3351 2554 3367 2589; x_wconf 76' lang='grc' dir='ltr'><em>τ</em></span> <span class='ocrx_word' id='word_1_494' title='bbox 3408 2555 3430 2587; x_wconf 84' lang='grc'><strong>‹</strong></span> <span class='ocrx_word' id='word_1_495' title='bbox 3474 2534 3800 2591; x_wconf 65' lang='lat' dir='ltr'><strong>landum</strong></span> 
     </span>
    </p>
   </div>
   <div class='ocr_carea' id='block_1_45' title="bbox 2245 2622 3799 2700">
    <p class='ocr_par' dir='ltr' id='par_1_45' title="bbox 2245 2622 3799 2700">
     <span class='ocr_line' id='line_1_45' title="bbox 2245 2622 3799 2700; baseline -0.002 -19"><span class='ocrx_word' id='word_1_496' title='bbox 2245 2634 2301 2681; x_wconf 89' lang='lat' dir='ltr'><strong>et</strong></span> <span class='ocrx_word' id='word_1_497' title='bbox 2333 2626 2605 2690; x_wconf 81' lang='lat' dir='ltr'><strong>bibamus.</strong></span> <span class='ocrx_word' id='word_1_498' title='bbox 2636 2643 2763 2683; x_wconf 90' lang='lat' dir='ltr'><strong>cras</strong></span> <span class='ocrx_word' id='word_1_499' title='bbox 2802 2628 2952 2684; x_wconf 89' lang='lat' dir='ltr'><strong>enim</strong></span> <span class='ocrx_word' id='word_1_500' title='bbox 2980 2628 3285 2684; x_wconf 88' lang='lat' dir='ltr'><strong>moriemur</strong></span> <span class='ocrx_word' id='word_1_501' title='bbox 3314 2627 3471 2700; x_wconf 77' lang='lat' dir='ltr'><strong>(Isa.</strong></span> <span class='ocrx_word' id='word_1_502' title='bbox 3512 2630 3669 2698; x_wconf 79' lang='lat' dir='ltr'><strong>nu).</strong></span> <span class='ocrx_word' id='word_1_503' title='bbox 3700 2622 3799 2679; x_wconf 71' lang='grc' dir='ltr'>»ιι-</span> 
     </span>
    </p>
   </div>
   <div class='ocr_carea' id='block_1_46' title="bbox 2242 2715 3801 2790">
    <p class='ocr_par' dir='ltr' id='par_1_46' title="bbox 2242 2715 3801 2790">
     <span class='ocr_line' id='line_1_46' title="bbox 2242 2715 3801 2790; baseline 0 -18"><span class='ocrx_word' id='word_1_504' title='bbox 2242 2715 2402 2772; x_wconf 88' lang='lat' dir='ltr'><strong>betur</strong></span> <span class='ocrx_word' id='word_1_505' title='bbox 2448 2733 2578 2789; x_wconf 88' lang='lat' dir='ltr'><strong>ergo</strong></span> <span class='ocrx_word' id='word_1_506' title='bbox 2628 2719 2893 2790; x_wconf 88' lang='lat' dir='ltr'><strong>propheta</strong></span> <span class='ocrx_word' id='word_1_507' title='bbox 2922 2733 3129 2789; x_wconf 91' lang='lat' dir='ltr'><strong>ponere</strong></span> <span class='ocrx_word' id='word_1_508' title='bbox 3170 2718 3288 2774; x_wconf 86' lang='lat' dir='ltr'><strong>sive</strong></span> <span class='ocrx_word' id='word_1_509' title='bbox 3326 2718 3640 2775; x_wconf 84' lang='lat' dir='ltr'><strong>obﬁrmare</strong></span> <span class='ocrx_word' id='word_1_510' title='bbox 3660 2716 3801 2772; x_wconf 55' lang='lat' dir='ltr'><strong>facta</strong></span> 
     </span>
    </p>
   </div>
   <div class='ocr_carea' id='block_1_47' title="bbox 544 3352 2129 3440">
    <p class='ocr_par' dir='ltr' id='par_1_47' title="bbox 544 3363 2129 3440">
     <span class='ocr_line' id='line_1_47' title="bbox 544 3363 2129 3440; baseline 0.004 -17"><span class='ocrx_word' id='word_1_511' title='bbox 544 3388 567 3423; x_wconf 84' lang='grc' dir='ltr'><strong>ι</strong></span> <span class='ocrx_word' id='word_1_512' title='bbox 601 3368 791 3426; x_wconf 86' lang='lat' dir='ltr'><strong>hordei</strong></span> <span class='ocrx_word' id='word_1_513' title='bbox 819 3379 876 3425; x_wconf 92' lang='lat' dir='ltr'><strong>et</strong></span> <span class='ocrx_word' id='word_1_514' title='bbox 908 3369 1272 3440; x_wconf 84' lang='lat' dir='ltr'><strong>fragmentum</strong></span> <span class='ocrx_word' id='word_1_515' title='bbox 1298 3363 1495 3439; x_wconf 83' lang='lat' dir='ltr'><strong>panis,</strong></span> <span class='ocrx_word' id='word_1_516' title='bbox 1519 3380 1580 3425; x_wconf 91' lang='lat' dir='ltr'><strong>ut</strong></span> <span class='ocrx_word' id='word_1_517' title='bbox 1616 3372 1988 3428; x_wconf 83' lang='lat' dir='ltr'><strong>interﬁcerent</strong></span> <span class='ocrx_word' id='word_1_518' title='bbox 2017 3375 2129 3429; x_wconf 90' lang='lat' dir='ltr'><strong>ani-</strong></span> 
     </span>
    </p>
   </div>
   <div class='ocr_carea' id='block_1_48' title="bbox 2229 3352 3801 3440">
    <p class='ocr_par' dir='ltr' id='par_1_48' title="bbox 2238 3352 3801 3427">
     <span class='ocr_line' id='line_1_48' title="bbox 2238 3352 3801 3427; baseline -0.002 -17"><span class='ocrx_word' id='word_1_519' title='bbox 2238 3364 2384 3410; x_wconf 89' lang='lat' dir='ltr'><strong>tores</strong></span> <span class='ocrx_word' id='word_1_520' title='bbox 2438 3369 2469 3408; x_wconf 91' lang='lat' dir='ltr'><strong>a</strong></span> <span class='ocrx_word' id='word_1_521' title='bbox 2513 3352 2654 3409; x_wconf 88' lang='lat' dir='ltr'><strong>facie</strong></span> <span class='ocrx_word' id='word_1_522' title='bbox 2709 3353 2807 3409; x_wconf 88' lang='lat' dir='ltr'><strong>Dei</strong></span> <span class='ocrx_word' id='word_1_523' title='bbox 2858 3352 3032 3424; x_wconf 68' lang='lat' dir='ltr'><strong>(Paul.</strong></span> <span class='ocrx_word' id='word_1_524' title='bbox 3098 3352 3296 3427; x_wconf 76' lang='lat' dir='ltr'><strong>um).</strong></span> <span class='ocrx_word' id='word_1_525' title='bbox 3336 3373 3361 3406; x_wconf 76' lang='grc' dir='ltr'><strong>ι</strong></span> <span class='ocrx_word' id='word_1_526' title='bbox 3421 3354 3522 3410; x_wconf 71' lang='lat' dir='ltr'><strong>Va:</strong></span> <span class='ocrx_word' id='word_1_527' title='bbox 3564 3355 3715 3426; x_wconf 78' lang='lat' dir='ltr'><strong>igitur</strong></span> <span class='ocrx_word' id='word_1_528' title='bbox 3744 3353 3801 3407; x_wconf 73' lang='lat' dir='ltr'><strong>his</strong></span> 
     </span>
    </p>
   </div>
   <div class='ocr_carea' id='block_1_49' title="bbox 541 3459 2132 3535">
    <p class='ocr_par' dir='ltr' id='par_1_49' title="bbox 541 3459 2132 3535">
     <span class='ocr_line' id='line_1_49' title="bbox 541 3459 2132 3535; baseline 0.006 -23"><span class='ocrx_word' id='word_1_529' title='bbox 541 3480 564 3512; x_wconf 83' lang='grc'><strong>«</strong></span> <span class='ocrx_word' id='word_1_530' title='bbox 600 3474 718 3516; x_wconf 65' lang='lat' dir='ltr'><strong>anas</strong></span> <span class='ocrx_word' id='word_1_531' title='bbox 739 3475 859 3530; x_wconf 86' lang='lat' dir='ltr'><strong>quae</strong></span> <span class='ocrx_word' id='word_1_532' title='bbox 880 3474 986 3514; x_wconf 88' lang='lat' dir='ltr'><strong>non</strong></span> <span class='ocrx_word' id='word_1_533' title='bbox 1005 3459 1328 3527; x_wconf 90' lang='lat' dir='ltr'><strong>moriuntur,</strong></span> <span class='ocrx_word' id='word_1_534' title='bbox 1346 3469 1402 3515; x_wconf 91' lang='lat' dir='ltr'><strong>et</strong></span> <span class='ocrx_word' id='word_1_535' title='bbox 1423 3461 1760 3518; x_wconf 87' lang='lat' dir='ltr'><strong>viviﬁcarent</strong></span> <span class='ocrx_word' id='word_1_536' title='bbox 1782 3464 1992 3520; x_wconf 91' lang='lat' dir='ltr'><strong>animas</strong></span> <span class='ocrx_word' id='word_1_537' title='bbox 2011 3480 2132 3535; x_wconf 74' lang='lat' dir='ltr'><strong>qua:</strong></span> 
     </span>
    </p>
   </div>
   <div class='ocr_carea' id='block_1_50' title="bbox 542 3540 2135 3622">
    <p class='ocr_par' dir='ltr' id='par_1_50' title="bbox 542 3540 2135 3622">
     <span class='ocr_line' id='line_1_50' title="bbox 542 3540 2135 3622; baseline 0.005 -19"><span class='ocrx_word' id='word_1_538' title='bbox 542 3570 562 3603; x_wconf 79' lang='grc' dir='ltr'><strong>ι</strong></span> <span class='ocrx_word' id='word_1_539' title='bbox 601 3566 709 3609; x_wconf 83' lang='lat' dir='ltr'><strong>non</strong></span> <span class='ocrx_word' id='word_1_540' title='bbox 736 3551 954 3617; x_wconf 88' lang='lat' dir='ltr'><strong>vivunt,</strong></span> <span class='ocrx_word' id='word_1_541' title='bbox 986 3540 1311 3605; x_wconf 88' lang='lat' dir='ltr'><strong>mentientes</strong></span> <span class='ocrx_word' id='word_1_542' title='bbox 1337 3553 1536 3622; x_wconf 89' lang='lat' dir='ltr'><strong>populo</strong></span> <span class='ocrx_word' id='word_1_543' title='bbox 1565 3569 1687 3609; x_wconf 90' lang='lat' dir='ltr'><strong>meo</strong></span> <span class='ocrx_word' id='word_1_544' title='bbox 1721 3556 1963 3610; x_wconf 89' lang='lat' dir='ltr'><strong>credenti</strong></span> <span class='ocrx_word' id='word_1_545' title='bbox 1989 3571 2135 3611; x_wconf 90' lang='lat' dir='ltr'><strong>men-</strong></span> 
     </span>
    </p>
   </div>
   <div class='ocr_carea' id='block_1_51' title="bbox 542 3640 2132 3707">
    <p class='ocr_par' dir='ltr' id='par_1_51' title="bbox 542 3640 2132 3707">
     <span class='ocr_line' id='line_1_51' title="bbox 542 3640 2132 3707; baseline 0.006 -15"><span class='ocrx_word' id='word_1_546' title='bbox 542 3656 565 3692; x_wconf 84' lang='grc' dir='ltr'><strong>ι</strong></span> <span class='ocrx_word' id='word_1_547' title='bbox 601 3641 792 3696; x_wconf 74' lang='lat' dir='ltr'><strong>daulis.</strong></span> <span class='ocrx_word' id='word_1_548' title='bbox 823 3640 1116 3707; x_wconf 84' lang='lat' dir='ltr'><strong>Propterea</strong></span> <span class='ocrx_word' id='word_1_549' title='bbox 1150 3641 1268 3695; x_wconf 75' lang='lat' dir='ltr'><strong>hmc</strong></span> <span class='ocrx_word' id='word_1_550' title='bbox 1295 3643 1425 3697; x_wconf 91' lang='lat' dir='ltr'><strong>dicit</strong></span> <span class='ocrx_word' id='word_1_551' title='bbox 1471 3642 1731 3699; x_wconf 87' lang='lat' dir='ltr'><strong>Dominus</strong></span> <span class='ocrx_word' id='word_1_552' title='bbox 1769 3645 1913 3700; x_wconf 90' lang='lat' dir='ltr'><strong>Deus</strong></span> <span class='ocrx_word' id='word_1_553' title='bbox 1945 3664 1957 3699; x_wconf 93' lang='lat'>:</span> <span class='ocrx_word' id='word_1_554' title='bbox 1992 3646 2132 3702; x_wconf 91' lang='lat' dir='ltr'><strong>Ecce</strong></span> 
     </span>
    </p>
   </div>
   <div class='ocr_carea' id='block_1_52' title="bbox 544 3730 2132 3805">
    <p class='ocr_par' dir='ltr' id='par_1_52' title="bbox 544 3730 2132 3805">
     <span class='ocr_line' id='line_1_52' title="bbox 544 3730 2132 3805; baseline 0.001 -19"><span class='ocrx_word' id='word_1_555' title='bbox 544 3750 564 3786; x_wconf 79' lang='grc' dir='ltr'><strong>ι</strong></span> <span class='ocrx_word' id='word_1_556' title='bbox 602 3748 704 3805; x_wconf 67' lang='lat' dir='ltr'><strong>ego</strong></span> <span class='ocrx_word' id='word_1_557' title='bbox 731 3732 798 3787; x_wconf 91' lang='lat' dir='ltr'><strong>ad</strong></span> <span class='ocrx_word' id='word_1_558' title='bbox 824 3730 1072 3801; x_wconf 86' lang='lat' dir='ltr'><strong>pulvillos</strong></span> <span class='ocrx_word' id='word_1_559' title='bbox 1093 3738 1323 3795; x_wconf 89' lang='lat' dir='ltr'><strong>vestros,</strong></span> <span class='ocrx_word' id='word_1_560' title='bbox 1348 3731 1546 3799; x_wconf 88' lang='lat' dir='ltr'><strong>quibus</strong></span> <span class='ocrx_word' id='word_1_561' title='bbox 1575 3746 1670 3785; x_wconf 84' lang='lat' dir='ltr'><strong>vos</strong></span> <span class='ocrx_word' id='word_1_562' title='bbox 1697 3732 1893 3801; x_wconf 83' lang='lat' dir='ltr'><strong>capitis</strong></span> <span class='ocrx_word' id='word_1_563' title='bbox 1921 3733 2132 3805; x_wconf 87' lang='lat' dir='ltr'><strong>animas</strong></span> 
     </span>
    </p>
   </div>
   <div class='ocr_carea' id='block_1_53' title="bbox 541 3821 2134 3890">
    <p class='ocr_par' dir='ltr' id='par_1_53' title="bbox 541 3821 2134 3890">
     <span class='ocr_line' id='line_1_53' title="bbox 541 3821 2134 3890; baseline 0.004 -16"><span class='ocrx_word' id='word_1_564' title='bbox 541 3839 563 3874; x_wconf 71' lang='grc' dir='ltr'><strong>ι</strong></span> <span class='ocrx_word' id='word_1_565' title='bbox 607 3822 868 3888; x_wconf 80' lang='lat' dir='ltr'><strong>volantes,</strong></span> <span class='ocrx_word' id='word_1_566' title='bbox 897 3831 950 3877; x_wconf 93' lang='lat' dir='ltr'><strong>ct</strong></span> <span class='ocrx_word' id='word_1_567' title='bbox 978 3821 1310 3890; x_wconf 89' lang='lat' dir='ltr'><strong>disrumpam</strong></span> <span class='ocrx_word' id='word_1_568' title='bbox 1339 3836 1433 3876; x_wconf 89' lang='lat' dir='ltr'><strong>eos</strong></span> <span class='ocrx_word' id='word_1_569' title='bbox 1460 3822 1526 3876; x_wconf 91' lang='lat' dir='ltr'><strong>de</strong></span> <span class='ocrx_word' id='word_1_570' title='bbox 1554 3821 1793 3877; x_wconf 87' lang='lat' dir='ltr'><strong>brachiis</strong></span> <span class='ocrx_word' id='word_1_571' title='bbox 1820 3824 2035 3879; x_wconf 86' lang='lat' dir='ltr'><strong>vestris.</strong></span> <span class='ocrx_word' id='word_1_572' title='bbox 2065 3826 2134 3880; x_wconf 91' lang='lat' dir='ltr'><strong>Et</strong></span> 
     </span>
    </p>
   </div>
   <div class='ocr_carea' id='block_1_54' title="bbox 543 3913 2132 3983">
    <p class='ocr_par' dir='ltr' id='par_1_54' title="bbox 543 3913 2132 3983">
     <span class='ocr_line' id='line_1_54' title="bbox 543 3913 2132 3983; baseline 0.002 -16"><span class='ocrx_word' id='word_1_573' title='bbox 543 3932 563 3967; x_wconf 73' lang='grc' dir='ltr'><strong>ι</strong></span> <span class='ocrx_word' id='word_1_574' title='bbox 600 3914 869 3971; x_wconf 83' lang='lat' dir='ltr'><strong>dimittam</strong></span> <span class='ocrx_word' id='word_1_575' title='bbox 903 3914 1140 3976; x_wconf 89' lang='lat' dir='ltr'><strong>animas,</strong></span> <span class='ocrx_word' id='word_1_576' title='bbox 1172 3927 1310 3983; x_wconf 92' lang='lat' dir='ltr'><strong>quas</strong></span> <span class='ocrx_word' id='word_1_577' title='bbox 1333 3927 1432 3967; x_wconf 90' lang='lat' dir='ltr'><strong>vos</strong></span> <span class='ocrx_word' id='word_1_578' title='bbox 1459 3913 1672 3982; x_wconf 87' lang='lat' dir='ltr'><strong>capitis,</strong></span> <span class='ocrx_word' id='word_1_579' title='bbox 1702 3915 1911 3969; x_wconf 90' lang='lat' dir='ltr'><strong>animas</strong></span> <span class='ocrx_word' id='word_1_580' title='bbox 1943 3914 2011 3969; x_wconf 90' lang='lat' dir='ltr'><strong>ad</strong></span> <span class='ocrx_word' id='word_1_581' title='bbox 2037 3931 2132 3971; x_wconf 82' lang='lat' dir='ltr'><strong>vo-</strong></span> 
     </span>
    </p>
   </div>
   <div class='ocr_carea' id='block_1_55' title="bbox 542 4004 2132 4075">
    <p class='ocr_par' dir='ltr' id='par_1_55' title="bbox 542 4004 2132 4075">
     <span class='ocr_line' id='line_1_55' title="bbox 542 4004 2132 4075; baseline 0.002 -16"><span class='ocrx_word' id='word_1_582' title='bbox 542 4028 560 4059; x_wconf 85' lang='grc' dir='ltr'><strong>ι</strong></span> <span class='ocrx_word' id='word_1_583' title='bbox 598 4005 817 4061; x_wconf 81' lang='lat' dir='ltr'><strong>landum</strong></span> <span class='ocrx_word' id='word_1_584' title='bbox 848 4023 860 4058; x_wconf 91' lang='lat'><strong>:</strong></span> <span class='ocrx_word' id='word_1_585' title='bbox 890 4005 956 4059; x_wconf 88' lang='lat' dir='ltr'><strong>Et</strong></span> <span class='ocrx_word' id='word_1_586' title='bbox 986 4005 1319 4075; x_wconf 88' lang='lat' dir='ltr'><strong>disrumpam</strong></span> <span class='ocrx_word' id='word_1_587' title='bbox 1350 4004 1639 4059; x_wconf 82' lang='lat' dir='ltr'><strong>cervicalia</strong></span> <span class='ocrx_word' id='word_1_588' title='bbox 1671 4015 1851 4060; x_wconf 82' lang='lat' dir='ltr'><strong>vestra</strong></span> <span class='ocrx_word' id='word_1_589' title='bbox 1873 4047 1888 4072; x_wconf 95' lang='lat'><strong>,</strong></span> <span class='ocrx_word' id='word_1_590' title='bbox 1917 4015 1972 4062; x_wconf 91' lang='lat' dir='ltr'><strong>et</strong></span> <span class='ocrx_word' id='word_1_591' title='bbox 1999 4007 2132 4062; x_wconf 89' lang='lat' dir='ltr'><strong>libe-</strong></span> 
     </span>
    </p>
   </div>
   <div class='ocr_carea' id='block_1_56' title="bbox 542 4091 2132 4171">
    <p class='ocr_par' dir='ltr' id='par_1_56' title="bbox 542 4091 2132 4171">
     <span class='ocr_line' id='line_1_56' title="bbox 542 4091 2132 4171; baseline 0.003 -19"><span class='ocrx_word' id='word_1_592' title='bbox 542 4120 560 4152; x_wconf 83' lang='grc' dir='ltr'><strong>ι</strong></span> <span class='ocrx_word' id='word_1_593' title='bbox 602 4100 735 4155; x_wconf 83' lang='lat' dir='ltr'><strong>rabo</strong></span> <span class='ocrx_word' id='word_1_594' title='bbox 760 4099 1017 4170; x_wconf 87' lang='lat' dir='ltr'><strong>populum</strong></span> <span class='ocrx_word' id='word_1_595' title='bbox 1046 4114 1226 4171; x_wconf 84' lang='lat' dir='ltr'><strong>meum</strong></span> <span class='ocrx_word' id='word_1_596' title='bbox 1247 4091 1327 4152; x_wconf 56' lang='lat' dir='ltr'><strong>&#39;de</strong></span> <span class='ocrx_word' id='word_1_597' title='bbox 1354 4113 1518 4152; x_wconf 87' lang='lat' dir='ltr'><strong>manu</strong></span> <span class='ocrx_word' id='word_1_598' title='bbox 1548 4108 1752 4165; x_wconf 89' lang='lat' dir='ltr'><strong>vestra,</strong></span> <span class='ocrx_word' id='word_1_599' title='bbox 1775 4115 1951 4170; x_wconf 89' lang='lat' dir='ltr'><strong>neque</strong></span> <span class='ocrx_word' id='word_1_600' title='bbox 1970 4111 2132 4157; x_wconf 88' lang='lat' dir='ltr'><strong>erunt</strong></span> 
     </span>
    </p>
   </div>
   <div class='ocr_carea' id='block_1_57' title="bbox 539 4188 2132 4258">
    <p class='ocr_par' dir='ltr' id='par_1_57' title="bbox 539 4188 2132 4258">
     <span class='ocr_line' id='line_1_57' title="bbox 539 4188 2132 4258; baseline 0.004 -15"><span class='ocrx_word' id='word_1_601' title='bbox 539 4213 558 4243; x_wconf 72' lang='grc' dir='ltr'><strong>ι</strong></span> <span class='ocrx_word' id='word_1_602' title='bbox 595 4190 737 4247; x_wconf 89' lang='lat' dir='ltr'><strong>ultra</strong></span> <span class='ocrx_word' id='word_1_603' title='bbox 771 4190 826 4244; x_wconf 91' lang='lat' dir='ltr'><strong>in</strong></span> <span class='ocrx_word' id='word_1_604' title='bbox 857 4190 1112 4245; x_wconf 87' lang='lat' dir='ltr'><strong>manibus</strong></span> <span class='ocrx_word' id='word_1_605' title='bbox 1138 4188 1340 4244; x_wconf 88' lang='lat' dir='ltr'><strong>vestris</strong></span> <span class='ocrx_word' id='word_1_606' title='bbox 1370 4190 1439 4245; x_wconf 88' lang='lat' dir='ltr'><strong>ad</strong></span> <span class='ocrx_word' id='word_1_607' title='bbox 1479 4191 1850 4258; x_wconf 79' lang='lat' dir='ltr'><strong>praedandum.</strong></span> <span class='ocrx_word' id='word_1_608' title='bbox 1886 4192 1955 4248; x_wconf 87' lang='lat' dir='ltr'><strong>Et</strong></span> <span class='ocrx_word' id='word_1_609' title='bbox 1987 4193 2132 4250; x_wconf 87' lang='lat' dir='ltr'><strong>scie-</strong></span> 
     </span>
    </p>
   </div>
   <div class='ocr_carea' id='block_1_58' title="bbox 539 4278 2130 4350">
    <p class='ocr_par' dir='ltr' id='par_1_58' title="bbox 539 4278 2130 4350">
     <span class='ocr_line' id='line_1_58' title="bbox 539 4278 2130 4350; baseline 0.005 -18"><span class='ocrx_word' id='word_1_610' title='bbox 539 4300 558 4332; x_wconf 80' lang='grc' dir='ltr'><strong>ι</strong></span> <span class='ocrx_word' id='word_1_611' title='bbox 602 4279 670 4335; x_wconf 92' lang='lat' dir='ltr'><strong>tis</strong></span> <span class='ocrx_word' id='word_1_612' title='bbox 689 4320 703 4344; x_wconf 94' lang='lat'><strong>,</strong></span> <span class='ocrx_word' id='word_1_613' title='bbox 733 4279 860 4348; x_wconf 86' lang='lat' dir='ltr'><strong>quia</strong></span> <span class='ocrx_word' id='word_1_614' title='bbox 898 4294 997 4349; x_wconf 87' lang='lat' dir='ltr'><strong>ego</strong></span> <span class='ocrx_word' id='word_1_615' title='bbox 1026 4278 1285 4334; x_wconf 89' lang='lat' dir='ltr'><strong>Dominus</strong></span> <span class='ocrx_word' id='word_1_616' title='bbox 1312 4294 1326 4332; x_wconf 90' lang='lat'><strong>:</strong></span> <span class='ocrx_word' id='word_1_617' title='bbox 1350 4294 1451 4349; x_wconf 89' lang='lat' dir='ltr'><strong>pro</strong></span> <span class='ocrx_word' id='word_1_618' title='bbox 1475 4294 1575 4346; x_wconf 88' lang='lat' dir='ltr'><strong>eo,</strong></span> <span class='ocrx_word' id='word_1_619' title='bbox 1609 4282 1752 4350; x_wconf 87' lang='lat' dir='ltr'><strong>quod</strong></span> <span class='ocrx_word' id='word_1_620' title='bbox 1784 4299 1869 4338; x_wconf 90' lang='lat' dir='ltr'><strong>me</strong></span> <span class='ocrx_word' id='word_1_621' title='bbox 1894 4298 2130 4341; x_wconf 86' lang='lat' dir='ltr'><strong>moerere</strong></span> 
     </span>
    </p>
   </div>
   <div class='ocr_carea' id='block_1_59' title="bbox 540 4360 2131 4445">
    <p class='ocr_par' dir='ltr' id='par_1_59' title="bbox 540 4360 2131 4445">
     <span class='ocr_line' id='line_1_59' title="bbox 540 4360 2131 4445; baseline 0.006 -24"><span class='ocrx_word' id='word_1_622' title='bbox 540 4388 561 4421; x_wconf 77' lang='grc' dir='ltr'><strong>ι</strong></span> <span class='ocrx_word' id='word_1_623' title='bbox 598 4368 805 4425; x_wconf 82' lang='lat' dir='ltr'><strong>fecistis</strong></span> <span class='ocrx_word' id='word_1_624' title='bbox 828 4383 923 4424; x_wconf 90' lang='lat' dir='ltr'><strong>cor</strong></span> <span class='ocrx_word' id='word_1_625' title='bbox 941 4369 1075 4443; x_wconf 86' lang='lat' dir='ltr'><strong>justi</strong></span> <span class='ocrx_word' id='word_1_626' title='bbox 1102 4360 1440 4445; x_wconf 86' lang='lat' dir='ltr'><strong>mendaciter</strong></span> <span class='ocrx_word' id='word_1_627' title='bbox 1463 4410 1478 4436; x_wconf 93' lang='lat'><strong>,</strong></span> <span class='ocrx_word' id='word_1_628' title='bbox 1507 4385 1670 4441; x_wconf 90' lang='lat' dir='ltr'><strong>quem</strong></span> <span class='ocrx_word' id='word_1_629' title='bbox 1707 4387 1817 4427; x_wconf 90' lang='lat' dir='ltr'><strong>non</strong></span> <span class='ocrx_word' id='word_1_630' title='bbox 1840 4375 2131 4430; x_wconf 90' lang='lat' dir='ltr'><strong>contrista-</strong></span> 
     </span>
    </p>
   </div>
   <div class='ocr_carea' id='block_1_60' title="bbox 2237 3444 3800 3529">
    <p class='ocr_par' dir='ltr' id='par_1_60' title="bbox 2237 3444 3800 3529">
     <span class='ocr_line' id='line_1_60' title="bbox 2237 3444 3800 3529; baseline 0.001 -29"><span class='ocrx_word' id='word_1_631' title='bbox 2237 3444 2535 3529; x_wconf 66' lang='lat' dir='ltr'><strong>haaresibus</strong></span> <span class='ocrx_word' id='word_1_632' title='bbox 2600 3446 2795 3515; x_wconf 87' lang='lat' dir='ltr'><strong>hisque</strong></span> <span class='ocrx_word' id='word_1_633' title='bbox 2848 3444 3143 3512; x_wconf 87' lang='lat' dir='ltr'><strong>doctrinis,</strong></span> <span class='ocrx_word' id='word_1_634' title='bbox 3200 3460 3322 3515; x_wconf 67' lang='lat' dir='ltr'><strong>qua:</strong></span> <span class='ocrx_word' id='word_1_635' title='bbox 3385 3446 3643 3518; x_wconf 84' lang='lat' dir='ltr'><strong>requiem</strong></span> <span class='ocrx_word' id='word_1_636' title='bbox 3686 3444 3800 3517; x_wconf 63' lang='lat' dir='ltr'><strong>p525-</strong></span> 
     </span>
    </p>
   </div>
   <div class='ocr_carea' id='block_1_61' title="bbox 2236 3538 3802 3608">
    <p class='ocr_par' dir='ltr' id='par_1_61' title="bbox 2236 3538 3802 3608">
     <span class='ocr_line' id='line_1_61' title="bbox 2236 3538 3802 3608; baseline -0.003 -15"><span class='ocrx_word' id='word_1_637' title='bbox 2236 3546 2426 3593; x_wconf 89' lang='lat' dir='ltr'><strong>centes</strong></span> <span class='ocrx_word' id='word_1_638' title='bbox 2486 3552 2704 3593; x_wconf 86' lang='lat' dir='ltr'><strong>omnem</strong></span> <span class='ocrx_word' id='word_1_639' title='bbox 2759 3544 2978 3593; x_wconf 64' lang='lat' dir='ltr'><strong>aatatem</strong></span> <span class='ocrx_word' id='word_1_640' title='bbox 3040 3550 3341 3607; x_wconf 71' lang='lat' dir='ltr'><strong>scitumque</strong></span> <span class='ocrx_word' id='word_1_641' title='bbox 3405 3538 3685 3608; x_wconf 82' lang='lat' dir='ltr'><strong>decipth</strong></span> <span class='ocrx_word' id='word_1_642' title='bbox 3706 3577 3723 3601; x_wconf 88' lang='lat'><strong>,</strong></span> <span class='ocrx_word' id='word_1_643' title='bbox 3762 3543 3802 3589; x_wconf 61' lang='grc' dir='ltr'><strong><em>α</em></strong></span> 
     </span>
    </p>
   </div>
   <div class='ocr_carea' id='block_1_62' title="bbox 2223 3628 3802 3695">
    <p class='ocr_par' dir='ltr' id='par_1_62' title="bbox 2223 3628 3802 3695">
     <span class='ocr_line' id='line_1_62' title="bbox 2223 3628 3802 3695; baseline 0 -11"><span class='ocrx_word' id='word_1_644' title='bbox 2223 3629 2458 3694; x_wconf 80' lang='lat' dir='ltr'><strong>capiant</strong></span> <span class='ocrx_word' id='word_1_645' title='bbox 2491 3628 2707 3682; x_wconf 87' lang='lat' dir='ltr'><strong>animas</strong></span> <span class='ocrx_word' id='word_1_646' title='bbox 2753 3628 3080 3684; x_wconf 88' lang='lat' dir='ltr'><strong>miserorum</strong></span> <span class='ocrx_word' id='word_1_647' title='bbox 3104 3668 3120 3695; x_wconf 92' lang='lat'><strong>,</strong></span> <span class='ocrx_word' id='word_1_648' title='bbox 3184 3636 3241 3684; x_wconf 94' lang='lat' dir='ltr'><strong>et</strong></span> <span class='ocrx_word' id='word_1_649' title='bbox 3294 3630 3685 3685; x_wconf 82' lang='lat' dir='ltr'><strong>contaminent</strong></span> <span class='ocrx_word' id='word_1_650' title='bbox 3719 3642 3802 3684; x_wconf 66' lang='lat' dir='ltr'><strong>u-</strong></span> 
     </span>
    </p>
   </div>
   <div class='ocr_carea' id='block_1_63' title="bbox 2236 3718 3802 3793">
    <p class='ocr_par' dir='ltr' id='par_1_63' title="bbox 2236 3718 3802 3793">
     <span class='ocr_line' id='line_1_63' title="bbox 2236 3718 3802 3793; baseline 0.003 -21"><span class='ocrx_word' id='word_1_651' title='bbox 2236 3732 2365 3773; x_wconf 90' lang='lat' dir='ltr'><strong>nem</strong></span> <span class='ocrx_word' id='word_1_652' title='bbox 2402 3718 2660 3789; x_wconf 88' lang='lat' dir='ltr'><strong>populum</strong></span> <span class='ocrx_word' id='word_1_653' title='bbox 2689 3734 2894 3786; x_wconf 89' lang='lat' dir='ltr'><strong>meum,</strong></span> <span class='ocrx_word' id='word_1_654' title='bbox 2927 3720 3057 3776; x_wconf 89' lang='lat' dir='ltr'><strong>dum</strong></span> <span class='ocrx_word' id='word_1_655' title='bbox 3112 3719 3310 3775; x_wconf 91' lang='lat' dir='ltr'><strong>credor</strong></span> <span class='ocrx_word' id='word_1_656' title='bbox 3340 3720 3591 3793; x_wconf 83' lang='lat' dir='ltr'><strong>diligere</strong></span> <span class='ocrx_word' id='word_1_657' title='bbox 3613 3723 3802 3790; x_wconf 59' lang='lat' dir='ltr'><strong>vom-</strong></span> 
     </span>
    </p>
   </div>
   <div class='ocr_carea' id='block_1_64' title="bbox 2238 3809 3802 3882">
    <p class='ocr_par' dir='ltr' id='par_1_64' title="bbox 2238 3809 3802 3882">
     <span class='ocr_line' id='line_1_64' title="bbox 2238 3809 3802 3882; baseline 0.003 -17"><span class='ocrx_word' id='word_1_658' title='bbox 2238 3818 2368 3875; x_wconf 89' lang='lat' dir='ltr'><strong>tem,</strong></span> <span class='ocrx_word' id='word_1_659' title='bbox 2400 3809 2587 3865; x_wconf 89' lang='lat' dir='ltr'><strong>ethoc</strong></span> <span class='ocrx_word' id='word_1_660' title='bbox 2612 3826 2723 3866; x_wconf 91' lang='lat' dir='ltr'><strong>non</strong></span> <span class='ocrx_word' id='word_1_661' title='bbox 2750 3818 2974 3882; x_wconf 85' lang='lat' dir='ltr'><strong>propter</strong></span> <span class='ocrx_word' id='word_1_662' title='bbox 3022 3823 3213 3869; x_wconf 85' lang='lat' dir='ltr'><strong>eorum</strong></span> <span class='ocrx_word' id='word_1_663' title='bbox 3238 3820 3297 3869; x_wconf 85' lang='lat' dir='ltr'><strong>et</strong></span> <span class='ocrx_word' id='word_1_664' title='bbox 3330 3812 3684 3875; x_wconf 71' lang='lat' dir='ltr'><strong>herniconm</strong></span> <span class='ocrx_word' id='word_1_665' title='bbox 3704 3814 3802 3869; x_wconf 74' lang='lat' dir='ltr'><strong>har-</strong></span> 
     </span>
    </p>
   </div>
   <div class='ocr_carea' id='block_1_65' title="bbox 2234 3900 3802 3975">
    <p class='ocr_par' dir='ltr' id='par_1_65' title="bbox 2234 3900 3802 3975">
     <span class='ocr_line' id='line_1_65' title="bbox 2234 3900 3802 3975; baseline 0.004 -19"><span class='ocrx_word' id='word_1_666' title='bbox 2234 3900 2341 3965; x_wconf 87' lang='lat' dir='ltr'><strong>dei,</strong></span> <span class='ocrx_word' id='word_1_667' title='bbox 2373 3908 2433 3954; x_wconf 91' lang='lat' dir='ltr'><strong>ut</strong></span> <span class='ocrx_word' id='word_1_668' title='bbox 2459 3900 2513 3955; x_wconf 90' lang='lat' dir='ltr'><strong>in</strong></span> <span class='ocrx_word' id='word_1_669' title='bbox 2543 3900 2650 3957; x_wconf 90' lang='lat' dir='ltr'><strong>Ose</strong></span> <span class='ocrx_word' id='word_1_670' title='bbox 2678 3902 2934 3973; x_wconf 87' lang='lat' dir='ltr'><strong>legimus,</strong></span> <span class='ocrx_word' id='word_1_671' title='bbox 2962 3904 3058 3960; x_wconf 83' lang='lat' dir='ltr'><strong>sed</strong></span> <span class='ocrx_word' id='word_1_672' title='bbox 3084 3912 3308 3975; x_wconf 89' lang='lat' dir='ltr'><strong>propter</strong></span> <span class='ocrx_word' id='word_1_673' title='bbox 3329 3905 3616 3975; x_wconf 80' lang='lat' dir='ltr'><strong>pugillum</strong></span> <span class='ocrx_word' id='word_1_674' title='bbox 3638 3904 3802 3969; x_wconf 54' lang='lat' dir='ltr'><strong>barda.</strong></span> 
     </span>
    </p>
   </div>
   <div class='ocr_carea' id='block_1_66' title="bbox 2235 3992 3799 4069">
    <p class='ocr_par' dir='ltr' id='par_1_66' title="bbox 2235 3992 3799 4069">
     <span class='ocr_line' id='line_1_66' title="bbox 2235 3992 3799 4069; baseline 0.004 -22"><span class='ocrx_word' id='word_1_675' title='bbox 2235 4008 2344 4061; x_wconf 93' lang='lat' dir='ltr'><strong>quo</strong></span> <span class='ocrx_word' id='word_1_676' title='bbox 2371 3992 2532 4047; x_wconf 87' lang='lat' dir='ltr'><strong>bruta</strong></span> <span class='ocrx_word' id='word_1_677' title='bbox 2552 4002 2851 4049; x_wconf 83' lang='lat' dir='ltr'><strong>vescuntur</strong></span> <span class='ocrx_word' id='word_1_678' title='bbox 2871 3995 3193 4059; x_wconf 85' lang='lat' dir='ltr'><strong>animantia,</strong></span> <span class='ocrx_word' id='word_1_679' title='bbox 3224 4003 3284 4050; x_wconf 91' lang='lat' dir='ltr'><strong>et</strong></span> <span class='ocrx_word' id='word_1_680' title='bbox 3307 3993 3636 4066; x_wconf 81' lang='lat' dir='ltr'><strong>fragmenta</strong></span> <span class='ocrx_word' id='word_1_681' title='bbox 3656 3996 3799 4069; x_wconf 76' lang='lat' dir='ltr'><strong>panis;</strong></span> 
     </span>
    </p>
   </div>
   <div class='ocr_carea' id='block_1_67' title="bbox 2234 4086 3803 4157">
    <p class='ocr_par' dir='ltr' id='par_1_67' title="bbox 2234 4086 3803 4157">
     <span class='ocr_line' id='line_1_67' title="bbox 2234 4086 3803 4157; baseline 0.003 -17"><span class='ocrx_word' id='word_1_682' title='bbox 2234 4100 2342 4141; x_wconf 91' lang='lat' dir='ltr'><strong>non</strong></span> <span class='ocrx_word' id='word_1_683' title='bbox 2372 4101 2567 4156; x_wconf 89' lang='lat' dir='ltr'><strong>panem</strong></span> <span class='ocrx_word' id='word_1_684' title='bbox 2594 4086 2886 4157; x_wconf 84' lang='lat' dir='ltr'><strong>integrum,</strong></span> <span class='ocrx_word' id='word_1_685' title='bbox 2925 4087 2980 4142; x_wconf 92' lang='lat' dir='ltr'><strong>id</strong></span> <span class='ocrx_word' id='word_1_686' title='bbox 3003 4095 3104 4151; x_wconf 89' lang='lat' dir='ltr'><strong>est,</strong></span> <span class='ocrx_word' id='word_1_687' title='bbox 3138 4086 3309 4143; x_wconf 88' lang='lat' dir='ltr'><strong>solida</strong></span> <span class='ocrx_word' id='word_1_688' title='bbox 3343 4090 3671 4146; x_wconf 82' lang='lat' dir='ltr'><strong>testimonia</strong></span> <span class='ocrx_word' id='word_1_689' title='bbox 3695 4089 3803 4144; x_wconf 74' lang='lat' dir='ltr'><strong>Scri-</strong></span> 
     </span>
    </p>
   </div>
   <div class='ocr_carea' id='block_1_68' title="bbox 2233 4177 3797 4250">
    <p class='ocr_par' dir='ltr' id='par_1_68' title="bbox 2233 4177 3797 4250">
     <span class='ocr_line' id='line_1_68' title="bbox 2233 4177 3797 4250; baseline 0.002 -18"><span class='ocrx_word' id='word_1_690' title='bbox 2233 4188 2538 4248; x_wconf 85' lang='lat' dir='ltr'><strong>pturarum,</strong></span> <span class='ocrx_word' id='word_1_691' title='bbox 2571 4177 2667 4232; x_wconf 88' lang='lat' dir='ltr'><strong>sed</strong></span> <span class='ocrx_word' id='word_1_692' title='bbox 2695 4194 2815 4248; x_wconf 80' lang='lat' dir='ltr'><strong>quae</strong></span> <span class='ocrx_word' id='word_1_693' title='bbox 2843 4178 3101 4236; x_wconf 77' lang='lat' dir='ltr'><strong>haeretica</strong></span> <span class='ocrx_word' id='word_1_694' title='bbox 3152 4179 3432 4250; x_wconf 81' lang='lat' dir='ltr'><strong>pravitate</strong></span> <span class='ocrx_word' id='word_1_695' title='bbox 3452 4180 3641 4241; x_wconf 75' lang='lat' dir='ltr'><strong>fracta</strong></span> <span class='ocrx_word' id='word_1_696' title='bbox 3663 4192 3711 4237; x_wconf 78' lang='lat' dir='ltr'><strong>et</strong></span> <span class='ocrx_word' id='word_1_697' title='bbox 3729 4182 3797 4235; x_wconf 73' lang='lat' dir='ltr'><strong>de-</strong></span> 
     </span>
    </p>
   </div>
   <div class='ocr_carea' id='block_1_69' title="bbox 2233 4273 3798 4350">
    <p class='ocr_par' dir='ltr' id='par_1_69' title="bbox 2233 4273 3798 4350">
     <span class='ocr_line' id='line_1_69' title="bbox 2233 4273 3798 4350; baseline 0.005 -23"><span class='ocrx_word' id='word_1_698' title='bbox 2233 4279 2447 4327; x_wconf 88' lang='lat' dir='ltr'><strong>curtata</strong></span> <span class='ocrx_word' id='word_1_699' title='bbox 2505 4279 2669 4342; x_wconf 88' lang='lat' dir='ltr'><strong>atque</strong></span> <span class='ocrx_word' id='word_1_700' title='bbox 2706 4273 2994 4328; x_wconf 90' lang='lat' dir='ltr'><strong>imminuta</strong></span> <span class='ocrx_word' id='word_1_701' title='bbox 3043 4282 3209 4341; x_wconf 82' lang='lat' dir='ltr'><strong>sunt,</strong></span> <span class='ocrx_word' id='word_1_702' title='bbox 3242 4283 3304 4331; x_wconf 87' lang='lat' dir='ltr'><strong>ut</strong></span> <span class='ocrx_word' id='word_1_703' title='bbox 3350 4286 3597 4334; x_wconf 68' lang='lat' dir='ltr'><strong>sanctos</strong></span> <span class='ocrx_word' id='word_1_704' title='bbox 3630 4292 3798 4350; x_wconf 57' lang='lat' dir='ltr'><strong>quae</strong></span> 
     </span>
    </p>
   </div>
   <div class='ocr_carea' id='block_1_70' title="bbox 2234 4362 3801 4438">
    <p class='ocr_par' dir='ltr' id='par_1_70' title="bbox 2234 4362 3801 4438">
     <span class='ocr_line' id='line_1_70' title="bbox 2234 4362 3801 4438; baseline 0.006 -21"><span class='ocrx_word' id='word_1_705' title='bbox 2234 4362 2507 4433; x_wconf 90' lang='lat' dir='ltr'><strong>decipiant</strong></span> <span class='ocrx_word' id='word_1_706' title='bbox 2533 4371 2588 4418; x_wconf 92' lang='lat' dir='ltr'><strong>et</strong></span> <span class='ocrx_word' id='word_1_707' title='bbox 2613 4364 2682 4420; x_wconf 90' lang='lat' dir='ltr'><strong>ad</strong></span> <span class='ocrx_word' id='word_1_708' title='bbox 2700 4372 2936 4420; x_wconf 90' lang='lat' dir='ltr'><strong>mortem</strong></span> <span class='ocrx_word' id='word_1_709' title='bbox 2965 4367 3211 4432; x_wconf 87' lang='lat' dir='ltr'><strong>trahant,</strong></span> <span class='ocrx_word' id='word_1_710' title='bbox 3243 4376 3301 4422; x_wconf 91' lang='lat' dir='ltr'><strong>et</strong></span> <span class='ocrx_word' id='word_1_711' title='bbox 3324 4379 3664 4438; x_wconf 53' lang='lat' dir='ltr'><strong>peccatore</strong></span> <span class='ocrx_word' id='word_1_712' title='bbox 3688 4370 3801 4425; x_wconf 55' lang='grc' dir='ltr'><strong>τά</strong></span> 
     </span>
    </p>
   </div>
   <div class='ocr_carea' id='block_1_71' title="bbox 537 4454 3804 4534">
    <p class='ocr_par' dir='ltr' id='par_1_71' title="bbox 537 4454 3804 4534">
     <span class='ocr_line' id='line_1_71' title="bbox 537 4454 3804 4534; baseline 0.006 -18"><span class='ocrx_word' id='word_1_713' title='bbox 537 4477 559 4515; x_wconf 80' lang='grc' dir='ltr'><strong>ι</strong></span> <span class='ocrx_word' id='word_1_714' title='bbox 594 4461 670 4526; x_wconf 82' lang='lat' dir='ltr'><strong>vi,</strong></span> <span class='ocrx_word' id='word_1_715' title='bbox 701 4468 758 4516; x_wconf 92' lang='lat' dir='ltr'><strong>et</strong></span> <span class='ocrx_word' id='word_1_716' title='bbox 781 4459 1132 4517; x_wconf 88' lang='lat' dir='ltr'><strong>confortastis</strong></span> <span class='ocrx_word' id='word_1_717' title='bbox 1160 4475 1356 4516; x_wconf 89' lang='lat' dir='ltr'><strong>manus</strong></span> <span class='ocrx_word' id='word_1_718' title='bbox 1380 4462 1563 4533; x_wconf 91' lang='lat' dir='ltr'><strong>impii,</strong></span> <span class='ocrx_word' id='word_1_719' title='bbox 1596 4471 1655 4517; x_wconf 91' lang='lat' dir='ltr'><strong>ut</strong></span> <span class='ocrx_word' id='word_1_720' title='bbox 1688 4479 1796 4519; x_wconf 91' lang='lat' dir='ltr'><strong>non</strong></span> <span class='ocrx_word' id='word_1_721' title='bbox 1826 4477 2129 4525; x_wconf 86' lang='lat' dir='ltr'><strong>revertere-</strong></span> <span class='ocrx_word' id='word_1_722' title='bbox 2154 4521 2203 4534; x_wconf 69' lang='lat'>_</span> <span class='ocrx_word' id='word_1_723' title='bbox 2231 4454 2685 4523; x_wconf 66' lang='lat' dir='ltr'><strong>PromiSSionibus</strong></span> <span class='ocrx_word' id='word_1_724' title='bbox 2707 4454 2987 4514; x_wconf 64' lang='grc' dir='ltr'><strong>νίνίίίθδτθ</strong></span> <span class='ocrx_word' id='word_1_725' title='bbox 3016 4457 3369 4515; x_wconf 50' lang='lat' dir='ltr'><strong>contendam.</strong></span> <span class='ocrx_word' id='word_1_726' title='bbox 3396 4458 3705 4534; x_wconf 60' lang='lat' dir='ltr'><strong>FW</strong></span> <span class='ocrx_word' id='word_1_727' title='bbox 3724 4463 3804 4518; x_wconf 61' lang='grc' dir='ltr'><strong>δι’</strong></span> 
     </span>
    </p>
   </div>
   <div class='ocr_carea' id='block_1_72' title="bbox 534 4521 2129 4625">
    <p class='ocr_par' dir='ltr' id='par_1_72' title="bbox 534 4553 2126 4625">
     <span class='ocr_line' id='line_1_72' title="bbox 534 4553 2126 4625; baseline 0.006 -15"><span class='ocrx_word' id='word_1_728' title='bbox 534 4568 561 4610; x_wconf 73' lang='grc' dir='ltr'><strong>ι</strong></span> <span class='ocrx_word' id='word_1_729' title='bbox 595 4560 684 4610; x_wconf 90' lang='lat' dir='ltr'><strong>tur</strong></span> <span class='ocrx_word' id='word_1_730' title='bbox 707 4569 739 4609; x_wconf 88' lang='lat' dir='ltr'><strong>a</strong></span> <span class='ocrx_word' id='word_1_731' title='bbox 762 4553 852 4609; x_wconf 85' lang='lat' dir='ltr'><strong>via</strong></span> <span class='ocrx_word' id='word_1_732' title='bbox 880 4568 976 4609; x_wconf 91' lang='lat' dir='ltr'><strong>sua</strong></span> <span class='ocrx_word' id='word_1_733' title='bbox 1006 4553 1147 4608; x_wconf 90' lang='lat' dir='ltr'><strong>mala</strong></span> <span class='ocrx_word' id='word_1_734' title='bbox 1168 4560 1227 4608; x_wconf 91' lang='lat' dir='ltr'><strong>et</strong></span> <span class='ocrx_word' id='word_1_735' title='bbox 1245 4553 1471 4609; x_wconf 88' lang='lat' dir='ltr'><strong>viveret.</strong></span> <span class='ocrx_word' id='word_1_736' title='bbox 1510 4553 1805 4625; x_wconf 89' lang='lat' dir='ltr'><strong>Propterea</strong></span> <span class='ocrx_word' id='word_1_737' title='bbox 1836 4573 1974 4614; x_wconf 88' lang='lat' dir='ltr'><strong>vana</strong></span> <span class='ocrx_word' id='word_1_738' title='bbox 2016 4578 2126 4619; x_wconf 91' lang='lat' dir='ltr'><strong>non</strong></span> 
     </span>
    </p>
   </div>
   <div class='ocr_carea' id='block_1_73' title="bbox 2229 4521 3801 4625">
    <p class='ocr_par' dir='ltr' id='par_1_73' title="bbox 2234 4521 3801 4624">
     <span class='ocr_line' id='line_1_73' title="bbox 2234 4521 3801 4624; baseline 0.006 -26"><span class='ocrx_word' id='word_1_739' title='bbox 2234 4559 2389 4599; x_wconf 91' lang='lat' dir='ltr'><strong>mens</strong></span> <span class='ocrx_word' id='word_1_740' title='bbox 2408 4552 2466 4600; x_wconf 89' lang='lat' dir='ltr'><strong>et</strong></span> <span class='ocrx_word' id='word_1_741' title='bbox 2491 4545 2806 4603; x_wconf 90' lang='lat' dir='ltr'><strong>misericors</strong></span> <span class='ocrx_word' id='word_1_742' title='bbox 2826 4547 2971 4605; x_wconf 87' lang='lat' dir='ltr'><strong>Deus</strong></span> <span class='ocrx_word' id='word_1_743' title='bbox 2996 4565 3108 4605; x_wconf 93' lang='lat' dir='ltr'><strong>non</strong></span> <span class='ocrx_word' id='word_1_744' title='bbox 3166 4551 3314 4621; x_wconf 89' lang='lat' dir='ltr'><strong>ipsas</strong></span> <span class='ocrx_word' id='word_1_745' title='bbox 3335 4521 3721 4624; x_wconf 55' lang='lat' dir='ltr'><strong>prophetissa</strong></span> <span class='ocrx_word' id='word_1_746' title='bbox 3741 4556 3801 4607; x_wconf 75' lang='lat' dir='ltr'><strong>is-</strong></span> 
     </span>
    </p>
   </div>
   <div class='ocr_carea' id='block_1_74' title="bbox 532 4643 2126 4721">
    <p class='ocr_par' dir='ltr' id='par_1_74' title="bbox 532 4643 2126 4721">
     <span class='ocr_line' id='line_1_74' title="bbox 532 4643 2126 4721; baseline 0.004 -18"><span class='ocrx_word' id='word_1_747' title='bbox 532 4666 558 4702; x_wconf 75' lang='grc' dir='ltr'><strong>ι</strong></span> <span class='ocrx_word' id='word_1_748' title='bbox 587 4645 843 4703; x_wconf 84' lang='lat' dir='ltr'><strong>videbitis</strong></span> <span class='ocrx_word' id='word_1_749' title='bbox 859 4643 1296 4719; x_wconf 8' lang='lat' dir='ltr'><strong>et‘divinationes</strong></span> <span class='ocrx_word' id='word_1_750' title='bbox 1325 4660 1433 4700; x_wconf 89' lang='lat' dir='ltr'><strong>non</strong></span> <span class='ocrx_word' id='word_1_751' title='bbox 1459 4646 1772 4704; x_wconf 90' lang='lat' dir='ltr'><strong>divinabitis</strong></span> <span class='ocrx_word' id='word_1_752' title='bbox 1796 4650 2047 4721; x_wconf 90' lang='lat' dir='ltr'><strong>amplius,</strong></span> <span class='ocrx_word' id='word_1_753' title='bbox 2070 4664 2126 4709; x_wconf 92' lang='lat' dir='ltr'><strong>et</strong></span> 
     </span>
    </p>
   </div>
   <div class='ocr_carea' id='block_1_75' title="bbox 530 4728 2122 4810">
    <p class='ocr_par' dir='ltr' id='par_1_75' title="bbox 530 4728 2122 4810">
     <span class='ocr_line' id='line_1_75' title="bbox 530 4728 2122 4810; baseline 0.006 -18"><span class='ocrx_word' id='word_1_754' title='bbox 530 4754 554 4792; x_wconf 69' lang='grc' dir='ltr'>ιε</span> <span class='ocrx_word' id='word_1_755' title='bbox 588 4728 787 4795; x_wconf 63' lang='lat' dir='ltr'><strong>eruam~</strong></span> <span class='ocrx_word' id='word_1_756' title='bbox 803 4737 1057 4810; x_wconf 90' lang='lat' dir='ltr'><strong>populum</strong></span> <span class='ocrx_word' id='word_1_757' title='bbox 1084 4752 1265 4793; x_wconf 89' lang='lat' dir='ltr'><strong>meum</strong></span> <span class='ocrx_word' id='word_1_758' title='bbox 1296 4737 1363 4793; x_wconf 90' lang='lat' dir='ltr'><strong>de</strong></span> <span class='ocrx_word' id='word_1_759' title='bbox 1389 4754 1553 4793; x_wconf 89' lang='lat' dir='ltr'><strong>manu</strong></span> <span class='ocrx_word' id='word_1_760' title='bbox 1594 4744 1805 4807; x_wconf 87' lang='lat' dir='ltr'><strong>vestra,</strong></span> <span class='ocrx_word' id='word_1_761' title='bbox 1849 4751 1903 4799; x_wconf 92' lang='lat' dir='ltr'><strong>et</strong></span> <span class='ocrx_word' id='word_1_762' title='bbox 1938 4745 2122 4802; x_wconf 90' lang='lat' dir='ltr'><strong>scietis</strong></span> 
     </span>
    </p>
   </div>
   <div class='ocr_carea' id='block_1_76' title="bbox 532 4829 2123 4904">
    <p class='ocr_par' dir='ltr' id='par_1_76' title="bbox 532 4829 2123 4904">
     <span class='ocr_line' id='line_1_76' title="bbox 532 4829 2123 4904; baseline 0.004 -20"><span class='ocrx_word' id='word_1_763' title='bbox 532 4847 555 4884; x_wconf 67' lang='grc' dir='ltr'><strong>ί</strong></span> <span class='ocrx_word' id='word_1_764' title='bbox 591 4832 723 4902; x_wconf 75' lang='lat' dir='ltr'><strong>quia</strong></span> <span class='ocrx_word' id='word_1_765' title='bbox 749 4846 850 4902; x_wconf 91' lang='lat' dir='ltr'><strong>ego</strong></span> <span class='ocrx_word' id='word_1_766' title='bbox 878 4829 1158 4893; x_wconf 91' lang='lat' dir='ltr'><strong>Dominus,</strong></span> <span class='ocrx_word' id='word_1_767' title='bbox 1207 4849 1227 4881; x_wconf 72' lang='grc' dir='ltr'><strong>ι</strong></span> <span class='ocrx_word' id='word_1_768' title='bbox 1259 4837 1363 4884; x_wconf 86' lang='lat' dir='ltr'><strong>etc.</strong></span> <span class='ocrx_word' id='word_1_769' title='bbox 1405 4829 1580 4900; x_wconf 87' lang='lat' dir='ltr'><strong>Supra</strong></span> <span class='ocrx_word' id='word_1_770' title='bbox 1621 4833 1688 4887; x_wconf 86' lang='lat' dir='ltr'><strong>ad</strong></span> <span class='ocrx_word' id='word_1_771' title='bbox 1717 4835 2014 4904; x_wconf 90' lang='lat' dir='ltr'><strong>prophetas</strong></span> <span class='ocrx_word' id='word_1_772' title='bbox 2040 4836 2123 4891; x_wconf 89' lang='lat' dir='ltr'><strong>di-</strong></span> 
     </span>
    </p>
   </div>
   <div class='ocr_carea' id='block_1_77' title="bbox 524 4918 2117 4995">
    <p class='ocr_par' dir='ltr' id='par_1_77' title="bbox 524 4918 2117 4995">
     <span class='ocr_line' id='line_1_77' title="bbox 524 4918 2117 4995; baseline 0.004 -19"><span class='ocrx_word' id='word_1_773' title='bbox 524 4926 689 4978; x_wconf 77' lang='lat' dir='ltr'><strong>vinus</strong></span> <span class='ocrx_word' id='word_1_774' title='bbox 718 4934 898 4976; x_wconf 87' lang='lat' dir='ltr'><strong>sermo</strong></span> <span class='ocrx_word' id='word_1_775' title='bbox 927 4918 1168 4971; x_wconf 89' lang='lat' dir='ltr'><strong>directus</strong></span> <span class='ocrx_word' id='word_1_776' title='bbox 1194 4928 1307 4981; x_wconf 86' lang='lat' dir='ltr'><strong>est,</strong></span> <span class='ocrx_word' id='word_1_777' title='bbox 1349 4922 1441 4987; x_wconf 89' lang='lat' dir='ltr'><strong>qui</strong></span> <span class='ocrx_word' id='word_1_778' title='bbox 1482 4923 1599 4977; x_wconf 90' lang='lat' dir='ltr'><strong>luto</strong></span> <span class='ocrx_word' id='word_1_779' title='bbox 1643 4922 1905 4979; x_wconf 89' lang='lat' dir='ltr'><strong>liniebant</strong></span> <span class='ocrx_word' id='word_1_780' title='bbox 1936 4927 2117 4995; x_wconf 89' lang='lat' dir='ltr'><strong>parie-</strong></span> 
     </span>
    </p>
   </div>
   <div class='ocr_carea' id='block_1_78' title="bbox 529 5009 2124 5088">
    <p class='ocr_par' dir='ltr' id='par_1_78' title="bbox 529 5009 2124 5088">
     <span class='ocr_line' id='line_1_78' title="bbox 529 5009 2124 5088; baseline 0.003 -17"><span class='ocrx_word' id='word_1_781' title='bbox 529 5026 667 5080; x_wconf 72' lang='lat' dir='ltr'><strong>tem,</strong></span> <span class='ocrx_word' id='word_1_782' title='bbox 723 5013 867 5083; x_wconf 90' lang='lat' dir='ltr'><strong>quod</strong></span> <span class='ocrx_word' id='word_1_783' title='bbox 908 5009 1091 5080; x_wconf 87' lang='lat' dir='ltr'><strong>paleas</strong></span> <span class='ocrx_word' id='word_1_784' title='bbox 1131 5024 1236 5064; x_wconf 93' lang='lat' dir='ltr'><strong>non</strong></span> <span class='ocrx_word' id='word_1_785' title='bbox 1287 5010 1549 5079; x_wconf 88' lang='lat' dir='ltr'><strong>haberet,</strong></span> <span class='ocrx_word' id='word_1_786' title='bbox 1592 5030 1694 5069; x_wconf 91' lang='lat' dir='ltr'><strong>nec</strong></span> <span class='ocrx_word' id='word_1_787' title='bbox 1730 5016 1900 5072; x_wconf 85' lang='lat' dir='ltr'><strong>ullum</strong></span> <span class='ocrx_word' id='word_1_788' title='bbox 1940 5028 2124 5088; x_wconf 88' lang='lat' dir='ltr'><strong>posset</strong></span> 
     </span>
    </p>
   </div>
   <div class='ocr_carea' id='block_1_79' title="bbox 2234 4633 3801 4717">
    <p class='ocr_par' dir='ltr' id='par_1_79' title="bbox 2234 4633 3801 4717">
     <span class='ocr_line' id='line_1_79' title="bbox 2234 4633 3801 4717; baseline 0.008 -28"><span class='ocrx_word' id='word_1_789' title='bbox 2234 4634 2473 4702; x_wconf 78' lang='lat' dir='ltr'><strong>terﬁcit,‘</strong></span> <span class='ocrx_word' id='word_1_790' title='bbox 2517 4636 2613 4693; x_wconf 90' lang='lat' dir='ltr'><strong>sed</strong></span> <span class='ocrx_word' id='word_1_791' title='bbox 2664 4633 3258 4711; x_wconf 20' lang='lat' dir='ltr'><strong>disrumpitrpulvillos</strong></span> <span class='ocrx_word' id='word_1_792' title='bbox 3286 4657 3514 4712; x_wconf 78' lang='lat' dir='ltr'><strong>earum,</strong></span> <span class='ocrx_word' id='word_1_793' title='bbox 3548 4646 3647 4717; x_wconf 80' lang='lat' dir='ltr'><strong>qui</strong></span> <span class='ocrx_word' id='word_1_794' title='bbox 3668 4648 3801 4701; x_wconf 66' lang='lat' dir='ltr'><strong>im</strong></span> 
     </span>
    </p>
   </div>
   <div class='ocr_carea' id='block_1_80' title="bbox 2232 4727 3798 4805">
    <p class='ocr_par' dir='ltr' id='par_1_80' title="bbox 2232 4727 3798 4805">
     <span class='ocr_line' id='line_1_80' title="bbox 2232 4727 3798 4805; baseline 0.008 -24"><span class='ocrx_word' id='word_1_795' title='bbox 2232 4727 2432 4782; x_wconf 89' lang='lat' dir='ltr'><strong>retium</strong></span> <span class='ocrx_word' id='word_1_796' title='bbox 2454 4727 2701 4784; x_wconf 86' lang='lat' dir='ltr'><strong>volantes</strong></span> <span class='ocrx_word' id='word_1_797' title='bbox 2721 4728 2943 4799; x_wconf 86' lang='lat' dir='ltr'><strong>capiunt</strong></span> <span class='ocrx_word' id='word_1_798' title='bbox 2985 4731 3219 4797; x_wconf 89' lang='lat' dir='ltr'><strong>animas,</strong></span> <span class='ocrx_word' id='word_1_799' title='bbox 3250 4742 3311 4788; x_wconf 92' lang='lat' dir='ltr'><strong>ut</strong></span> <span class='ocrx_word' id='word_1_800' title='bbox 3338 4745 3653 4805; x_wconf 81' lang='lat' dir='ltr'><strong>postquam</strong></span> <span class='ocrx_word' id='word_1_801' title='bbox 3695 4734 3798 4804; x_wconf 52' lang='grc' dir='ltr'>ιφ</span> 
     </span>
    </p>
   </div>
   <div class='ocr_carea' id='block_1_81' title="bbox 2229 4820 3800 4887">
    <p class='ocr_par' dir='ltr' id='par_1_81' title="bbox 2229 4820 3800 4887">
     <span class='ocr_line' id='line_1_81' title="bbox 2229 4820 3800 4887; baseline 0.006 -13"><span class='ocrx_word' id='word_1_802' title='bbox 2229 4820 2434 4877; x_wconf 86' lang='lat' dir='ltr'><strong>fuerint</strong></span> <span class='ocrx_word' id='word_1_803' title='bbox 2454 4821 2684 4887; x_wconf 86' lang='lat' dir='ltr'><strong>liberam</strong></span> <span class='ocrx_word' id='word_1_804' title='bbox 2711 4822 2927 4879; x_wconf 89' lang='lat' dir='ltr'><strong>volandi</strong></span> <span class='ocrx_word' id='word_1_805' title='bbox 2954 4822 3195 4880; x_wconf 88' lang='lat' dir='ltr'><strong>habeant</strong></span> <span class='ocrx_word' id='word_1_806' title='bbox 3220 4825 3581 4887; x_wconf 85' lang='lat' dir='ltr'><strong>facultatem.</strong></span> <span class='ocrx_word' id='word_1_807' title='bbox 3610 4829 3678 4885; x_wconf 78' lang='lat' dir='ltr'><strong>Et</strong></span> <span class='ocrx_word' id='word_1_808' title='bbox 3696 4826 3800 4884; x_wconf 54' lang='lat'><strong>95-</strong></span> 
     </span>
    </p>
   </div>
   <div class='ocr_carea' id='block_1_82' title="bbox 2206 4910 3801 4990">
    <p class='ocr_par' dir='ltr' id='par_1_82' title="bbox 2206 4910 3801 4990">
     <span class='ocr_line' id='line_1_82' title="bbox 2206 4910 3801 4990; baseline 0.007 -26"><span class='ocrx_word' id='word_1_809' title='bbox 2206 4910 2361 4965; x_wconf 84' lang='lat' dir='ltr'><strong>.dent</strong></span> <span class='ocrx_word' id='word_1_810' title='bbox 2389 4910 2660 4967; x_wconf 88' lang='lat' dir='ltr'><strong>velamina</strong></span> <span class='ocrx_word' id='word_1_811' title='bbox 2694 4911 2811 4968; x_wconf 90' lang='lat' dir='ltr'><strong>sive</strong></span> <span class='ocrx_word' id='word_1_812' title='bbox 2854 4912 3166 4981; x_wconf 86' lang='lat' dir='ltr'><strong>cervicalia,</strong></span> <span class='ocrx_word' id='word_1_813' title='bbox 3211 4916 3267 4971; x_wconf 92' lang='lat' dir='ltr'><strong>in</strong></span> <span class='ocrx_word' id='word_1_814' title='bbox 3296 4916 3504 4985; x_wconf 86' lang='lat' dir='ltr'><strong>quibus</strong></span> <span class='ocrx_word' id='word_1_815' title='bbox 3537 4916 3801 4990; x_wconf 52' lang='lat' dir='ltr'><strong>pm</strong></span> 
     </span>
    </p>
   </div>
   <div class='ocr_carea' id='block_1_83' title="bbox 2228 5000 3804 5081">
    <p class='ocr_par' dir='ltr' id='par_1_83' title="bbox 2228 5000 3804 5081">
     <span class='ocr_line' id='line_1_83' title="bbox 2228 5000 3804 5081; baseline 0.006 -26"><span class='ocrx_word' id='word_1_816' title='bbox 2228 5000 2424 5057; x_wconf 62' lang='lat' dir='ltr'><strong>anima;</strong></span> <span class='ocrx_word' id='word_1_817' title='bbox 2450 5003 2819 5067; x_wconf 87' lang='lat' dir='ltr'><strong>recumbebat,</strong></span> <span class='ocrx_word' id='word_1_818' title='bbox 2836 5011 2893 5059; x_wconf 92' lang='lat' dir='ltr'><strong>et</strong></span> <span class='ocrx_word' id='word_1_819' title='bbox 2905 5004 3105 5072; x_wconf 89' lang='lat' dir='ltr'><strong>quibus</strong></span> <span class='ocrx_word' id='word_1_820' title='bbox 3114 5005 3475 5076; x_wconf 85' lang='lat' dir='ltr'><strong>deceptorum</strong></span> <span class='ocrx_word' id='word_1_821' title='bbox 3494 5012 3693 5081; x_wconf 84' lang='lat' dir='ltr'><strong>capita</strong></span> <span class='ocrx_word' id='word_1_822' title='bbox 3705 5023 3804 5077; x_wconf 69' lang='lat' dir='ltr'><strong>ope</strong></span> 
     </span>
    </p>
   </div>
   <div class='ocr_carea' id='block_1_84' title="bbox 526 5089 2129 5176">
    <p class='ocr_par' dir='ltr' id='par_1_84' title="bbox 526 5097 2122 5176">
     <span class='ocr_line' id='line_1_84' title="bbox 526 5097 2122 5176; baseline 0.005 -18"><span class='ocrx_word' id='word_1_823' title='bbox 526 5103 725 5176; x_wconf 69' lang='lat' dir='ltr'><strong>parieti</strong></span> <span class='ocrx_word' id='word_1_824' title='bbox 749 5104 863 5157; x_wconf 90' lang='lat' dir='ltr'><strong>sive</strong></span> <span class='ocrx_word' id='word_1_825' title='bbox 889 5097 1140 5153; x_wconf 78' lang='lat' dir='ltr'><strong>maceria:</strong></span> <span class='ocrx_word' id='word_1_826' title='bbox 1181 5099 1348 5154; x_wconf 90' lang='lat' dir='ltr'><strong>robur</strong></span> <span class='ocrx_word' id='word_1_827' title='bbox 1379 5101 1637 5157; x_wconf 86' lang='lat' dir='ltr'><strong>tribuere.</strong></span> <span class='ocrx_word' id='word_1_828' title='bbox 1668 5103 1820 5161; x_wconf 83' lang='lat' dir='ltr'><strong>Nunc</strong></span> <span class='ocrx_word' id='word_1_829' title='bbox 1862 5108 2122 5166; x_wconf 89' lang='lat' dir='ltr'><strong>adversus</strong></span> 
     </span>
    </p>
   </div>
   <div class='ocr_carea' id='block_1_85' title="bbox 2229 5089 3803 5176">
    <p class='ocr_par' dir='ltr' id='par_1_85' title="bbox 2229 5089 3803 5170">
     <span class='ocr_line' id='line_1_85' title="bbox 2229 5089 3803 5170; baseline 0.008 -25"><span class='ocrx_word' id='word_1_830' title='bbox 2229 5089 2529 5146; x_wconf 87' lang='lat' dir='ltr'><strong>riebantur.</strong></span> <span class='ocrx_word' id='word_1_831' title='bbox 2583 5089 2722 5148; x_wconf 87' lang='lat' dir='ltr'><strong>Cum</strong></span> <span class='ocrx_word' id='word_1_832' title='bbox 2762 5093 3054 5164; x_wconf 87' lang='lat' dir='ltr'><strong>Apostolus</strong></span> <span class='ocrx_word' id='word_1_833' title='bbox 3110 5096 3305 5153; x_wconf 86' lang='lat' dir='ltr'><strong>doceat</strong></span> <span class='ocrx_word' id='word_1_834' title='bbox 3335 5098 3599 5157; x_wconf 80' lang='lat' dir='ltr'><strong>virorum</strong></span> <span class='ocrx_word' id='word_1_835' title='bbox 3656 5100 3803 5170; x_wconf 59' lang='lat' dir='ltr'><strong>capiti</strong></span> 
     </span>
    </p>
   </div>
   <div class='ocr_carea' id='block_1_86' title="bbox 528 5190 2118 5271">
    <p class='ocr_par' dir='ltr' id='par_1_86' title="bbox 528 5190 2118 5271">
     <span class='ocr_line' id='line_1_86' title="bbox 528 5190 2118 5271; baseline 0.003 -19"><span class='ocrx_word' id='word_1_836' title='bbox 528 5198 671 5252; x_wconf 78' lang='lat' dir='ltr'><strong>tilias</strong></span> <span class='ocrx_word' id='word_1_837' title='bbox 715 5192 1300 5265; x_wconf 65' lang='lat' dir='ltr'><strong>populi&#39;prophetissas</strong></span> <span class='ocrx_word' id='word_1_838' title='bbox 1332 5190 1555 5261; x_wconf 90' lang='lat' dir='ltr'><strong>jubetur</strong></span> <span class='ocrx_word' id='word_1_839' title='bbox 1588 5194 1785 5251; x_wconf 84' lang='lat' dir='ltr'><strong>faciem</strong></span> <span class='ocrx_word' id='word_1_840' title='bbox 1827 5213 1979 5255; x_wconf 89' lang='lat' dir='ltr'><strong>suam</strong></span> <span class='ocrx_word' id='word_1_841' title='bbox 2018 5212 2118 5271; x_wconf 90' lang='lat' dir='ltr'><strong>po-</strong></span> 
     </span>
    </p>
   </div>
   <div class='ocr_carea' id='block_1_87' title="bbox 530 5282 2117 5360">
    <p class='ocr_par' dir='ltr' id='par_1_87' title="bbox 530 5282 2117 5360">
     <span class='ocr_line' id='line_1_87' title="bbox 530 5282 2117 5360; baseline 0.004 -17"><span class='ocrx_word' id='word_1_842' title='bbox 530 5301 661 5343; x_wconf 75' lang='lat' dir='ltr'><strong>nere</strong></span> <span class='ocrx_word' id='word_1_843' title='bbox 696 5284 810 5341; x_wconf 91' lang='lat' dir='ltr'><strong>sive</strong></span> <span class='ocrx_word' id='word_1_844' title='bbox 835 5282 1097 5354; x_wconf 85' lang='lat' dir='ltr'><strong>dirigere,</strong></span> <span class='ocrx_word' id='word_1_845' title='bbox 1134 5292 1189 5337; x_wconf 92' lang='lat' dir='ltr'><strong>et</strong></span> <span class='ocrx_word' id='word_1_846' title='bbox 1222 5291 1282 5337; x_wconf 91' lang='lat' dir='ltr'><strong>ut</strong></span> <span class='ocrx_word' id='word_1_847' title='bbox 1314 5282 1670 5357; x_wconf 89' lang='lat' dir='ltr'><strong>Septuaginta</strong></span> <span class='ocrx_word' id='word_1_848' title='bbox 1690 5290 2117 5360; x_wconf 86' lang='lat' dir='ltr'><strong>transtulerunt,</strong></span> 
     </span>
    </p>
   </div>
   <div class='ocr_carea' id='block_1_88' title="bbox 534 5373 2117 5452">
    <p class='ocr_par' dir='ltr' id='par_1_88' title="bbox 534 5373 2117 5452">
     <span class='ocr_line' id='line_1_88' title="bbox 534 5373 2117 5452; baseline 0.004 -18"><span class='ocrx_word' id='word_1_849' title='bbox 534 5401 551 5433; x_wconf 65' lang='lat'>4</span> <span class='ocrx_word' id='word_1_850' title='bbox 592 5376 904 5434; x_wconf 86' lang='lat' dir='ltr'><strong>obﬁrmare.</strong></span> <span class='ocrx_word' id='word_1_851' title='bbox 939 5393 958 5427; x_wconf 74' lang='grc' dir='ltr'><strong>ι</strong></span> <span class='ocrx_word' id='word_1_852' title='bbox 991 5373 1482 5442; x_wconf 84' lang='lat' dir='ltr'><strong>Quomodoautem</strong></span> <span class='ocrx_word' id='word_1_853' title='bbox 1508 5376 1797 5434; x_wconf 90' lang='lat' dir='ltr'><strong>adversum</strong></span> <span class='ocrx_word' id='word_1_854' title='bbox 1822 5381 2117 5452; x_wconf 89' lang='lat' dir='ltr'><strong>prophetas</strong></span> 
     </span>
    </p>
   </div>
   <div class='ocr_carea' id='block_1_89' title="bbox 530 5463 2118 5543">
    <p class='ocr_par' dir='ltr' id='par_1_89' title="bbox 530 5463 2118 5543">
     <span class='ocr_line' id='line_1_89' title="bbox 530 5463 2118 5543; baseline 0.004 -18"><span class='ocrx_word' id='word_1_855' title='bbox 530 5469 623 5526; x_wconf 80' lang='lat' dir='ltr'><strong>alii</strong></span> <span class='ocrx_word' id='word_1_856' title='bbox 654 5464 1132 5538; x_wconf 63' lang='lat' dir='ltr'><strong>pseudoprophetaz</strong></span> <span class='ocrx_word' id='word_1_857' title='bbox 1170 5463 1576 5535; x_wconf 86' lang='lat' dir='ltr'><strong>inspirabantur</strong></span> <span class='ocrx_word' id='word_1_858' title='bbox 1612 5469 1879 5528; x_wconf 89' lang='lat' dir='ltr'><strong>diabolico</strong></span> <span class='ocrx_word' id='word_1_859' title='bbox 1923 5474 2118 5543; x_wconf 86' lang='lat' dir='ltr'><strong>spiritu</strong></span> 
     </span>
    </p>
   </div>
   <div class='ocr_carea' id='block_1_90' title="bbox 533 5556 2117 5635">
    <p class='ocr_par' dir='ltr' id='par_1_90' title="bbox 533 5556 2117 5635">
     <span class='ocr_line' id='line_1_90' title="bbox 533 5556 2117 5635; baseline -0.001 -18"><span class='ocrx_word' id='word_1_860' title='bbox 533 5572 592 5616; x_wconf 84' lang='lat' dir='ltr'><strong>ut</strong></span> <span class='ocrx_word' id='word_1_861' title='bbox 616 5559 709 5616; x_wconf 90' lang='lat' dir='ltr'><strong>Dei</strong></span> <span class='ocrx_word' id='word_1_862' title='bbox 737 5556 988 5613; x_wconf 87' lang='lat' dir='ltr'><strong>mandata</strong></span> <span class='ocrx_word' id='word_1_863' title='bbox 1022 5557 1422 5623; x_wconf 88' lang='lat' dir='ltr'><strong>subverterent,</strong></span> <span class='ocrx_word' id='word_1_864' title='bbox 1450 5559 1523 5613; x_wconf 88' lang='lat' dir='ltr'><strong>ita</strong></span> <span class='ocrx_word' id='word_1_865' title='bbox 1552 5560 1838 5618; x_wconf 86' lang='lat' dir='ltr'><strong>adversum</strong></span> <span class='ocrx_word' id='word_1_866' title='bbox 1884 5567 2117 5635; x_wconf 80' lang='lat' dir='ltr'><strong>prophe-</strong></span> 
     </span>
    </p>
   </div>
   <div class='ocr_carea' id='block_1_91' title="bbox 536 5647 2117 5723">
    <p class='ocr_par' dir='ltr' id='par_1_91' title="bbox 536 5647 2117 5723">
     <span class='ocr_line' id='line_1_91' title="bbox 536 5647 2117 5723; baseline 0.002 -14"><span class='ocrx_word' id='word_1_867' title='bbox 536 5654 726 5717; x_wconf 86' lang='lat' dir='ltr'><strong>tissas,</strong></span> <span class='ocrx_word' id='word_1_868' title='bbox 763 5649 937 5719; x_wconf 89' lang='lat' dir='ltr'><strong>qualis</strong></span> <span class='ocrx_word' id='word_1_869' title='bbox 981 5648 1081 5701; x_wconf 92' lang='lat' dir='ltr'><strong>fuit</strong></span> <span class='ocrx_word' id='word_1_870' title='bbox 1120 5647 1327 5703; x_wconf 88' lang='lat' dir='ltr'><strong>Debora</strong></span> <span class='ocrx_word' id='word_1_871' title='bbox 1364 5649 1578 5721; x_wconf 72' lang='lat' dir='ltr'><strong>(ludia.</strong></span> <span class='ocrx_word' id='word_1_872' title='bbox 1606 5652 1709 5722; x_wconf 88' lang='lat' dir='ltr'><strong>v),</strong></span> <span class='ocrx_word' id='word_1_873' title='bbox 1742 5664 1797 5709; x_wconf 91' lang='lat' dir='ltr'><strong>et</strong></span> <span class='ocrx_word' id='word_1_874' title='bbox 1833 5654 1967 5711; x_wconf 91' lang='lat' dir='ltr'><strong>Olda</strong></span> <span class='ocrx_word' id='word_1_875' title='bbox 1994 5656 2117 5723; x_wconf 70' lang='grc' dir='ltr'><strong>»(ιν</strong></span> 
     </span>
    </p>
   </div>
   <div class='ocr_carea' id='block_1_92' title="bbox 532 5738 2118 5821">
    <p class='ocr_par' dir='ltr' id='par_1_92' title="bbox 532 5738 2118 5821">
     <span class='ocr_line' id='line_1_92' title="bbox 532 5738 2118 5821; baseline -0.007 -17"><span class='ocrx_word' id='word_1_876' title='bbox 532 5747 659 5821; x_wconf 71' lang='lat' dir='ltr'><strong>Reg.</strong></span> <span class='ocrx_word' id='word_1_877' title='bbox 694 5743 859 5819; x_wconf 68' lang='grc' dir='ltr'>χιιι),</span> <span class='ocrx_word' id='word_1_878' title='bbox 893 5741 1029 5799; x_wconf 89' lang='lat' dir='ltr'><strong>etin</strong></span> <span class='ocrx_word' id='word_1_879' title='bbox 1051 5738 1277 5799; x_wconf 82' lang='lat' dir='ltr'><strong>Actibus</strong></span> <span class='ocrx_word' id='word_1_880' title='bbox 1303 5741 1670 5811; x_wconf 86' lang='lat' dir='ltr'><strong>apostolorum</strong></span> <span class='ocrx_word' id='word_1_881' title='bbox 1697 5742 1925 5817; x_wconf 87' lang='lat' dir='ltr'><strong>Philippi</strong></span> <span class='ocrx_word' id='word_1_882' title='bbox 1952 5760 2118 5808; x_wconf 79' lang='lat' dir='ltr'><strong>evan.</strong></span> 
     </span>
    </p>
   </div>
   <div class='ocr_carea' id='block_1_93' title="bbox 2200 5182 3807 5258">
    <p class='ocr_par' dir='ltr' id='par_1_93' title="bbox 2200 5182 3807 5258">
     <span class='ocr_line' id='line_1_93' title="bbox 2200 5182 3807 5258; baseline 0.004 -18"><span class='ocrx_word' id='word_1_883' title='bbox 2200 5196 2334 5241; x_wconf 86' lang='lat' dir='ltr'><strong>non</strong></span> <span class='ocrx_word' id='word_1_884' title='bbox 2390 5182 2663 5250; x_wconf 38' lang='lat' dir='ltr'><strong>velanda,»</strong></span> <span class='ocrx_word' id='word_1_885' title='bbox 2697 5185 2791 5241; x_wconf 90' lang='lat' dir='ltr'><strong>sed</strong></span> <span class='ocrx_word' id='word_1_886' title='bbox 2840 5186 3080 5244; x_wconf 87' lang='lat' dir='ltr'><strong>revelata</strong></span> <span class='ocrx_word' id='word_1_887' title='bbox 3132 5187 3273 5245; x_wconf 89' lang='lat' dir='ltr'><strong>faeie</strong></span> <span class='ocrx_word' id='word_1_888' title='bbox 3325 5189 3571 5258; x_wconf 79' lang='lat' dir='ltr'><strong>gloriam</strong></span> <span class='ocrx_word' id='word_1_889' title='bbox 3622 5190 3807 5249; x_wconf 67' lang='lat' dir='ltr'><strong>Doni</strong></span> 
     </span>
    </p>
   </div>
   <div class='ocr_carea' id='block_1_94' title="bbox 2223 5276 3809 5351">
    <p class='ocr_par' dir='ltr' id='par_1_94' title="bbox 2223 5276 3809 5351">
     <span class='ocr_line' id='line_1_94' title="bbox 2223 5276 3809 5351; baseline 0.004 -19"><span class='ocrx_word' id='word_1_890' title='bbox 2223 5276 2717 5346; x_wconf 86' lang='lat' dir='ltr'><strong>contemplandam.</strong></span> <span class='ocrx_word' id='word_1_891' title='bbox 2749 5277 2859 5334; x_wconf 86' lang='lat' dir='ltr'><strong>Vos</strong></span> <span class='ocrx_word' id='word_1_892' title='bbox 2882 5278 3049 5346; x_wconf 88' lang='lat' dir='ltr'><strong>enim,</strong></span> <span class='ocrx_word' id='word_1_893' title='bbox 3093 5279 3285 5351; x_wconf 85' lang='lat' dir='ltr'><strong>inquit,</strong></span> <span class='ocrx_word' id='word_1_894' title='bbox 3324 5280 3486 5338; x_wconf 87' lang='lat' dir='ltr'><strong>falsis</strong></span> <span class='ocrx_word' id='word_1_895' title='bbox 3522 5285 3809 5341; x_wconf 63' lang='lat' dir='ltr'><strong>terror-ib.</strong></span> 
     </span>
    </p>
   </div>
   <div class='ocr_carea' id='block_1_95' title="bbox 2193 5365 3805 5443">
    <p class='ocr_par' dir='ltr' id='par_1_95' title="bbox 2193 5365 3805 5443">
     <span class='ocr_line' id='line_1_95' title="bbox 2193 5365 3805 5443; baseline 0.007 -24"><span class='ocrx_word' id='word_1_896' title='bbox 2193 5414 2198 5419; x_wconf 92' lang='lat'><strong>.</strong></span> <span class='ocrx_word' id='word_1_897' title='bbox 2221 5366 2579 5423; x_wconf 84' lang='lat' dir='ltr'><strong>servientium</strong></span> <span class='ocrx_word' id='word_1_898' title='bbox 2628 5365 2744 5424; x_wconf 90' lang='lat' dir='ltr'><strong>Deo</strong></span> <span class='ocrx_word' id='word_1_899' title='bbox 2789 5367 3001 5425; x_wconf 90' lang='lat' dir='ltr'><strong>animos</strong></span> <span class='ocrx_word' id='word_1_900' title='bbox 3021 5367 3382 5441; x_wconf 84' lang='lat' dir='ltr'><strong>frangebatis,</strong></span> <span class='ocrx_word' id='word_1_901' title='bbox 3410 5381 3470 5428; x_wconf 93' lang='lat' dir='ltr'><strong>et</strong></span> <span class='ocrx_word' id='word_1_902' title='bbox 3495 5372 3805 5443; x_wconf 53' lang='lat' dir='ltr'><strong>promisse</strong></span> 
     </span>
    </p>
   </div>
   <div class='ocr_carea' id='block_1_96' title="bbox 2223 5456 3808 5530">
    <p class='ocr_par' dir='ltr' id='par_1_96' title="bbox 2223 5456 3808 5530">
     <span class='ocr_line' id='line_1_96' title="bbox 2223 5456 3808 5530; baseline 0.006 -20"><span class='ocrx_word' id='word_1_903' title='bbox 2223 5456 2384 5513; x_wconf 87' lang='lat' dir='ltr'><strong>nibus</strong></span> <span class='ocrx_word' id='word_1_904' title='bbox 2436 5457 2800 5515; x_wconf 83' lang='lat' dir='ltr'><strong>fraudulentis</strong></span> <span class='ocrx_word' id='word_1_905' title='bbox 2848 5457 3048 5530; x_wconf 79' lang='lat' dir='ltr'><strong>itupios</strong></span> <span class='ocrx_word' id='word_1_906' title='bbox 3099 5460 3372 5517; x_wconf 85' lang='lat' dir='ltr'><strong>tenebatis</strong></span> <span class='ocrx_word' id='word_1_907' title='bbox 3434 5462 3717 5530; x_wconf 72' lang='lat' dir='ltr'><strong>inclusos,</strong></span> <span class='ocrx_word' id='word_1_908' title='bbox 3758 5481 3808 5519; x_wconf 74' lang='lat' dir='ltr'><strong>ac</strong></span> 
     </span>
    </p>
   </div>
   <div class='ocr_carea' id='block_1_97' title="bbox 2224 5550 3811 5630">
    <p class='ocr_par' dir='ltr' id='par_1_97' title="bbox 2224 5550 3811 5630">
     <span class='ocr_line' id='line_1_97' title="bbox 2224 5550 3811 5630; baseline 0.007 -26"><span class='ocrx_word' id='word_1_909' title='bbox 2224 5558 2447 5616; x_wconf 81' lang='lat' dir='ltr'><strong>agentes</strong></span> <span class='ocrx_word' id='word_1_910' title='bbox 2473 5550 2872 5622; x_wconf 73' lang='lat' dir='ltr'><strong>pmnitentiam,</strong></span> <span class='ocrx_word' id='word_1_911' title='bbox 2909 5553 3078 5607; x_wconf 83' lang='lat' dir='ltr'><strong>vitam</strong></span> <span class='ocrx_word' id='word_1_912' title='bbox 3104 5553 3413 5622; x_wconf 86' lang='lat' dir='ltr'><strong>reciperent</strong></span> <span class='ocrx_word' id='word_1_913' title='bbox 3436 5571 3622 5626; x_wconf 82' lang='lat' dir='ltr'><strong>quam</strong></span> <span class='ocrx_word' id='word_1_914' title='bbox 3652 5556 3811 5630; x_wconf 60' lang='lat' dir='ltr'><strong>peri-</strong></span> 
     </span>
    </p>
   </div>
   <div class='ocr_carea' id='block_1_98' title="bbox 2188 5643 3815 5716">
    <p class='ocr_par' dir='ltr' id='par_1_98' title="bbox 2188 5643 3815 5716">
     <span class='ocr_line' id='line_1_98' title="bbox 2188 5643 3815 5716; baseline 0.012 -27"><span class='ocrx_word' id='word_1_915' title='bbox 2188 5688 2195 5689; x_wconf 61' lang='lat'><strong><em>,</em></strong></span> <span class='ocrx_word' id='word_1_916' title='bbox 2221 5643 2434 5705; x_wconf 77' lang='lat' dir='ltr'><strong>derant,</strong></span> <span class='ocrx_word' id='word_1_917' title='bbox 2458 5649 2748 5710; x_wconf 74' lang='lat' dir='ltr'><strong>propterea</strong></span> <span class='ocrx_word' id='word_1_918' title='bbox 2785 5656 2955 5698; x_wconf 87' lang='lat' dir='ltr'><strong>vanas</strong></span> <span class='ocrx_word' id='word_1_919' title='bbox 2982 5658 3332 5716; x_wconf 83' lang='lat' dir='ltr'><strong>nequaquam</strong></span> <span class='ocrx_word' id='word_1_920' title='bbox 3363 5647 3641 5707; x_wconf 83' lang='lat' dir='ltr'><strong>videbitis</strong></span> <span class='ocrx_word' id='word_1_921' title='bbox 3663 5652 3815 5707; x_wconf 69' lang='lat' dir='ltr'><strong>visib-</strong></span> 
     </span>
    </p>
   </div>
   <div class='ocr_carea' id='block_1_99' title="bbox 2186 5732 3818 5819">
    <p class='ocr_par' dir='ltr' id='par_1_99' title="bbox 2186 5732 3818 5819">
     <span class='ocr_line' id='line_1_99' title="bbox 2186 5732 3818 5819; baseline 0.006 -29"><span class='ocrx_word' id='word_1_922' title='bbox 2186 5747 2335 5802; x_wconf 86' lang='lat' dir='ltr'><strong>-nes,</strong></span> <span class='ocrx_word' id='word_1_923' title='bbox 2381 5747 2482 5800; x_wconf 77' lang='lat' dir='ltr'><strong>nec</strong></span> <span class='ocrx_word' id='word_1_924' title='bbox 2514 5732 2717 5792; x_wconf 87' lang='lat' dir='ltr'><strong>vocabo</strong></span> <span class='ocrx_word' id='word_1_925' title='bbox 2761 5743 2943 5795; x_wconf 86' lang='lat' dir='ltr'><strong>vestra</strong></span> <span class='ocrx_word' id='word_1_926' title='bbox 2974 5738 3285 5811; x_wconf 80' lang='lat' dir='ltr'><strong>mendacia</strong></span> <span class='ocrx_word' id='word_1_927' title='bbox 3328 5741 3689 5819; x_wconf 55' lang='lat' dir='ltr'><strong>prophetia,</strong></span> <span class='ocrx_word' id='word_1_928' title='bbox 3732 5742 3818 5799; x_wconf 69' lang='lat' dir='ltr'><strong>sed</strong></span> 
     </span>
    </p>
   </div>
  </div>
