3938 6360
138 381 235 440 657

1089 382 1441 442 COMMENT.
1479 378 1548 439 IN
1587 379 2037 439 EZECHIELEM.
2076 414 2145 425 —
2185 384 2308 442 LIB.
2348 385 2432 443 VI.

3285 390 3390 450 658

134 500 510 558 divinationes.
542 496 620 555 De
640 496 837 569 quibus
859 498 1120 570 scriptum
1142 508 1264 555 est:
1300 516 1319 550 ι
1359 494 1475 553 Νοη
1503 504 1588 553 est
1609 513 1707 552 au—
1730 497 1786 559 Λ
1809 496 1903 551 sed
1930 507 1990 552 ut
2014 495 2358 573 dilectionem
2385 515 2561 569 suam,
2596 503 2752 575 quasi
2792 504 3079 575 quamdam
3122 507 3267 562 viam
3303 504 3393 564 fa-

132 593 345 664 gurium
395 592 451 647 in
507 588 698 655 Iacob,
748 604 850 645 nec
905 589 1165 646 divinatio
1211 589 1266 645 in
1319 590 1483 645 Israel
1514 589 1706 663 (Num.

132 682 312 755 χχιιι).
342 702 362 736 ι
394 699 413 733 ι
444 681 517 738 Ut
542 694 728 759 eruam
754 680 1011 751 populum
1035 695 1216 736 meum
1245 680 1312 737 de
1337 681 1589 738 manibus
1610 695 1707 736 ve-

129 776 280 843 stris,
298 782 355 831 ut
373 780 538 846 opere“
560 776 899 847 cognoscatis
911 789 999 831 me
1017 791 1138 833 esse
1153 775 1461 843 Dominum,
1475 775 1566 846 qui
1586 790 1709 847 per-

127 860 272 923 ditos
289 862 509 923 liberavi
528 860 731 939 [στερη
747 867 811 922 de
834 865 976 921 Cura
997 869 1275 938 pastorali,
1299 886 1353 941 p.
1370 885 1564 939 u,cap.
1580 867 1658 940 8].
1681 888 1701 922 δ

127 955 268 1024 Quia
296 958 552 1014 nimirum
594 971 750 1014 amor
782 958 1033 1029 proprius
1056 973 1178 1014 cum
1211 956 1440 1015 rectbris
1465 966 1707 1014 mentem

131 1051 376 1120 Ceperit,
421 1049 711 1121 aliquando
740 1052 882 1106 hanc
915 1049 1222 1107 inordinate
1277 1051 1344 1106 ad
1396 1050 1704 1116 mollitiem,

127 1130 416 1211 aliquando
442 1155 573 1198 vero
609 1136 680 1198 ad
703 1141 1054 1214 asperitatem
1099 1143 1260 1213 rapit.
1293 1143 1371 1197 Ex
1402 1156 1587 1198 amore
1618 1148 1703 1197 et-

122 1230 273 1290 e'nim
309 1242 407 1291 suo
452 1251 607 1293 meus
653 1238 883 1294 rectoris
910 1238 965 1292 in
990 1236 1272 1292 mollitiem
1301 1234 1551 1303 vertitur,
1577 1234 1706 1305 quia

80 1320 99 1331 “’
122 1316 254 1381 cum
278 1334 567 1403 peccantes
609 1326 852 1384 subditos
885 1328 1125 1399 respicit,
1181 1343 1247 1381 ne
1281 1343 1406 1399 erga
1434 1328 1581 1382 hunc
1607 1342 1702 1382 eo-

118 1424 248 1472 rum
276 1408 489 1474 dilectio
509 1425 745 1489 torpeat,
767 1419 1044 1489 corripere
1080 1435 1186 1473 nou
1217 1419 1518 1488 praesumit.
1552 1416 1702 1472 Non-

118 1522 401 1579 nunquam
450 1526 583 1567 vero
628 1519 812 1567 errata
862 1512 1222 1575 subditorum,
1273 1527 1393 1582 quae
1422 1512 1703 1580 increpare
1762 1574 1765 1579 λ

72 1592 385 1656 "debuerat
441 1602 840 1659 adulationibus
895 1602 1184 1658 demulcet.
1242 1602 1396 1658 Unde
1431 1616 1529 1671 per
1564 1602 1701 1657 Pro-
1744 1670 1749 1674 ⁸

106 1689 614 1766 phetamdicitur;
645 1713 665 1747 ‹
715 1696 809 1751 Vae
830 1693 933 1760 bis,
981 1696 1073 1765 qui
1137 1702 1406 1750 consuunt
1451 1695 1703 1766 pulvillos

104 1770 225 1837 sub
251 1762 398 1839 omni
440 1785 635 1841 'cubito
673 1800 885 1850 manus,
929 1794 985 1840 et
1034 1785 1240 1841 faciunt
1286 1785 1569 1842 cervicalia
1602 1788 1702 1841 sub

1812 590 1979 655 ciant,
2006 604 2292 665 perquam
2319 594 2480 648 corda
2529 594 2859 650 audientium
2887 598 2954 652 ad
2986 612 3226 654 amorem
3251 615 3389 658 cou-

1812 682 2000 738 ditoris
2050 684 2416 739 introducant.
2471 683 2697 741 Dillicile
2746 688 2948 758 quippe
3003 698 3106 755 est,
3135 699 3197 745 ut
3222 693 3391 749 etiam

1810 774 2103 844 quamlibet
2128 783 2276 831 recta
2304 777 2645 839 denuntians
2680 777 3001 849 praedicator
3037 782 3129 852 qui
3164 798 3273 840 non
3302 785 3394 840 di-

1810 862 1992 936 ligitur
2020 865 2252 923 libenter
2280 868 2549 923 audiatur.
2583 870 2754 926 Debet
2780 885 2930 942 ergo,
2974 874 3067 942 qui
3093 882 3394 945 praeest,et

1809 957 2025 1013 studere
2051 973 2110 1013 se
2135 959 2309 1031 diligi,
2358 968 2625 1031 quatenus
2672 966 2846 1033 possit
2886 964 3082 1021 audiri.
3111 965 3179 1021 Et
3207 975 3393 1025 tamen

1807 1064 2050 1108 amorem
2077 1069 2236 1110 suum
2254 1071 2353 1126 pro
2381 1058 2674 1128 semetipso
2699 1073 2808 1113 non
2835 1073 3099 1127 quaerere,
3132 1074 3204 1116 ne
3232 1061 3394 1120 iuve-

1806 1142 1989 1200 niatur
2026 1146 2093 1210 ei,
2138 1148 2225 1203 cui
2258 1148 2467 1204 servire
2485 1163 2584 1219 per
2610 1147 2844 1205 oﬂicium
2883 1150 3147 1217 cernitur,
3176 1149 3396 1207 occulta

1807 1237 2148 1308 cogitationis
2192 1241 2476 1311 tyrannide
2507 1240 2793 1296 resultare.
2835 1239 2990 1308 Quod
3022 1241 3161 1298 bene
3186 1238 3394 1299 Paulus

1805 1327 2064 1395 insinuat,
2100 1345 2224 1385 cum
2279 1331 2360 1386 sui
2412 1331 2567 1386 nobis
2618 1332 2780 1387 studii
2806 1333 3020 1388 occulta
3051 1333 3394 1403 manifestat.

1803 1416 2028 1474 dicens:
2067 1439 2086 1471 ι
2134 1419 2287 1476 Sicut
2336 1429 2391 1477 et
2420 1437 2519 1492 ego
2568 1437 2665 1492 per
2691 1423 2875 1479 omnia
2923 1425 3176 1480 omnibus
3200 1424 3395 1495 placeo

1804 1508 1859 1580 (1
1895 1508 2018 1563 Cor.
2066 1510 2147 1582 ι).
2178 1531 2196 1564 ι
2224 1511 2324 1578 Qui
2380 1520 2560 1567 tamen
2606 1528 2795 1570 rursus
2846 1516 3012 1571 dicit:
3050 1536 3070 1570 ι
3104 1517 3164 1574 Si
3194 1519 3394 1575 adhuc

1803 1600 2112 1656 hominibus
2138 1601 2428 1672 placerem,
2459 1603 2661 1659 Christi
2688 1620 2879 1661 servus
2899 1622 3006 1677 non
3035 1621 3213 1662 essem
3240 1607 3389 1679 (Gal.

1803 1691 1864 1763 ι).
1906 1711 1923 1743 ›
1956 1692 2139 1748 Placet
2191 1707 2321 1764 ergo
2376 1693 2598 1760 Paulus,
2656 1706 2711 1750 et
2759 1711 2867 1751 non
2913 1696 3111 1767 placet.
3138 1699 3289 1773 quia
3330 1698 3391 1754 in

1803 1798 1890 1848 eo,
1914 1784 2057 1854 quod
2091 1785 2306 1854 placere
2338 1787 2561 1857 appetit,
2608 1803 2715 1842 non
2748 1805 2826 1856 se,
2859 1790 2953 1845 sed
2997 1805 3096 1860 per
3120 1805 3180 1846 se
3208 1790 3392 1847 homi—

101 1874 299 1943 capite
326 1877 591 1934 universae
619 1879 817 1945 aetatis,
842 1880 909 1935 ad
938 1879 1227 1949 capiendas
1259 1880 1491 1935 animas.
1528 1898 1547 1932 ι
1582 1878 1703 1934 Pul—
1731 1860 1779 1920 Β
1808 1874 1968 1930 nibus
2000 1875 2215 1946 placere
2238 1877 2523 1933 veritatem
2560 1880 2771 1949 quzerit.

100 1962 275 2021 villos
326 1968 523 2039 quippe
567 1971 668 2024 sub
723 1971 874 2025 omni
910 1970 1094 2026 cubito
1153 1986 1346 2026 manus
1392 1984 1594 2041 ponere
1621 1979 1706 2025 est

105 2054 373 2113 cadentes
398 2074 430 2114 a
459 2068 556 2115 Sua
601 2062 927 2118 rectitudine
985 2063 1197 2118 animas
1250 2070 1413 2132 atque
1455 2064 1510 2118 in
1545 2061 1703 2132 hujus

72 2144 303 2205 "mundi
327 2158 387 2206 se
406 2142 702 2210 dilectione
724 2155 1050 2210 reclinantes
1070 2153 1269 2210 blanda
1282 2154 1593 2211 adulatione
1617 2169 1703 2210 re-

105 2238 318 2298 f0vere.
356 2240 524 2311 Quasi
569 2246 713 2301 enim
742 2245 962 2315 pulvillo
1012 2244 1226 2302 cubitus
1280 2245 1364 2301 vel
1418 2245 1701 2302 cervicali-

102 2321 218 2388 bus
239 2343 399 2404 caput
417 2334 652 2404 jacentis
677 2338 967 2409 excipitur,
1000 2354 1124 2395 cum
1149 2339 1513 2409 correptionis
1544 2339 1698 2394 duri-

74 2420 195 2479 ‘tia
248 2426 495 2495 peccanti
552 2428 910 2495 subtrahitur,
964 2429 1122 2500 eique
1187 2430 1444 2486 mollities
1500 2430 1703 2488 favoris

80 2516 428 2585 "adhibetur,
455 2527 516 2574 ut
542 2520 598 2574 in
625 2533 813 2577 errore
861 2521 1101 2577 molliter
1129 2521 1331 2592 jaceat,
1367 2538 1527 2593 quem
1555 2523 1701 2578 nulla

96 2610 373 2680 asperitas
426 2613 871 2669 contradictionis
922 2614 1119 2685 pulsat,
1182 2616 1277 2672 sed
1307 2617 1424 2671 haec
1459 2625 1701 2673 rectores

96 2690 203 2771 qui
235 2703 553 2774 semetipsos
581 2704 845 2775 diligunt,
867 2706 953 2761 his
988 2705 1179 2776 procul
1225 2707 1387 2763 dubio
1414 2708 1694 2775 exhibent,

70 2790 137 2847 ‘a
168 2793 366 2864 quibus
394 2809 453 2850 se
478 2796 664 2852 neceri
690 2811 851 2867 posse
880 2797 943 2851 in’
964 2797 1143 2853 studio
1174 2797 1359 2869 gloriae
1381 2799 1696 2870 temporalis

90 2885 317 2940 timent.
347 2885 482 2941 Nam
508 2900 645 2957 quos
666 2887 802 2942 nihil
827 2894 1018 2943 contra
1041 2902 1100 2943 se
1126 2888 1308 2944 valere
1336 2890 1696 2960 conspiciunt,

94 2974 213 3029 hos
237 2976 492 3032 nimirum
532 2979 823 3048 asperitate
867 2994 1080 3051 semper
1134 2980 1323 3052 rigidae
1375 2981 1697 3037 invectionis

78 3071 385 3133 premunt,
404 3083 682 3135 nunquam
705 3069 1002 3126 clementer
1047 3071 1362 3137 admonent,
1390 3074 1484 3128 sed
1509 3082 1697 3143 pasto-

74 3150 243 3210 “ralis
288 3156 914 3212 mansuetudinis’"obliti
964 3161 1090 3227 jure
1140 3163 1530 3220 dominationis
1581 3173 1697 3219 ter-

2373 1987 2600 2046 CAPUT
2637 1990 2777 2046 XIV.

1806 2074 2034 2147 Propter
2058 2079 2326 2156 hominum
2349 2081 2711 2156 immunditias
2741 2100 2845 2139 non
2880 2087 3134 2156 prwdicat
3173 2089 3273 2155 eis,
3297 2105 3391 2146 nec

2091 2168 2124 2204 a
2144 2152 2407 2221 praphctis
2429 2169 2521 2207 nec
2542 2170 2575 2207 a
2602 2154 2769 2225 plagis
2796 2152 3102 2212 liberantur.

1880 2258 1899 2291 ι
1933 2239 2001 2294 Et
2030 2249 2299 2296 venerunt
2321 2243 2391 2297 ad
2415 2256 2505 2297 me
2529 2243 2635 2297 viri
2663 2245 2908 2302 seniores
2937 2246 3123 2313 Israel,
3153 2255 3210 2303 et
3231 2249 3392 2305 sedc-

1810 2348 1831 2383 ‹
1865 2340 1992 2385 runt
2019 2345 2204 2386 coram
2228 2347 2335 2387 me.
2371 2333 2441 2388 Et
2483 2333 2662 2390 factus
2721 2344 2806 2391 est
2853 2352 3034 2392 sermo
3080 2339 3295 2394 Domini
3320 2338 3392 2395 ad

1811 2437 1833 2472 ε
1868 2437 1955 2476 me
1983 2422 2169 2477 dicens
2200 2440 2214 2476 :
2264 2421 2367 2478 Fili
2409 2423 2663 2492 hominis,
2698 2427 2799 2481 viri
2836 2427 2925 2482 isti
2963 2438 3264 2499 posuerunt
3289 2430 3395 2486 im-

1809 2531 1828 2565 ι
1865 2516 2162 2571 munditias
2192 2531 2319 2572 suas
2343 2517 2397 2572 in
2421 2518 2674 2574 cordibus
2705 2519 2837 2585 suis,
2871 2528 2924 2575 et
2949 2511 3264 2577 Scandalum
3287 2522 3396 2577 iui-

1810 2624 1829 2658 ι
1867 2607 2089 2676 quitatis
2121 2624 2233 2664 sua:
2253 2616 2561 2665 statuerunt
2585 2619 2775 2666 contra
2806 2611 3002 2668 faciem
3034 2628 3211 2668 suam.
3243 2612 3395 2669 Nun-

1807 2718 1829 2752 c
1863 2700 1995 2770 quid
2032 2701 2396 2774 interrogatus
2453 2705 2790 2774 respondebo
2846 2705 2968 2760 eis?
3017 2705 3250 2777 Propter
3288 2707 3395 2766 hoc

1807 2810 1828 2845 ι
1862 2792 2085 2863 loquere
2121 2794 2225 2860 eis,
2276 2803 2334 2850 et
2361 2796 2509 2852 dices
2539 2798 2606 2853 ad
2637 2812 2733 2853 eos
2763 2815 2776 2851 :
2810 2796 2937 2854 Haec
2964 2799 3098 2854 dicit
3128 2799 3395 2858 Dominus

1808 2902 1825 2935 ι
1859 2883 2002 2939 Deus
2030 2902 2045 2938 :
2081 2885 2253 2941 llomo
2285 2887 2449 2941 homo
2474 2889 2541 2944 de
2566 2889 2726 2944 domo
2756 2888 2943 2955 Israel,
2996 2891 3089 2960 qui
3145 2888 3397 2961 posuerit

1772 2974 1775 2975 ⁷
1807 2974 2234 3056 eimmunditias
2262 2993 2390 3035 suas
2420 2979 2473 3032 in
2504 2981 2668 3035 corde
2707 2966 2912 3044 suo,'et
2937 2980 3255 3037 scandalum
3285 2981 3393 3040 ini-

1806 3082 1828 3116 ι
1862 3065 2085 3135 quitatis
2115 3082 2226 3122 suae
2252 3069 2506 3123 statuerit
2533 3077 2721 3124 contra
2759 3069 2954 3124 faciem
3004 3084 3184 3135 suam,
3217 3078 3273 3127 et
3294 3085 3395 3127 ve-

1806 3174 1827 3208 ‹
1860 3158 2003 3212 norit
2027 3158 2096 3213 ad
2122 3158 2464 3229 praphetam,
2515 3155 2856 3229 interrogans
2880 3173 2979 3230 per
3008 3174 3133 3215 eum
3154 3174 3262 3225 me,
3289 3174 3392 3230 ego

90 3259 269 3318 rent,
326 3266 465 3322 quos
511 3261 659 3308 recte
712 3266 809 3323 per
861 3225 1189 3323 Prophetam
1245 3255 1427 3311 divina
1471 3272 1578 3313 vox
1608 3258 1697 3312 in-
1724 3225 1771 3287 Π
1807 3265 1827 3300 ‹
1862 3225 2138 3304 Dominus
2166 3225 2502 3319 respondebo
2533 3248 2584 3304 ei
2615 3249 2671 3303 in
2701 3225 3045 3304 multitudine
3094 3248 3391 3305 immundi-

89 3336 314 3414 crepat,
343 3344 567 3399 dicens:
603 3361 624 3396 ‹
668 3342 777 3399 Vos
818 3351 999 3400 autem
1032 3360 1158 3402 cum
1187 3349 1504 3406 austeritate
1526 3350 1698 3422 impe-

89 3435 311 3491 rabatis
340 3436 440 3503 eis,
477 3444 533 3493 et
567 3450 692 3492 cum
730 3438 975 3506 potentia
1026 3438 1244 3509 (Επειδὴ.
1267 3442 1480 3515 xxxiv),
1516 3463 1535 3496 ι
1566 3442 1693 3514 plus

91 3537 168 3580 se
212 3538 313 3579 suo
354 3533 579 3581 auctore
633 3525 938 3597 diligentes,
970 3525 1246 3595 iactanter
1291 3545 1423 3602 erga
1452 3533 1696 3591 subditos

70 3616 164 3670 ‘se
189 3613 423 3685 erigunt,
455 3628 557 3670 nec
581 3615 711 3684 quid
737 3629 898 3686 agere
920 3615 1173 3683 debeant,
1205 3619 1301 3674 sed
1322 3620 1454 3690 quid
1479 3622 1697 3679 valeant

86 3708 425 3775 attendunt,
463 3706 597 3763 nihil
619 3708 685 3763 de
712 3708 1057 3779 subsequenti
1082 3707 1288 3777 judicio
1313 3719 1560 3766 metuunt
1589 3714 1696 3767 im-

83 3782 274 3868 probe
297 3797 364 3853 dc
390 3796 672 3868 temporali
708 3806 975 3868 potestate
1005 3799 1336 3871 gloriantur,
1367 3799 1516 3873 [libet
1542 3808 1605 3857 ut
1627 3801 1693 3858 li-

84 3887 296 3945 c'enter
316 3887 506 3944 illicita
532 3888 752 3956 faciant,
806 3898 860 3943 et
908 3889 1249 3946 subditorum
1280 3906 1440 3948 nemo
1466 3901 1692 3949 contra-

82 3978 274 4036 dicat.
323 3978 426 4047 Qui
484 3992 616 4050 ergo
665 3988 723 4034 et
765 3993 931 4049 prava
976 3982 1161 4037 studet
1215 3997 1396 4054 agere,
1429 3992 1485 4039 et
1511 3992 1696 4042 tamen

60 4070 69 4111 ἱ
80 4071 169 4127 ad
203 4071 321 4126 haec
343 4070 462 4125 vult
491 4078 719 4126 caeteros
748 4076 932 4125 tacere
950 4110 967 4135 ,
996 4072 1111 4140 ipse
1148 4072 1365 4129 sibimet
1401 4076 1559 4132 testis
1589 4084 1695 4144 est,

1806 3359 1826 3392 ι
1861 3341 2081 3404 tiaram,
2115 3346 2176 3394 ut
2226 3338 2476 3409 capiatur
2513 3339 2706 3394 domus
2760 3337 2929 3395 Israel
2970 3338 3027 3393 in
3073 3337 3237 3393 corde
3267 3353 3389 3404 suo,

1804 3446 1825 3485 ι
1856 3446 1966 3501 quo
1994 3439 2339 3486 recesserunt
2370 3444 2400 3483 a
2425 3443 2512 3483 me
2541 3428 2596 3482 in
2627 3428 2838 3483 cunctis
2867 3428 3027 3484 idolis
3077 3420 3211 3483 suis.
3254 3427 3388 3483 Pro-

1805 3540 1824 3575 ε
1859 3530 2047 3593 pterea
2074 3521 2165 3576 dic
2190 3519 2259 3575 ad
2283 3521 2499 3576 domum
2530 3518 2699 3574 Israel
2725 3537 2738 3574 :
2788 3518 2914 3574 Haec
2943 3518 3079 3574 dicit
3125 3519 3389 3575 Dominus

1803 3632 1831 3666 ι
1860 3613 2005 3669 Deus
2031 3631 2045 3667 :
2076 3611 2467 3668 Couvertimini
2495 3617 2549 3665 et
2578 3610 2816 3666 recedite
2867 3610 2936 3664 ab
2981 3610 3139 3665 idolis
3162 3610 3387 3675 vestris,

1805 3722 1825 3756 ι
1859 3712 1916 3759 et
1946 3705 2014 3759 ab
2044 3703 2315 3758 universis
2364 3700 2917 3757 contaminationibus
2970 3700 3191 3764 vestris,
3222 3714 3383 3753 aver-

1803 3809 1826 3844 ‹
1861 3791 1961 3847 tite
1987 3787 2155 3845 facies
2203 3796 2439 3854 vestras,
2470 3787 2596 3858 quia
2648 3787 2811 3841 homo
2840 3786 3003 3843 homo
3030 3787 3097 3843 de
3121 3788 3282 3844 domo
3303 3788 3385 3844 Is-

1803 3904 1823 3939 (
1859 3884 1995 3950 rael,
2026 3891 2084 3939 et
2112 3883 2181 3939 de
2208 3881 2499 3953 proselytis
2533 3881 2846 3953 quicunque
2875 3880 3084 3938 advena
3137 3880 3302 3938 fuerit
3328 3883 3385 3939 in

1782 3968 1824 4029 ⁷(
1857 3974 2050 4039 Israel,
2089 3974 2135 4028 si
2157 3972 2425 4029 alienatus
2452 3970 2613 4026 fuerit
2642 3972 2696 4026 in
2720 3971 2888 4028 Israel
2918 3987 2950 4026 a
2971 3987 3078 4039 me,
3104 3967 3159 4028 et
3184 3988 3383 4043 posue-

1804 4084 1825 4119 ι
1860 4066 1933 4120 rit
1952 4062 2095 4120 idola
2119 4078 2219 4118 sua
2243 4062 2299 4117 in
2323 4062 2488 4117 corde
2510 4075 2633 4126 suo,
2656 4068 2711 4115 et
2739 4060 3057 4116 scandalum
3080 4063 3385 4131 iniquitatis

75 4162 233 4233 quia
260 4159 465 4230 massa
506 4160 733 4214 νει-ίιειθ
766 4160 970 4230 appeti;
995 4160 1162 4231 diligi,
1200 4176 1361 4232 quam
1408 4172 1598 4220 comm
1639 4180 1699 4233 δε
1781 4146 1823 4207 ”‹
1860 4168 1972 4208 suae
2033 4151 2285 4207 statuerit
2331 4157 2520 4205 contra
2572 4149 2767 4204 faciem
2816 4164 2968 4204 suam
2994 4189 3010 4216 ,
3068 4158 3124 4205 et
3176 4152 3389 4207 venerit

73 4264 214 4309 non
241 4248 357 4303 vult
385 4246 617 4305 defendi.
648 4249 818 4305 Nemo
842 4251 1042 4322 quippe
1079 4261 1164 4309 est
1214 4254 1306 4323 qui
1334 4254 1409 4309 ita
1434 4254 1610 4323 vivat,
1636 4266 1700 4312 ut

1806 4262 1824 4296 ι
1863 4244 1930 4299 ad
1961 4243 2301 4313 prophetam,
2332 4248 2394 4295 ut
2417 4240 2715 4310 interroget
2736 4252 2834 4308 per
2868 4254 2992 4294 eum
3016 4255 3121 4307 me,
3147 4255 3248 4312 ego
3279 4242 3385 4297 Do-

58 4345 449 4414 ’aliquatenus
478 4360 585 4400 non
628 4344 924 4415 delinquat.
951 4346 1044 4404 Ille
1077 4364 1208 4421 ergo
1249 4350 1428 4421 seipso
1465 4352 1697 4424 amplius

1806 4355 1824 4389 r
1856 4336 2036 4390 minus
2072 4333 2410 4403 respondebo
2436 4331 2488 4386 ei
2509 4345 2607 4400 per
2660 4345 2771 4397 me,
2823 4337 2878 4384 et
2930 4344 3129 4399 ponam
3184 4331 3382 4387 faciem

68 4435 394 4493 veritatem
448 4436 720 4492 desiderat
775 4440 970 4505 amari,
1028 4442 1121 4511 qui
1172 4442 1274 4499 sibi
1318 4443 1526 4500 anullo
1580 4445 1697 4500 vult
1803 4450 1823 4483 ι
1859 4444 2034 4485 meam
2067 4443 2230 4497 super
2275 4426 2550 4483 hominem
2608 4425 2780 4493 illum,
2840 4434 2897 4481 θῐ
2926 4426 3121 4483 {alliam
3173 4443 3297 4484 eum
3325 4430 3380 4484 in

83 4534 295 4582 eontra
326 4526 611 4581 veritatem
648 4526 821 4596 parci.
856 4526 993 4584 Hinc
1022 4529 1225 4585 etenim
1274 4530 1471 4588 Petrus
1509 4533 1691 4590 incre-

1806 4543 1821 4576 ι
1855 4520 2160 4592 exemplum
2190 4527 2245 4573 et
2300 4520 2352 4573 in
2408 4516 2777 4589 proverbium,
2805 4525 2861 4572 et
2894 4517 3199 4587 disperdam
3256 4534 3382 4574 cum

62 4618 381 4689 'pationem
409 4615 561 4672 Pauli
586 4584 818 4675 libenter
838 4607 1066 4690 accepit.
1091 4620 1228 4677 Hinc

1806 4631 1820 4665 ι
1856 4613 1921 4667 de
1946 4584 2128 4666 medio
2142 4608 2323 4680 populi
2347 4584 2474 4672 mei,
2511 4616 2566 4662 et
2592 4608 2776 4661 scietis
2818 4607 2944 4675 quia
2974 4584 3075 4676 ego
3096 4608 3379 4664 Dominus.

72 4710 308 4764 ‘tionem
341 4706 537 4761 subditi
566 4707 844 4762 humiliter
870 4708 1095 4763 audivit.
1129 4709 1265 4776 Quia
1292 4720 1532 4767 rectores
1563 4713 1692 4768 boni
1800 4724 1819 4757 ί
1856 4705 1924 4760 Et
1953 4703 2216 4775 ρνορῒιθῑει
2251 4715 2374 4755 cum
2404 4698 2669 4753 θιτθνθνίί
2704 4704 2760 4752 θῑ
2792 4697 3008 4751 manus
3038 4697 3202 4752 mem
3251 4714 3377 4753 vel"

86 4800 232 4854 dum
262 4798 473 4867 privato
504 4797 725 4868 diligere
753 4812 938 4854 amore
965 4813 1025 4854 se
1073 4800 1343 4865 nesciunt,
1374 4787 1562 4857 liberae
1586 4817 1689 4872 pu-
1800 4815 1820 4849 ι
1855 4797 2005 4859 bum,
2062 4809 2162 4865 ego
2194 4790 2454 4846 Dominus
2506 4788 2691 4857 decepi
2742 4787 3063 4858 prophetam
3109 4787 3281 4843 illum.
3311 4790 3380 4845 Et

82 4889 286 4946 ritatis
338 4890 565 4945 verbum
627 4902 658 4943 a
705 4889 932 4945 subditis
988 4886 1309 4960 obsequium
1368 4891 1693 4947 humilitatis
1799 4906 1819 4940 ι
1855 4885 2144 4942 extendam
2198 4895 2419 4936 manum
2450 4892 2630 4935 meam
2659 4892 2824 4949 super
2870 4876 3046 4943 illum,
3088 4886 3154 4953 et
3188 4878 3379 4934 delebo

85 4980 354 5035 ετεάυηι,
389 4978 497 5035 sed
543 4980 689 5035 inter
717 4979 833 5035 haec
886 4993 1109 5035 necesse
1134 4988 1239 5046 est,
1279 4986 1344 5035 ut
1377 4995 1508 5036 cura
1541 4981 1692 5052 regi.
1799 4996 1818 5030 ι
1853 4991 1979 5032 eum
2005 4974 2073 5028 de
2099 4971 2282 5027 medio
2305 4969 2493 5041 pepuli
2516 4967 2621 5023 mei
2647 4967 2830 5032 Israel,
2866 4976 2921 5022 et
2949 4967 3246 5037 portabunt
3273 4967 3380 5024 ini-

86 5071 267 5127 minis
292 5079 440 5126 tanta
482 5070 869 5127 moderaminis
890 5080 1009 5127 arte
1040 5080 1395 5143 temperetur,
1422 5079 1690 5142 quatenus
1799 5085 1818 5119 (
1857 5065 2122 5135 quitatem
2162 5075 2335 5117 suam-
2368 5058 2530 5112 ιῖωηθ
2577 5058 2916 5128 ίηῑίιιιίίθιθηι
2966 5056 3368 5127 ίηῑθιτοετιηιῖεν

87 5164 446 5220 subditorum
472 5177 627 5219 mens
654 5177 776 5218 cum
814 5163 1059 5234 quaedam
1086 5172 1234 5221 recte
1267 5165 1473 5220 sentire
1496 5172 1691 5236 potue-
1797 5177 1817 5210 ι
1852 5158 1932 5213 sic
1992 5153 2262 5250 iniquitas
2302 5149 2582 5221 prOpbetae
2639 5149 2761 5213 erit,
2785 5154 2856 5250 ‘ut
2889 5161 2996 5250 non
3017 5236 3030 5249 .
3050 5154 3199 5250 erret
3234 5146 3374 5250 ultra

66 5256 190 5320 erit,
231 5255 314 5310 sic
344 5255 398 5310 in
419 5253 571 5309 vocis
599 5252 906 5308 libertatem
954 5254 1200 5325 prodeat,
1231 5264 1292 5310 ut
1320 5264 1497 5311 tamen
1523 5255 1690 5311 liber-
1797 5267 1816 5300 ι
1851 5248 2063 5319 (Ιοῐηιιει¹
2100 5242 2323 5340 Israel?
2348 5256 2469 5307 me.‘
2511 5237 3071 5340 ξιθιῑυθ-ρίξυυθξιξνρη
3101 5237 3371 5340 “MV-emis

66 5357 181 5402 ’ras
214 5347 273 5402 in
296 5345 607 5418 superbiam
629 5360 736 5400 non
764 5353 1033 5415 erumpat,
1062 5360 1131 5401 ne
1156 5346 1281 5401 dum
1320 5343 1552 5402 fortasse
1582 5346 1683 5400 im—
1797 5358 1817 5392 ί
1852 5336 2390 5409 praevaricationibus
2444 5334 2577 5398 suis,
2608 5332 2703 5387 sed
2732 5328 2966 5435 θίξωξιὶί
2995 5328 3049 5435 ill
3089 5329 3367 5435 ιιοριιιυηξ,

86 5440 438 5497 moderatius
455 5440 651 5511 linguae
674 5438 754 5493 eis
773 5437 999 5493 libertas
1020 5438 1496 5504 conceditur,vit2e
1516 5438 1683 5493 abhis
1790 5431 1818 5484 ἰ
1854 5440 1909 5488 et
1964 5445 2065 5501 ego
2118 5431 2221 5485 sim
2271 5431 2352 5484 eis
2404 5428 2479 5498 in,
2521 5427 2714 5489 Deum,
2769 5423 2848 5478 ait
2874 5422 3136 5509 Dominus
3160 5422 3369 5478 exerci-

84 5530 385 5588 humilitas
412 5512 710 5584 amittatur.
748 5528 1037 5585 Sciendum
1064 5542 1311 5598 quoque,
1343 5529 1489 5599 quod
1517 5543 1680 5599 opor-
1796 5544 1817 5581 ι
1850 5534 2022 5590 tuum,
2057 5541 2075 5574 ι
2104 5531 2209 5616 etc.
2237 5520 2311 5616 (Il
2318 5517 2506 5616 ἕστο-πῖ)
2524 5517 2816 5616 Postquam
2829 5514 3040 5571 locutus
3171 5514 3375 5616 adpro-

84 5629 246 5689 teat,
279 5628 343 5676 ut
365 5627 604 5676 rectores
639 5618 765 5674 boni
801 5618 1017 5688 placere
1040 5619 1351 5674 hominibus
1402 5627 1681 5690 appetant,
1790 5617 2001 5689 phetas,
2033 5615 2124 5685 qui
2154 5607 2551 5684 prophetabant
2603 5608 2668 5664 de
2689 5608 2851 5664 corde
2875 5622 2993 5673 suo,
3030 5614 3088 5660 et
3110 5604 3372 5659 liniebant

87 5712 195 5769 sed
227 5719 292 5767 ut
330 5726 440 5767 suae
460 5708 832 5766 aestimationis
863 5706 1147 5763 dulcedine
1175 5709 1454 5777 proximos
1475 5710 1530 5759 in
1554 5709 1682 5762 afl'e-
1788 5708 2052 5777 parietem
2077 5706 2282 5774 absque
2308 5706 2753 5771 temperamento,
2784 5707 2839 5754 et
2884 5698 2950 5753 ad
2995 5696 3369 5766 prophetissas

78 5811 257 5863 ctum
282 5803 531 5859 veritatis
557 5802 797 5866 trahant,
834 5813 945 5856 non
970 5805 1034 5854 ut
1056 5812 1117 5854 se
1147 5797 1319 5853 amari
1350 5796 1681 5866 desiderent,
1792 5807 1911 5864 quae
1945 5792 2276 5849 consuebant
2313 5789 2624 5856 cervicalia,
2676 5796 2732 5844 et
2761 5786 3033 5844 ponebant
3060 5786 3162 5842 sub
3214 5785 3361 5842 omni
