3938 6360
74 367 200 424 665

995 397 1011 424 ,-
1064 350 1417 412 COMMENT.
1457 347 1530 422 lN.
1563 345 2016 422 EZECHIELEM.
2059 376 2131 386 —
2167 344 2296 402 LIB.
2336 345 2451 402 VII.

3275 346 3380 402 666

81 493 138 540 et
163 473 933 548 liabimtoresejustradentur
953 471 1256 535 ardoribus,
1275 467 1698 540 utegrediautur
1725 473 1775 532 Λ
1802 465 2034 536 primum
2054 462 2158 518 viri
2189 462 2351 518 fixerit
2394 461 2667 518 consortio
2698 460 2945 531 copulata
2977 461 3299 532 Jerusalem,
3328 475 3385 522 et

82 577 158 632 de
191 575 341 643 igne.
373 591 391 624 ι
424 571 491 626 Et
520 569 659 640 ignis
677 573 961 630 consumat
988 579 1105 632 eos,
1143 583 1161 615 ι
1204 562 1256 616 id
1286 570 1400 626 est,
1448 561 1613 616 etiam
1645 560 1691 614 si

83 669 166 722 de
217 667 354 721 urbe
404 662 711 725 evaserint,
756 659 887 713 foris
934 655 1115 714 hostili
1152 655 1329 726 gladio
1367 668 1692 709 consumen-

87 766 215 814 tur.
251 756 321 811 Et
373 755 464 826 qui
509 751 890 815 remanserint,
931 750 1048 820 ipso
1077 747 1418 803 miseriarum
1458 747 1694 818 pondere

82 850 302 920 pressi,
318 865 405 904 me
414 862 534 903 esse
547 846 833 902 Dominum
855 851 1259 914 recognoscent.
1285 860 1302 893 ι
1314 841 1445 896 Cum
1463 855 1696 912 posuero

89 943 224 1000 sive
247 940 611 997 obfirmavero
637 937 830 994 faciem
850 950 1032 1000 meam
1063 949 1225 1005 super
1250 949 1363 999 eos,
1411 943 1466 988 et
1497 934 1696 991 dedero

92 1032 228 1088 illos
265 1032 320 1088 in
368 1038 625 1085 mternam
667 1026 1030 1084 solitudinem.
1077 1044 1094 1076 ι
1128 1024 1245 1080 Non
1272 1025 1415 1080 enim
1448 1029 1697 1094 peccato-

93 1138 194 1178 res
217 1122 362 1178 sicut
391 1129 598 1177 caeteras
626 1125 849 1190 gentes,
868 1107 962 1178 sed
984 1116 1430 1187 praevaricatores
1468 1115 1692 1170 exstite-

88 1219 256 1272 runt.
293 1210 450 1268 Aliud
479 1218 563 1268 est
586 1210 730 1264 enim
760 1207 1032 1279 negligere
1074 1208 1218 1278 quod
1250 1207 1496 1278 ignores,
1546 1203 1692 1260 aliud

92 1311 460 1362 contemnere
507 1299 650 1370 quod
716 1299 970 1355 colueris.
1024 1297 1320 1360 Possumus
1375 1297 1591 1352 vineam
1641 1302 1696 1350 et

92 1397 432 1463 Jerusalem,
480 1396 636 1465 juxta
683 1395 1098 1464 intelligentiam
1141 1392 1438 1464 spiritalem
1494 1389 1694 1452 intelli-

93 1504 238 1561 gere
281 1490 617 1559 credentium
672 1488 1091 1543 multitudinem.
1141 1485 1270 1554 Quae
1327 1483 1374 1538 si
1427 1482 1701 1553 negligens

94 1581 291 1646 fuerit,
316 1589 372 1635 et
396 1580 662 1636 culturam
703 1579 946 1649 pristinae
968 1577 1243 1648 religionis
1269 1574 1550 1640 amiserit,
1598 1586 1700 1630 nec

98 1674 355 1729 attulerit
397 1671 582 1743 fruges
612 1672 873 1725 virtutum
896 1710 910 1734 ,
954 1684 1057 1724 nec
1087 1669 1270 1722 vinum
1304 1665 1523 1730 fecerit,
1555 1663 1699 1733 quod

95 1757 1012 1826 Iretiﬂa't“'cor'homiﬁisfzﬂe’mis
1027 1760 1031 1762 ’
1044 1753 1616 1818 t'radetur'ardoribu‘s,
1647 1760 1718 1808 et’

1796 565 1949 611 ortus
1994 562 2050 609 et
2083 554 2330 610 educatio
2375 562 2430 608 et
2468 553 2723 624 pubertas
2767 561 2821 608 et
2849 555 3049 624 nuptiae
3098 566 3152 611 et
3179 557 3385 612 adulte-

1796 648 1960 713 rium,
1993 653 2049 701 et
2071 647 2374 716 repudium,
2403 654 2459 701 et
2491 662 2706 701 rursum
2730 647 3005 702 revocatio
3041 649 3381 705 contexitur:

1796 750 1862 802 ut,
1877 741 2162 797 clementia
2191 740 2293 796 viri
2331 748 2493 810 atque
2524 739 2788 810 judicium
2816 746 2871 794 et
2911 739 3167 796 adultera:
3197 750 3254 796 et
3277 756 3386 796 me-

1797 834 2011 889 retricis
2049 833 2256 889 scelera
2310 841 2728 903 cognoscantur.
2777 830 2916 886 Dum
2963 841 3085 902 post
3135 832 3387 888 universa

1798 926 2057 998 supplicia
2096 926 2324 982 suscitat
2343 927 2392 980 ei
2434 933 2650 996 pactum
2683 924 3091 993 sempiternum,
3118 932 3177 978 ut
3203 940 3388 981 recor-

1800 1016 1957 1072 detur
1991 1017 2296 1088 iniquitatis
2334 1032 2445 1072 suze
2490 1025 2546 1071 et
2575 1015 2959 1081 confundatur,
2991 1023 3045 1071 et
3086 1032 3192 1070 non
3235 1017 3307 1071 sit
3341 1016 3393 1072 ei

1798 1107 1940 1174 ultra
1965 1108 2175 1178 aperire
2222 1123 2284 1164 os
2313 1123 2426 1178 prae
2453 1106 2770 1163 confusione
2813 1121 2934 1170 sua,
2982 1123 3104 1163 cum
3150 1107 3394 1178 placatus

1799 1199 1965 1255 fuerit
2002 1201 2076 1255 illi
2107 1201 2160 1255 in
2190 1202 2461 1267 omnibus,
2492 1215 2611 1270 qua:
2640 1197 2866 1255 fecerat.
2902 1199 3128 1255 Multum
3159 1215 3395 1272 namque

1797 1292 2434 1366 prodest'peecatoribus
2485 1292 2628 1347 seire
2673 1279 2812 1362 quis
2849 1290 3096 1347 fecerint.
3133 1292 3284 1348 Unde
3340 1300 3398 1348 et

1797 1382 2067 1450 ptenitens
2122 1380 2406 1452 loquitur:
2445 1400 2464 1433 ι
2503 1381 2766 1448 Quoniam
2817 1380 3157 1452 iniquitatem
3219 1397 3396 1439 meam

1799 1487 1900 1544 ego
1937 1486 2224 1542 cognosco,
2275 1479 2331 1526 et
2377 1481 2661 1541 peccatum
2714 1486 2895 1526 meum
2939 1480 3130 1528 contra
3179 1487 3266 1528 me
3312 1479 3397 1528 est

1799 1579 2014 1643 semper
2064 1561 2238 1635 (Psal.
2271 1563 2348 1636 ι).
2388 1583 2407 1616 ι
2451 1562 2698 1630 Quatuor
2735 1571 2917 1618 autem
2957 1565 3131 1619 modis
3164 1563 3392 1636 intelligi

1798 1663 1974 1725 potest
2020 1652 2342 1720 Jerusalem,
2392 1655 2480 1710 vel
2515 1657 2662 1722 haec,
2713 1671 2834 1726 qua:
2860 1655 3157 1727 Babylonio
3203 1664 3258 1711 et
3281 1656 3396 1712 lio-

1797 1760 1962 1802 manu
1987 1746 2112 1818 igne
2140 1756 2548 1804 succensaest‘:
2570 1749 2654 1802 vel
2681 1748 2926 1804 coeleStis
2952 1749 3352 1819 primitivMum
3378 1751 3393 1802 ':

93 1854 162 1908 in
205 1854 433 1908 nihilum
464 1852 816 1923 reputabitur.
859 1868 878 1901 ‹
921 1848 1122 1904 Servus
1149 1847 1315 1912 enim,
1342 1845 1566 1915 quiscit
1596 1858 1692 1899 vo-
1722 1842 1771 1902 B
1798 1840 1882 1894 vel
1929 1839 2165 1895 Ecclesia
2194 1881 2208 1905 ,
2265 1856 2386 1911 quae
2437 1841 2825 1912 interpretatur
2879 1841 3019 1896 visio
3072 1842 3224 1911 pacis
3257 1859 3271 1895 :
3309 1839 3396 1896 vel

95 1944 379 1999 luntatem
425 1944 626 1998 domini
663 1943 778 2007 sui,
818 1949 874 1996 et
913 1955 1020 1995 non
1061 1938 1190 1994 facit
1218 1953 1338 1994 eam
1366 1979 1380 2004 ,
1425 1935 1701 2006 vapulabit

97 2037 300 2092 multis
331 2035 482 2107 (Luc.
520 2035 642 2107 xu).
675 2056 693 2088 ›
733 2034 864 2090 Tale
895 2034 1022 2104 quid
1062 2041 1117 2087 et
1162 2032 1422 2089 Dominus
1464 2031 1701 2102 loquitur

101 2129 166 2202 in
195 2127 493 2204 Evangelia
530 2128 838 2188 secundum.
860 2125 1125 2182 Joannem
1159 2145 1172 2180 :
1208 2145 1228 2178 ι
1276 2125 1387 2196 Ego
1419 2139 1535 2180 sum
1574 2123 1702 2189 vitis

103 2234 265 2288 vera,
293 2227 346 2273 et
375 2228 528 2290 pater
551 2235 703 2282 meus
722 2217 978 2292 agricola.
1009 2217 1199 2289 Omnis
1223 2217 1450 2288 palmes,
1478 2216 1574 2286 Equi
1594 2230 1705 2272 ma-

106 2321 215 2394 nct
242 2304 438 2378 inme,
467 2322 522 2368 et
562 2328 670 2370 non
697 2312 828 2384 facit
856 2311 1109 2380 fructum,
1148 2310 1301 2365 tollet
1331 2309 1480 2364 illum
1508 2308 1698 2362 Pater:

109 2407 181 2484 Et
205 2408 400 2478 omnis,
433 2407 523 2477 qui
552 2404 1284 2484 adfert_fructum,gpurgabit
1311 2419 1453 2468 eum,
1486 2411 1546 2457 ut
1588 2401 1705 2455 fru—

110 2481 266 2555 ctum
299 2500 420 2570 plus
444 2484 654 2556 adferat
690 2481 872 2568 (Joan.
905 2495 1018 2567 xv).
1063 2515 1084 2550 ›
1133 2495 1191 2550 Si
1233 2504 1410 2550 autem
1453 2491 1708 2548 Salvator

110 2594 248 2650 vitis
267 2601 366 2660 est,
394 2581 447 2648 et
471 2607 569 2647 nos
597 2591 872 2663 palmites,
903 2599 958 2646 et
1005 2589 1204 2644 dicitur
1235 2595 1392 2660 pater
1446 2584 1703 2656 agricola.

111 2687 388 2755 Quamdiu
405 2685 500 2740 Dei
525 2691 795 2754 princepta
820 2697 1118 2745 servamus,
1138 2695 1351 2749 semper
1377 2676 1706 2754 excolimur,

113 2788 176 2844 et
204 2777 408 2846 cultura
433 2786 617 2832 nostra
641 2775 890 2846 purgatio
917 2780 1020 2828 est.
1051 2791 1070 2823 ι
1099 2769 1214 2826 Νοη
1250 2778 1333 2824 est
1356 2769 1502 2823 enim
1524 2766 1708 2822 volen-

115 2873 194 2928 tis
226 2884 397 2942 neque
421 2869 712 2934 currentis,
741 2867 835 2922 sed
878 2864 1184 2920 miserentis
1209 2862 1305 2917 Dei
1333 2859 1510 2932 (Rom.
1541 2858 1638 2931 ix).
1686 2877 1706 2910 ι

1800 1929 2402 2001 animiesingulornm,
2474 1947 2594 2001 quae
2643 1931 2749 1986 fide
2796 1940 3026 1987 cernunt
3087 1933 3396 1989 Dominum.

1798 2021 2040 2091 llludque
2075 2023 2219 2092 quod
2255 2023 2498 2093 plerique
2541 2024 2609 2079 de
2643 2022 2848 2079 caelesti
2895 2022 3193 2080 Jerusalem
3225 2024 3398 2080 inter-

1765 2122 2071 2183 pretatum
2124 2122 2340 2184 putant,
2391 2115 2634 2171 Ecclesia
2687 2131 2794 2170 non
2829 2116 3025 2186 recipit
3083 2132 3151 2172 ne
3192 2117 3398 2182 omnia,

1803 2211 1921 2280 quae
1977 2208 2032 2262 in
2066 2208 2318 2278 praesenti
2372 2207 2655 2279 prophetia
2697 2216 3080 2273 contexuntur,
3113 2207 3181 2261 ad
3233 2206 3399 2262 caele-

1803 2299 1968 2357 stium
1997 2300 2371 2355 fortitudinum
2421 2299 2608 2355 ruinas
2639 2308 2802 2371 atque
2830 2281 3130 2364 cruciatus,
3160 2307 3215 2353 et
3238 2298 3401 2353 resti-

1806 2393 2165 2466 tutionem‘in
2216 2392 2506 2461 pristinum
2541 2399 2743 2447 statum
2797 2389 3075 2462 suscipere
3103 2387 3400 2460 compella-

1805 2473 1896 2543 mll
1902 2505 1946 2542 1³.
2368 2535 2370 2537 ,
2429 2514 2488 2543 1‘“
2495 2497 2592 2543 ξέν’-ι
3362 2520 3372 2539 τε

1885 2597 1902 2629 ‹
1932 2577 2105 2634 Radix
2142 2585 2233 2632 tua
2262 2584 2318 2633 et
2341 2575 2620 2648 generatio
2652 2583 2744 2630 tua
2776 2575 2844 2630 de
2869 2582 3017 2630 terra
3040 2571 3320 2639 Chanaan,
3350 2577 3408 2626 et

1815 2691 1833 2722 ι
1866 2680 2020 2742 pater
2047 2678 2173 2725 tuus
2203 2667 2587 2732 Amorrbaeus,
2635 2675 2691 2723 et
2747 2673 2922 2721 mater
2971 2672 3062 2719 tua
3106 2663 3343 2718 Cethaea.
3383 2679 3402 2713 ι

1811 2763 2002 2834 Magna
2039 2762 2192 2826 fides,
2223 2759 2445 2831 grandis
2491 2757 2718 2814 audacia
2760 2756 3148 2828 prophetarum
3177 2793 3193 2820 ,
3241 2765 3408 2807 unum

1810 2853 2089 2908 hominem
2127 2859 2297 2907 totam
2332 2850 2522 2904 urbem
2559 2846 2916 2919 ignobilitatis
2949 2860 3198 2916 arguere.
3235 2841 3403 2896 Mira-

2368 2535 2370 2537 ν
2429 2514 2488 2544 ’ῗ⁶⁶
2495 2497 2592 2547 fr“.

116 2963 278 3030 Quod
309 2937 365 3018 si
398 2959 704 3024 adferentes
749 2957 984 3013 fructum
1011 2997 1026 3022 ,
1069 2967 1364 3025 purgamur
1387 2968 1417 3005 a
1448 2958 1622 3020 patre,
1654 2955 1716 3004 ut
1813 2944 1936 3002 bilis
1963 2942 2181 3030 Daniel,
2231 2942 2322 3011 qui
2371 2941 2440 2996 ad
2476 2939 2856 3011 presbyterum
2884 2937 3311 3008 delinquentem,
3344 2941 3403 2989 et

121 3039 337 3109 fructus
363 3051 652 3120 ampliores
672 3048 998 3113 adferamus,
1029 3024 1336 3110 oStenditur
1365 3055 1579 3118 omnem
1604 3054 1712 3120 Γιιο-
1815 3024 2079 3093 adulterio
2103 3037 2418 3106 jungentem
2441 3031 2818 3097 homicidium,
2861 3046 2996 3101 puer
3022 3043 3186 3084 ausus
3218 3035 3300 3084 est
3329 3025 3412 3081 di-

119 3157 298 3206 strum
343 3117 595 3200 conatum
626 3142 897 3213 adjutorio
921 3139 1025 3210 Dei.
1043 3137 1330 3211 pervenire
1352 3135 1419 3189 ad
1447 3117 1631 3198 finem,
1662 3139 1718 3186 et
1818 3145 1973 3187 cere:
2009 3148 2028 3181 ‹
2062 3127 2260 3183 Semen
2281 3126 2541 3182 Chanaan
2561 3131 2618 3178 et
2644 3138 2753 3178 non
2776 3120 2950 3194 Juda,
2968 3121 3176 3190 species
3204 3117 3417 3188 decepit

123 3241 367 3296 fructum
407 3236 587 3302 facere
628 3212 997 3305 plenitudinis.
1031 3229 1132 3296 Qui
1168 3238 1347 3284 autem
1373 3226 1580 3297 palmes
1604 3223 1719 3279 fru-
1745 3212 1790 3276 C
1822 3239 1874 3286 ιθ
1904 3229 2067 3302 (Dan.
2099 3224 2243 3296 xm).
2279 3244 2298 3278 ι
2331 3223 2557 3293 Magnus
2592 3228 2648 3276 et
2697 3217 2866 3273 Isaias
2955 3215 3048 3286 qui
3098 3214 3296 3270 clamat
3347 3212 3416 3266 ad

119 3346 226 3406 ges
273 3345 381 3385 non
422 3327 634 3392 fecerit,
662 3325 878 3380 tolletur
915 3328 962 3392 ξιξ
1000 3330 1173 3393 patre,
1218 3328 1274 3376 et
1305 3335 1429 3376 cum
1475 3316 1718 3375 sublatus

129 3421 316 3483 fuerit,
346 3420 472 3490 quid
496 3419 563 3474 de
602 3431 669 3472 eo
702 3424 858 3486 pater
886 3413 1069 3479 faciat,
1101 3412 1386 3482 Scriptura
1415 3425 1521 3465 non
1554 3408 1714 3464 dicit:

128 3514 248 3570 Nisi
278 3511 416 3568 forte
444 3509 713 3582 separatio
758 3507 826 3563 de
869 3506 1073 3566 Christi
1109 3520 1361 3576 corpore,
1387 3517 1550 3573 poena
1580 3516 1709 3573 per-

128 3615 292 3666 petua
321 3611 405 3658 est
438 3610 493 3657 et
521 3599 793 3660 interitus.
842 3596 998 3665 Quod
1024 3597 1077 3650 in
1113 3597 1273 3650 vinea
1297 3603 1353 3650 et
1374 3595 1482 3649 vite
1509 3591 1719 3665 intelle-

131 3696 332 3767 ximus,
359 3694 458 3748 sub
482 3693 585 3747 alia
621 3691 792 3762 ﬁgura
822 3688 1074 3767 Salvator
1102 3687 1259 3742 docet
1288 3685 1344 3739 in
1384 3683 1676 3754 Evangelio
1695 3701 1717 3756 ¹ε

142 3765 167 3843 ι¹
194 3788 396 3842 Bonum
421 3795 502 3848 est
533 3786 631 3841 sal.
668 3784 725 3840 Si
755 3765 938 3851 autem
961 3782 1042 3836 sal
1065 3779 1388 3854 infatulatum
1417 3777 1618 3844 fuerit,
1657 3775 1723 3848 ad

133 3882 272 3938 nihil
298 3889 384 3940 est
409 3881 562 3946 utile,
591 3880 788 3946 nisiut
813 3876 962 3933 foras
987 3873 1305 3946 projiciatur
1323 3915 1338 3940 ,
1370 3879 1427 3930 et
1450 3871 1518 3928 ab
1541 3869 1723 3928 homi-

133 3977 298 4035 nibus
332 3971 678 4030 conculcetur
708 3969 900 4033 (Μαῖα.
925 3967 1030 4039 ix).
1069 3987 1088 4020 ›
1126 3967 1194 4020 Ει
1228 3965 1464 4030 oculus,
1517 3963 1608 4033 qui
1642 3969 1725 4016 to.-

133 4076 262 4124 tum,
307 4045 500 4135 corpus
538 4061 823 4130 illuminat,
872 4059 918 4114 si
944 4057 1110 4112 fuerit
1155 4063 1478 4135 excaecatus,
1513 4053 1725 4116 audita

135 4157 370 4216 Domino
393 4133 419 4208 ί
443 4173 462 4204 ι
493 4153 551 4208 Si
587 4152 788 4218 lumen,
816 4149 964 4220 quod
1005 4149 1060 4203 in
1107 4156 1160 4202 te
1199 4133 1282 4202 est
1311 4146 1545 4206 tenebrae
1579 4151 1725 4210 sunt,

137 4248 276 4316 ipsae
301 4245 536 4300 tenebrae
563 4249 740 4314 quoue
767 4239 968 4295 erunt?
1001 4237 1218 4309 (Matth.
1249 4236 1350 4308 vi.)
1374 4255 1391 4287 ι
1429 4234 1726 4303 Compara-

129 4337 294 4400 ,tione
339 4333 560 4403 quippe.
589 4327 1042 4402 praevaricatoris,
1069 4337 1128 4382 et
1150 4324 1266 4393 ejus
1303 4325 1393 4396 qui
1420 4324 1729 4396 confessum

140 4433 298 4506 prius
325 4428 603 4500 negaverit
629 4427 818 4492 Deum,
841 4425 1012 4480 lenior
1042 4438 1205 4494 poena
1239 4431 1324 4478 est
1370 4435 1559 4478 eorum
1584 4461 1599 4487 ,
1637 4419 1729 4490 qui

148 4539 442 4595 numquam
477 4521 571 4576 Dei
620 4519 859 4576 habuere
887 4516 1158 4573 notitiam.
1211 4515 1380 4586 Ligna
1407 4522 1586 4569 autem
1617 4511 1728 4570 sal-

150 4630 303 4674 tuum
329 4616 442 4670 sive
489 4611 770 4684 silvarum,
798 4609 1096 4664 secundum
1130 4606 1455 4662 varietatem
1501 4605 1731 4661 creden-

151 4710 298 4766 tium,
321 4705 524 4765 habent
572 4703 855 4770 inmagna
909 4699 1069 4754 domo
1115 4697 1351 4768 aliquam
1396 4696 1729 4762 utilitatem:

152 4781 210 4855 in
237 4811 337 4868 qua
366 4809 473 4849 non
504 4793 693 4850 solum,
717 4806 840 4846 vasa
875 4803 1038 4844 aurea
1063 4796 1119 4842 et
1139 4796 1396 4857 argentea
1426 4794 1552 4842 sunt
1571 4827 1586 4850 ,
1637 4786 1732 4841 sed

153 4895 213 4943 et
247 4887 420 4956 lignea
455 4883 770 4954 ﬁctiliaque,
804 4879 910 4935 alia
938 4878 1305 4946 inhonorem,
1328 4877 1734 4942 aliaincontu-
1767 4891 1770 4900 '

154 4977 392 5036 meliam.
463 5022 465 5024 .
834 5027 837 5032 .

755 5063 982 5120 CAPUT
1018 5061 1158 5120 XVI.

155 5178 449 5250 Catalogur.
485 5176 939 5234 int-munditiarum
967 5183 1018 5230 et
1059 5173 1392 5250 iniquitatum
1419 5167 1736 5250 Jermqlem,

125 5315 130 5318 _
210 5240 701 5322 ¹(δέικῖιίτεριὶρλμιω
741 5256 1016 5322 revocatur
1061 5240 1438 5322 ad'salutem;
1476 5240 1741 5322 justiﬁc'at

210 5307 484 5443 'Domlinils
514 5307 793 5392 Sedonmm
824 5309 870 5371 et
907 5313 1207 5370 Samariam
1240 5307 1631 5382 comparatione
1658 5307 1746 5364 Je-

235 5407 506 5443 rusnem.'
564 5401 568 5416 '
781 5399 821 5408 "
977 5405 980 5408 '
1181 5395 1184 5398 “
1285 5407 1288 5409 ·
1575 5405 1580 5408 ·
1666 5399 1668 5408 '

235 5399 506 5446 r'usntem.’
564 5401 568 5416 '
781 5399 821 5408 "
977 5405 980 5408 ·
1285 5407 1288 5409 ·
1575 5405 1580 5408 ·
1666 5399 1668 5408 '

125 5583 148 5592 ._
288 5499 356 5578 Et
384 5522 559 5582 factus
593 5529 678 5575 est
703 5534 884 5587 sermo
907 5516 1127 5590 Domini
1154 5516 1221 5570 ad
1252 5527 1339 5570 me
1375 5513 1559 5570 dicens
1589 5530 1599 5565 :
1642 5507 1745 5564 Fili

125 5679 136 5686 _
169 5599 1116 5690 (hominis,notastfaclﬂierusalem
1149 5607 1574 5666 abominationes
1598 5619 1745 5670 suas,

167 5728 188 5762 ί
221 5717 285 5776 et.
300 5709 443 5778 dices
471 5725 484 5761 :
522 5707 647 5761 Haec
673 5705 805 5760 dicit
838 5703 1100 5759 Dominus
1155 5700 1294 5756 Deus
1340 5698 1670 5768 Jerusalem,
1700 5715 1740 5766 ,ι

165 5810 276 5864 etc.
309 5800 381 5874 (Η
389 5802 578 5874 ieron.)
605 5797 716 5866 Sub
737 5809 972 5870 persona
997 5791 1241 5862 mulieris
1270 5787 1598 5858 meretricis,
1623 5799 1742 5857 quae

1814 3322 2090 3396 principes
2116 3327 2171 3376 et
2213 3318 2282 3373 ad
2327 3315 2590 3388 populum
2614 3311 2927 3368 Judzeorum
2957 3327 2970 3363 :
3011 3325 3029 3360 ι
3063 3305 3262 3396 Audite
3287 3316 3416 3396 ver-

1815 3389 1944 3476 bum
1975 3389 2212 3475 Domini,
2241 3407 2518 3479 principes
2551 3402 2937 3465 Sodomorum,
2983 3394 3205 3452 auribus
3236 3389 3419 3465 perci-

1815 3507 1931 3576 pite
1976 3505 2142 3560 verba
2180 3499 2418 3563 Domini,
2465 3493 2697 3567 populus
2733 3489 3070 3548 Gomorrhze.
3123 3502 3142 3537 ›
3176 3482 3313 3576 (Isa.
3355 3479 3419 3576 ι..)

1821 3572 1929 3658 Sed
1953 3611 2060 3651 non
2090 3593 2269 3647 minor
2280 3587 2567 3660 Ezechiel,
2589 3584 2682 3656 qui
2713 3583 2782 3639 ad
2809 3589 2982 3638 totam
3010 3578 3204 3633 urbem
3233 3572 3416 3646 loqui-

1823 3698 1912 3758 tur
1943 3685 2280 3744 confidenter
2316 3700 2328 3736 :
2367 3701 2386 3733 ‹
2423 3679 2601 3734 Radix
2650 3684 2740 3731 tua
2784 3681 2838 3730 et
2890 3670 3181 3745 generatio,
3215 3674 3308 3722 tua
3357 3664 3425 3720 de

1823 3789 1967 3836 terra
2000 3777 2281 3840 Chanaan,
2304 3780 2464 3843 pater
2493 3779 2621 3823 tuus
2646 3757 3012 3826 Amerrhaeus,
3042 3768 3097 3816 et
3125 3768 3302 3814 mater
3329 3764 3424 3812 tua

1823 3870 2038 3928 (lethaea
2069 3864 2288 3939 (Ezech.
2341 3861 2479 3933 xvr).
2521 3879 2539 3912 ι
2603 3857 2948 3925 Quamquam
3003 3859 3058 3908 et
3118 3849 3428 3939 Stephanus

1822 3959 2033 4029 primus
2079 3937 2289 4024 martyr
2329 3947 2608 4020 Evangelii
2660 3946 2728 4000 ad
2772 3943 3134 3999 insanientem
3166 3937 3425 4010 populum

1826 4027 1898 4102 sit
1933 4047 2146 4118 locutus
2177 4061 2190 4097 :
2238 4060 2257 4093 ι
2295 4041 2441 4095 Dura
2469 4036 2681 4092 cervice
2724 4041 2781 4088 et
2823 4029 3191 4087 incircumcisi
3241 4027 3425 4091 corde,

1827 4158 1926 4200 vos
1954 4153 2169 4209 semper
2207 4134 2433 4206 Spiritui
2465 4138 2654 4187 sancto
2683 4126 2963 4182 restitistis
2992 4123 3128 4195 (Act.
3156 4118 3279 4190 vn).
3313 4138 3333 4172 ι
3362 4117 3430 4172 Ει

1827 4235 1958 4292 licet
1993 4229 2266 4301 possimus
2313 4222 2553 4278 radicem
2595 4215 2895 4274 Jerusalem
2931 4221 2986 4269 et
3023 4210 3426 4283 generationem

1827 4327 1946 4398 ejus
1977 4299 2178 4378 terram
2219 4317 2477 4373 Chanaan
2504 4310 2800 4368 secundum
2825 4306 2956 4362 illud
2982 4303 3252 4374 accipere,
3281 4299 3428 4373 quod

1831 4396 1887 4476 in
1915 4417 2152 4488 )Egypto
2180 4417 2406 4467 vocatus
2437 4408 2510 4462 sit
2536 4403 2787 4476 populus,
2812 4408 2867 4456 et
2890 4399 2962 4454 ibi
2985 4396 3158 4453 multo
3185 4403 3430 4464 tempore

1839 4507 2187 4572 habitaverit,
2211 4504 2385 4559 Cham
2427 4499 2628 4570 quippe
2648 4501 2802 4566 pater
2830 4493 3087 4548 Chanaan
3111 4529 3128 4556 ,
3176 4488 3433 4559 princeps

1839 4601 1943 4658 fuit
1970 4599 2145 4672 gentis
2156 4592 2450 4666 Egyptian,
2465 4598 2644 4644 tamen
2663 4585 2819 4655 juxta
2843 4583 3110 4638 scelerum
3126 4577 3433 4634 similitudi-

1836 4667 2248 4754 nem'radiccm
2309 4679 2611 4737 Jerusalem
2652 4685 2856 4730 terram
2889 4669 3109 4743 Egypti
3131 4682 3254 4724 esse
3283 4667 3433 4724 dice-

1836 4797 1977 4840 mus.
2018 4778 2171 4836 Unde
2193 4782 2250 4830 et
2276 4780 2432 4843 pater
2461 4769 2607 4824 illius
2631 4764 2936 4836 appellatur
2952 4760 3324 4825 Amorrhmus,
3341 4757 3432 4828 qui

1839 4875 2244 4942 interpretatur,
2275 4863 2446 4920 multo
2474 4873 2724 4924 sermone
2757 4856 3082 4914 celebratus.
3122 4871 3140 4905 ι
3170 4852 3238 4908 Ει
3261 4857 3434 4905 mater

1822 4972 1935 5018 tua
1956 4938 2196 5022 Cethaea,
2233 4976 2250 5009 ι
2281 4955 2336 5009 id
2360 4961 2466 5018 est,
2487 4954 2765 5016 ἐξιστῶσα,
2793 4962 2915 5018 qum
2941 4944 3029 5000 vel
3068 4942 3185 5014 ipsa
3206 4938 3430 5000 insanit,

1842 5051 1926 5118 vel
1951 5051 2088 5104 alios
2110 5046 2277 5101 mittit
2311 5045 2365 5099 in
2388 5040 2706 5097 amentiam.
2743 5056 2763 5090 ‹
2783 5034 2972 5092 Omnis
2994 5031 3160 5096 enim,
3183 5028 3275 5099 qui
3305 5026 3439 5084 facit

1831 5139 2230 5217 .peccatum,de
2254 5135 2468 5192 diabolo
2491 5141 2653 5188 natus
2681 5136 2815 5186 est.»
2844 5125 2997 5183 Unde
3017 5129 3073 5178 et
3092 5121 3146 5176 in
3170 5127 3284 5175 toto
3303 5117 3435 5174 orbe

1841 5214 2005 5306 huius
2043 5232 2251 5302 antiqui
2298 5228 2472 5300 patris
2528 5225 2828 5306 famosum,
2866 5214 3190 5282 vocabulum
3237 5220 3343 5306 est.
3381 5220 3437 5265 et

1848 5301 2049 5394 multos
2095 5301 2314 5390 vertens
2348 5317 2402 5372 in
2448 5313 2762 5372 amentiam.
2811 5305 3236 5378 Praecipiturque
3282 5301 3438 5357 Jeru-

1850 5418 2018 5478 salem
2054 5413 2136 5469 vel
2172 5413 2324 5483 juxta
2365 5409 2598 5464 litteram
2643 5401 2729 5457 vel
2763 5399 2922 5468 juxta
2966 5395 3234 5466 spiritum,
3259 5399 3320 5447 ut
3347 5403 3436 5483 re-

1847 5513 2065 5580 linquat
2085 5479 2624 5576 antiqunmpatrem,
2649 5504 2704 5550 et
2726 5494 2925 5550 dicitur
2944 5490 3010 5544 ad
3031 5504 3150 5546 eam
3178 5505 3192 5542 :
3222 5503 3240 5538 ι
3276 5479 3437 5546 Audi,

1853 5577 1984 5666 alia,
2018 5608 2074 5656 et
2099 5598 2238 5661 vide,
2266 5603 2321 5650 et
2346 5591 2564 5666 inclina
2595 5601 2780 5640 aurem
2809 5593 2988 5648 tuam,
3034 5589 3089 5634 et
3116 5577 3434 5634 obliviscere

1851 5694 2107 5766 populum
2135 5699 2309 5754 tuum,
2341 5693 2397 5754 et
2432 5684 2649 5752 domum
2681 5679 2849 5749 patris
2881 5676 2978 5731 tui.
3003 5673 3070 5728 Et
3093 5668 3440 5766 concupiscet

1853 5755 1952 5846 rex
1980 5783 2233 5839 decorem
2267 5786 2416 5832 tuum
2443 5771 2614 5847 (Pint.
2638 5768 2813 5847 xm).
2851 5787 2869 5821 ι
2912 5766 2981 5820 Ει
3002 5760 3336 5835 promittitur
3361 5755 3434 5847 ei,
