3938 6360
498 302 600 359 667

1146 301 1207 356 Β.
1248 299 1501 356 RABANI
1539 299 1757 356 MAURI
1799 300 2114 356 ARClllEP.
2160 299 2467 357 MOGUNT.
2511 301 2790 359 OPERUM
2828 300 3010 358 PARS
3049 301 3114 357 Il.

3709 302 3794 355 663

495 418 542 474 si
565 422 686 489 post
711 420 1013 485 peccatum,
1038 412 1107 467 ad
1132 428 1320 467 verum
1348 413 1574 469 voluerit
1601 422 1809 484 patrem
1854 415 2075 479 reverti,
2108 421 2155 479 Λ
2183 415 2377 470 nalcm.
2406 415 2539 471 Cum
2562 424 2741 472 autem
2769 418 2835 470 ad
2864 425 3076 472 :etatem
3104 416 3315 470 venerit
3340 414 3707 484 ptibertatis.
3730 418 3793 471 ὤ-

500 529 520 563 c
551 509 833 563 restituam
870 514 923 562 te
951 507 1091 561 sicut
1118 503 1293 571 fuisti,
1326 507 1546 575 quando
1579 514 1703 561 nata
1740 523 1817 561 es.
1858 525 1873 557 ι
1917 506 2080 575 Cujus

496 608 644 655 tanta
677 599 952 667 nobilitas,
980 605 1043 653 ut
1080 597 1233 654 urbis
1272 594 1568 651 Jerusalem
1589 639 1603 663 ,
1651 614 1771 669 quae
1812 598 1876 651 de
1906 597 2080 652 Abra-

492 691 616 746 ham
636 732 650 754 ,
675 689 826 746 Isaac
854 697 909 743 et
945 686 1114 744 Jacob
1137 688 1304 758 sti-rpe
1337 686 1668 744 descendens
1694 688 1861 744 Deum
1894 689 2081 743 habuit

492 779 738 850 patrem?
758 779 826 833 Et
846 789 1024 833 tamen
1042 778 1166 848 quia
1187 778 1450 849 peccavit,
1469 786 1523 834 et
1542 795 1729 834 verum
1751 779 1970 848 reliquit
1994 796 2084 849 pa-

490 879 719 936 rentem,
744 879 984 927 meretur
1009 871 1194 925 audire
1221 888 1233 923 :
1260 890 1279 922 ‹
1299 870 1475 924 Radix
1504 879 1592 925 tua
1616 878 1670 925 et
1689 870 1965 940 generatio
1988 878 2079 924 tua

490 960 554 1016 de
581 971 725 1016 terra
761 961 1039 1016 Chanaan.
1085 961 1247 1017 Pater
1283 970 1408 1017 tuus
1435 961 1784 1016 Amorrhreus
1817 970 1870 1015 et
1907 970 2082 1016 mater

489 1061 582 1109 tua
614 1052 851 1110 Cetbzea.
897 1074 915 1107 ›
953 1053 1010 1108 Si
1037 1053 1127 1108 illa
1148 1054 1253 1109 hoc
1274 1053 1502 1121 audivit,
1534 1053 1663 1124 quid
1688 1053 1755 1108 de
1775 1054 1931 1109 nobis
1963 1052 2077 1117 ﬁet,

489 1144 580 1215 qui
610 1144 785 1199 vocati
826 1159 892 1198 ex
921 1144 1159 1216 gentium
1194 1143 1445 1199 sordibus
1488 1158 1701 1199 omnem
1730 1145 1994 1199 maculam
2028 1145 2080 1198 in

488 1236 706 1293 lavacro
731 1237 1029 1294 Salvatoris
1053 1237 1365 1304 amisimus,
1416 1240 1462 1295 si
1512 1239 1868 1309 polluerimus
1923 1240 2079 1294 indu-

488 1338 730 1385 mentum
755 1329 977 1395 Christi,
1003 1338 1058 1386 et
1081 1347 1186 1387 non
1217 1331 1567 1386 habuerimus
1600 1333 1653 1386 in
1697 1333 1944 1387 convivio
1990 1349 2080 1387 ve-

487 1426 624 1483 stem
648 1421 982 1491 nuptialem?
1014 1422 1201 1491 utique
1231 1422 1383 1488 illud,
1411 1432 1468 1478 ut
1490 1423 1695 1493 junctis
1716 1425 1965 1478 manibus
1989 1440 2081 1494 pe-

485 1510 749 1583 dibusque
795 1513 1012 1569 aeternis
1050 1513 1330 1569 tradamur
1359 1515 1666 1579 ardoribus,
1695 1516 1748 1569 in
1773 1518 1971 1586 quibus
1997 1523 2081 1571 est

482 1599 640 1659 ﬂetus
662 1603 941 1660 oculorum
967 1613 1021 1660 et
1046 1605 1245 1661 stridor
1265 1606 1506 1660 dentium
1535 1606 1749 1677 (Matth.
1775 1610 1936 1680 χιιι).

557 1713 575 1744 ‹
612 1695 681 1750 Et
701 1696 915 1766 quando
938 1705 1068 1751 nata
1091 1712 1172 1763 es,
1204 1697 1259 1750 in
1289 1697 1373 1752 die
1396 1707 1548 1752 ortus
1578 1698 1652 1751 tui
1680 1713 1788 1753 non
1833 1706 1914 1778 est
1944 1714 2080 1768 prae-

2189 514 2341 559 cetur
2367 506 2433 559 de
2460 521 2521 560 ea
2552 525 2564 559 :
2599 527 2617 557 ‹
2654 505 2905 577 Nunquid
2934 507 3280 563 obliviscetur
3306 522 3525 576 sponsa
3577 516 3795 563 ornatis

2186 596 2302 663 sui,
2350 605 2443 651 aut
2487 597 2641 667 virgo
2669 596 2850 653 fasciae
2890 597 3340 669 pectoralissuae
3388 596 3566 669 (λεν.
3626 597 3791 672 n)?»

2187 687 2445 759 Sequitur
2474 704 2489 743 :

2261 803 2280 835 ι
2316 784 2384 839 Et
2410 785 2464 839 in
2487 799 2624 855 aqua
2649 798 2757 839 non
2778 798 2839 839 es
2878 785 2988 840 lota
3014 784 3071 839 in
3093 783 3345 839 salutem.
3380 803 3404 835 ι
3432 782 3792 840 Cruentain—

2187 874 2394 931 fautum
2432 890 2662 947 corpora
2714 876 2899 931 statim
2944 883 3007 930 ut
3044 876 3369 931 emittuntur
3410 891 3491 931 ex
3515 883 3688 930 usam
3720 875 3792 929 la-

2185 969 2301 1022 vari
2342 967 2531 1030 solent,
2582 967 2657 1021 ita
2686 975 2747 1021 ut
2775 969 3054 1038 generatio
3079 968 3342 1037 spiritalis
3371 967 3676 1023 camella
3702 966 3787 1038 {la-

2183 1057 2369 1131 vacro]
2394 1059 2596 1129 indiget
2624 1058 2869 1113 salutari.
2902 1058 3090 1113 Nullus
3108 1058 3255 1114 enim
3280 1059 3535 1113 mundus
3561 1072 3597 1111 a
3618 1058 3786 1121 sorde.

2184 1164 2283 1205 nec
2307 1150 2349 1203 si
2390 1150 2551 1204 unius
2572 1148 2788 1219 quidem
2813 1150 2917 1204 diei
2955 1150 3120 1205 fuerit
3139 1150 3249 1204 vita
3286 1149 3436 1219 ejus.
3468 1149 3545 1203 Et
3570 1149 3635 1202 in
3660 1148 3786 1203 Pal-

2184 1240 2288 1295 mis
2323 1239 2587 1309 legimus:
2632 1259 2650 1290 ι
2678 1238 2736 1294 In
2786 1238 3163 1309 iniquitatibus
3204 1247 3515 1308 conceptus
3564 1255 3706 1303 sm,
3734 1248 3783 1294 et

2183 1326 2237 1381 in
2265 1328 2501 1396 peccatis
2530 1328 2779 1397 concepit
2816 1344 2905 1383 me
2950 1337 3127 1383 mater
3170 1344 3291 1385 mea
3325 1326 3514 1399 (Psal.
3552 1328 3675 1398 1.).)
3700 1329 3781 1384 Se-

2184 1421 2357 1474 cunda
2407 1420 2663 1474 nativitas
2712 1420 2869 1476 solvit
2913 1422 3145 1491 primam
3194 1422 3607 1487 nativitatem;
3664 1424 3780 1477 sui-

2181 1519 2332 1579 ptum
2352 1518 2441 1565 est
2468 1512 2647 1565 enim:
2699 1529 2718 1561 ‹
2752 1510 2866 1567 Nisi
2911 1514 3034 1583 quis
3079 1522 3305 1568 renatus
3334 1512 3513 1570 fumit
3540 1527 3617 1567 ex
3658 1528 3777 1582 aqua

2183 1612 2235 1657 et
2289 1602 2493 1673 Spiritu
2539 1612 2755 1671 saneto,
2809 1621 2916 1660 non
2966 1613 3145 1675 potest
3182 1606 3397 1661 intrare
3455 1607 3516 1661 in
3568 1622 3775 1677 regem

2182 1692 2277 1749 Dei
2307 1693 2451 1765 (Jan.
2502 1695 2606 1767 ιιι).
2644 1715 2663 1747 ι
2694 1696 2968 1767 Multaque
2993 1704 3120 1752 sunt
3143 1696 3387 1760 lavacra,
3440 1712 3573 1766 qua:
3592 1698 3775 1752 Μ

488 1802 507 1836 ι
549 1785 692 1841 cisus
718 1786 1006 1843 umbilicus
1034 1796 1177 1851 tuus,
1206 1796 1262 1843 et
1290 1789 1343 1841 in
1375 1803 1513 1858 aqua
1545 1805 1652 1843 non
1678 1803 1736 1843 es
1759 1774 1871 1843 lota
1910 1791 1961 1842 in
1986 1806 2073 1843 sa-
2101 1774 2149 1835 Β
2175 1788 2232 1842 in
2278 1788 2549 1858 mysteriis
2582 1790 2716 1854 suis,
2749 1796 2805 1844 et
2834 1789 3077 1844 haeretici
3118 1788 3486 1859 pollicentur,
3536 1790 3635 1858 qui
3674 1805 3775 1845 ως

486 1894 504 1927 ι
544 1876 736 1944 lutem,
767 1895 863 1934 nec
891 1879 1003 1935 sale
1051 1880 1227 1946 salita,
1260 1894 1359 1935 nec
1407 1880 1643 1936 involuta
1690 1882 1903 1952 pannis.
1958 1881 2075 1937 Non

484 1986 504 2019 ι
541 1971 783 2040 pepercit
804 1986 967 2043 super
987 1980 1041 2027 te
1060 1972 1266 2036 oculus,
1291 1974 1681 2029 utfacerettibi
1710 1991 1874 2029 unum
1899 1975 1963 2029 de
1990 1974 2075 2030 his

484 2072 504 2108 ι
548 2058 803 2114 misertus
855 2060 952 2127 tui,
983 2062 1076 2116 sed
1118 2059 1359 2131 projecta
1389 2078 1446 2117 es
1491 2078 1651 2133 super
1678 2063 1869 2118 faciem
1916 2073 2074 2119 terrae

484 2168 502 2202 ι
544 2151 599 2207 in
633 2150 935 2221 abjectione
966 2153 1161 2209 animae
1186 2163 1291 2209 tua:
1310 2155 1365 2209 in
1390 2156 1476 2210 die
1502 2172 1609 2224 qua
1632 2165 1761 2209 nata
1784 2172 1865 2219 es,
1901 2175 1919 2209 ι
1966 2165 2070 2211 etc.

476 2244 748 2322 (Ηὶεγοη.)
782 2248 943 2305 Juxta
971 2250 1216 2305 ordinem
1264 2250 1514 2305 lectionis
1543 2250 1607 2303 de
1651 2249 1874 2320 singulis
1904 2250 2073 2305 disse-

474 2356 677 2396 ramus.
706 2342 934 2409 Quando
965 2349 1093 2396 nata
1125 2350 1209 2396 est
1248 2340 1546 2396 Jerusalem
1577 2340 1644 2395 de
1682 2340 1844 2396 Patre
1881 2339 2074 2395 Amor-

476 2430 645 2497 rbaeo,
696 2440 753 2487 et
778 2440 957 2491 matre
985 2431 1222 2498 Cethaea,
1254 2441 1309 2487 et
1356 2431 1526 2487 ell‘usa
1560 2448 1627 2486 ex
1654 2439 1829 2495 utero,
1860 2449 1964 2488 non
1988 2440 2070 2488 est

471 2524 730 2593 praecisus
758 2524 1045 2580 umbilicus
1066 2525 1203 2595 ejus,
1246 2541 1353 2594 quo
1388 2526 1532 2581 fetus
1561 2526 1778 2580 aluntur
1806 2528 1860 2581 in
1884 2538 2073 2583 ventre

472 2614 646 2670 instar
669 2617 922 2672 arborum
953 2625 1008 2672 et
1030 2618 1417 2688 virgultorum,
1452 2634 1572 2688 qua:
1599 2635 1697 2689 per
1730 2620 1943 2675 radices
1970 2621 2071 2675 bu-

471 2722 624 2763 morc
651 2715 813 2763 terra;
842 2709 1157 2765 nutriuntur
1177 2710 1408 2767 occulto.
1444 2711 1511 2766 Et
1538 2713 1808 2781 quomodo
1832 2714 2070 2770 virorum

472 2798 826 2855 seminarium
857 2799 1197 2871 significatur
1234 2802 1287 2857 in
1317 2802 1536 2871 lumbis,
1581 2804 1654 2858 ita
1698 2805 1954 2876 genitalia
1994 2805 2071 2862 fe-

469 2887 741 2945 minarum
799 2890 1031 2946 honesto
1086 2906 1374 2957 sermone,
1421 2894 1572 2963 juxta
1623 2894 2069 2950 consuetudinem

470 2976 880 3055 Scripturarum
907 2981 1195 3039 umbilicus
1224 2992 1511 3050 vocantur,
1554 2993 1789 3041 testante
1820 2984 1939 3052 Job,
1977 2987 2069 3057 qui

466 3071 567 3127 Sub
618 3071 787 3143 figura
825 3072 1349 3145 draeouis'loquitur
1376 3076 1589 3132 diabolo
1619 3095 1631 3130 :
1678 3096 1695 3128 (
1731 3076 1914 3132 Virtus
1949 3077 2066 3149 ejus

2178 1895 2276 1936 nes
2296 1881 2499 1947 lavant,
2526 1882 2619 1936 sed
2642 1897 2748 1937 non
2784 1881 2966 1935 lavant
2996 1883 3049 1936 in
3070 1881 3325 1935 salutem.
3358 1881 3775 1950 Propterea“-

2178 1974 2349 2028 ditum
2386 1982 2509 2029 est:
2559 1992 2578 2023 ‹
2614 1973 2689 2027 Et
2736 1974 2790 2027 in
2815 1986 2956 2043 aqua
2986 1988 3094 2028 non
3123 1987 3183 2027 es
3217 1972 3331 2026 lota
3373 1974 3436 2026 in
3482 1973 3729 2027 salutem.
3752 1993 3769 2024 ι

2178 2064 2331 2133 Quod
2362 2065 2578 2134 quidem
2611 2080 2717 2119 non
2760 2065 2934 2119 solum
2966 2066 3034 2119 de
3054 2064 3364 2128 Haereticis,
3399 2064 3505 2118 sed
3530 2064 3772 2119 decerit-

2177 2156 2413 2211 siasticis
2439 2156 2664 2227 intelligi
2714 2165 2893 2226 potest
2921 2175 2933 2209 :
2965 2157 3057 2225 qui
3078 2172 3185 2212 non
3207 2156 3373 2226 plena
3386 2156 3509 2211 ﬁde
3527 2157 3775 2226 accipiat

2175 2247 2502 2319 baptismum
2552 2248 2810 2303 salutare.
2854 2250 2929 2303 De
2955 2248 3153 2317 quibus
3178 2247 3489 2301 dicendum
3517 2256 3630 2313 est,
3654 2248 3771 2316 quod

2176 2340 2487 2410 acceperint
2516 2354 2733 2409 aquam,
2762 2339 2856 2393 sed
2886 2354 2992 2394 non
3020 2338 3340 2407 acceperint
3363 2338 3651 2407 spiritum.
3676 2337 3773 2392 Sic-

2173 2438 2236 2485 ut
2287 2437 2342 2484 et
2382 2429 2570 2485 Simon
2595 2429 2685 2483 ille
2715 2428 2919 2499 Magus,
2977 2429 3069 2498 qui
3112 2428 3352 2497 pecunia
3398 2426 3774 2483 volebatrei-

2173 2539 2324 2580 mere
2360 2525 2589 2595 gratiam
2640 2523 2759 2588 Dei,
2812 2522 3120 2592 baptizatus
3144 2522 3374 2592 quidem
3418 2531 3514 2577 est
3540 2523 3601 2577 iu
3633 2536 3773 2591 ama,

2173 2619 2268 2674 sed
2294 2632 2639 2687 nequaquam
2669 2618 2977 2687 baptizatus
3005 2625 3092 2672 est
3114 2617 3169 2671 in
3190 2615 3462 2672 salutem.
3491 2616 3678 2672 Terﬁo
3710 2618 3777 2671 ὅ·

2175 2712 2352 2768 citur:
2390 2730 2408 2762 ι
2448 2712 2557 2766 Nec
2584 2711 2697 2767 sale
2721 2712 2899 2777 salita,
2938 2731 2956 2762 ι
2994 2719 3177 2766 tenera
3210 2709 3519 2766 infantiam
3542 2724 3774 2780 corpora.

2174 2806 2299 2861 dum
2336 2806 2511 2862 adhuc
2536 2807 2681 2861 uteri
2732 2806 2971 2861 calorem
2998 2813 3228 2870 tenent,
3287 2815 3347 2860 et
3378 2806 3570 2876 primo
3610 2805 3775 2874 vagit!

2166 2895 2459 2951 laboriosae
2486 2897 2612 2951 vita:
2647 2904 2916 2951 testantur
2945 2896 3192 2961 exordia,
3222 2896 3413 2951 solent
3437 2897 3515 2952 ab
3536 2893 3779 2954 abstuli-

2174 2986 2328 3042 cibus
2349 2987 2459 3042 sale
2482 2987 2827 3058 contingi,-ut
2853 2988 3082 3043 sicciora
3110 2987 3233 3042 sint
3256 2997 3319 3042 et
3358 2987 3772 3056 restringantur.

2164 3076 2342 3135 Porro
2367 3080 2688 3147 Jerusalem,
2718 3097 2841 3152 qua:
2865 3082 2946 3136 ide
2976 3081 3130 3135 malis
3166 3080 3503 3150 parentibus
3520 3088 3658 3134 natu
3684 3090 3774 3135 δι.

463 3159 522 3215 in
553 3160 772 3227 lumbis,
797 3170 852 3218 et
872 3162 1133 3221 fortitudo
1165 3167 1310 3223 illius
1336 3168 1392 3222 in
1416 3167 1674 3225 umbilico
1695 3171 1903 3226 ventris
1950 3169 2065 3240 ejus
2088 3165 2139 3227 C
2170 3171 2305 3226 nihil
2333 3172 2560 3241 saporis,
2600 3172 2734 3226 nihil
2760 3171 3048 3243 diligentiae
3088 3181 3391 3226 consecuta
3418 3182 3531 3226 est.
3562 3170 3668 3238 Qui
3687 3184 3774 3222 ηρ

466 3251 610 3326 (Job.
645 3252 756 3327 XL).
788 3273 808 3307 ›
866 3254 973 3311 lste
1016 3258 1164 3312 enim
1211 3259 1375 3315 draco
1404 3261 1628 3317 coluber
1655 3263 1933 3332 antiquus,
1971 3264 2064 3333 qui

466 3352 690 3402 vocatur
719 3345 964 3404 diabolus
1014 3359 1071 3405 et
1095 3348 1347 3418 Satanas,
1399 3361 1453 3409 et
1483 3354 1696 3424 decepit
1727 3354 1919 3410 orbem
1952 3364 2061 3409 ter-

466 3449 653 3491 rarum
671 3477 684 3503 ,
716 3436 977 3495 adversus
996 3441 1143 3498 viros
1171 3443 1428 3500 virtutem
1451 3444 1616 3499 habet
1642 3445 1695 3499 in
1720 3444 1936 3511 lumbis,
1969 3447 2065 3499 ad-

466 3542 655 3585 versus
706 3529 939 3588 feminas
982 3533 1037 3588 in
1066 3535 1341 3592 umbilico.
1405 3536 1518 3593 Hoc
1557 3546 1735 3593 autem
1791 3537 2064 3607 signiﬁcat

465 3619 531 3675 de
556 3619 878 3689 Jerusalem,
914 3628 1059 3695 quod
1093 3645 1200 3684 non
1231 3630 1414 3685 statim
1442 3631 1613 3703 legem
1646 3633 1935 3702 acceperit,
1963 3648 2063 3687 nec

464 3710 515 3766 ei
546 3711 811 3782 pudenda:
831 3715 1133 3773 nativitatis
1154 3718 1378 3774 exordia
1411 3719 1519 3773 sint
1544 3720 1774 3786 abscisa,
1803 3721 1898 3775 sed
1928 3735 2059 3792 gen-

454 3800 609 3865 tilcm
632 3804 797 3860 vitam
820 3806 1017 3862 vixerit
1038 3810 1294 3880 primum.
1321 3809 1520 3883 (Greg.,
1546 3812 1665 3867 libr.
1696 3830 1793 3868 xui
1819 3813 1982 3881 Motu,
2010 3831 2058 3869 ο.

448 3892 566 3983 an.)
598 3892 657 3949 ln
689 3896 777 3952 die
797 3898 994 3969 quippe
1021 3908 1175 3958 ortus
1204 3902 1519 3959 umbilicum
1538 3907 1925 3975 prtescindere,
1974 3916 2059 3963 est

460 3988 831 4046 conversionis
884 3998 1128 4063 tempore
1187 3996 1369 4051 carnis
1440 3996 1714 4053 luxuriam
1791 4014 2055 4055 reserare.

461 4080 597 4165 Quia
623 4084 767 4140 enim
796 4083 1007 4143 diﬂicile
1026 4098 1110 4144 est
1138 4089 1277 4145 male
1299 4090 1551 4146 inchoata
1580 4091 1876 4162 corrigere,
1906 4100 1960 4146 et
1982 4107 2062 4148 se.

458 4175 567 4233 mel
593 4175 822 4233 formata
850 4178 1164 4237 deformiter
1190 4182 1243 4238 in
1282 4184 1475 4239 melius
1498 4185 1814 4249 reformare,
1849 4185 1914 4240 de
1937 4193 2060 4240 ortu

461 4279 560 4318 suo
587 4264 769 4322 Judcea
795 4271 1228 4339 reprehenditur,
1259 4290 1379 4343 qua:
1408 4277 1532 4330 dum
1565 4277 1617 4330 in
1636 4276 1762 4331 'Deo
1796 4286 1924 4332 nata
1954 4289 2056 4347 est,

464 4354 807 4426 inpraecisum
840 4361 1155 4418 umbilicum
1197 4367 1441 4432 retinuit,
1490 4368 1616 4438 quia
1655 4367 1798 4423 ﬂuxa
1845 4369 2057 4425 luxuria

457 4461 569 4501 non
600 4447 849 4513 abscidit.
899 4450 1169 4527 (Ηὶει-οη.)
1206 4454 1454 4531 'Proquo
1483 4458 1837 4529 Septuaginta
1876 4460 2052 4516 inter-

2160 3273 2280 3320 tem
2302 3273 2660 3319 renascuntur
2675 3263 2980 3329 inChristo,
3010 3263 3211 3318 dicitur
3232 3263 3303 3316 ad
3322 3277 3425 3317 eos
3442 3276 3461 3315 :
3485 3281 3506 3312 ‹
3534 3259 3773 3315 Vasestis

2169 3357 2250 3413 sal
2278 3365 2438 3412 terra:
2478 3355 2695 3427 (Matth.
2739 3355 2817 3427 v),
2856 3374 2875 3407 ι
2925 3362 2983 3409 et
3028 3352 3349 3423 pracipitur
3404 3353 3499 3408 eis
3546 3352 3771 3418 abApe-

2168 3448 2305 3503 stolo
2339 3465 2352 3501 :
2406 3466 2427 3498 ι
2458 3446 2651 3502 Sermo
2678 3453 2865 3501 vester
2884 3459 3103 3514 semper
3126 3445 3179 3497 in
3202 3444 3387 3515 gratia
3417 3444 3545 3500 sale
3564 3444 3641 3498 sit
3659 3456 3769 3496 csu-

2167 3538 2311 3593 tlitus
2334 3537 2558 3609 (Colosa.
2585 3536 2683 3609 ιγ).
2726 3556 2746 3587 ι
2778 3536 2931 3591 Unde
2957 3543 3015 3590 et
3043 3528 3204 3605 vulgo
3224 3536 3532 3604 sapientes
3552 3533 3765 3589 salsi-et

2164 3631 2317 3685 stulti
2348 3642 2613 3685 vocantur
2638 3629 2849 3684 insulsi.
2876 3629 2956 3683 'Et
2985 3630 3041 3684 in
3074 3628 3323 3684 Leuitico
3348 3628 3480 3699 lege
3506 3629 3762 3684 sancitur:

2172 3722 2396 3777 «'Omne
2422 3720 2750 3777 sacriﬁcium
2798 3720 3177 3776 vestrnmsale
3205 3720 3466 3776 salietur.
3506 3718 3631 3775 ﬁeri
3656 3732 3764 3773 cs-

2166 3813 2305 3868 sabit
2331 3812 2408 3867 sal
2433 3812 2738 3867 testamenti
2765 3810 2974 3867 Domini
3010 3812 3078 3867 de
3112 3810 3403 3869 sacriﬁciis
3446 3811 3671 3867 vestris.
3710 3806 3763 3861 is

2165 3904 2376 3959 cunctis
2402 3904 2719 3959 muneribus
2769 3903 2966 3958 vestris
2994 3904 3075 3958 sul
3102 3901 3351 3958 ederetis
3398 3900 3597 3972 (Leni.
3630 3898 3713 3967 ιι)-
3736 3918 3755 3947 δ

2148 3994 2267 4062 ιρυι
2323 3995 2426 4050 hoc
2455 3995 2567 4048 sale
2609 3994 2860 4049 conditus
2895 3991 3099 4059 fuerit,
3143 4000 3201 4049 et
3243 4008 3480 4048 ornum
3523 4002 3760 4064 putem

2148 4085 2555 4157 'humoremque
2596 4087 2830 4143 noxium
2854 4086 3032 4157 .bujus
3082 4085 3413 4143 admistione
3462 4084 3758 4155 siccavit.

2160 4179 2305 4233 ultra
2336 4194 2448 4235 “non
2490 4179 2655 4244 dicet,
2693 4196 2712 4230 ι
2750 4179 3211 4249 Computruerunt
3249 4187 3311 4235 et.
3336 4186 3757 4249 coemptas!”

2165 4274 2449 4330 cicatrices
2478 4288 2610 4329 meae
2648 4289 2680 4328 a
2706 4273 2858 4329 facie
2883 4273 3204 4343 insipientia:
3245 4287 3406 4329 meai.
3447 4293 3466 4323 ι
3492 4272 3755 4340 Quam

2164 4375 2249 4422 est
2277 4384 2290 4397 -
2312 4387 2346 4417 ιε
2378 4366 2487 4421 Nec
2515 4366 2751 4421 involuta
2780 4365 2995 4435 pann's.
3026 4384 3044 4416 ι
3070 4363 3658 4436 Ειθιιὶνιιοιπρωιήιῑ
3676 4370 3759 4419 est

2166 4456 2713 4512 involutus’infautite.
2746 4455 2829 4510 "Et
2854 4456 3055 4523 omnis,
3082 4455 3179 4526 qui
3197 4455 3457 4511 nascitur
3480 4471 3593 4525 aper
3618 4456 3758 4511 inre-

436 4540 653 4615 ‘pretati
683 4550 831 4610 sunt,
879 4562 897 4595 ι
925 4541 986 4598 In
1024 4542 1112 4601 die
1138 4524 1243 4617 qua
1286 4524 1413 4602 nata
1454 4561 1513 4604 es
1552 4524 1661 4605 non
1692 4524 2052 4621 alligaverunt
2078 4524 2623 4621 Dlucrapannorum
2649 4524 3348 4620 protectioneiudi—getBei.

454 4631 720 4689 mamillas
746 4644 885 4692 tuas.
920 4654 939 4689 ›
999 4632 1150 4695 Hanc
1182 4638 1346 4695 habet
1377 4640 1660 4713 Scriptura
1706 4652 1893 4700 sancta
1920 4658 2048 4700 con-

451 4722 814 4793 suetudinem,
865 4735 927 4782 ut
953 4744 1052 4799 pro
1087 4732 1251 4787 corde
1298 4733 1670 4803 pectusculum
1719 4735 1831 4791 sive
1858 4745 2048 4807 pectus

431 4821 507 4901 ‘ct
547 4814 816 4879 mamillas
844 4820 1124 4875 nominet:
1185 4830 1244 4879 ut
1266 4824 1555 4895 unicuique
1598 4826 1717 4882 loco
1746 4842 2045 4901 congruum

449 4904 667 4962 viderit.
701 4906 1103 4964 Sacerdotesin
1136 4913 1329 4981 quibus
1358 4917 1518 4973 debet
1545 4935 1665 4975 esse
1694 4922 1958 4989 doctrina,
1991 4931 2047 4979 et

448 4995 623 5065 legem
651 5000 937 5069 requirunt
965 5016 1035 5057 ex
1078 5016 1174 5058 ore
1213 5018 1401 5061 eorum
1450 5009 1723 5079 accipiunt
1760 5021 2045 5081 pectuscu-

450 5086 584 5141 lum.
651 5107 669 5138 ‹
701 5087 935 5149 Joannes
968 5106 1132 5164 super
1163 5103 1355 5165 pectus
1402 5100 1669 5155 recumbit
1694 5101 1929 5168 Domini,
1982 5112 2044 5159 ut

452 5181 519 5238 de
547 5180 695 5237 fonte
724 5183 997 5247 uberrimo
1043 5188 1259 5245 hauriat
1297 5190 1498 5246 ﬂuenta
1530 5192 1807 5264 sapientiae
1856 5193 2035 5269 (Ioan.

450 5275 598 5348 xui).
645 5276 882 5351 Virginis
908 5281 962 5337 in
1017 5281 1242 5341 Cantico
1289 5285 1646 5353 canticorum,
1703 5306 1722 5339 ι
1752 5288 1869 5344 duae
1925 5306 2039 5345 ma-

450 5366 613 5422 millze
634 5378 781 5437 sunt,
803 5373 958 5442 quasi
987 5374 1091 5431 duo
1112 5375 1319 5431 binnuli
1342 5378 1543 5449 gemini
1569 5395 1798 5450 capreae,
1827 5382 1915 5452 qui
1943 5397 2038 5451 pa-

448 5470 677 5517 scuntur
714 5464 769 5517 in
803 5464 929 5522 liliis
956 5468 1128 5525 donec
1161 5471 1388 5542 respiret
1413 5472 1547 5538 dies,
1600 5482 1654 5527 et
1684 5482 2040 5529 amoveantur

448 5555 657 5611 umbrae
694 5555 867 5629 (Cant.
919 5559 1016 5632 tv).
1047 5582 1067 5614 ›
1102 5563 1274 5620 Mater
1303 5566 1559 5636 diligens,
1593 5568 1777 5623 statim
1808 5577 1867 5622 ut
1910 5576 2034 5623 nata

438 5644 615 5713 ,fuerit
640 5647 920 5719 infautula,
963 5650 1097 5721 ligat
1118 5657 1386 5711 mamillas
1414 5658 1551 5726 ejus,
1578 5667 1637 5711 ut
1667 5676 1697 5713 a
1734 5668 1919 5713 tenero
1942 5669 2029 5713 tu-

2154 4642 2246 4697 ubi
2274 4650 2453 4697 tamen
2506 4648 2790 4712 parentum
2842 4655 2950 4696 non
2978 4639 3133 4695 deest
3160 4639 3474 4711 diligentia,
3494 4642 3647 4696 .ortis
3676 4640 3727 4695 in

2153 4733 2392 4788 fantibus
2418 4734 2654 4801 primum
2681 4732 2903 4803 prtaciidi
2922 4731 3265 4798 umbilicum,
3294 4732 3443 4787 .dein
3492 4732 3751 4790 addas.

2153 4826 2282 4882 dum
2310 4824 2630 4895 sanguinem
2678 4822 2849 4878 lavari
2888 4836 2988 4880 eos
3029 4838 3189 4893 aqua.
3250 4822 3446 4879 Tertio
3476 4824 3746 4881 bellum

2152 4932 2438 4988 corporum
2466 4915 2813 4986 parvulorum
2827 4915 2958 4971 salis
2980 4914 3283 4984 adiectione
3310 4915 3751 4984 siccatum

2150 5018 2211 5065 ut
2237 5018 2424 5065 tenera
2453 5008 2735 5064 infantum
2751 5022 2981 5078 corpora
3024 5008 3220 5077 pannis
3245 5007 3627 5064 involvantur.
3650 5007 3755 5064 DI-

2144 5101 2346 5173 plicem
2373 5102 2444 5156 ob
2470 5115 2718 5167 causam,
2764 5106 2827 5154 ut
2848 5107 2909 5154 et
2942 5099 3061 5155 sale
3080 5099 3327 5157 siccetur
3347 5114 3593 5171 corpus,
3620 5099 3757 5170 quod

2132 5198 2339 5269 pannis
2358 5211 2429 5252 ne
2452 5194 2676 5262 deﬂuat,
2700 5202 2953 5250 servatur
2974 5201 3031 5250 et
3056 5194 3374 5265 stringitur,
3418 5204 3488 5251 et
3514 5193 3758 5252 multa

2144 5289 2439 5346 tenerrima
2494 5303 2565 5342 ne
2601 5285 2759 5343 facile
2798 5286 3181 5356 depravantur.
3237 5285 3400 5343 Unde
3425 5297 3494 5344 et
3531 5300 3759 5356 car-pora

2143 5378 2218 5435 Ba
2226 5380 2509 5435 rbarorum
2522 5379 2783 5435 Romanis
2795 5380 3116 5451 corporibus
3134 5380 3379 5435 rectiora
3391 5391 3551 5435 sunt.
3571 5378 3759 5450 Usque

2143 5472 2211 5558 ad
2239 5475 2535 5530 secundum
2563 5474 2711 5530 enim
2739 5483 2794 5530 et
2819 5475 3040 5530 tertium
3070 5489 3271 5529 annum
3296 5489 3531 5544 semper
3560 5473 3759 5544 pannis

2141 5566 2509 5623 involvuntur.
2563 5566 2671 5621 Sed
2707 5580 2815 5621 non
2851 5566 2977 5620 talis
3003 5564 3326 5630 Jerusalem,
3380 5565 3475 5622 oui
3504 5579 3765 5623 neum

2138 5649 2333 5714 bilicus
2366 5659 2630 5723 abscisus,
2679 5669 2780 5712 nec
2808 5656 2973 5727 ligata
3020 5667 3148 5714 sunt
3194 5657 3395 5723 ubera.
3434 5674 3559 5715 nec
3596 5671 3773 5725 «aqua

416 5716 605 5819 (more
634 5716 912 5820 resistant,
948 5716 1034 5803 δι’
1050 5716 1508 5822 pulchritudinem
1534 5716 1843 5809 custodiant
1867 5750 2033 5826 virgi-
2131 5733 2244 5812 lota
2279 5751 2443 5809 estin
2482 5716 2736 5819 salutem,
2765 5716 2879 5808 nec,
2892 5751 3004 5808 sale
3026 5751 3183 5809 salita
3205 5794 3220 5824 ,
3498 5716 3771 5813 iniu-na
