3938 6360
206 345 317 402 669

1098 344 1448 403 ΟΟΜΜΕΝΤ.
1491 344 1557 401 ΙΝ
1596 343 2051 402 EZEOHIELEM.
2091 374 2159 387 -—
2197 347 2325 402 LIB.
2366 345 2477 403 VII.

3286 354 3472 410 .670

194 471 372 533 atque
400 461 702 519 constricta
749 462 943 532 pannis
973 462 1233 519 infantiae.
1287 462 1397 518 Cur
1439 472 1617 519 autem
1651 464 1786 519 nihil
1812 468 2009 526 Acem
2045 465 2159 520 sive
2204 481 2368 537 super
2400 466 2639 536 quinque
2684 466 2931 522 civitates
2982 468 3132 539 (Luc.
3178 469 3331 541 xix),
3374 490 3391 521 ι
3425 481 3487 525 nt

192 555 401 610 horum
427 555 627 609 meruit
653 556 1176 625 sequens.scriptura
1209 563 1470 610 testatur:
1507 575 1525 606 ‹
1550 554 1669 610 Non
1698 570 1792 625 pe-

198 646 383 716 percit
408 659 567 717 super
594 653 648 702 te
683 646 904 711 oculus,
941 654 1002 700 ut
1036 645 1239 701 faceret
1270 646 1367 700 tibi
1403 661 1573 701 unum
1610 647 1677 702 de
1707 647 1794 703 his

198 735 467 793 misertus
494 737 593 792 tui.
635 756 655 790 ι
694 736 801 793 Pro
825 738 1023 807 quibus
1058 733 1204 791 LXX
1236 744 1538 808 posuerunt
1570 755 1584 791 :
1626 755 1647 788 ι
1675 736 1793 791 Non

194 830 682 902 pepercit-semper
711 838 763 887 te
788 830 977 886 oculus
992 837 1139 896 tuus,
1170 835 1231 884 ut
1256 828 1493 885 facerem
1512 828 1607 884 tibi
1624 838 1794 883 unum

196 941 274 982 ex
299 928 551 985 omnibus
592 929 740 985 istis.
764 944 790 982 ι
844 928 912 984 Ει
946 943 1169 985 necesse
1194 936 1277 984 est
1315 936 1377 983 ut
1404 927 1599 997 duplex
1631 927 1794 983 editio

200 1018 475 1090 duplicem
522 1020 724 1077 habeat
764 1021 1214 1093 intelligentiam:
1253 1021 1404 1092 prior
1454 1021 1557 1076 hoc
1589 1018 1797 1090 signiﬁ-

199 1119 332 1167 cat:
367 1130 387 1164 ε
417 1110 535 1169 Non
586 1116 797 1185 pepecit
827 1131 990 1187 super
1043 1123 1099 1171 te
1130 1115 1320 1171 oculus
1346 1121 1409 1169 ut
1452 1113 1654 1170 faceret
1698 1112 1796 1167 tibi

199 1216 374 1256 unum
405 1204 473 1258 de
527 1203 613 1258 his
643 1205 898 1261 misertus
937 1205 1035 1260 tui.
1076 1225 1095 1257 ›
1128 1204 1199 1260 Et
1228 1213 1311 1260 est
1339 1218 1531 1260 sensus
1563 1222 1575 1258 :
1607 1201 1797 1257 Nullus

196 1293 285 1347 tui
312 1293 571 1349 misertus
599 1304 709 1361 est,
751 1295 955 1351 offenso
984 1296 1125 1362 Deo;
1144 1295 1350 1351 nullius
1378 1310 1540 1366 super
1574 1303 1626 1350 te
1650 1302 1799 1349 mota

202 1391 336 1440 sunt
372 1384 582 1441 viscera
611 1426 627 1452 ,
676 1394 738 1441 ut
789 1387 856 1443 de
912 1397 1143 1457 quatuor
1188 1388 1559 1458 superioribus
1605 1387 1797 1443 saltem

198 1475 304 1531 tibi
350 1489 519 1531 unum
560 1476 806 1546 faceret,
859 1480 986 1549 quia
1029 1480 1212 1534 omnia
1259 1479 1419 1535 simul
1464 1494 1570 1535 non
1624 1490 1801 1532 mere-

196 1567 353 1626 baris
397 1571 667 1643 accipere.
726 1572 787 1627 ln
829 1572 998 1629 altera
1054 1574 1251 1630 dicitur
1293 1593 1305 1627 :
1344 1592 1362 1624 ι
1400 1573 1515 1630 Non
1560 1573 1804 1645 pepercit

197 1675 371 1732 super
417 1671 473 1720 te
525 1664 715 1721 oculus
770 1675 927 1733 tuus,
979 1675 1042 1722 ut
1086 1665 1321 1722 facerem
1367 1666 1464 1721 tibi
1511 1682 1679 1722 unum
1732 1682 1801 1721 ex

198 1756 462 1812 omnibus
480 1757 629 1813 istis.
670 1778 689 1811 ι
734 1759 799 1813 Et
828 1760 971 1815 hunc
1016 1759 1179 1815 habet
1211 1774 1429 1815 sensum
1464 1778 1476 1812 :
1508 1760 1584 1814 ita
1618 1759 1800 1830 egisti,

1895 573 2004 612 non
2030 556 2200 612 solum
2225 557 2439 623 civitas,
2470 558 2563 613 sed
2589 564 2645 611 et
2688 558 3000 629 metropolis
3026 559 3216 615 civitas
3247 559 3484 631 appelle-

1894 651 1994 715 ris,
2044 650 2341 705 secundum
2378 651 2508 705 illud
2547 651 2691 720 quod
2722 650 2773 705 in
2808 650 2943 707 isaia
2973 652 3171 708 dicitur
3205 672 3217 707 :
3246 672 3277 705 1
3314 653 3486 710 Mater

1896 742 2110 796 urbium
2140 741 2313 798 ﬁdelis
2341 741 2473 799 Sion
2497 742 2632 813 (Isa.
2666 743 2742 815 r).
2782 764 2800 797 ›
2836 743 3006 800 Porro
3043 747 3187 816 quod
3225 748 3491 817 interpre-

1902 852 1922 886 ‹
1946 840 2088 891 tatus
2107 843 2191 892 est
2214 834 2612 908 Symmachum
2632 838 2995 907 etpervenisti
3006 839 3074 894 ad
3100 849 3350 896 ornatum
3371 856 3490 897 mu—

1896 923 2130 992 lierum;
2164 947 2181 980 »
2243 928 2375 994 sive,
2420 938 2485 983 ut
2511 928 2868 994 Thcodotion,
2905 950 2923 981 ε
2959 939 3013 986 et
3052 930 3296 1002 ingressa
3329 948 3396 988 es
3422 935 3490 989 ad

1897 1029 2152 1074 ornatum
2177 1030 2641 1078 ornamentorum.
2686 1043 2705 1077 ι
2732 1023 2846 1079 Pro
2894 1038 3001 1095 quo
3029 1039 3145 1090 nos,
3173 1027 3343 1081 secuti
3368 1042 3493 1082 scn-

1898 1125 2018 1165 sum
2044 1110 2391 1181 Hebraicum,
2423 1113 2720 1170 dixerimus
2746 1132 2761 1169 :
2798 1115 2901 1171 «Et
2927 1116 3223 1187 pervenisti
3245 1117 3311 1171 ad
3340 1132 3495 1172 mun-

1901 1202 2026 1258 dum
2082 1204 2400 1261 muliebrem
2426 1247 2440 1273 ,
2496 1227 2516 1259 ι
2570 1215 2785 1277 tempus
2843 1208 3144 1278 pubertatis
3219 1207 3493 1273 ostendit,

1902 1294 2118 1363 quando
2140 1296 2332 1365 puella:
2347 1297 2559 1377 nubiles
2580 1299 2941 1369 appellantur,
2963 1306 3017 1354 et
3028 1306 3255 1369 possunt
3269 1300 3497 1353 marito-

1903 1400 2022 1440 rum
2046 1386 2384 1456 amplexibus
2412 1390 2673 1461 copuiari.
2705 1391 2947 1460 Denique
2972 1392 3247 1461 sequitur:
3270 1410 3289 1443 ‹
3317 1389 3495 1446 Ubera

1902 1483 1995 1531 tua
2049 1479 2439 1546 intumuerunt,
2490 1490 2545 1537 et
2588 1482 2728 1555 pilus
2767 1490 2891 1537 tuus
2934 1484 3276 1554 geminavit.
3317 1503 3336 1534 ›
3390 1480 3501 1539 H0-

1903 1576 2060 1625 neste
2094 1571 2615 1629 adolescentularum
2634 1577 2931 1631 maturitas
2959 1576 3253 1643 indicatur,
3283 1576 3500 1647 quando

1905 1662 2275 1718 intumescunt
2324 1663 2493 1719 ubera
2541 1667 2654 1721 sive
2703 1667 3005 1739 eriguntur,
3055 1675 3110 1722 et
3153 1667 3245 1739 pili
3298 1668 3501 1738 germi-

1905 1763 2058 1809 nant.
2097 1756 2340 1827 Cumque
2367 1766 2556 1829 parata
2607 1767 2750 1815 esset
2796 1762 2862 1816 ad
2896 1761 3132 1831 nuptias,
3176 1768 3230 1815 et
3277 1761 3507 1816 haberet

196 1853 260 1902 et
285 1847 363 1903 sic
388 1848 445 1903 in
490 1851 729 1919 peccatis
755 1858 881 1905 nata
913 1865 1005 1905 es:
1038 1858 1094 1906 et
1122 1850 1179 1905 in
1231 1850 1445 1906 delictis
1473 1850 1722 1920 concepit
1749 1858 1802 1907 te
1830 1856 1877 1917 Β
1905 1846 2362 1917 pulchritudinem
2414 1851 2656 1920 corporis
2681 1893 2694 1918 ,
2761 1853 3208 1931 vestimentorum
3262 1854 3504 1926 tegmina

188 1948 383 1996 mater
418 1951 533 2009 tua,
560 1952 619 1998 ut
646 1958 713 1997 ne
739 1943 853 2013 ipsa
875 1944 1093 2014 quidem
1124 1943 1200 1998 tui
1227 1944 1523 1999 misereris.
1555 1943 1799 2013 Cumque

152 2080 159 2105 ,
197 2032 539 2104 sicgesseris
569 2044 630 2090 ut
650 2037 937 2091 adversum
970 2044 1022 2092 te
1063 2052 1163 2108 per
1195 2036 1335 2091 mala
1370 2052 1534 2108 opera
1567 2036 1801 2093 crudelis

158 2108 163 2117 ’
199 2123 474 2179 existeres
507 2140 522 2178 :
567 2140 668 2196 ego
695 2127 825 2197 quid
856 2127 952 2182 tibi
980 2128 1131 2197 potui
1154 2126 1353 2195 facere,
1388 2142 1510 2199 quae
1535 2144 1605 2184 ne
1629 2143 1801 2182 unum

199 2215 421 2287 quidem
464 2219 810 2289 superiorum
844 2222 1093 2291 accipere
1122 2222 1429 2278 merueris?
1476 2222 1613 2290 Quia
1636 2222 1802 2292 igitur

202 2307 343 2362 nihil
374 2307 593 2377 horum,
648 2327 768 2382 qua:
820 2313 937 2367 fieri
966 2312 1265 2370 infantibus
1296 2314 1491 2382 solent,
1531 2315 1587 2370 in
1628 2323 1683 2370 te
1715 2313 1800 2369 fa-

200 2408 481 2469 ctumest,
510 2411 567 2459 et
592 2404 696 2459 hoc
719 2419 827 2459 non
859 2405 976 2460 sine
1005 2421 1187 2473 causa,
1219 2423 1322 2464 nec
1348 2408 1553 2478 absque
1571 2406 1800 2477 judicio,

188 2492 302 2546 sed
330 2498 425 2547 tuo
450 2492 585 2548 vitio
613 2503 775 2566 atque
820 2505 1066 2567 peccato,
1124 2513 1245 2570 qum
1293 2514 1362 2554 ne
1417 2499 1535 2568 ipsa
1584 2499 1803 2569 quidem

204 2585 288 2638 tui
317 2585 540 2642 miserta
565 2600 645 2654 es,
668 2588 798 2644 ideo
842 2588 1085 2661 projeeta
1124 2606 1184 2646 es
1211 2592 1267 2646 in
1302 2589 1456 2646 ’i‘acie
1490 2597 1651 2646 terrae
1691 2591 1805 2645 sive

204 2676 431 2745 campi:
488 2695 510 2730 ‹
541 2676 610 2733 Et
646 2678 888 2750 proiecta
942 2690 1169 2754 propter
1223 2683 1545 2753 pravitatem
1612 2682 1806 2737 animae

207 2772 336 2833 tuae,
382 2767 438 2822 in
484 2768 573 2826 die
622 2785 726 2840 qua
776 2782 903 2828 nata
953 2790 1031 2830 es.
1065 2794 1083 2826 ι
1140 2774 1371 2830 Oremus
1423 2791 1490 2830 ne
1537 2775 1807 2845 pravitate

205 2860 407 2916 animae
432 2861 780 2932 projiciamur
800 2866 1014 2923 in'facie
1042 2869 1242 2940 campi,
1272 2870 1328 2923 in
1349 2884 1455 2939 quo
1486 2869 1590 2924 lata
1614 2877 1667 2924 et
1689 2885 1809 2940 spa-

208 2955 352 3011 tiosa
384 2956 472 3012 via
501 2965 605 3025 est,
659 2973 778 3028 qua:
806 2961 957 3017 ducit
984 2962 1051 3018 ad
1096 2971 1325 3018 mortem
1349 3003 1365 3028 ,
1414 2963 1469 3017 in
1511 2978 1619 3033 quo
1650 2960 1809 3017 Chal-

205 3044 449 3102 daeorum
486 3050 852 3107 debacchatur
898 3056 1172 3125 equitatds
1244 3053 1525 3123 Simulque
1561 3053 1811 3109 conside-

202 3139 437 3194 randum
480 3143 625 3210 quod
676 3143 854 3200 nullus
900 3146 954 3199 in
1011 3147 1096 3202 die
1144 3162 1251 3217 qua
1306 3146 1551 3201 nascitur
1580 3161 1810 3217 pravum

1904 1956 2009 1995 non
2039 1941 2292 2010 habebat,
2323 1960 2423 2000 nec
2466 1945 2561 2000 Dei
2596 1946 2983 2017 protegebatur
3022 1946 3241 2003 auxilio.
3291 1947 3348 2003 Si
3376 1949 3499 2018 quis

1898 2033 2105 2089 Christi
2131 2051 2237 2090 non
2262 2037 2423 2092 habet
2453 2038 2851 2105 indumentum,
2902 2042 3076 2096 nudus
3120 2048 3222 2097 est.
3269 2039 3327 2096 Si
3374 2040 3498 2111 quis

1902 2143 2013 2183 non
2056 2137 2139 2184 est
2172 2129 2393 2186 indutus
2420 2132 2723 2187 visceribus
2751 2133 3159 2200 misericordiae,
3220 2133 3505 2201 bonitatis,

1903 2221 2248 2289 humilitatis,
2272 2224 2562 2293 pudicitiae,
2599 2225 3054 2290 mansuetudinis,
3087 2225 3395 2296 patientiae,
3416 2226 3504 2298 ja-

1904 2322 1990 2367 cet
2016 2328 2179 2384 super
2218 2313 2412 2370 faciem
2444 2324 2639 2371 terrae:
2679 2324 2735 2372 et
2759 2315 3102 2387 pulchritudo
3132 2316 3249 2387 ejus
3284 2317 3337 2372 iu
3381 2334 3509 2375 con-

1902 2391 2115 2460 tusione
2142 2414 2195 2460 et
2221 2405 2465 2462 nuditate
2490 2415 2744 2477 torpatur
2781 2406 3099 2481 [turpatur].

1980 2515 1999 2548 ί
2033 2497 2099 2551 Et
2128 2498 2352 2553 transivi
2388 2513 2488 2569 per
2529 2507 2600 2563 te,
2648 2507 2703 2555 et
2748 2499 2861 2554 vidi
2888 2508 2962 2554 te.
3014 2499 3082 2554 Et
3123 2512 3249 2557 ecce
3298 2506 3509 2571 tempus

1910 2609 1931 2642 ‹
1960 2597 2135 2656 tuum,
2159 2601 2374 2661 tempus
2390 2592 2709 2646 amantium.
2728 2591 2797 2646 Et
2808 2591 3039 2663 expandi
3055 2593 3311 2648 amictum
3328 2608 3507 2647 meum

1912 2700 1931 2733 ‹
1959 2697 2123 2753 super
2144 2694 2217 2749 te,
2243 2692 2297 2739 et
2320 2684 2512 2754 aperui
2536 2684 2889 2756 ignominiam
2912 2695 3079 2740 tuam.
3108 2702 3129 2736 ι
3159 2684 3371 2752 Quanta
3402 2682 3510 2738 cie-

1907 2774 2131 2840 mentia,
2158 2790 2263 2831 non
2287 2772 2575 2831 suffecerat
2589 2775 2759 2831 semel
2778 2776 2979 2831 vidisse
2999 2791 3121 2830 eam
3139 2776 3510 2832 conculcatam

1906 2867 1962 2921 in
1989 2857 2250 2937 sanguine
2268 2909 2283 2934 ,
2312 2875 2367 2922 et
2395 2868 2463 2923 ad
2485 2868 2858 2939 paenitentiam
2881 2882 3230 2938 provocasse,
3263 2869 3356 2923 sed
3385 2883 3511 2938 pec-

1909 2967 2126 3014 cantem
2160 2975 2351 3015 rursus
2380 2959 2600 3027 invisit,
2623 2961 2747 3030 quia
2773 2969 2894 3014 erat
2923 2961 3066 3016 nuda
3099 2969 3151 3016 et
3176 2957 3510 3014 confusionis

1908 3052 2102 3123 plena,
2131 3066 2349 3107 rursum
2382 3053 2533 3108 venit
2560 3061 2615 3108 et
2640 3052 2851 3117 visitat,
2878 3061 2933 3108 et
2965 3067 3095 3109 ecce
3126 3061 3339 3123 tempus
3371 3049 3505 3121 ejus,

1908 3153 2127 3216 tempus
2155 3147 2477 3200 amantium.
2507 3145 2643 3201 illud
2680 3145 2848 3217 igitur
2870 3153 3082 3214 tempus
3113 3151 3262 3209 erat,
3296 3142 3509 3213 quando

203 3227 427 3299 aliquod
480 3234 820 3290 committere
862 3245 1082 3306 potest,
1134 3236 1240 3294 nisi
1294 3237 1499 3293 lavacri
1544 3246 1806 3309 tempore,
1837 3224 1882 3289 C
1912 3246 2140 3308 possunt
2161 3237 2418 3292 mulieres
2442 3237 2579 3293 viris
2615 3235 2858 3306 copulari
2878 3277 2893 3302 ,
2925 3243 2980 3290 et
3010 3234 3278 3291 sustinere
3307 3232 3511 3291 coitum

178 3321 425 3392 quando
452 3323 669 3393 sapiens
694 3329 975 3397 generatio
1008 3328 1113 3385 ﬁde
1136 3330 1412 3385 credentis
1441 3330 1755 3385 assumitur.

283 3431 304 3465 ι
340 3411 635 3471 Transiens
656 3427 842 3474 autem
868 3435 968 3489 per
1008 3430 1081 3488 te,
1133 3422 1242 3476 vidi
1275 3431 1327 3478 te
1356 3421 1728 3477 conculcatam
1755 3423 1809 3477 in

192 3519 235 3557 1
277 3505 537 3576 sanguine
560 3514 674 3562 tuo.
711 3508 786 3563 Et
812 3509 923 3565 dixi
972 3512 1067 3567 tibi
1097 3527 1221 3568 cum
1270 3529 1420 3571 esses
1466 3517 1521 3571 in
1550 3517 1811 3590 sanguine

192 3613 235 3649 -ι
281 3605 373 3653 tuo
399 3596 582 3668 :Vivc,
604 3600 736 3668 dixi,
758 3603 1001 3674 inquam,
1027 3605 1123 3660 tibi
1146 3607 1201 3661 in
1231 3611 1492 3679 sanguine
1520 3618 1634 3676 tuo,
1664 3612 1808 3666 vive.

209 3706 235 3743 σ
266 3684 876 3766 ‘Multiplieatamquasi
915 3712 1136 3770 germen
1163 3699 1274 3771 agri
1317 3700 1439 3755 dedi
1467 3709 1541 3768 te,
1590 3712 1644 3757 et
1670 3703 1809 3757 mni-

209 3800 235 3836 α
264 3783 520 3855 -ῑίριίσθιθ
544 3800 623 3855 es,
668 3798 722 3845 et
750 3791 971 3865 grandis
1016 3791 1229 3860 eﬁ‘ecta,
1273 3802 1329 3849 ct
1358 3793 1602 3865 ingressa
1632 3811 1707 3861 es,
1756 3803 1812 3850 et

210 3893 236 3931 ι
276 3881 572 3950 pervenisti
612 3883 680 3938 ad
707 3883 1333 3942 mundum'muliebrem.
1385 3887 1562 3943 Ubera
1600 3896 1688 3942 tua
1725 3887 1808 3941 in-

211 3986 236 4022 t
280 3976 614 4038 tumuerunt,
665 3983 721 4028 et
743 3975 882 4044 pilus
910 3984 1037 4031 tuus
1063 3979 1402 4049 germinavit,
1436 3989 1491 4035 et
1524 3996 1644 4035 eras
1669 3980 1813 4035 nuda

210 4083 237 4118 ε
279 4074 335 4121 et
363 4066 697 4123 confusionis
751 4068 931 4139 plena,
972 4090 991 4123 ι
1042 4080 1148 4126 etc.
1195 4071 1465 4144 (Hieron)
1516 4074 1812 4143 Postquam

203 4153 451 4229 proiecta
493 4168 555 4214 es
603 4159 661 4213 in
712 4157 911 4214 faciem
965 4162 1183 4232 campi,
1238 4163 1352 4218 sive
1402 4179 1565 4234 super
1618 4164 1813 4219 faciem

204 4254 392 4315 terrae,
423 4258 644 4322 propter
672 4251 998 4323 pravitatem
1029 4254 1224 4309 animae
1253 4261 1387 4323 tuae,
1440 4272 1622 4312 meum
1668 4256 1813 4312 ultra

202 4353 321 4398 non
350 4340 646 4398 merebaris
692 4342 975 4399 auxilium.
1025 4344 1280 4402 Attamen
1310 4346 1584 4404 transiens
1634 4363 1732 4418 per
1760 4356 1813 4402 te

201 4430 323 4488 vidi
351 4439 423 4499 te,
469 4432 842 4489 conculcatam
889 4436 1001 4490 sive
1047 4438 1389 4494 commistam
1445 4439 1502 4494 in
1553 4440 1812 4511 sanguine

182 4524 342 4581 'tuo:
373 4526 427 4582 id
450 4512 563 4593 est,
618 4541 770 4582 ream
796 4529 1106 4584 mortalium
1153 4531 1440 4585 criminum
1475 4549 1489 4585 :
1520 4540 1574 4586 et
1615 4547 1811 4601 provo-

205 4616 444 4683 cavi'te,
493 4615 741 4673 tribuens
783 4620 1186 4689 paenitentiam.
1235 4619 1468 4691 Dixique
1512 4620 1809 4687 tibi,Licet

204 4708 288 4765 sis
316 4708 370 4765 in
397 4710 681 4781 sanguine,
715 4719 897 4766 tamen
926 4712 1047 4768 vive
1081 4728 1364 4770 conversa.
1418 4713 1702 4785 Tantaque
1750 4714 1805 4769 in

179 4802 266 4859 ἴω
297 4800 398 4856 fuit
426 4802 668 4859 omnium
711 4819 895 4859 rerum
918 4802 1275 4873 abundantia,
1320 4814 1381 4861 ut
1405 4806 1521 4876 agri
1546 4806 1807 4862 uberrimi

206 4894 443 4950 haberes
467 4893 872 4952 similitudinem
905 4915 919 4951 :
948 4904 1004 4952 et
1030 4897 1465 4953 benedictionem
1487 4897 1678 4964 Jacob,
1702 4913 1808 4968 qua

203 4985 489 5043 benedixit
515 4986 567 5042 ei
614 4995 772 5057 pater
810 5004 974 5055 suus,
1008 4989 1213 5045 'dicens
1244 5007 1257 5043 :
1296 5009 1314 5042 ι
1340 4989 1493 5045 ‘Ecce
1535 4988 1670 5045 odor
1715 4987 1811 5043 ﬁlii

204 5078 321 5135 mei
372 5078 512 5134 sicut
560 5080 697 5136 odor
739 5081 855 5151 agri
889 5080 1055 5152 pleni,
1105 5081 1191 5136 cui
1221 5081 1501 5137 benedixit
1548 5078 1811 5135 Dominus

207 5166 372 5243 (Gen.
411 5168 605 5244 xxvii),
636 5189 656 5223 ι
709 5179 764 5227 et
794 5171 1030 5228 intrares
1074 5171 1371 5242 penetralia
1414 5172 1627 5228 Domini
1658 5172 1809 5227 dice-

206 5275 409 5331 resque
438 5277 559 5318 cum
581 5277 816 5335 sponsa:
856 5283 873 5315 ι
901 5263 1206 5320 Introduxit
1236 5281 1322 5322 me
1364 5265 1548 5321 rex'in
1583 5265 1808 5320 cubicu-

206 5353 325 5410 lum
359 5371 517 5413 suum
561 5352 736 5427 (Cant.
786 5356 850 5428 1).
883 5376 902 5409 ι
953 5356 1021 5411 Et
1056 5357 1133 5413 'ad
1182 5359 1439 5415 mundum
1489 5356 1808 5414 muliebrem

206 5447 546 5520 pervenires.
592 5447 700 5506 Pro
750 5464 858 5519 quo
903 5447 1257 5521 Septuaginta
1289 5451 1696 5518 transtulerunt,
1747 5459 1801 5505 et

210 5538 459 5612 ingressa
494 5555 553 5595 es
581 5542 635 5597 in
659 5529 906 5599 civitates
929 5542 1238 5609 civitatum,
1282 5553 1342 5598 ut
1365 5546 1631 5615 quomodo
1661 5544 1801 5601 Can-

212 5631 382 5703 ticum
412 5632 766 5699 canticorum,
819 5642 874 5688 et
923 5634 1180 5689 saeculum
1208 5634 1404 5690 dicitur
1435 5638 1751 5694 saeculorum
1783 5656 1795 5691 :

209 5723 290 5782 ita
343 5728 588 5786 civitates
630 5729 964 5801 appellentur
1009 5730 1309 5786 civitatum.
1381 5732 1455 5785 De
1504 5735 1698 5801 quibus
1745 5734 1797 5786 in

213 5818 509 5898 Evangelia
553 5822 791 5882 dicitur:
845 5842 865 5878 ‹
902 5822 1106 5881 Habeto
1139 5831 1461 5897 potestatem
1502 5840 1663 5894 super
1705 5824 1797 5879 dc-

1913 3328 2238 3383 maritalem.
2277 3329 2532 3384 Attamen
2565 3327 2881 3384 misericors
2915 3327 3058 3382 Deus
3095 3324 3354 3397 expandit
3395 3322 3510 3380 alas

1912 3437 2068 3489 suas,
2106 3424 2345 3495 suscepit
2375 3439 2497 3490 eos,
2536 3432 2591 3478 et
2619 3423 2672 3477 in
2702 3421 2945 3477 humeris
2982 3421 3095 3477 suis
3118 3418 3357 3491 portavit
3390 3431 3507 3481 eos.

1910 3513 2072 3570 Juxta
2099 3515 2230 3571 illud
2252 3517 2392 3586 quod
2416 3517 2470 3571 in
2494 3514 2788 3586 Evangelia
2811 3514 3009 3569 dicitur
3033 3531 3045 3569 :
3074 3530 3093 3564 ‹
3122 3511 3344 3579 Quoties
3363 3508 3510 3566 volui

1912 3621 2246 3678 congregare
2272 3608 2410 3663 ﬁlios
2442 3615 2562 3663 tuos
2581 3648 2595 3672 ,
2620 3608 2757 3662 sicut
2780 3606 2981 3676 gallina
3007 3611 3301 3676 congregat
3334 3598 3510 3673 pullos

1911 3714 2039 3754 suos
2066 3700 2166 3754 sub
2198 3699 2311 3753 alas
2334 3715 2479 3765 suas,
2508 3707 2563 3755 et
2585 3698 2801 3754 noluisti
2830 3696 2984 3769 (Luc.
3016 3697 3138 3767 xu).
3178 3715 3196 3747 ι
3225 3694 3351 3748 Sive
3374 3692 3508 3749 ami-

1912 3797 2059 3845 ctum
2089 3790 2345 3861 expandit
2375 3804 2472 3859 pro
2498 3787 2758 3844 alis.‘Hoc
2781 3788 2927 3842 enim
2968 3786 3361 3857 interpretatur
3380 3804 3507 3843 πτε-

1906 3885 2085 3958 ρύγιον
2126 3897 2233 3952 quo
2271 3890 2461 3953 operta
2500 3890 2584 3937 est
2627 3888 2681 3936 et
2716 3879 2860 3934 Ruth
2883 3920 2897 3947 ,
2930 3878 2995 3934 a'd
3033 3878 3200 3950 pedes
3236 3876 3510 3932 dormiens

1909 3974 2075 4042 Booz,
2104 3986 2160 4032 et
2186 3977 2241 4031 in
2273 3991 2392 4041 ora,
2433 3977 2487 4031 id
2512 3983 2595 4031 est
2620 3976 2881 4049 πτερυγίω
2906 3971 3215 4028 vestimenti
3236 3968 3405 4027 nostri
3425 3969 3508 4039 δυο

1909 4065 2104 4121 bemur
2120 4065 2500 4137 hyacinthinas
2517 4065 2758 4119 ﬁmbrias
2778 4063 3019 4134 alligare.
3034 4060 3162 4117 Haec
3180 4068 3359 4116 autem
3382 4057 3511 4114 fecit

1912 4164 1972 4211 ut
2007 4158 2245 4226 operiret
2270 4155 2619 4227 ignominiam
2648 4154 2971 4220 Jerusalem,
3022 4151 3255 4224 genitale
3279 4148 3509 4206 femina-

1911 4266 2035 4308 rum
2088 4248 2188 4304 sub
2228 4248 2331 4304 hoc
2373 4247 2588 4303 nomine
2642 4262 2841 4318 corpus
2890 4244 3229 4303 ostendens:
3280 4239 3507 4298 'Etenim

1906 4340 2062 4411 juxta
2093 4339 2459 4411 Apostolum,‘
2498 4357 2516 4390 ‹
2555 4339 2837 4395 inhonesta
2893 4337 3138 4410 corporis
3173 4336 3347 4393 nostri
3388 4352 3504 4391 ma-

1892 4431 2029 4503 jore
2072 4434 2277 4488 honore
2333 4431 2816 4505 circumdamus(l
2862 4430 2984 4487 Cor.
3035 4429 3159 4498 xu).
3199 4451 3218 4483 ι
3272 4428 3424 4487 Unde
3454 4436 3511 4484 et

1910 4525 2200 4583 Psalmista
2233 4526 2415 4581 canit:
2459 4545 2476 4577 ι
2511 4524 2660 4579 Beati
2693 4538 2924 4595 quorum
2972 4524 3213 4580 remissa:
3241 4528 3367 4578 sunt
3408 4519 3511 4576 ini-

1913 4619 2165 4691 quitates,
2198 4626 2253 4672 et
2267 4633 2498 4687 quorum
2525 4622 2665 4672 tecta
2692 4623 2818 4670 sunt
2834 4624 3056 4686 peccata
3083 4611 3255 4686 (Pstil.
3281 4608 3455 4683 xxxi).
3484 4630 3504 4662 ι

1911 4708 2042 4777 Qum
2070 4709 2261 4773 Cbam,
2293 4708 2416 4777 quia
2444 4722 2552 4761 non
2586 4704 2825 4775 protexit
2854 4704 2906 4757 in
2942 4711 3125 4773 patre,
3170 4709 3372 4755 aeterna
3401 4716 3511 4755 ma-

1911 4799 2199 4857 ledictione
2225 4798 2487 4867 signatur.
2543 4793 2698 4860 Quod
2732 4792 2968 4848 diximus
2996 4789 3062 4844 de
3087 4788 3388 4846 Jerusalem
3414 4804 3507 4844 re-

1911 4893 2153 4950 feramus
2179 4891 2244 4945 ad
2271 4890 2507 4944 animam
2532 4896 2798 4954 nostram,
2830 4901 2949 4957 quae
2970 4882 3209 4956 quandiu
3236 4882 3292 4937 in
3320 4880 3502 4936 infan-

1913 4985 1991 5040 tia
2026 4984 2318 5040 constituta
2354 4991 2456 5049 est,
2488 4988 2711 5052 peccato
2739 4988 2904 5036 caret.
2944 4977 3079 5035 Cum
3112 4983 3292 5031 autem
3327 4972 3506 5030 aetatis

1915 5075 2031 5146 ejus
2059 5083 2272 5146 tempus
2301 5075 2616 5141 advenerit,
2646 5074 2802 5130 multi
2835 5080 2960 5129 sunt
2988 5078 3260 5126 amatores
3298 5068 3501 5126 daemo-

1912 5187 2042 5227 num
2078 5177 2130 5225 et
2175 5169 2571 5237 haereticorum,
2628 5178 3115 5237 perversorumque
3172 5163 3499 5235 dogmatum,

1913 5263 2006 5335 qui
2036 5261 2103 5317 ad
2132 5276 2251 5316 eam
2278 5260 2500 5331 cupiunt
2545 5257 2852 5314 declinare:
2899 5254 2990 5327 qui
3028 5255 3365 5326 protectione
3388 5250 3501 5308 'Dei

1912 5352 2264 5425 repelluntur,
2304 5361 2365 5407 ut
2412 5367 2519 5407 non
2561 5348 2821 5407 satellites
2851 5347 3048 5404 diaboli
3096 5349 3192 5404 sed
3221 5347 3500 5403 ministros

1888 5442 2209 5501 'Salvatoris
2255 5443 2497 5514 recipiat.
2550 5443 2656 5497 Pro
2685 5440 3065 5497 divertentium
3111 5439 3399 5496 dilectione
3446 5446 3503 5495 et

1906 5539 2130 5597 uberum
2164 5541 2217 5594 in
2252 5537 2514 5595 Hebraico
2541 5538 2774 5593 habetur
2800 5537 3000 5605 dodim,
3030 5536 3174 5615 quod
3201 5529 3498 5609 secundum

1892 5634 2102 5705 linguae
2131 5649 2319 5689 eorum
2343 5633 2749 5705 proprietatem,
2776 5631 2978 5698 omnia,
3008 5646 3129 5702 quae
3153 5643 3316 5699 supra
3344 5639 3500 5711 versa

1906 5736 2032 5781 sunt
2076 5725 2363 5795 signiﬁcat.
2408 5724 2593 5778 Potest
2629 5731 2836 5793 tempus
2860 5721 3163 5778 dilectionis
3191 5727 3245 5774 et
3270 5719 3498 5773 uberum

1903 5818 2017 5876 sive
2055 5822 2358 5872 amatorum
2392 5813 2487 5870 Dei
2514 5813 2742 5889 intelligi
2766 5814 3062 5887 Abraham,
3111 5810 3285 5886 Isaac,
3321 5805 3496 5905 etha-
