  <div class='ocr_page' id='page_1' title='image "/cluster/home/n/w/nwhite01/storage/ocr_20150623/110/hvd.32044015466865/358.png"; bbox 0 0 3938 6360; ppageno 0'>
   <div class='ocr_carea' id='block_1_1' title="bbox 147 353 270 422">
    <p class='ocr_par' dir='ltr' id='par_1_1' title="bbox 147 353 270 422">
     <span class='ocr_line' id='line_1_1' title="bbox 147 353 270 422; baseline 0 -1"><span class='ocrx_word' id='word_1_1' title='bbox 147 353 270 422; x_wconf 78' lang='lat'><strong>&#39;675</strong></span> 
     </span>
    </p>
   </div>
   <div class='ocr_carea' id='block_1_2' title="bbox 943 323 2480 414">
    <p class='ocr_par' dir='ltr' id='par_1_2' title="bbox 943 323 2480 414">
     <span class='ocr_line' id='line_1_2' title="bbox 943 323 2480 414; baseline -0.01 -4"><span class='ocrx_word' id='word_1_2' title='bbox 943 341 992 356; x_wconf 79' lang='grc'><strong>·“</strong></span> <span class='ocrx_word' id='word_1_3' title='bbox 1019 355 1024 364; x_wconf 89' lang='grc'>·</span> <span class='ocrx_word' id='word_1_4' title='bbox 1097 343 1446 414; x_wconf 75' lang='lat' dir='ltr'><strong>COMMENT.</strong></span> <span class='ocrx_word' id='word_1_5' title='bbox 1488 323 2053 407; x_wconf 61' lang='lat' dir='ltr'><strong>insimulatam.</strong></span> <span class='ocrx_word' id='word_1_6' title='bbox 2092 335 2179 383; x_wconf 84' lang='lat'><strong>—-&#39;</strong></span> <span class='ocrx_word' id='word_1_7' title='bbox 2199 328 2328 396; x_wconf 69' lang='lat' dir='ltr'><strong>ris.</strong></span> <span class='ocrx_word' id='word_1_8' title='bbox 2365 327 2480 396; x_wconf 79' lang='lat' dir='ltr'><strong>vn.</strong></span> 
     </span>
    </p>
   </div>
   <div class='ocr_carea' id='block_1_3' title="bbox 3312 330 3418 386">
    <p class='ocr_par' dir='ltr' id='par_1_3' title="bbox 3312 330 3418 386">
     <span class='ocr_line' id='line_1_3' title="bbox 3312 330 3418 386; baseline -0.009 0"><span class='ocrx_word' id='word_1_9' title='bbox 3312 330 3418 386; x_wconf 65' lang='lat' dir='ltr'><strong>67b</strong></span> 
     </span>
    </p>
   </div>
   <div class='ocr_carea' id='block_1_4' title="bbox 165 441 3419 542">
    <p class='ocr_par' dir='ltr' id='par_1_4' title="bbox 165 441 3419 542">
     <span class='ocr_line' id='line_1_4' title="bbox 165 441 3419 542; baseline -0.01 -9"><span class='ocrx_word' id='word_1_10' title='bbox 165 459 257 534; x_wconf 80' lang='lat' dir='ltr'><strong>tur</strong></span> <span class='ocrx_word' id='word_1_11' title='bbox 290 475 432 531; x_wconf 86' lang='lat' dir='ltr'><strong>Deus</strong></span> <span class='ocrx_word' id='word_1_12' title='bbox 463 493 476 528; x_wconf 89' lang='lat'><strong>:</strong></span> <span class='ocrx_word' id='word_1_13' title='bbox 511 465 792 542; x_wconf 62' lang='lat' dir='ltr'><strong>«‘A&#39;ccinge</strong></span> <span class='ocrx_word' id='word_1_14' title='bbox 845 470 983 526; x_wconf 88' lang='lat' dir='ltr'><strong>sicut</strong></span> <span class='ocrx_word' id='word_1_15' title='bbox 1029 470 1112 524; x_wconf 91' lang='lat' dir='ltr'><strong>vir</strong></span> <span class='ocrx_word' id='word_1_16' title='bbox 1161 469 1370 522; x_wconf 88' lang='lat' dir='ltr'><strong>lumbos</strong></span> <span class='ocrx_word' id='word_1_17' title='bbox 1423 473 1541 519; x_wconf 89' lang='lat' dir='ltr'><strong>tuos</strong></span> <span class='ocrx_word' id='word_1_18' title='bbox 1575 441 1817 534; x_wconf 52' lang='grc' dir='ltr'><strong>ἰ(ΙοὺμᾺ</strong></span> <span class='ocrx_word' id='word_1_19' title='bbox 1843 465 1970 509; x_wconf 89' lang='lat' dir='ltr'><strong>tunc</strong></span> <span class='ocrx_word' id='word_1_20' title='bbox 2017 453 2312 521; x_wconf 87' lang='lat' dir='ltr'><strong>accipimus</strong></span> <span class='ocrx_word' id='word_1_21' title='bbox 2346 453 2513 523; x_wconf 78' lang='lat' dir='ltr'><strong>juxta</strong></span> <span class='ocrx_word' id='word_1_22' title='bbox 2560 451 2818 522; x_wconf 86' lang='lat' dir='ltr'><strong>mysticus</strong></span> <span class='ocrx_word' id='word_1_23' title='bbox 2870 447 3419 514; x_wconf 66' lang='lat' dir='ltr'><strong>intellectus-quando</strong></span> 
     </span>
    </p>
   </div>
   <div class='ocr_carea' id='block_1_5' title="bbox 165 541 1735 636">
    <p class='ocr_par' dir='ltr' id='par_1_5' title="bbox 165 541 1735 636">
     <span class='ocr_line' id='line_1_5' title="bbox 165 541 1735 636; baseline -0.01 -14"><span class='ocrx_word' id='word_1_24' title='bbox 165 566 417 636; x_wconf 61' lang='lat' dir='ltr'><strong>xx‘xvm).</strong></span> <span class='ocrx_word' id='word_1_25' title='bbox 458 584 476 615; x_wconf 79' lang='grc' dir='ltr'><strong>ι</strong></span> <span class='ocrx_word' id='word_1_26' title='bbox 509 564 576 618; x_wconf 87' lang='lat' dir='ltr'><strong>Et</strong></span> <span class='ocrx_word' id='word_1_27' title='bbox 615 541 880 618; x_wconf 78' lang='lat' dir='ltr'><strong>comesuri</strong></span> <span class='ocrx_word' id='word_1_28' title='bbox 933 575 1128 630; x_wconf 82' lang='lat' dir='ltr'><strong>agnum</strong></span> <span class='ocrx_word' id='word_1_29' title='bbox 1180 557 1402 612; x_wconf 89' lang='lat' dir='ltr'><strong>calceati</strong></span> <span class='ocrx_word' id='word_1_30' title='bbox 1440 541 1735 625; x_wconf 9' lang='lat' dir='ltr'><strong>pcdcs,ite-</strong></span> 
     </span>
    </p>
   </div>
   <div class='ocr_carea' id='block_1_6' title="bbox 168 644 1739 720">
    <p class='ocr_par' dir='ltr' id='par_1_6' title="bbox 168 644 1739 720">
     <span class='ocr_line' id='line_1_6' title="bbox 168 644 1739 720; baseline -0.009 -9"><span class='ocrx_word' id='word_1_31' title='bbox 168 659 360 711; x_wconf 84' lang='lat' dir='ltr'><strong>nentes</strong></span> <span class='ocrx_word' id='word_1_32' title='bbox 382 655 653 720; x_wconf 82' lang='lat' dir='ltr'><strong>baculum,</strong></span> <span class='ocrx_word' id='word_1_33' title='bbox 686 661 891 708; x_wconf 90' lang='lat' dir='ltr'><strong>stantes</strong></span> <span class='ocrx_word' id='word_1_34' title='bbox 925 651 978 704; x_wconf 91' lang='lat' dir='ltr'><strong>in</strong></span> <span class='ocrx_word' id='word_1_35' title='bbox 1000 647 1274 718; x_wconf 76' lang='lat' dir='ltr'><strong>Evangelii</strong></span> <span class='ocrx_word' id='word_1_36' title='bbox 1301 645 1552 710; x_wconf 79' lang='lat' dir='ltr'><strong>veritate,</strong></span> <span class='ocrx_word' id='word_1_37' title='bbox 1586 653 1640 698; x_wconf 91' lang='lat' dir='ltr'><strong>et</strong></span> <span class='ocrx_word' id='word_1_38' title='bbox 1671 644 1739 698; x_wconf 93' lang='lat' dir='ltr'><strong>ad</strong></span> 
     </span>
    </p>
   </div>
   <div class='ocr_carea' id='block_1_7' title="bbox 167 735 1740 817">
    <p class='ocr_par' dir='ltr' id='par_1_7' title="bbox 167 735 1740 817">
     <span class='ocr_line' id='line_1_7' title="bbox 167 735 1740 817; baseline -0.01 -14"><span class='ocrx_word' id='word_1_39' title='bbox 167 747 369 803; x_wconf 83' lang='lat' dir='ltr'><strong>Christi</strong></span> <span class='ocrx_word' id='word_1_40' title='bbox 401 745 717 817; x_wconf 84' lang='lat' dir='ltr'><strong>sanguinem</strong></span> <span class='ocrx_word' id='word_1_41' title='bbox 740 739 1050 815; x_wconf 60' lang='lat' dir='ltr'><strong>prieparati,</strong></span> <span class='ocrx_word' id='word_1_42' title='bbox 1079 739 1295 794; x_wconf 80' lang='lat' dir='ltr'><strong>lumbos</strong></span> <span class='ocrx_word' id='word_1_43' title='bbox 1339 737 1611 792; x_wconf 80' lang='lat' dir='ltr'><strong>accinctos</strong></span> <span class='ocrx_word' id='word_1_44' title='bbox 1643 735 1740 788; x_wconf 68' lang='lat' dir='ltr'><strong>ha-</strong></span> 
     </span>
    </p>
   </div>
   <div class='ocr_carea' id='block_1_8' title="bbox 165 826 1741 903">
    <p class='ocr_par' dir='ltr' id='par_1_8' title="bbox 165 826 1741 903">
     <span class='ocr_line' id='line_1_8' title="bbox 165 826 1741 903; baseline -0.009 -9"><span class='ocrx_word' id='word_1_45' title='bbox 165 839 298 894; x_wconf 87' lang='lat' dir='ltr'><strong>bcre</strong></span> <span class='ocrx_word' id='word_1_46' title='bbox 324 838 595 893; x_wconf 88' lang='lat' dir='ltr'><strong>dicuntur.</strong></span> <span class='ocrx_word' id='word_1_47' title='bbox 627 836 745 903; x_wconf 91' lang='lat' dir='ltr'><strong>Qua</strong></span> <span class='ocrx_word' id='word_1_48' title='bbox 776 848 911 888; x_wconf 85' lang='lat' dir='ltr'><strong>zona</strong></span> <span class='ocrx_word' id='word_1_49' title='bbox 951 831 1314 887; x_wconf 77' lang='lat' dir='ltr'><strong>niortilicante</strong></span> <span class='ocrx_word' id='word_1_50' title='bbox 1336 829 1568 893; x_wconf 81' lang='lat' dir='ltr'><strong>lumbos,</strong></span> <span class='ocrx_word' id='word_1_51' title='bbox 1597 826 1741 880; x_wconf 83' lang='lat' dir='ltr'><strong>Elias</strong></span> 
     </span>
    </p>
   </div>
   <div class='ocr_carea' id='block_1_9' title="bbox 167 915 1742 1000">
    <p class='ocr_par' dir='ltr' id='par_1_9' title="bbox 167 915 1742 1000">
     <span class='ocr_line' id='line_1_9' title="bbox 167 915 1742 1000; baseline -0.009 -15"><span class='ocrx_word' id='word_1_52' title='bbox 167 943 384 1000; x_wconf 90' lang='lat' dir='ltr'><strong>quoque</strong></span> <span class='ocrx_word' id='word_1_53' title='bbox 410 938 465 984; x_wconf 92' lang='lat' dir='ltr'><strong>et</strong></span> <span class='ocrx_word' id='word_1_54' title='bbox 492 927 726 984; x_wconf 90' lang='lat' dir='ltr'><strong>Joannes</strong></span> <span class='ocrx_word' id='word_1_55' title='bbox 752 925 996 997; x_wconf 72' lang='lat' dir='ltr'><strong>Baptista</strong></span> <span class='ocrx_word' id='word_1_56' title='bbox 1027 924 1401 992; x_wconf 81' lang='lat' dir='ltr'><strong>accinguntur.</strong></span> <span class='ocrx_word' id='word_1_57' title='bbox 1441 921 1517 974; x_wconf 82' lang='lat' dir='ltr'><strong>De</strong></span> <span class='ocrx_word' id='word_1_58' title='bbox 1546 915 1742 988; x_wconf 84' lang='lat' dir='ltr'><strong>quibus</strong></span> 
     </span>
    </p>
   </div>
   <div class='ocr_carea' id='block_1_10' title="bbox 167 1009 1742 1090">
    <p class='ocr_par' dir='ltr' id='par_1_10' title="bbox 167 1009 1742 1090">
     <span class='ocr_line' id='line_1_10' title="bbox 167 1009 1742 1090; baseline -0.008 -16"><span class='ocrx_word' id='word_1_59' title='bbox 167 1028 228 1074; x_wconf 89' lang='lat' dir='ltr'><strong>et</strong></span> <span class='ocrx_word' id='word_1_60' title='bbox 249 1020 514 1090; x_wconf 72' lang='lat' dir='ltr'><strong>pmnitens</strong></span> <span class='ocrx_word' id='word_1_61' title='bbox 541 1017 792 1074; x_wconf 83' lang='lat' dir='ltr'><strong>ﬂebiliter</strong></span> <span class='ocrx_word' id='word_1_62' title='bbox 817 1015 1143 1086; x_wconf 84' lang='lat' dir='ltr'><strong>ingemiscit,</strong></span> <span class='ocrx_word' id='word_1_63' title='bbox 1170 1013 1356 1068; x_wconf 90' lang='lat' dir='ltr'><strong>dicens</strong></span> <span class='ocrx_word' id='word_1_64' title='bbox 1383 1029 1395 1066; x_wconf 74' lang='grc' dir='ltr'><strong>ε</strong></span> <span class='ocrx_word' id='word_1_65' title='bbox 1433 1028 1450 1062; x_wconf 77' lang='grc' dir='ltr'><strong>ι</strong></span> <span class='ocrx_word' id='word_1_66' title='bbox 1475 1009 1742 1077; x_wconf 87' lang='lat' dir='ltr'><strong>Quoniam</strong></span> 
     </span>
    </p>
   </div>
   <div class='ocr_carea' id='block_1_11' title="bbox 165 1101 1734 1178">
    <p class='ocr_par' dir='ltr' id='par_1_11' title="bbox 165 1101 1734 1178">
     <span class='ocr_line' id='line_1_11' title="bbox 165 1101 1734 1178; baseline -0.006 -15"><span class='ocrx_word' id='word_1_67' title='bbox 165 1109 334 1165; x_wconf 84' lang='lat' dir='ltr'><strong>lumbi</strong></span> <span class='ocrx_word' id='word_1_68' title='bbox 362 1110 468 1164; x_wconf 91' lang='lat' dir='ltr'><strong>mei</strong></span> <span class='ocrx_word' id='word_1_69' title='bbox 489 1108 692 1178; x_wconf 85' lang='lat' dir='ltr'><strong>impleti</strong></span> <span class='ocrx_word' id='word_1_70' title='bbox 719 1116 846 1163; x_wconf 90' lang='lat' dir='ltr'><strong>sunt</strong></span> <span class='ocrx_word' id='word_1_71' title='bbox 867 1106 1207 1161; x_wconf 89' lang='lat' dir='ltr'><strong>illusionibus</strong></span> <span class='ocrx_word' id='word_1_72' title='bbox 1240 1103 1414 1175; x_wconf 75' lang='lat' dir='ltr'><strong>(Paul.</strong></span> <span class='ocrx_word' id='word_1_73' title='bbox 1440 1101 1673 1172; x_wconf 77' lang='lat' dir='ltr'><strong>xxxvii).</strong></span> <span class='ocrx_word' id='word_1_74' title='bbox 1713 1117 1734 1152; x_wconf 72' lang='grc' dir='ltr'><strong>ι</strong></span> 
     </span>
    </p>
   </div>
   <div class='ocr_carea' id='block_1_12' title="bbox 245 1191 1746 1267">
    <p class='ocr_par' dir='ltr' id='par_1_12' title="bbox 245 1191 1746 1267">
     <span class='ocr_line' id='line_1_12' title="bbox 245 1191 1746 1267; baseline -0.004 -16"><span class='ocrx_word' id='word_1_75' title='bbox 245 1219 264 1251; x_wconf 78' lang='grc' dir='ltr'><strong>ι</strong></span> <span class='ocrx_word' id='word_1_76' title='bbox 300 1198 368 1254; x_wconf 87' lang='lat' dir='ltr'><strong>Et</strong></span> <span class='ocrx_word' id='word_1_77' title='bbox 407 1198 558 1254; x_wconf 89' lang='lat' dir='ltr'><strong>indui</strong></span> <span class='ocrx_word' id='word_1_78' title='bbox 585 1207 640 1253; x_wconf 92' lang='lat' dir='ltr'><strong>te</strong></span> <span class='ocrx_word' id='word_1_79' title='bbox 680 1197 985 1253; x_wconf 86' lang='lat' dir='ltr'><strong>subtilibus.</strong></span> <span class='ocrx_word' id='word_1_80' title='bbox 1031 1217 1048 1248; x_wconf 77' lang='grc' dir='ltr'><strong>ι</strong></span> <span class='ocrx_word' id='word_1_81' title='bbox 1081 1195 1330 1267; x_wconf 89' lang='lat' dir='ltr'><strong>Congrue</strong></span> <span class='ocrx_word' id='word_1_82' title='bbox 1378 1191 1507 1258; x_wconf 88' lang='lat' dir='ltr'><strong>illis,</strong></span> <span class='ocrx_word' id='word_1_83' title='bbox 1529 1192 1598 1246; x_wconf 91' lang='lat' dir='ltr'><strong>de</strong></span> <span class='ocrx_word' id='word_1_84' title='bbox 1626 1191 1746 1262; x_wconf 88' lang='lat' dir='ltr'><strong>qui-</strong></span> 
     </span>
    </p>
   </div>
   <div class='ocr_carea' id='block_1_13' title="bbox 167 1287 1746 1358">
    <p class='ocr_par' dir='ltr' id='par_1_13' title="bbox 167 1287 1746 1358">
     <span class='ocr_line' id='line_1_13' title="bbox 167 1287 1746 1358; baseline -0.004 -15"><span class='ocrx_word' id='word_1_85' title='bbox 167 1289 272 1343; x_wconf 81' lang='lat' dir='ltr'><strong>bus</strong></span> <span class='ocrx_word' id='word_1_86' title='bbox 323 1288 614 1358; x_wconf 87' lang='lat' dir='ltr'><strong>increpans</strong></span> <span class='ocrx_word' id='word_1_87' title='bbox 669 1287 879 1342; x_wconf 75' lang='lat' dir='ltr'><strong>dixerat</strong></span> <span class='ocrx_word' id='word_1_88' title='bbox 909 1305 922 1341; x_wconf 95' lang='lat'><strong>:</strong></span> <span class='ocrx_word' id='word_1_89' title='bbox 959 1306 978 1338; x_wconf 74' lang='grc' dir='ltr'><strong>ι</strong></span> <span class='ocrx_word' id='word_1_90' title='bbox 1019 1287 1377 1340; x_wconf 87' lang='lat' dir='ltr'><strong>lncrassatum</strong></span> <span class='ocrx_word' id='word_1_91' title='bbox 1408 1293 1491 1338; x_wconf 87' lang='lat' dir='ltr'><strong>est</strong></span> <span class='ocrx_word' id='word_1_92' title='bbox 1526 1295 1622 1338; x_wconf 92' lang='lat' dir='ltr'><strong>cor</strong></span> <span class='ocrx_word' id='word_1_93' title='bbox 1649 1297 1746 1350; x_wconf 90' lang='lat' dir='ltr'><strong>po-</strong></span> 
     </span>
    </p>
   </div>
   <div class='ocr_carea' id='block_1_14' title="bbox 167 1373 1746 1446">
    <p class='ocr_par' dir='ltr' id='par_1_14' title="bbox 167 1373 1746 1446">
     <span class='ocr_line' id='line_1_14' title="bbox 167 1373 1746 1446; baseline -0.003 -16"><span class='ocrx_word' id='word_1_94' title='bbox 167 1377 279 1445; x_wconf 88' lang='lat' dir='ltr'><strong>puli</strong></span> <span class='ocrx_word' id='word_1_95' title='bbox 305 1376 484 1446; x_wconf 86' lang='lat' dir='ltr'><strong>hujus,</strong></span> <span class='ocrx_word' id='word_1_96' title='bbox 515 1385 572 1432; x_wconf 89' lang='lat' dir='ltr'><strong>et</strong></span> <span class='ocrx_word' id='word_1_97' title='bbox 596 1377 961 1442; x_wconf 81' lang='lat' dir='ltr'><strong>manducavit,</strong></span> <span class='ocrx_word' id='word_1_98' title='bbox 991 1386 1048 1432; x_wconf 92' lang='lat' dir='ltr'><strong>et</strong></span> <span class='ocrx_word' id='word_1_99' title='bbox 1072 1376 1209 1430; x_wconf 87' lang='lat' dir='ltr'><strong>bibit</strong></span> <span class='ocrx_word' id='word_1_100' title='bbox 1232 1373 1422 1439; x_wconf 91' lang='lat' dir='ltr'><strong>Jacob,</strong></span> <span class='ocrx_word' id='word_1_101' title='bbox 1454 1382 1509 1426; x_wconf 90' lang='lat' dir='ltr'><strong>et</strong></span> <span class='ocrx_word' id='word_1_102' title='bbox 1535 1381 1746 1427; x_wconf 86' lang='lat' dir='ltr'><strong>satura-</strong></span> 
     </span>
    </p>
   </div>
   <div class='ocr_carea' id='block_1_15' title="bbox 167 1464 1746 1534">
    <p class='ocr_par' dir='ltr' id='par_1_15' title="bbox 167 1464 1746 1534">
     <span class='ocr_line' id='line_1_15' title="bbox 167 1464 1746 1534; baseline -0.001 -15"><span class='ocrx_word' id='word_1_103' title='bbox 167 1475 255 1520; x_wconf 87' lang='lat' dir='ltr'><strong>tus</strong></span> <span class='ocrx_word' id='word_1_104' title='bbox 307 1477 412 1534; x_wconf 89' lang='lat' dir='ltr'><strong>est,</strong></span> <span class='ocrx_word' id='word_1_105' title='bbox 473 1475 530 1523; x_wconf 92' lang='lat' dir='ltr'><strong>et</strong></span> <span class='ocrx_word' id='word_1_106' title='bbox 582 1469 919 1523; x_wconf 86' lang='lat' dir='ltr'><strong>incrassatus</strong></span> <span class='ocrx_word' id='word_1_107' title='bbox 969 1475 1084 1532; x_wconf 88' lang='lat' dir='ltr'><strong>est,</strong></span> <span class='ocrx_word' id='word_1_108' title='bbox 1141 1475 1198 1520; x_wconf 89' lang='lat' dir='ltr'><strong>et</strong></span> <span class='ocrx_word' id='word_1_109' title='bbox 1258 1465 1560 1520; x_wconf 85' lang='lat' dir='ltr'><strong>calcitravit</strong></span> <span class='ocrx_word' id='word_1_110' title='bbox 1611 1464 1746 1518; x_wconf 89' lang='lat' dir='ltr'><strong>dile-</strong></span> 
     </span>
    </p>
   </div>
   <div class='ocr_carea' id='block_1_16' title="bbox 163 1558 1747 1629">
    <p class='ocr_par' dir='ltr' id='par_1_16' title="bbox 163 1558 1747 1629">
     <span class='ocr_line' id='line_1_16' title="bbox 163 1558 1747 1629; baseline 0.002 -19"><span class='ocrx_word' id='word_1_111' title='bbox 163 1567 309 1623; x_wconf 76' lang='lat' dir='ltr'><strong>ctus,</strong></span> <span class='ocrx_word' id='word_1_112' title='bbox 367 1566 422 1612; x_wconf 89' lang='lat' dir='ltr'><strong>et</strong></span> <span class='ocrx_word' id='word_1_113' title='bbox 463 1558 751 1629; x_wconf 81' lang='lat' dir='ltr'><strong>dereliquit</strong></span> <span class='ocrx_word' id='word_1_114' title='bbox 803 1559 968 1613; x_wconf 82' lang='lat' dir='ltr'><strong>Deum</strong></span> <span class='ocrx_word' id='word_1_115' title='bbox 1023 1559 1284 1614; x_wconf 81' lang='lat' dir='ltr'><strong>factorem</strong></span> <span class='ocrx_word' id='word_1_116' title='bbox 1327 1572 1507 1623; x_wconf 89' lang='lat' dir='ltr'><strong>suum,</strong></span> <span class='ocrx_word' id='word_1_117' title='bbox 1555 1577 1577 1611; x_wconf 72' lang='grc' dir='ltr'><strong>ι</strong></span> <span class='ocrx_word' id='word_1_118' title='bbox 1619 1568 1747 1613; x_wconf 90' lang='lat' dir='ltr'><strong>tunc</strong></span> 
     </span>
    </p>
   </div>
   <div class='ocr_carea' id='block_1_17' title="bbox 153 1650 1746 1708">
    <p class='ocr_par' dir='ltr' id='par_1_17' title="bbox 153 1650 1746 1708">
     <span class='ocr_line' id='line_1_17' title="bbox 153 1650 1746 1708; baseline 0.001 -4"><span class='ocrx_word' id='word_1_119' title='bbox 153 1651 406 1707; x_wconf 83' lang='lat' dir='ltr'><strong>.tenuitas</strong></span> <span class='ocrx_word' id='word_1_120' title='bbox 455 1653 1081 1708; x_wconf 45' lang='lat' dir='ltr'><strong>vestium‘condonatur.</strong></span> <span class='ocrx_word' id='word_1_121' title='bbox 1133 1652 1268 1706; x_wconf 83' lang='lat' dir='ltr'><strong>Nam</strong></span> <span class='ocrx_word' id='word_1_122' title='bbox 1297 1661 1355 1707; x_wconf 91' lang='lat' dir='ltr'><strong>et</strong></span> <span class='ocrx_word' id='word_1_123' title='bbox 1399 1652 1452 1705; x_wconf 94' lang='lat' dir='ltr'><strong>in</strong></span> <span class='ocrx_word' id='word_1_124' title='bbox 1481 1651 1620 1706; x_wconf 89' lang='lat' dir='ltr'><strong>libro</strong></span> <span class='ocrx_word' id='word_1_125' title='bbox 1641 1650 1746 1705; x_wconf 87' lang='lat' dir='ltr'><strong>Sa-</strong></span> 
     </span>
    </p>
   </div>
   <div class='ocr_carea' id='block_1_18' title="bbox 153 1741 1744 1815">
    <p class='ocr_par' dir='ltr' id='par_1_18' title="bbox 153 1741 1744 1815">
     <span class='ocr_line' id='line_1_18' title="bbox 153 1741 1744 1815; baseline 0.001 -19"><span class='ocrx_word' id='word_1_126' title='bbox 153 1744 406 1812; x_wconf 83' lang='lat' dir='ltr'><strong>pientiae,</strong></span> <span class='ocrx_word' id='word_1_127' title='bbox 460 1745 551 1815; x_wconf 88' lang='lat' dir='ltr'><strong>qui</strong></span> <span class='ocrx_word' id='word_1_128' title='bbox 604 1759 634 1798; x_wconf 86' lang='lat' dir='ltr'><strong>a</strong></span> <span class='ocrx_word' id='word_1_129' title='bbox 665 1746 982 1814; x_wconf 80' lang='lat' dir='ltr'><strong>quibusdam</strong></span> <span class='ocrx_word' id='word_1_130' title='bbox 1034 1741 1336 1800; x_wconf 90' lang='lat' dir='ltr'><strong>Salomonis</strong></span> <span class='ocrx_word' id='word_1_131' title='bbox 1386 1743 1744 1799; x_wconf 84' lang='lat' dir='ltr'><strong>inscribitur:</strong></span> 
     </span>
    </p>
   </div>
   <div class='ocr_carea' id='block_1_19' title="bbox 167 1824 1824 1908">
    <p class='ocr_par' dir='ltr' id='par_1_19' title="bbox 167 1824 1824 1908">
     <span class='ocr_line' id='line_1_19' title="bbox 167 1824 1824 1908; baseline 0.002 -21"><span class='ocrx_word' id='word_1_132' title='bbox 167 1832 410 1903; x_wconf 87' lang='lat' dir='ltr'><strong>Spiritus</strong></span> <span class='ocrx_word' id='word_1_133' title='bbox 459 1837 756 1906; x_wconf 70' lang='lat' dir='ltr'><strong>sapientiae,</strong></span> <span class='ocrx_word' id='word_1_134' title='bbox 808 1835 1118 1907; x_wconf 89' lang='lat' dir='ltr'><strong>unigenitus</strong></span> <span class='ocrx_word' id='word_1_135' title='bbox 1149 1843 1204 1890; x_wconf 91' lang='lat' dir='ltr'><strong>ct</strong></span> <span class='ocrx_word' id='word_1_136' title='bbox 1245 1835 1548 1905; x_wconf 76' lang='lat' dir='ltr'><strong>multiplex,</strong></span> <span class='ocrx_word' id='word_1_137' title='bbox 1573 1835 1750 1890; x_wconf 91' lang='lat' dir='ltr'><strong>tenuis</strong></span> <span class='ocrx_word' id='word_1_138' title='bbox 1777 1824 1824 1908; x_wconf 76' lang='grc' dir='ltr'><strong>Β</strong></span> 
     </span>
    </p>
   </div>
   <div class='ocr_carea' id='block_1_20' title="bbox 165 1926 1746 1998">
    <p class='ocr_par' dir='ltr' id='par_1_20' title="bbox 165 1926 1746 1998">
     <span class='ocr_line' id='line_1_20' title="bbox 165 1926 1746 1998; baseline 0.003 -20"><span class='ocrx_word' id='word_1_139' title='bbox 165 1926 522 1982; x_wconf 83' lang='lat' dir='ltr'><strong>etmutabilis</strong></span> <span class='ocrx_word' id='word_1_140' title='bbox 561 1927 880 1997; x_wconf 82' lang='lat' dir='ltr'><strong>appellatur.</strong></span> <span class='ocrx_word' id='word_1_141' title='bbox 910 1927 976 1981; x_wconf 84' lang='lat' dir='ltr'><strong>Et</strong></span> <span class='ocrx_word' id='word_1_142' title='bbox 1017 1943 1218 1982; x_wconf 90' lang='lat' dir='ltr'><strong>manna</strong></span> <span class='ocrx_word' id='word_1_143' title='bbox 1245 1927 1312 1984; x_wconf 88' lang='lat' dir='ltr'><strong>de</strong></span> <span class='ocrx_word' id='word_1_144' title='bbox 1345 1941 1454 1998; x_wconf 91' lang='lat' dir='ltr'><strong>quo</strong></span> <span class='ocrx_word' id='word_1_145' title='bbox 1482 1928 1746 1996; x_wconf 90' lang='lat' dir='ltr'><strong>scriptum</strong></span> 
     </span>
    </p>
   </div>
   <div class='ocr_carea' id='block_1_21' title="bbox 165 2016 1743 2091">
    <p class='ocr_par' dir='ltr' id='par_1_21' title="bbox 165 2016 1743 2091">
     <span class='ocr_line' id='line_1_21' title="bbox 165 2016 1743 2091; baseline 0.001 -21"><span class='ocrx_word' id='word_1_146' title='bbox 165 2023 254 2070; x_wconf 84' lang='lat' dir='ltr'><strong>est</strong></span> <span class='ocrx_word' id='word_1_147' title='bbox 283 2033 354 2069; x_wconf 84' lang='grc'><strong>;.‹</strong></span> <span class='ocrx_word' id='word_1_148' title='bbox 400 2016 601 2072; x_wconf 88' lang='lat' dir='ltr'><strong>Panem</strong></span> <span class='ocrx_word' id='word_1_149' title='bbox 627 2019 942 2087; x_wconf 81' lang='lat' dir='ltr'><strong>angelorum</strong></span> <span class='ocrx_word' id='word_1_150' title='bbox 979 2020 1327 2074; x_wconf 82' lang='lat' dir='ltr'><strong>manducavit</strong></span> <span class='ocrx_word' id='word_1_151' title='bbox 1377 2019 1538 2074; x_wconf 89' lang='lat' dir='ltr'><strong>homo</strong></span> <span class='ocrx_word' id='word_1_152' title='bbox 1569 2017 1743 2091; x_wconf 74' lang='lat' dir='ltr'><strong>(Paul.</strong></span> 
     </span>
    </p>
   </div>
   <div class='ocr_carea' id='block_1_22' title="bbox 167 2105 1750 2180">
    <p class='ocr_par' dir='ltr' id='par_1_22' title="bbox 167 2105 1750 2180">
     <span class='ocr_line' id='line_1_22' title="bbox 167 2105 1750 2180; baseline 0.001 -19"><span class='ocrx_word' id='word_1_153' title='bbox 167 2105 397 2177; x_wconf 75' lang='lat' dir='ltr'><strong>uxvu),</strong></span> <span class='ocrx_word' id='word_1_154' title='bbox 437 2125 456 2160; x_wconf 76' lang='grc' dir='ltr'><strong>ι</strong></span> <span class='ocrx_word' id='word_1_155' title='bbox 496 2109 873 2164; x_wconf 82' lang='lat' dir='ltr'><strong>tenuissimum</strong></span> <span class='ocrx_word' id='word_1_156' title='bbox 920 2111 976 2164; x_wconf 89' lang='lat' dir='ltr'><strong>in</strong></span> <span class='ocrx_word' id='word_1_157' title='bbox 1005 2110 1413 2165; x_wconf 88' lang='lat' dir='ltr'><strong>similitudinem</strong></span> <span class='ocrx_word' id='word_1_158' title='bbox 1463 2109 1668 2180; x_wconf 72' lang='lat' dir='ltr'><strong>pruina:</strong></span> <span class='ocrx_word' id='word_1_159' title='bbox 1694 2113 1750 2163; x_wconf 85' lang='lat' dir='ltr'><strong>et</strong></span> 
     </span>
    </p>
   </div>
   <div class='ocr_carea' id='block_1_23' title="bbox 154 2199 1750 2270">
    <p class='ocr_par' dir='ltr' id='par_1_23' title="bbox 154 2199 1750 2270">
     <span class='ocr_line' id='line_1_23' title="bbox 154 2199 1750 2270; baseline 0.001 -16"><span class='ocrx_word' id='word_1_160' title='bbox 154 2199 428 2254; x_wconf 80' lang='lat' dir='ltr'><strong>sementis</strong></span> <span class='ocrx_word' id='word_1_161' title='bbox 455 2200 729 2256; x_wconf 82' lang='lat' dir='ltr'><strong>coriandri</strong></span> <span class='ocrx_word' id='word_1_162' title='bbox 782 2199 950 2256; x_wconf 79' lang='lat' dir='ltr'><strong>fuisse</strong></span> <span class='ocrx_word' id='word_1_163' title='bbox 972 2209 1249 2257; x_wconf 80' lang='lat' dir='ltr'><strong>narratur.</strong></span> <span class='ocrx_word' id='word_1_164' title='bbox 1284 2201 1577 2257; x_wconf 86' lang='lat' dir='ltr'><strong>Possumus</strong></span> <span class='ocrx_word' id='word_1_165' title='bbox 1593 2200 1750 2270; x_wconf 81' lang='lat' dir='ltr'><strong>juxta</strong></span> 
     </span>
    </p>
   </div>
   <div class='ocr_carea' id='block_1_24' title="bbox 157 2285 1748 2362">
    <p class='ocr_par' dir='ltr' id='par_1_24' title="bbox 157 2285 1748 2362">
     <span class='ocr_line' id='line_1_24' title="bbox 157 2285 1748 2362; baseline 0.003 -21"><span class='ocrx_word' id='word_1_166' title='bbox 157 2285 677 2356; x_wconf 71' lang='lat' dir='ltr'><strong>interpretationem</strong></span> <span class='ocrx_word' id='word_1_167' title='bbox 752 2288 1003 2344; x_wconf 64' lang='lat' dir='ltr'><strong>secundae</strong></span> <span class='ocrx_word' id='word_1_168' title='bbox 1053 2290 1325 2346; x_wconf 83' lang='lat' dir='ltr'><strong>editionis</strong></span> <span class='ocrx_word' id='word_1_169' title='bbox 1376 2290 1604 2362; x_wconf 70' lang='lat' dir='ltr'><strong>Aquilae,</strong></span> <span class='ocrx_word' id='word_1_170' title='bbox 1655 2291 1748 2362; x_wconf 91' lang='lat' dir='ltr'><strong>qui</strong></span> 
     </span>
    </p>
   </div>
   <div class='ocr_carea' id='block_1_25' title="bbox 157 2375 1752 2449">
    <p class='ocr_par' dir='ltr' id='par_1_25' title="bbox 157 2375 1752 2449">
     <span class='ocr_line' id='line_1_25' title="bbox 157 2375 1752 2449; baseline 0.004 -19"><span class='ocrx_word' id='word_1_171' title='bbox 157 2375 418 2433; x_wconf 74' lang='lat' dir='ltr'><strong>ﬂoridum</strong></span> <span class='ocrx_word' id='word_1_172' title='bbox 450 2377 841 2449; x_wconf 87' lang='lat' dir='ltr'><strong>interpretatus</strong></span> <span class='ocrx_word' id='word_1_173' title='bbox 890 2388 977 2436; x_wconf 91' lang='lat' dir='ltr'><strong>est</strong></span> <span class='ocrx_word' id='word_1_174' title='bbox 1002 2381 1409 2446; x_wconf 82' lang='lat' dir='ltr'><strong>vestimentum,</strong></span> <span class='ocrx_word' id='word_1_175' title='bbox 1442 2381 1752 2436; x_wconf 87' lang='lat' dir='ltr'><strong>ubertatem</strong></span> 
     </span>
    </p>
   </div>
   <div class='ocr_carea' id='block_1_26' title="bbox 168 2469 1753 2546">
    <p class='ocr_par' dir='ltr' id='par_1_26' title="bbox 168 2469 1753 2546">
     <span class='ocr_line' id='line_1_26' title="bbox 168 2469 1753 2546; baseline 0.002 -20"><span class='ocrx_word' id='word_1_176' title='bbox 168 2480 332 2526; x_wconf 71' lang='lat' dir='ltr'><strong>terrm</strong></span> <span class='ocrx_word' id='word_1_177' title='bbox 355 2469 509 2527; x_wconf 67' lang='lat' dir='ltr'><strong>Judze</strong></span> <span class='ocrx_word' id='word_1_178' title='bbox 536 2487 634 2541; x_wconf 91' lang='lat' dir='ltr'><strong>per</strong></span> <span class='ocrx_word' id='word_1_179' title='bbox 677 2473 1050 2544; x_wconf 80' lang='lat' dir='ltr'><strong>metaphoram</strong></span> <span class='ocrx_word' id='word_1_180' title='bbox 1103 2471 1429 2546; x_wconf 76' lang='lat' dir='ltr'><strong>intelligere,</strong></span> <span class='ocrx_word' id='word_1_181' title='bbox 1458 2472 1545 2528; x_wconf 91' lang='lat' dir='ltr'><strong>vel</strong></span> <span class='ocrx_word' id='word_1_182' title='bbox 1583 2473 1753 2529; x_wconf 81' lang='lat' dir='ltr'><strong>divini</strong></span> 
     </span>
    </p>
   </div>
   <div class='ocr_carea' id='block_1_27' title="bbox 165 2563 948 2635">
    <p class='ocr_par' dir='ltr' id='par_1_27' title="bbox 165 2563 948 2635">
     <span class='ocr_line' id='line_1_27' title="bbox 165 2563 948 2635; baseline 0.003 -17"><span class='ocrx_word' id='word_1_183' title='bbox 165 2563 354 2619; x_wconf 89' lang='lat' dir='ltr'><strong>cultus</strong></span> <span class='ocrx_word' id='word_1_184' title='bbox 377 2563 860 2635; x_wconf 87' lang='lat' dir='ltr'><strong>pulchritudinem.</strong></span> <span class='ocrx_word' id='word_1_185' title='bbox 945 2611 948 2614; x_wconf 91' lang='lat'><strong>.</strong></span> 
     </span>
    </p>
   </div>
   <div class='ocr_carea' id='block_1_28' title="bbox 159 2656 1754 2715">
    <p class='ocr_par' dir='ltr' id='par_1_28' title="bbox 159 2656 1754 2715">
     <span class='ocr_line' id='line_1_28' title="bbox 159 2656 1754 2715; baseline 0.003 -7"><span class='ocrx_word' id='word_1_186' title='bbox 159 2656 364 2710; x_wconf 71' lang='lat' dir='ltr'><strong>..~¢.Et</strong></span> <span class='ocrx_word' id='word_1_187' title='bbox 415 2657 604 2712; x_wconf 75' lang='lat' dir='ltr'><strong>ornavi</strong></span> <span class='ocrx_word' id='word_1_188' title='bbox 656 2665 708 2713; x_wconf 91' lang='lat' dir='ltr'><strong>te</strong></span> <span class='ocrx_word' id='word_1_189' title='bbox 745 2667 1090 2713; x_wconf 83' lang='lat' dir='ltr'><strong>ornamento.</strong></span> <span class='ocrx_word' id='word_1_190' title='bbox 1127 2677 1145 2710; x_wconf 86' lang='grc'><strong>›</strong></span> <span class='ocrx_word' id='word_1_191' title='bbox 1199 2656 1544 2715; x_wconf 84' lang='lat' dir='ltr'><strong>Generaliter</strong></span> <span class='ocrx_word' id='word_1_192' title='bbox 1593 2672 1754 2713; x_wconf 85' lang='lat' dir='ltr'><strong>orna-</strong></span> 
     </span>
    </p>
   </div>
   <div class='ocr_carea' id='block_1_29' title="bbox 165 2746 1757 2818">
    <p class='ocr_par' dir='ltr' id='par_1_29' title="bbox 165 2746 1757 2818">
     <span class='ocr_line' id='line_1_29' title="bbox 165 2746 1757 2818; baseline 0.003 -18"><span class='ocrx_word' id='word_1_193' title='bbox 165 2754 350 2801; x_wconf 90' lang='lat' dir='ltr'><strong>menta</strong></span> <span class='ocrx_word' id='word_1_194' title='bbox 381 2762 524 2801; x_wconf 91' lang='lat' dir='ltr'><strong>nunc</strong></span> <span class='ocrx_word' id='word_1_195' title='bbox 557 2746 730 2817; x_wconf 90' lang='lat' dir='ltr'><strong>ponit,</strong></span> <span class='ocrx_word' id='word_1_196' title='bbox 771 2747 836 2802; x_wconf 92' lang='lat' dir='ltr'><strong>de</strong></span> <span class='ocrx_word' id='word_1_197' title='bbox 864 2747 1059 2817; x_wconf 87' lang='lat' dir='ltr'><strong>quibus</strong></span> <span class='ocrx_word' id='word_1_198' title='bbox 1095 2748 1148 2802; x_wconf 92' lang='lat' dir='ltr'><strong>in</strong></span> <span class='ocrx_word' id='word_1_199' title='bbox 1177 2748 1633 2818; x_wconf 84' lang='lat' dir='ltr'><strong>consequentibus</strong></span> <span class='ocrx_word' id='word_1_200' title='bbox 1658 2763 1757 2818; x_wconf 87' lang='lat' dir='ltr'><strong>per</strong></span> 
     </span>
    </p>
   </div>
   <div class='ocr_carea' id='block_1_30' title="bbox 167 2839 1758 2910">
    <p class='ocr_par' dir='ltr' id='par_1_30' title="bbox 167 2839 1758 2910">
     <span class='ocr_line' id='line_1_30' title="bbox 167 2839 1758 2910; baseline 0.002 -18"><span class='ocrx_word' id='word_1_201' title='bbox 167 2846 358 2907; x_wconf 80' lang='lat' dir='ltr'><strong>partes</strong></span> <span class='ocrx_word' id='word_1_202' title='bbox 378 2848 686 2906; x_wconf 82' lang='lat' dir='ltr'><strong>enumerat,</strong></span> <span class='ocrx_word' id='word_1_203' title='bbox 711 2839 951 2894; x_wconf 85' lang='lat' dir='ltr'><strong>armillas</strong></span> <span class='ocrx_word' id='word_1_204' title='bbox 972 2849 1030 2896; x_wconf 89' lang='lat' dir='ltr'><strong>et</strong></span> <span class='ocrx_word' id='word_1_205' title='bbox 1055 2848 1321 2910; x_wconf 88' lang='lat' dir='ltr'><strong>torquem,</strong></span> <span class='ocrx_word' id='word_1_206' title='bbox 1347 2841 1566 2895; x_wconf 79' lang='lat' dir='ltr'><strong>inaures</strong></span> <span class='ocrx_word' id='word_1_207' title='bbox 1587 2848 1644 2894; x_wconf 90' lang='lat' dir='ltr'><strong>et</strong></span> <span class='ocrx_word' id='word_1_208' title='bbox 1665 2855 1758 2895; x_wconf 91' lang='lat' dir='ltr'><strong>co-</strong></span> 
     </span>
    </p>
   </div>
   <div class='ocr_carea' id='block_1_31' title="bbox 167 2931 1759 3000">
    <p class='ocr_par' dir='ltr' id='par_1_31' title="bbox 167 2931 1759 3000">
     <span class='ocr_line' id='line_1_31' title="bbox 167 2931 1759 3000; baseline -0.001 -14"><span class='ocrx_word' id='word_1_209' title='bbox 167 2943 364 2986; x_wconf 82' lang='lat' dir='ltr'><strong>ronam</strong></span> <span class='ocrx_word' id='word_1_210' title='bbox 403 2939 460 2986; x_wconf 91' lang='lat' dir='ltr'><strong>et</strong></span> <span class='ocrx_word' id='word_1_211' title='bbox 499 2931 729 3000; x_wconf 86' lang='lat' dir='ltr'><strong>reliqua,</strong></span> <span class='ocrx_word' id='word_1_212' title='bbox 766 2945 886 3000; x_wconf 66' lang='lat' dir='ltr'><strong>qum</strong></span> <span class='ocrx_word' id='word_1_213' title='bbox 941 2939 1261 2986; x_wconf 88' lang='lat' dir='ltr'><strong>ornamenta</strong></span> <span class='ocrx_word' id='word_1_214' title='bbox 1307 2931 1499 2986; x_wconf 89' lang='lat' dir='ltr'><strong>tribuit</strong></span> <span class='ocrx_word' id='word_1_215' title='bbox 1541 2932 1759 2987; x_wconf 85' lang='lat' dir='ltr'><strong>Jerusa-</strong></span> 
     </span>
    </p>
   </div>
   <div class='ocr_carea' id='block_1_32' title="bbox 163 3019 1756 3094">
    <p class='ocr_par' dir='ltr' id='par_1_32' title="bbox 163 3019 1756 3094">
     <span class='ocr_line' id='line_1_32' title="bbox 163 3019 1756 3094; baseline 0.001 -18"><span class='ocrx_word' id='word_1_216' title='bbox 163 3019 399 3078; x_wconf 60' lang='lat' dir='ltr'><strong>lem..Et</strong></span> <span class='ocrx_word' id='word_1_217' title='bbox 416 3021 474 3076; x_wconf 91' lang='lat' dir='ltr'><strong>in</strong></span> <span class='ocrx_word' id='word_1_218' title='bbox 496 3021 636 3078; x_wconf 81' lang='lat' dir='ltr'><strong>Isaia</strong></span> <span class='ocrx_word' id='word_1_219' title='bbox 665 3022 883 3089; x_wconf 89' lang='lat' dir='ltr'><strong>dicitur,</strong></span> <span class='ocrx_word' id='word_1_220' title='bbox 913 3022 1056 3092; x_wconf 88' lang='lat' dir='ltr'><strong>quod</strong></span> <span class='ocrx_word' id='word_1_221' title='bbox 1081 3023 1214 3078; x_wconf 91' lang='lat' dir='ltr'><strong>vitio</strong></span> <span class='ocrx_word' id='word_1_222' title='bbox 1230 3039 1328 3079; x_wconf 91' lang='lat' dir='ltr'><strong>suo</strong></span> <span class='ocrx_word' id='word_1_223' title='bbox 1351 3024 1606 3080; x_wconf 85' lang='lat' dir='ltr'><strong>universa</strong></span> <span class='ocrx_word' id='word_1_224' title='bbox 1634 3040 1756 3094; x_wconf 82' lang='lat' dir='ltr'><strong>per—</strong></span> 
     </span>
    </p>
   </div>
   <div class='ocr_carea' id='block_1_33' title="bbox 157 3110 1761 3184">
    <p class='ocr_par' dir='ltr' id='par_1_33' title="bbox 157 3110 1761 3184">
     <span class='ocr_line' id='line_1_33' title="bbox 157 3110 1761 3184; baseline 0.001 -15"><span class='ocrx_word' id='word_1_225' title='bbox 157 3111 390 3169; x_wconf 78' lang='lat' dir='ltr'><strong>‘didorit.</strong></span> <span class='ocrx_word' id='word_1_226' title='bbox 430 3110 706 3182; x_wconf 86' lang='lat' dir='ltr'><strong>Scriptum</strong></span> <span class='ocrx_word' id='word_1_227' title='bbox 746 3120 833 3170; x_wconf 90' lang='lat' dir='ltr'><strong>est</strong></span> <span class='ocrx_word' id='word_1_228' title='bbox 869 3113 1012 3168; x_wconf 90' lang='lat' dir='ltr'><strong>enim</strong></span> <span class='ocrx_word' id='word_1_229' title='bbox 1041 3132 1052 3167; x_wconf 91' lang='lat'><strong>:</strong></span> <span class='ocrx_word' id='word_1_230' title='bbox 1087 3133 1104 3167; x_wconf 85' lang='lat'><strong>(</strong></span> <span class='ocrx_word' id='word_1_231' title='bbox 1137 3112 1244 3168; x_wconf 88' lang='lat' dir='ltr'><strong>Pro</strong></span> <span class='ocrx_word' id='word_1_232' title='bbox 1265 3129 1332 3170; x_wconf 89' lang='lat' dir='ltr'><strong>eo</strong></span> <span class='ocrx_word' id='word_1_233' title='bbox 1358 3114 1503 3184; x_wconf 90' lang='lat' dir='ltr'><strong>quod</strong></span> <span class='ocrx_word' id='word_1_234' title='bbox 1539 3114 1761 3171; x_wconf 67' lang='lat' dir='ltr'><strong>elevatae</strong></span> 
     </span>
    </p>
   </div>
   <div class='ocr_carea' id='block_1_34' title="bbox 1843 540 3418 614">
    <p class='ocr_par' dir='ltr' id='par_1_34' title="bbox 1843 540 3418 614">
     <span class='ocr_line' id='line_1_34' title="bbox 1843 540 3418 614; baseline -0.004 -14"><span class='ocrx_word' id='word_1_235' title='bbox 1843 560 1966 600; x_wconf 90' lang='lat' dir='ltr'><strong>cum</strong></span> <span class='ocrx_word' id='word_1_236' title='bbox 2021 545 2279 614; x_wconf 89' lang='lat' dir='ltr'><strong>Apostolo</strong></span> <span class='ocrx_word' id='word_1_237' title='bbox 2327 553 2614 613; x_wconf 80' lang='lat' dir='ltr'><strong>poSsumus</strong></span> <span class='ocrx_word' id='word_1_238' title='bbox 2670 543 2887 597; x_wconf 85' lang='lat' dir='ltr'><strong>dicere:</strong></span> <span class='ocrx_word' id='word_1_239' title='bbox 2936 561 2954 592; x_wconf 74' lang='grc' dir='ltr'><strong>ι</strong></span> <span class='ocrx_word' id='word_1_240' title='bbox 2993 540 3196 595; x_wconf 86' lang='lat' dir='ltr'><strong>Christi</strong></span> <span class='ocrx_word' id='word_1_241' title='bbox 3247 541 3418 600; x_wconf 80' lang='lat' dir='ltr'><strong>bonus</strong></span> 
     </span>
    </p>
   </div>
   <div class='ocr_carea' id='block_1_35' title="bbox 1842 632 3418 704">
    <p class='ocr_par' dir='ltr' id='par_1_35' title="bbox 1842 632 3418 704">
     <span class='ocr_line' id='line_1_35' title="bbox 1842 632 3418 704; baseline -0.004 -13"><span class='ocrx_word' id='word_1_242' title='bbox 1842 635 1980 691; x_wconf 82' lang='lat' dir='ltr'><strong>odor</strong></span> <span class='ocrx_word' id='word_1_243' title='bbox 2001 647 2206 701; x_wconf 89' lang='lat' dir='ltr'><strong>sumus,</strong></span> <span class='ocrx_word' id='word_1_244' title='bbox 2229 635 2286 689; x_wconf 89' lang='lat' dir='ltr'><strong>in</strong></span> <span class='ocrx_word' id='word_1_245' title='bbox 2318 635 2401 688; x_wconf 88' lang='lat' dir='ltr'><strong>his</strong></span> <span class='ocrx_word' id='word_1_246' title='bbox 2434 636 2526 704; x_wconf 84' lang='lat' dir='ltr'><strong>qui</strong></span> <span class='ocrx_word' id='word_1_247' title='bbox 2553 633 2685 688; x_wconf 84' lang='lat' dir='ltr'><strong>salvi</strong></span> <span class='ocrx_word' id='word_1_248' title='bbox 2714 633 2867 698; x_wconf 77' lang='lat' dir='ltr'><strong>fiunt,</strong></span> <span class='ocrx_word' id='word_1_249' title='bbox 2895 639 2952 686; x_wconf 68' lang='lat' dir='ltr'><strong>‘et</strong></span> <span class='ocrx_word' id='word_1_250' title='bbox 2987 633 3040 686; x_wconf 90' lang='lat' dir='ltr'><strong>in</strong></span> <span class='ocrx_word' id='word_1_251' title='bbox 3068 632 3152 686; x_wconf 85' lang='lat' dir='ltr'><strong>bis</strong></span> <span class='ocrx_word' id='word_1_252' title='bbox 3176 632 3276 701; x_wconf 86' lang='lat' dir='ltr'><strong>qni&#39;</strong></span> <span class='ocrx_word' id='word_1_253' title='bbox 3293 646 3418 701; x_wconf 86' lang='lat' dir='ltr'><strong>per-</strong></span> 
     </span>
    </p>
   </div>
   <div class='ocr_carea' id='block_1_36' title="bbox 1841 724 3419 797">
    <p class='ocr_par' dir='ltr' id='par_1_36' title="bbox 1841 724 3419 797">
     <span class='ocr_line' id='line_1_36' title="bbox 1841 724 3419 797; baseline -0.004 -12"><span class='ocrx_word' id='word_1_254' title='bbox 1841 729 2147 796; x_wconf 60' lang='lat' dir='ltr'><strong>eunt,&#39;a‘liis</strong></span> <span class='ocrx_word' id='word_1_255' title='bbox 2170 728 2387 797; x_wconf 88' lang='lat' dir='ltr'><strong>quidem</strong></span> <span class='ocrx_word' id='word_1_256' title='bbox 2410 727 2544 782; x_wconf 89' lang='lat' dir='ltr'><strong>odor</strong></span> <span class='ocrx_word' id='word_1_257' title='bbox 2573 726 2764 780; x_wconf 88' lang='lat' dir='ltr'><strong>mortis</strong></span> <span class='ocrx_word' id='word_1_258' title='bbox 2805 725 2856 778; x_wconf 92' lang='lat' dir='ltr'><strong>in</strong></span> <span class='ocrx_word' id='word_1_259' title='bbox 2887 733 3113 778; x_wconf 87' lang='lat' dir='ltr'><strong>mortem</strong></span> <span class='ocrx_word' id='word_1_260' title='bbox 3139 737 3152 776; x_wconf 87' lang='lat'><strong>:</strong></span> <span class='ocrx_word' id='word_1_261' title='bbox 3177 724 3301 779; x_wconf 86' lang='lat' dir='ltr'><strong>aliis</strong></span> <span class='ocrx_word' id='word_1_262' title='bbox 3316 737 3419 778; x_wconf 58' lang='lat' dir='ltr'><strong>aus</strong></span> 
     </span>
    </p>
   </div>
   <div class='ocr_carea' id='block_1_37' title="bbox 1844 815 3420 888">
    <p class='ocr_par' dir='ltr' id='par_1_37' title="bbox 1844 815 3420 888">
     <span class='ocr_line' id='line_1_37' title="bbox 1844 815 3420 888; baseline -0.004 -13"><span class='ocrx_word' id='word_1_263' title='bbox 1844 821 2120 878; x_wconf 77' lang='lat' dir='ltr'><strong>tem‘odor</strong></span> <span class='ocrx_word' id='word_1_264' title='bbox 2146 821 2274 874; x_wconf 71' lang='lat' dir='ltr'><strong>vita:</strong></span> <span class='ocrx_word' id='word_1_265' title='bbox 2314 819 2372 872; x_wconf 89' lang='lat' dir='ltr'><strong>in</strong></span> <span class='ocrx_word' id='word_1_266' title='bbox 2405 819 2578 872; x_wconf 83' lang='lat' dir='ltr'><strong>vitam</strong></span> <span class='ocrx_word' id='word_1_267' title='bbox 2602 815 2684 888; x_wconf 76' lang='lat' dir='ltr'><strong>(ll</strong></span> <span class='ocrx_word' id='word_1_268' title='bbox 2709 815 2832 870; x_wconf 82' lang='lat' dir='ltr'><strong>Cor.</strong></span> <span class='ocrx_word' id='word_1_269' title='bbox 2866 817 2951 885; x_wconf 89' lang='grc' dir='ltr'><strong>ιι),</strong></span> <span class='ocrx_word' id='word_1_270' title='bbox 2988 835 3008 866; x_wconf 69' lang='grc' dir='ltr'><strong>ι</strong></span> <span class='ocrx_word' id='word_1_271' title='bbox 3041 815 3256 884; x_wconf 86' lang='lat' dir='ltr'><strong>quando</strong></span> <span class='ocrx_word' id='word_1_272' title='bbox 3280 815 3420 869; x_wconf 56' lang='lat' dir='ltr'><strong>vivi-1</strong></span> 
     </span>
    </p>
   </div>
   <div class='ocr_carea' id='block_1_38' title="bbox 1840 904 3422 980">
    <p class='ocr_par' dir='ltr' id='par_1_38' title="bbox 1840 904 3422 980">
     <span class='ocr_line' id='line_1_38' title="bbox 1840 904 3422 980; baseline -0.006 -10"><span class='ocrx_word' id='word_1_273' title='bbox 1840 904 1986 980; x_wconf 76' lang='lat' dir='ltr'><strong>mus,</strong></span> <span class='ocrx_word' id='word_1_274' title='bbox 2011 921 2067 969; x_wconf 90' lang='lat' dir='ltr'><strong>et</strong></span> <span class='ocrx_word' id='word_1_275' title='bbox 2096 914 2161 969; x_wconf 92' lang='lat' dir='ltr'><strong>de</strong></span> <span class='ocrx_word' id='word_1_276' title='bbox 2195 911 2352 968; x_wconf 90' lang='lat' dir='ltr'><strong>nobis</strong></span> <span class='ocrx_word' id='word_1_277' title='bbox 2393 911 2498 966; x_wconf 91' lang='lat' dir='ltr'><strong>dici</strong></span> <span class='ocrx_word' id='word_1_278' title='bbox 2540 918 2718 980; x_wconf 74' lang='lat' dir='ltr'><strong>poteSt</strong></span> <span class='ocrx_word' id='word_1_279' title='bbox 2749 927 2761 962; x_wconf 87' lang='lat'><strong>:</strong></span> <span class='ocrx_word' id='word_1_280' title='bbox 2794 926 2812 958; x_wconf 80' lang='grc' dir='ltr'><strong>ι</strong></span> <span class='ocrx_word' id='word_1_281' title='bbox 2843 907 2957 962; x_wconf 81' lang='lat' dir='ltr'><strong>Non</strong></span> <span class='ocrx_word' id='word_1_282' title='bbox 3004 909 3198 961; x_wconf 87' lang='lat' dir='ltr'><strong>mortui</strong></span> <span class='ocrx_word' id='word_1_283' title='bbox 3219 907 3422 961; x_wconf 59' lang='lat' dir='ltr'><strong>lauda»</strong></span> 
     </span>
    </p>
   </div>
   <div class='ocr_carea' id='block_1_39' title="bbox 1845 996 3422 1070">
    <p class='ocr_par' dir='ltr' id='par_1_39' title="bbox 1845 996 3422 1070">
     <span class='ocr_line' id='line_1_39' title="bbox 1845 996 3422 1070; baseline -0.006 -11"><span class='ocrx_word' id='word_1_284' title='bbox 1845 1005 2083 1070; x_wconf 83' lang='lat' dir='ltr'><strong>bunt&#39;te,</strong></span> <span class='ocrx_word' id='word_1_285' title='bbox 2115 1003 2359 1068; x_wconf 86' lang='lat' dir='ltr'><strong>Domine,</strong></span> <span class='ocrx_word' id='word_1_286' title='bbox 2388 1001 2482 1056; x_wconf 86' lang='lat' dir='ltr'><strong>sed</strong></span> <span class='ocrx_word' id='word_1_287' title='bbox 2527 1016 2626 1055; x_wconf 89' lang='lat' dir='ltr'><strong>nos</strong></span> <span class='ocrx_word' id='word_1_288' title='bbox 2661 999 2906 1055; x_wconf 84' lang='lat' dir='ltr'><strong>viventes</strong></span> <span class='ocrx_word' id='word_1_289' title='bbox 2933 996 2952 1069; x_wconf 97' lang='lat'><strong>(</strong></span> <span class='ocrx_word' id='word_1_290' title='bbox 2979 996 3126 1051; x_wconf 76' lang='lat' dir='ltr'><strong>Psal.</strong></span> <span class='ocrx_word' id='word_1_291' title='bbox 3177 996 3366 1068; x_wconf 78' lang='lat' dir='ltr'><strong>cxrn),</strong></span> <span class='ocrx_word' id='word_1_292' title='bbox 3398 1017 3422 1049; x_wconf 71' lang='grc' dir='ltr'><strong>ν</strong></span> 
     </span>
    </p>
   </div>
   <div class='ocr_carea' id='block_1_40' title="bbox 1851 1087 3427 1151">
    <p class='ocr_par' dir='ltr' id='par_1_40' title="bbox 1851 1087 3427 1151">
     <span class='ocr_line' id='line_1_40' title="bbox 1851 1087 3427 1151; baseline -0.006 0"><span class='ocrx_word' id='word_1_293' title='bbox 1851 1106 1979 1151; x_wconf 89' lang='lat' dir='ltr'><strong>tunc</strong></span> <span class='ocrx_word' id='word_1_294' title='bbox 2013 1095 2273 1150; x_wconf 88' lang='lat' dir='ltr'><strong>odoratur</strong></span> <span class='ocrx_word' id='word_1_295' title='bbox 2307 1095 2448 1148; x_wconf 86' lang='lat' dir='ltr'><strong>Deus</strong></span> <span class='ocrx_word' id='word_1_296' title='bbox 2494 1092 2716 1147; x_wconf 88' lang='lat' dir='ltr'><strong>odorem</strong></span> <span class='ocrx_word' id='word_1_297' title='bbox 2761 1089 3014 1145; x_wconf 82' lang='lat' dir='ltr'><strong>sacriﬁcii</strong></span> <span class='ocrx_word' id='word_1_298' title='bbox 3054 1088 3226 1142; x_wconf 89' lang='lat' dir='ltr'><strong>nostri</strong></span> <span class='ocrx_word' id='word_1_299' title='bbox 3270 1087 3427 1142; x_wconf 72' lang='lat' dir='ltr'><strong>bona:</strong></span> 
     </span>
    </p>
   </div>
   <div class='ocr_carea' id='block_1_41' title="bbox 1845 1182 3426 1259">
    <p class='ocr_par' dir='ltr' id='par_1_41' title="bbox 1845 1182 3426 1259">
     <span class='ocr_line' id='line_1_41' title="bbox 1845 1182 3426 1259; baseline -0.006 -15"><span class='ocrx_word' id='word_1_300' title='bbox 1845 1188 2176 1259; x_wconf 58' lang='lat' dir='ltr'><strong>fragrantia,</strong></span> <span class='ocrx_word' id='word_1_301' title='bbox 2222 1195 2280 1243; x_wconf 90' lang='lat' dir='ltr'><strong>et</strong></span> <span class='ocrx_word' id='word_1_302' title='bbox 2329 1199 2552 1242; x_wconf 86' lang='lat' dir='ltr'><strong>aureum</strong></span> <span class='ocrx_word' id='word_1_303' title='bbox 2597 1184 2859 1241; x_wconf 86' lang='lat' dir='ltr'><strong>circulum</strong></span> <span class='ocrx_word' id='word_1_304' title='bbox 2905 1196 3182 1248; x_wconf 85' lang='lat' dir='ltr'><strong>sensuum,</strong></span> <span class='ocrx_word' id='word_1_305' title='bbox 3223 1195 3289 1236; x_wconf 90' lang='lat' dir='ltr'><strong>ac</strong></span> <span class='ocrx_word' id='word_1_306' title='bbox 3330 1182 3426 1235; x_wconf 58' lang='lat' dir='ltr'><strong>doa</strong></span> 
     </span>
    </p>
   </div>
   <div class='ocr_carea' id='block_1_42' title="bbox 1847 1273 3426 1349">
    <p class='ocr_par' dir='ltr' id='par_1_42' title="bbox 1847 1273 3426 1349">
     <span class='ocr_line' id='line_1_42' title="bbox 1847 1273 3426 1349; baseline -0.006 -15"><span class='ocrx_word' id='word_1_307' title='bbox 1847 1289 2086 1349; x_wconf 82' lang='lat' dir='ltr'><strong>g‘matum</strong></span> <span class='ocrx_word' id='word_1_308' title='bbox 2109 1278 2413 1333; x_wconf 87' lang='lat' dir='ltr'><strong>divinorum</strong></span> <span class='ocrx_word' id='word_1_309' title='bbox 2431 1277 2692 1332; x_wconf 88' lang='lat' dir='ltr'><strong>habemus</strong></span> <span class='ocrx_word' id='word_1_310' title='bbox 2712 1276 2767 1329; x_wconf 91' lang='lat' dir='ltr'><strong>in</strong></span> <span class='ocrx_word' id='word_1_311' title='bbox 2790 1274 3034 1338; x_wconf 89' lang='lat' dir='ltr'><strong>auribus;</strong></span> <span class='ocrx_word' id='word_1_312' title='bbox 3063 1273 3276 1341; x_wconf 87' lang='lat' dir='ltr'><strong>quando</strong></span> <span class='ocrx_word' id='word_1_313' title='bbox 3295 1285 3426 1326; x_wconf 87' lang='lat' dir='ltr'><strong>vero</strong></span> 
     </span>
    </p>
   </div>
   <div class='ocr_carea' id='block_1_43' title="bbox 1847 1365 3428 1435">
    <p class='ocr_par' dir='ltr' id='par_1_43' title="bbox 1847 1365 3428 1435">
     <span class='ocr_line' id='line_1_43' title="bbox 1847 1365 3428 1435; baseline -0.006 -8"><span class='ocrx_word' id='word_1_314' title='bbox 1847 1373 2050 1428; x_wconf 89' lang='lat' dir='ltr'><strong>mortui</strong></span> <span class='ocrx_word' id='word_1_315' title='bbox 2078 1385 2284 1435; x_wconf 90' lang='lat' dir='ltr'><strong>sumus,</strong></span> <span class='ocrx_word' id='word_1_316' title='bbox 2305 1377 2370 1424; x_wconf 71' lang='lat' dir='ltr'><strong>‘et</strong></span> <span class='ocrx_word' id='word_1_317' title='bbox 2413 1383 2696 1424; x_wconf 86' lang='lat' dir='ltr'><strong>versamur</strong></span> <span class='ocrx_word' id='word_1_318' title='bbox 2728 1367 2782 1422; x_wconf 90' lang='lat' dir='ltr'><strong>in</strong></span> <span class='ocrx_word' id='word_1_319' title='bbox 2811 1381 2988 1431; x_wconf 87' lang='lat' dir='ltr'><strong>coeno,</strong></span> <span class='ocrx_word' id='word_1_320' title='bbox 3024 1371 3186 1434; x_wconf 88' lang='lat' dir='ltr'><strong>atque</strong></span> <span class='ocrx_word' id='word_1_321' title='bbox 3221 1365 3276 1419; x_wconf 91' lang='lat' dir='ltr'><strong>in</strong></span> <span class='ocrx_word' id='word_1_322' title='bbox 3310 1377 3428 1419; x_wconf 81' lang='lat' dir='ltr'><strong>sor-</strong></span> 
     </span>
    </p>
   </div>
   <div class='ocr_carea' id='block_1_44' title="bbox 1848 1454 3428 1531">
    <p class='ocr_par' dir='ltr' id='par_1_44' title="bbox 1848 1454 3428 1531">
     <span class='ocr_line' id='line_1_44' title="bbox 1848 1454 3428 1531; baseline -0.006 -14"><span class='ocrx_word' id='word_1_323' title='bbox 1848 1462 2008 1517; x_wconf 87' lang='lat' dir='ltr'><strong>dibus</strong></span> <span class='ocrx_word' id='word_1_324' title='bbox 2029 1460 2444 1531; x_wconf 83' lang='lat' dir='ltr'><strong>turpitudinum,</strong></span> <span class='ocrx_word' id='word_1_325' title='bbox 2466 1458 2730 1512; x_wconf 81' lang='lat' dir='ltr'><strong>habemus</strong></span> <span class='ocrx_word' id='word_1_326' title='bbox 2752 1456 2898 1512; x_wconf 83' lang='lat' dir='ltr'><strong>illam</strong></span> <span class='ocrx_word' id='word_1_327' title='bbox 2926 1456 3172 1510; x_wconf 84' lang='lat' dir='ltr'><strong>inaurem</strong></span> <span class='ocrx_word' id='word_1_328' title='bbox 3194 1454 3428 1508; x_wconf 54' lang='lat' dir='ltr'><strong>iuuari;</strong></span> 
     </span>
    </p>
   </div>
   <div class='ocr_carea' id='block_1_45' title="bbox 1846 1545 3428 1622">
    <p class='ocr_par' dir='ltr' id='par_1_45' title="bbox 1846 1545 3428 1622">
     <span class='ocr_line' id='line_1_45' title="bbox 1846 1545 3428 1622; baseline -0.006 -13"><span class='ocrx_word' id='word_1_329' title='bbox 1846 1553 1971 1618; x_wconf 79' lang='lat' dir='ltr'><strong>bus,</strong></span> <span class='ocrx_word' id='word_1_330' title='bbox 1997 1553 2063 1607; x_wconf 89' lang='lat' dir='ltr'><strong>de</strong></span> <span class='ocrx_word' id='word_1_331' title='bbox 2093 1565 2198 1622; x_wconf 87' lang='lat' dir='ltr'><strong>qua</strong></span> <span class='ocrx_word' id='word_1_332' title='bbox 2232 1550 2425 1605; x_wconf 88' lang='lat' dir='ltr'><strong>scribit</strong></span> <span class='ocrx_word' id='word_1_333' title='bbox 2459 1549 2753 1605; x_wconf 89' lang='lat' dir='ltr'><strong>Salomon:</strong></span> <span class='ocrx_word' id='word_1_334' title='bbox 2789 1567 2807 1600; x_wconf 77' lang='grc' dir='ltr'><strong>ι</strong></span> <span class='ocrx_word' id='word_1_335' title='bbox 2842 1546 2994 1603; x_wconf 89' lang='lat' dir='ltr'><strong>Sicut</strong></span> <span class='ocrx_word' id='word_1_336' title='bbox 3020 1548 3238 1603; x_wconf 76' lang='lat' dir='ltr'><strong>inaures</strong></span> <span class='ocrx_word' id='word_1_337' title='bbox 3275 1545 3428 1601; x_wconf 83' lang='lat' dir='ltr'><strong>aurei</strong></span> 
     </span>
    </p>
   </div>
   <div class='ocr_carea' id='block_1_46' title="bbox 1849 1637 3430 1712">
    <p class='ocr_par' dir='ltr' id='par_1_46' title="bbox 1849 1637 3430 1712">
     <span class='ocr_line' id='line_1_46' title="bbox 1849 1637 3430 1712; baseline -0.005 -13"><span class='ocrx_word' id='word_1_338' title='bbox 1849 1645 1910 1700; x_wconf 86' lang='lat' dir='ltr'><strong>in</strong></span> <span class='ocrx_word' id='word_1_339' title='bbox 1928 1643 2151 1698; x_wconf 90' lang='lat' dir='ltr'><strong>naribus</strong></span> <span class='ocrx_word' id='word_1_340' title='bbox 2178 1655 2358 1712; x_wconf 71' lang='lat' dir='ltr'><strong>porca:</strong></span> <span class='ocrx_word' id='word_1_341' title='bbox 2382 1657 2396 1705; x_wconf 86' lang='lat'><strong>;</strong></span> <span class='ocrx_word' id='word_1_342' title='bbox 2421 1641 2502 1697; x_wconf 91' lang='lat' dir='ltr'><strong>sic</strong></span> <span class='ocrx_word' id='word_1_343' title='bbox 2531 1639 2746 1696; x_wconf 87' lang='lat' dir='ltr'><strong>mulieri</strong></span> <span class='ocrx_word' id='word_1_344' title='bbox 2773 1638 2913 1694; x_wconf 89' lang='lat' dir='ltr'><strong>male</strong></span> <span class='ocrx_word' id='word_1_345' title='bbox 2935 1645 3158 1693; x_wconf 72' lang='lat' dir='ltr'><strong>moratae</strong></span> <span class='ocrx_word' id='word_1_346' title='bbox 3189 1637 3430 1709; x_wconf 58' lang='lat' dir='ltr'><strong>pulchri-‘4</strong></span> 
     </span>
    </p>
   </div>
   <div class='ocr_carea' id='block_1_47' title="bbox 1851 1731 3428 1807">
    <p class='ocr_par' dir='ltr' id='par_1_47' title="bbox 1851 1731 3428 1807">
     <span class='ocr_line' id='line_1_47' title="bbox 1851 1731 3428 1807; baseline -0.005 -15"><span class='ocrx_word' id='word_1_347' title='bbox 1851 1736 1982 1792; x_wconf 88' lang='lat' dir='ltr'><strong>tudo</strong></span> <span class='ocrx_word' id='word_1_348' title='bbox 2014 1733 2194 1807; x_wconf 84' lang='lat' dir='ltr'><strong>(Prov.</strong></span> <span class='ocrx_word' id='word_1_349' title='bbox 2220 1734 2356 1805; x_wconf 74' lang='lat' dir='ltr'><strong>xm).</strong></span> <span class='ocrx_word' id='word_1_350' title='bbox 2370 1754 2389 1787; x_wconf 77' lang='grc' dir='ltr'><strong>ι</strong></span> <span class='ocrx_word' id='word_1_351' title='bbox 3082 1759 3083 1762; x_wconf 58' lang='grc' dir='ltr'><strong>η</strong></span> <span class='ocrx_word' id='word_1_352' title='bbox 3181 1759 3183 1762; x_wconf 54' lang='grc'>‹</span> <span class='ocrx_word' id='word_1_353' title='bbox 3425 1731 3428 1738; x_wconf 89' lang='grc'><em>’</em></span> 
     </span>
    </p>
   </div>
   <div class='ocr_carea' id='block_1_48' title="bbox 1929 1820 3431 1902">
    <p class='ocr_par' dir='ltr' id='par_1_48' title="bbox 1929 1820 3431 1902">
     <span class='ocr_line' id='line_1_48' title="bbox 1929 1820 3431 1902; baseline -0.002 -22"><span class='ocrx_word' id='word_1_354' title='bbox 1929 1845 1948 1880; x_wconf 78' lang='grc' dir='ltr'><strong>ι</strong></span> <span class='ocrx_word' id='word_1_355' title='bbox 1978 1827 2046 1882; x_wconf 89' lang='lat' dir='ltr'><strong>Et</strong></span> <span class='ocrx_word' id='word_1_356' title='bbox 2071 1827 2302 1882; x_wconf 90' lang='lat' dir='ltr'><strong>circulos</strong></span> <span class='ocrx_word' id='word_1_357' title='bbox 2331 1827 2386 1881; x_wconf 81' lang='lat' dir='ltr'><strong>in‘</strong></span> <span class='ocrx_word' id='word_1_358' title='bbox 2413 1825 2638 1880; x_wconf 89' lang='lat' dir='ltr'><strong>auribus</strong></span> <span class='ocrx_word' id='word_1_359' title='bbox 2674 1824 2797 1880; x_wconf 87' lang='lat' dir='ltr'><strong>tuis.</strong></span> <span class='ocrx_word' id='word_1_360' title='bbox 2830 1841 2849 1877; x_wconf 72' lang='grc' dir='ltr'><strong>ι</strong></span> <span class='ocrx_word' id='word_1_361' title='bbox 2883 1823 3234 1894; x_wconf 84' lang='lat' dir='ltr'><strong>Septuaginta</strong></span> <span class='ocrx_word' id='word_1_362' title='bbox 3263 1837 3277 1878; x_wconf 89' lang='lat'><strong>:</strong></span> <span class='ocrx_word' id='word_1_363' title='bbox 3311 1823 3329 1874; x_wconf 70' lang='grc' dir='ltr'>ἀ</span> <span class='ocrx_word' id='word_1_364' title='bbox 3362 1820 3431 1902; x_wconf 70' lang='lat' dir='ltr'><strong>Et</strong></span> 
     </span>
    </p>
   </div>
   <div class='ocr_carea' id='block_1_49' title="bbox 1852 1911 3428 1987">
    <p class='ocr_par' dir='ltr' id='par_1_49' title="bbox 1852 1911 3428 1987">
     <span class='ocr_line' id='line_1_49' title="bbox 1852 1911 3428 1987; baseline -0.003 -14"><span class='ocrx_word' id='word_1_365' title='bbox 1852 1917 2056 1973; x_wconf 88' lang='lat' dir='ltr'><strong>rotulas</strong></span> <span class='ocrx_word' id='word_1_366' title='bbox 2099 1932 2265 1987; x_wconf 87' lang='lat' dir='ltr'><strong>super</strong></span> <span class='ocrx_word' id='word_1_367' title='bbox 2290 1930 2448 1977; x_wconf 86' lang='lat' dir='ltr'><strong>aures</strong></span> <span class='ocrx_word' id='word_1_368' title='bbox 2491 1925 2629 1971; x_wconf 88' lang='lat' dir='ltr'><strong>tuas.</strong></span> <span class='ocrx_word' id='word_1_369' title='bbox 2667 1935 2684 1968; x_wconf 80' lang='grc' dir='ltr'><strong>ι</strong></span> <span class='ocrx_word' id='word_1_370' title='bbox 2720 1915 2822 1983; x_wconf 88' lang='lat' dir='ltr'><strong>Qui</strong></span> <span class='ocrx_word' id='word_1_371' title='bbox 2855 1915 3054 1970; x_wconf 84' lang='lat' dir='ltr'><strong>claudit</strong></span> <span class='ocrx_word' id='word_1_372' title='bbox 3089 1928 3248 1970; x_wconf 89' lang='lat' dir='ltr'><strong>aures</strong></span> <span class='ocrx_word' id='word_1_373' title='bbox 3279 1911 3428 1980; x_wconf 78' lang='lat' dir='ltr'><strong>suas,‘</strong></span> 
     </span>
    </p>
   </div>
   <div class='ocr_carea' id='block_1_50' title="bbox 1849 2003 3432 2078">
    <p class='ocr_par' dir='ltr' id='par_1_50' title="bbox 1849 2003 3432 2078">
     <span class='ocr_line' id='line_1_50' title="bbox 1849 2003 3432 2078; baseline -0.004 -13"><span class='ocrx_word' id='word_1_374' title='bbox 1849 2026 1919 2065; x_wconf 87' lang='lat' dir='ltr'><strong>ne</strong></span> <span class='ocrx_word' id='word_1_375' title='bbox 1947 2009 2131 2065; x_wconf 88' lang='lat' dir='ltr'><strong>audiat</strong></span> <span class='ocrx_word' id='word_1_376' title='bbox 2150 2006 2416 2078; x_wconf 88' lang='lat' dir='ltr'><strong>judicium</strong></span> <span class='ocrx_word' id='word_1_377' title='bbox 2446 2007 2747 2078; x_wconf 76' lang='lat' dir='ltr'><strong>sanguinis,</strong></span> <span class='ocrx_word' id='word_1_378' title='bbox 2775 2014 2830 2061; x_wconf 91' lang='lat' dir='ltr'><strong>et</strong></span> <span class='ocrx_word' id='word_1_379' title='bbox 2854 2006 2995 2075; x_wconf 90' lang='lat' dir='ltr'><strong>sepit</strong></span> <span class='ocrx_word' id='word_1_380' title='bbox 3021 2019 3114 2061; x_wconf 87' lang='lat' dir='ltr'><strong>eas</strong></span> <span class='ocrx_word' id='word_1_381' title='bbox 3139 2003 3327 2076; x_wconf 86' lang='lat' dir='ltr'><strong>spinis,</strong></span> <span class='ocrx_word' id='word_1_382' title='bbox 3360 2015 3432 2059; x_wconf 82' lang='lat' dir='ltr'><strong>ne</strong></span> 
     </span>
    </p>
   </div>
   <div class='ocr_carea' id='block_1_51' title="bbox 1849 2082 3510 2171">
    <p class='ocr_par' dir='ltr' id='par_1_51' title="bbox 1849 2082 3510 2171">
     <span class='ocr_line' id='line_1_51' title="bbox 1849 2082 3510 2171; baseline -0.001 -16"><span class='ocrx_word' id='word_1_383' title='bbox 1849 2101 2122 2171; x_wconf 86' lang='lat' dir='ltr'><strong>particeps</strong></span> <span class='ocrx_word' id='word_1_384' title='bbox 2153 2099 2248 2155; x_wconf 83' lang='lat' dir='ltr'><strong>ﬂat</strong></span> <span class='ocrx_word' id='word_1_385' title='bbox 2295 2099 2492 2154; x_wconf 87' lang='lat' dir='ltr'><strong>invidis</strong></span> <span class='ocrx_word' id='word_1_386' title='bbox 2525 2108 2580 2154; x_wconf 91' lang='lat' dir='ltr'><strong>et</strong></span> <span class='ocrx_word' id='word_1_387' title='bbox 2615 2098 3086 2162; x_wconf 89' lang='lat' dir='ltr'><strong>detrectatoribus,</strong></span> <span class='ocrx_word' id='word_1_388' title='bbox 3137 2098 3204 2152; x_wconf 90' lang='lat' dir='ltr'><strong>de</strong></span> <span class='ocrx_word' id='word_1_389' title='bbox 3231 2082 3429 2168; x_wconf 81' lang='lat' dir='ltr'><strong>quibus</strong></span> <span class='ocrx_word' id='word_1_390' title='bbox 3507 2109 3510 2112; x_wconf 79' lang='grc'><strong>’</strong></span> 
     </span>
    </p>
   </div>
   <div class='ocr_carea' id='block_1_52' title="bbox 1851 2190 3434 2264">
    <p class='ocr_par' dir='ltr' id='par_1_52' title="bbox 1851 2190 3434 2264">
     <span class='ocr_line' id='line_1_52' title="bbox 1851 2190 3434 2264; baseline -0.002 -17"><span class='ocrx_word' id='word_1_391' title='bbox 1851 2194 2114 2264; x_wconf 91' lang='lat' dir='ltr'><strong>scriptum</strong></span> <span class='ocrx_word' id='word_1_392' title='bbox 2141 2200 2225 2247; x_wconf 86' lang='lat' dir='ltr'><strong>est</strong></span> <span class='ocrx_word' id='word_1_393' title='bbox 2252 2209 2265 2245; x_wconf 88' lang='lat'><strong>:</strong></span> <span class='ocrx_word' id='word_1_394' title='bbox 2304 2209 2324 2242; x_wconf 76' lang='grc' dir='ltr'><strong>ι</strong></span> <span class='ocrx_word' id='word_1_395' title='bbox 2351 2190 2484 2247; x_wconf 85' lang='lat' dir='ltr'><strong>Cum</strong></span> <span class='ocrx_word' id='word_1_396' title='bbox 2517 2190 2965 2246; x_wconf 89' lang='lat' dir='ltr'><strong>detrectatoribus</strong></span> <span class='ocrx_word' id='word_1_397' title='bbox 2988 2205 3058 2245; x_wconf 90' lang='lat' dir='ltr'><strong>ne</strong></span> <span class='ocrx_word' id='word_1_398' title='bbox 3082 2190 3434 2244; x_wconf 48' lang='lat' dir='ltr'><strong>commiscea‘é</strong></span> 
     </span>
    </p>
   </div>
   <div class='ocr_carea' id='block_1_53' title="bbox 1849 2280 3432 2355">
    <p class='ocr_par' dir='ltr' id='par_1_53' title="bbox 1849 2280 3432 2355">
     <span class='ocr_line' id='line_1_53' title="bbox 1849 2280 3432 2355; baseline -0.004 -15"><span class='ocrx_word' id='word_1_399' title='bbox 1849 2286 1949 2352; x_wconf 86' lang='lat' dir='ltr'><strong>ris,</strong></span> <span class='ocrx_word' id='word_1_400' title='bbox 1979 2284 2234 2355; x_wconf 89' lang='lat' dir='ltr'><strong>quoniam</strong></span> <span class='ocrx_word' id='word_1_401' title='bbox 2260 2291 2483 2354; x_wconf 85' lang='lat' dir='ltr'><strong>repente</strong></span> <span class='ocrx_word' id='word_1_402' title='bbox 2516 2282 2697 2337; x_wconf 87' lang='lat' dir='ltr'><strong>veniet</strong></span> <span class='ocrx_word' id='word_1_403' title='bbox 2726 2281 2977 2336; x_wconf 84' lang='lat' dir='ltr'><strong>interitus</strong></span> <span class='ocrx_word' id='word_1_404' title='bbox 3003 2294 3216 2346; x_wconf 89' lang='lat' dir='ltr'><strong>eorum,</strong></span> <span class='ocrx_word' id='word_1_405' title='bbox 3239 2289 3294 2335; x_wconf 91' lang='lat' dir='ltr'><strong>et</strong></span> <span class='ocrx_word' id='word_1_406' title='bbox 3319 2280 3432 2334; x_wconf 85' lang='lat' dir='ltr'><strong>rui-</strong></span> 
     </span>
    </p>
   </div>
   <div class='ocr_carea' id='block_1_54' title="bbox 1851 2369 3433 2444">
    <p class='ocr_par' dir='ltr' id='par_1_54' title="bbox 1851 2369 3433 2444">
     <span class='ocr_line' id='line_1_54' title="bbox 1851 2369 3433 2444; baseline -0.004 -13"><span class='ocrx_word' id='word_1_407' title='bbox 1851 2392 1978 2432; x_wconf 90' lang='lat' dir='ltr'><strong>nam</strong></span> <span class='ocrx_word' id='word_1_408' title='bbox 2027 2375 2314 2444; x_wconf 87' lang='lat' dir='ltr'><strong>utriusque</strong></span> <span class='ocrx_word' id='word_1_409' title='bbox 2367 2375 2489 2444; x_wconf 84' lang='lat' dir='ltr'><strong>quis</strong></span> <span class='ocrx_word' id='word_1_410' title='bbox 2543 2373 2732 2427; x_wconf 77' lang='lat' dir='ltr'><strong>novit?</strong></span> <span class='ocrx_word' id='word_1_411' title='bbox 2785 2371 2980 2444; x_wconf 85' lang='lat' dir='ltr'><strong>(Prov.</strong></span> <span class='ocrx_word' id='word_1_412' title='bbox 3030 2369 3202 2442; x_wconf 57' lang='grc' dir='ltr'><strong>χιιι)</strong></span> <span class='ocrx_word' id='word_1_413' title='bbox 3241 2384 3269 2422; x_wconf 73' lang='grc' dir='ltr'><strong>ἰ</strong></span> <span class='ocrx_word' id='word_1_414' title='bbox 3321 2377 3433 2424; x_wconf 85' lang='lat' dir='ltr'><strong>tam</strong></span> 
     </span>
    </p>
   </div>
   <div class='ocr_carea' id='block_1_55' title="bbox 1852 2461 3422 2539">
    <p class='ocr_par' dir='ltr' id='par_1_55' title="bbox 1852 2461 3422 2539">
     <span class='ocr_line' id='line_1_55' title="bbox 1852 2461 3422 2539; baseline -0.005 -15"><span class='ocrx_word' id='word_1_415' title='bbox 1852 2468 2110 2526; x_wconf 84' lang='lat' dir='ltr'><strong>videlicet</strong></span> <span class='ocrx_word' id='word_1_416' title='bbox 2135 2468 2256 2539; x_wconf 86' lang='lat' dir='ltr'><strong>ejus</strong></span> <span class='ocrx_word' id='word_1_417' title='bbox 2305 2467 2402 2536; x_wconf 90' lang='lat' dir='ltr'><strong>qui</strong></span> <span class='ocrx_word' id='word_1_418' title='bbox 2431 2465 2688 2531; x_wconf 85' lang='lat' dir='ltr'><strong>detrahit,</strong></span> <span class='ocrx_word' id='word_1_419' title='bbox 2714 2479 2878 2534; x_wconf 89' lang='lat' dir='ltr'><strong>quam</strong></span> <span class='ocrx_word' id='word_1_420' title='bbox 2927 2463 3088 2530; x_wconf 88' lang='lat' dir='ltr'><strong>illius,</strong></span> <span class='ocrx_word' id='word_1_421' title='bbox 3121 2463 3214 2532; x_wconf 89' lang='lat' dir='ltr'><strong>qui</strong></span> <span class='ocrx_word' id='word_1_422' title='bbox 3235 2461 3422 2518; x_wconf 51' lang='lat' dir='ltr'><strong>‘libena</strong></span> 
     </span>
    </p>
   </div>
   <div class='ocr_carea' id='block_1_56' title="bbox 1853 2552 3442 2624">
    <p class='ocr_par' dir='ltr' id='par_1_56' title="bbox 1853 2552 3442 2624">
     <span class='ocr_line' id='line_1_56' title="bbox 1853 2552 3442 2624; baseline -0.007 -6"><span class='ocrx_word' id='word_1_423' title='bbox 1853 2570 1937 2618; x_wconf 87' lang='lat' dir='ltr'><strong>ter</strong></span> <span class='ocrx_word' id='word_1_424' title='bbox 1969 2559 2262 2624; x_wconf 81' lang='lat' dir='ltr'><strong>auscultat,</strong></span> <span class='ocrx_word' id='word_1_425' title='bbox 2294 2558 2396 2614; x_wconf 71' lang='lat' dir='ltr'><strong>iste</strong></span> <span class='ocrx_word' id='word_1_426' title='bbox 2421 2555 2654 2616; x_wconf 73' lang='lat' dir='ltr'><strong>circulos</strong></span> <span class='ocrx_word' id='word_1_427' title='bbox 2681 2556 2849 2611; x_wconf 89' lang='lat' dir='ltr'><strong>habet</strong></span> <span class='ocrx_word' id='word_1_428' title='bbox 2870 2563 2926 2611; x_wconf 88' lang='lat' dir='ltr'><strong>et</strong></span> <span class='ocrx_word' id='word_1_429' title='bbox 2959 2554 3165 2610; x_wconf 87' lang='lat' dir='ltr'><strong>rotulas</strong></span> <span class='ocrx_word' id='word_1_430' title='bbox 3204 2552 3260 2608; x_wconf 90' lang='lat' dir='ltr'><strong>in</strong></span> <span class='ocrx_word' id='word_1_431' title='bbox 3286 2552 3442 2608; x_wconf 49' lang='lat' dir='ltr'><strong>auria</strong></span> 
     </span>
    </p>
   </div>
   <div class='ocr_carea' id='block_1_57' title="bbox 1853 2640 3442 2719">
    <p class='ocr_par' dir='ltr' id='par_1_57' title="bbox 1853 2640 3442 2719">
     <span class='ocr_line' id='line_1_57' title="bbox 1853 2640 3442 2719; baseline -0.007 -11"><span class='ocrx_word' id='word_1_432' title='bbox 1853 2653 2122 2718; x_wconf 79' lang='lat' dir='ltr'><strong>bus,-non</strong></span> <span class='ocrx_word' id='word_1_433' title='bbox 2171 2658 2351 2716; x_wconf 88' lang='lat' dir='ltr'><strong>rotas,</strong></span> <span class='ocrx_word' id='word_1_434' title='bbox 2408 2663 2528 2719; x_wconf 74' lang='lat' dir='ltr'><strong>qua:</strong></span> <span class='ocrx_word' id='word_1_435' title='bbox 2575 2654 2876 2717; x_wconf 85' lang='lat' dir='ltr'><strong>sequuntur</strong></span> <span class='ocrx_word' id='word_1_436' title='bbox 2920 2644 3248 2711; x_wconf 82' lang='lat' dir='ltr'><strong>Gbcrubim,</strong></span> <span class='ocrx_word' id='word_1_437' title='bbox 3301 2640 3442 2698; x_wconf 67' lang='lat' dir='ltr'><strong>illud</strong></span> 
     </span>
    </p>
   </div>
   <div class='ocr_carea' id='block_1_58' title="bbox 1853 2733 3438 2812">
    <p class='ocr_par' dir='ltr' id='par_1_58' title="bbox 1853 2733 3438 2812">
     <span class='ocr_line' id='line_1_58' title="bbox 1853 2733 3438 2812; baseline -0.006 -14"><span class='ocrx_word' id='word_1_438' title='bbox 1853 2741 2003 2798; x_wconf 89' lang='lat' dir='ltr'><strong>enim</strong></span> <span class='ocrx_word' id='word_1_439' title='bbox 2043 2741 2410 2812; x_wconf 87' lang='lat' dir='ltr'><strong>angelicarum</strong></span> <span class='ocrx_word' id='word_1_440' title='bbox 2437 2737 2815 2794; x_wconf 75' lang='lat' dir='ltr'><strong>fortitudinum</strong></span> <span class='ocrx_word' id='word_1_441' title='bbox 2853 2744 2954 2802; x_wconf 89' lang='lat' dir='ltr'><strong>est,</strong></span> <span class='ocrx_word' id='word_1_442' title='bbox 2988 2736 3082 2791; x_wconf 85' lang='lat' dir='ltr'><strong>sed</strong></span> <span class='ocrx_word' id='word_1_443' title='bbox 3112 2734 3326 2790; x_wconf 41' lang='lat' dir='ltr'><strong>&#39;rotulas</strong></span> <span class='ocrx_word' id='word_1_444' title='bbox 3356 2733 3438 2789; x_wconf 47' lang='lat' dir='ltr'><strong>die</strong></span> 
     </span>
    </p>
   </div>
   <div class='ocr_carea' id='block_1_59' title="bbox 1855 2826 3441 2902">
    <p class='ocr_par' dir='ltr' id='par_1_59' title="bbox 1855 2826 3441 2902">
     <span class='ocr_line' id='line_1_59' title="bbox 1855 2826 3441 2902; baseline -0.004 -15"><span class='ocrx_word' id='word_1_445' title='bbox 1855 2833 2142 2896; x_wconf 71' lang='lat' dir='ltr'><strong>minutive,</strong></span> <span class='ocrx_word' id='word_1_446' title='bbox 2156 2846 2278 2902; x_wconf 64' lang='lat' dir='ltr'><strong>qua:</strong></span> <span class='ocrx_word' id='word_1_447' title='bbox 2301 2831 2552 2885; x_wconf 70' lang='lat' dir='ltr'><strong>humana:</strong></span> <span class='ocrx_word' id='word_1_448' title='bbox 2571 2829 2900 2884; x_wconf 82' lang='lat' dir='ltr'><strong>conveniunt</strong></span> <span class='ocrx_word' id='word_1_449' title='bbox 2916 2827 3219 2899; x_wconf 67' lang='lat' dir='ltr'><strong>fragilitati;</strong></span> <span class='ocrx_word' id='word_1_450' title='bbox 3239 2826 3441 2893; x_wconf 83' lang='lat' dir='ltr'><strong>Quam-</strong></span> 
     </span>
    </p>
   </div>
   <div class='ocr_carea' id='block_1_60' title="bbox 1856 2917 3441 2978">
    <p class='ocr_par' dir='ltr' id='par_1_60' title="bbox 1856 2917 3441 2978">
     <span class='ocr_line' id='line_1_60' title="bbox 1856 2917 3441 2978; baseline -0.004 -1"><span class='ocrx_word' id='word_1_451' title='bbox 1856 2922 2046 2978; x_wconf 89' lang='lat' dir='ltr'><strong>obrem</strong></span> <span class='ocrx_word' id='word_1_452' title='bbox 2087 2931 2142 2978; x_wconf 91' lang='lat' dir='ltr'><strong>et</strong></span> <span class='ocrx_word' id='word_1_453' title='bbox 2185 2921 2254 2976; x_wconf 89' lang='lat' dir='ltr'><strong>ad</strong></span> <span class='ocrx_word' id='word_1_454' title='bbox 2300 2920 2471 2974; x_wconf 91' lang='lat' dir='ltr'><strong>Deum</strong></span> <span class='ocrx_word' id='word_1_455' title='bbox 2512 2919 2750 2975; x_wconf 80' lang='lat' dir='ltr'><strong>dicitur:</strong></span> <span class='ocrx_word' id='word_1_456' title='bbox 2783 2938 2807 2972; x_wconf 68' lang='grc' dir='ltr'><strong>ι</strong></span> <span class='ocrx_word' id='word_1_457' title='bbox 2837 2919 2952 2975; x_wconf 78' lang='lat' dir='ltr'><strong>Vox</strong></span> <span class='ocrx_word' id='word_1_458' title='bbox 2999 2918 3222 2974; x_wconf 85' lang='lat' dir='ltr'><strong>tonitrui</strong></span> <span class='ocrx_word' id='word_1_459' title='bbox 3268 2917 3441 2972; x_wconf 78' lang='lat' dir='ltr'><strong>tui=in</strong></span> 
     </span>
    </p>
   </div>
   <div class='ocr_carea' id='block_1_61' title="bbox 1857 3011 3444 3086">
    <p class='ocr_par' dir='ltr' id='par_1_61' title="bbox 1857 3011 3444 3086">
     <span class='ocr_line' id='line_1_61' title="bbox 1857 3011 3444 3086; baseline -0.006 -14"><span class='ocrx_word' id='word_1_460' title='bbox 1857 3023 1980 3072; x_wconf 89' lang='lat' dir='ltr'><strong>rota</strong></span> <span class='ocrx_word' id='word_1_461' title='bbox 2009 3012 2182 3086; x_wconf 78' lang='lat' dir='ltr'><strong>(Psal.</strong></span> <span class='ocrx_word' id='word_1_462' title='bbox 2218 3015 2425 3084; x_wconf 77' lang='lat' dir='ltr'><strong>Lxxvi).</strong></span> <span class='ocrx_word' id='word_1_463' title='bbox 2463 3031 2481 3064; x_wconf 75' lang='grc' dir='ltr'><strong>ι</strong></span> <span class='ocrx_word' id='word_1_464' title='bbox 2511 3011 2571 3067; x_wconf 82' lang='grc' dir='ltr'><strong>Ιιι</strong></span> <span class='ocrx_word' id='word_1_465' title='bbox 2598 3013 2687 3068; x_wconf 89' lang='lat' dir='ltr'><strong>his</strong></span> <span class='ocrx_word' id='word_1_466' title='bbox 2713 3013 2881 3077; x_wconf 89' lang='lat' dir='ltr'><strong>enim,</strong></span> <span class='ocrx_word' id='word_1_467' title='bbox 2921 3012 3018 3082; x_wconf 89' lang='lat' dir='ltr'><strong>qui</strong></span> <span class='ocrx_word' id='word_1_468' title='bbox 3065 3021 3277 3067; x_wconf 82' lang='lat' dir='ltr'><strong>terrena</strong></span> <span class='ocrx_word' id='word_1_469' title='bbox 3312 3024 3444 3080; x_wconf 53' lang='lat' dir='ltr'><strong>pera</strong></span> 
     </span>
    </p>
   </div>
   <div class='ocr_carea' id='block_1_62' title="bbox 1861 3105 3444 3176">
    <p class='ocr_par' dir='ltr' id='par_1_62' title="bbox 1861 3105 3444 3176">
     <span class='ocr_line' id='line_1_62' title="bbox 1861 3105 3444 3176; baseline -0.003 -14"><span class='ocrx_word' id='word_1_470' title='bbox 1861 3115 2166 3173; x_wconf 88' lang='lat' dir='ltr'><strong>transeunt,</strong></span> <span class='ocrx_word' id='word_1_471' title='bbox 2209 3115 2266 3162; x_wconf 87' lang='lat' dir='ltr'><strong>et</strong></span> <span class='ocrx_word' id='word_1_472' title='bbox 2297 3107 2389 3161; x_wconf 84' lang='lat' dir='ltr'><strong>vix</strong></span> <span class='ocrx_word' id='word_1_473' title='bbox 2426 3105 2653 3160; x_wconf 85' lang='lat' dir='ltr'><strong>modicis</strong></span> <span class='ocrx_word' id='word_1_474' title='bbox 2690 3105 2937 3175; x_wconf 75' lang='lat' dir='ltr'><strong>vestigiis</strong></span> <span class='ocrx_word' id='word_1_475' title='bbox 2978 3105 3301 3176; x_wconf 85' lang='lat' dir='ltr'><strong>contingunt</strong></span> <span class='ocrx_word' id='word_1_476' title='bbox 3328 3113 3444 3158; x_wconf 81' lang='lat' dir='ltr'><strong>ter-</strong></span> 
     </span>
    </p>
   </div>
   <div class='ocr_carea' id='block_1_63' title="bbox 161 3194 3448 3274">
    <p class='ocr_par' dir='ltr' id='par_1_63' title="bbox 161 3194 3448 3274">
     <span class='ocr_line' id='line_1_63' title="bbox 161 3194 3448 3274; baseline -0.004 -13"><span class='ocrx_word' id='word_1_477' title='bbox 161 3210 334 3268; x_wconf 78' lang='lat' dir='ltr'><strong>sunt,</strong></span> <span class='ocrx_word' id='word_1_478' title='bbox 380 3202 485 3259; x_wconf 87' lang='lat' dir='ltr'><strong>hoc</strong></span> <span class='ocrx_word' id='word_1_479' title='bbox 515 3203 653 3273; x_wconf 71' lang='lat' dir='ltr'><strong>‘estl,</strong></span> <span class='ocrx_word' id='word_1_480' title='bbox 699 3203 1081 3274; x_wconf 73' lang='lat' dir='ltr'><strong>super-bierunt</strong></span> <span class='ocrx_word' id='word_1_481' title='bbox 1106 3245 1120 3269; x_wconf 97' lang='lat'><strong>,</strong></span> <span class='ocrx_word' id='word_1_482' title='bbox 1163 3203 1284 3259; x_wconf 81' lang='lat' dir='ltr'><strong>ﬁliae</strong></span> <span class='ocrx_word' id='word_1_483' title='bbox 1329 3204 1675 3272; x_wconf 87' lang='lat' dir='ltr'><strong>Jerusalem,</strong></span> <span class='ocrx_word' id='word_1_484' title='bbox 1701 3213 1756 3260; x_wconf 87' lang='lat' dir='ltr'><strong>ct</strong></span> <span class='ocrx_word' id='word_1_485' title='bbox 1782 3195 1827 3268; x_wconf 69' lang='grc' dir='ltr'><strong>(ι</strong></span> <span class='ocrx_word' id='word_1_486' title='bbox 1860 3215 1998 3264; x_wconf 87' lang='lat' dir='ltr'><strong>ram,</strong></span> <span class='ocrx_word' id='word_1_487' title='bbox 2027 3200 2093 3254; x_wconf 89' lang='lat' dir='ltr'><strong>de</strong></span> <span class='ocrx_word' id='word_1_488' title='bbox 2119 3199 2318 3270; x_wconf 86' lang='lat' dir='ltr'><strong>quibus</strong></span> <span class='ocrx_word' id='word_1_489' title='bbox 2345 3199 2605 3268; x_wconf 87' lang='lat' dir='ltr'><strong>scriptum</strong></span> <span class='ocrx_word' id='word_1_490' title='bbox 2627 3204 2747 3252; x_wconf 86' lang='lat' dir='ltr'><strong>est:</strong></span> <span class='ocrx_word' id='word_1_491' title='bbox 2779 3216 2799 3248; x_wconf 74' lang='grc' dir='ltr'><strong>ι</strong></span> <span class='ocrx_word' id='word_1_492' title='bbox 2826 3196 3076 3266; x_wconf 87' lang='lat' dir='ltr'><strong>Lapides,</strong></span> <span class='ocrx_word' id='word_1_493' title='bbox 3102 3195 3196 3265; x_wconf 91' lang='lat' dir='ltr'><strong>qui</strong></span> <span class='ocrx_word' id='word_1_494' title='bbox 3220 3194 3448 3250; x_wconf 50' lang='lat' dir='ltr'><strong>volvens</strong></span> 
     </span>
    </p>
   </div>
   <div class='ocr_carea' id='block_1_64' title="bbox 171 3293 1755 3367">
    <p class='ocr_par' dir='ltr' id='par_1_64' title="bbox 171 3293 1755 3367">
     <span class='ocr_line' id='line_1_64' title="bbox 171 3293 1755 3367; baseline 0.001 -17"><span class='ocrx_word' id='word_1_495' title='bbox 171 3293 592 3351; x_wconf 85' lang='lat' dir='ltr'><strong>ambulaverunt</strong></span> <span class='ocrx_word' id='word_1_496' title='bbox 611 3294 825 3350; x_wconf 78' lang='lat' dir='ltr'><strong>excelsa</strong></span> <span class='ocrx_word' id='word_1_497' title='bbox 849 3294 1060 3350; x_wconf 84' lang='lat' dir='ltr'><strong>cervice</strong></span> <span class='ocrx_word' id='word_1_498' title='bbox 1084 3293 1220 3367; x_wconf 84' lang='lat' dir='ltr'><strong>(Isa.</strong></span> <span class='ocrx_word' id='word_1_499' title='bbox 1252 3295 1362 3366; x_wconf 87' lang='grc' dir='ltr'><strong>ιιι),</strong></span> <span class='ocrx_word' id='word_1_500' title='bbox 1399 3315 1420 3348; x_wconf 71' lang='grc' dir='ltr'><strong>ι</strong></span> <span class='ocrx_word' id='word_1_501' title='bbox 1456 3304 1509 3352; x_wconf 92' lang='lat' dir='ltr'><strong>et</strong></span> <span class='ocrx_word' id='word_1_502' title='bbox 1535 3305 1755 3362; x_wconf 75' lang='lat' dir='ltr'><strong>canora,</strong></span> 
     </span>
    </p>
   </div>
   <div class='ocr_carea' id='block_1_65' title="bbox 169 3383 1763 3456">
    <p class='ocr_par' dir='ltr' id='par_1_65' title="bbox 169 3383 1763 3456">
     <span class='ocr_line' id='line_1_65' title="bbox 169 3383 1763 3456; baseline 0.001 -16"><span class='ocrx_word' id='word_1_503' title='bbox 169 3400 276 3455; x_wconf 70' lang='lat' dir='ltr'><strong>pro</strong></span> <span class='ocrx_word' id='word_1_504' title='bbox 306 3399 442 3442; x_wconf 79' lang='lat' dir='ltr'><strong>zona</strong></span> <span class='ocrx_word' id='word_1_505' title='bbox 471 3383 730 3441; x_wconf 85' lang='lat' dir='ltr'><strong>accinctae</strong></span> <span class='ocrx_word' id='word_1_506' title='bbox 757 3393 883 3440; x_wconf 90' lang='lat' dir='ltr'><strong>sunt</strong></span> <span class='ocrx_word' id='word_1_507' title='bbox 922 3384 1157 3453; x_wconf 83' lang='lat' dir='ltr'><strong>funibus,</strong></span> <span class='ocrx_word' id='word_1_508' title='bbox 1206 3394 1260 3442; x_wconf 89' lang='lat' dir='ltr'><strong>et</strong></span> <span class='ocrx_word' id='word_1_509' title='bbox 1300 3399 1398 3456; x_wconf 89' lang='lat' dir='ltr'><strong>pro</strong></span> <span class='ocrx_word' id='word_1_510' title='bbox 1429 3395 1624 3442; x_wconf 90' lang='lat' dir='ltr'><strong>ornatu</strong></span> <span class='ocrx_word' id='word_1_511' title='bbox 1671 3403 1763 3441; x_wconf 80' lang='lat' dir='ltr'><strong>ca-</strong></span> 
     </span>
    </p>
   </div>
   <div class='ocr_carea' id='block_1_66' title="bbox 157 3477 1762 3548">
    <p class='ocr_par' dir='ltr' id='par_1_66' title="bbox 157 3477 1762 3548">
     <span class='ocr_line' id='line_1_66' title="bbox 157 3477 1762 3548; baseline 0.004 -18"><span class='ocrx_word' id='word_1_512' title='bbox 157 3477 550 3547; x_wconf 82' lang='lat' dir='ltr'><strong>.pitiscalvitio</strong></span> <span class='ocrx_word' id='word_1_513' title='bbox 567 3478 888 3547; x_wconf 62' lang='lat' dir='ltr'><strong>deturpataa,</strong></span> <span class='ocrx_word' id='word_1_514' title='bbox 929 3488 983 3532; x_wconf 89' lang='lat' dir='ltr'><strong>et</strong></span> <span class='ocrx_word' id='word_1_515' title='bbox 1025 3494 1124 3548; x_wconf 90' lang='lat' dir='ltr'><strong>pro</strong></span> <span class='ocrx_word' id='word_1_516' title='bbox 1151 3478 1394 3548; x_wconf 83' lang='lat' dir='ltr'><strong>pulchris</strong></span> <span class='ocrx_word' id='word_1_517' title='bbox 1424 3487 1480 3534; x_wconf 91' lang='lat' dir='ltr'><strong>et</strong></span> <span class='ocrx_word' id='word_1_518' title='bbox 1511 3479 1762 3536; x_wconf 86' lang='lat' dir='ltr'><strong>mollibus</strong></span> 
     </span>
    </p>
   </div>
   <div class='ocr_carea' id='block_1_67' title="bbox 161 3569 1402 3640">
    <p class='ocr_par' dir='ltr' id='par_1_67' title="bbox 161 3569 1402 3640">
     <span class='ocr_line' id='line_1_67' title="bbox 161 3569 1402 3640; baseline 0.002 -18"><span class='ocrx_word' id='word_1_519' title='bbox 161 3569 510 3626; x_wconf 75' lang='lat' dir='ltr'><strong>indumentis</strong></span> <span class='ocrx_word' id='word_1_520' title='bbox 535 3569 696 3625; x_wconf 88' lang='lat' dir='ltr'><strong>cilicii</strong></span> <span class='ocrx_word' id='word_1_521' title='bbox 721 3570 1014 3640; x_wconf 86' lang='lat' dir='ltr'><strong>asperitate</strong></span> <span class='ocrx_word' id='word_1_522' title='bbox 1033 3570 1402 3625; x_wconf 63' lang='lat' dir='ltr'><strong>circumdatae.</strong></span> 
     </span>
    </p>
   </div>
   <div class='ocr_carea' id='block_1_68' title="bbox 255 3661 1764 3728">
    <p class='ocr_par' dir='ltr' id='par_1_68' title="bbox 255 3661 1764 3728">
     <span class='ocr_line' id='line_1_68' title="bbox 255 3661 1764 3728; baseline 0 -14"><span class='ocrx_word' id='word_1_523' title='bbox 255 3681 277 3714; x_wconf 74' lang='grc' dir='ltr'><strong>ι</strong></span> <span class='ocrx_word' id='word_1_524' title='bbox 312 3661 382 3718; x_wconf 86' lang='grc' dir='ltr'><strong>Ει</strong></span> <span class='ocrx_word' id='word_1_525' title='bbox 404 3663 526 3719; x_wconf 87' lang='lat' dir='ltr'><strong>dedi</strong></span> <span class='ocrx_word' id='word_1_526' title='bbox 559 3661 800 3718; x_wconf 88' lang='lat' dir='ltr'><strong>armillas</strong></span> <span class='ocrx_word' id='word_1_527' title='bbox 825 3663 882 3718; x_wconf 91' lang='lat' dir='ltr'><strong>in</strong></span> <span class='ocrx_word' id='word_1_528' title='bbox 912 3662 1162 3718; x_wconf 86' lang='lat' dir='ltr'><strong>manibus</strong></span> <span class='ocrx_word' id='word_1_529' title='bbox 1191 3662 1320 3716; x_wconf 88' lang='lat' dir='ltr'><strong>tuis.</strong></span> <span class='ocrx_word' id='word_1_530' title='bbox 1351 3681 1371 3713; x_wconf 81' lang='grc' dir='ltr'><strong>ι</strong></span> <span class='ocrx_word' id='word_1_531' title='bbox 1404 3661 1629 3728; x_wconf 91' lang='lat' dir='ltr'><strong>Quando</strong></span> <span class='ocrx_word' id='word_1_532' title='bbox 1668 3675 1764 3714; x_wconf 79' lang='lat' dir='ltr'><strong>no-</strong></span> 
     </span>
    </p>
   </div>
   <div class='ocr_carea' id='block_1_69' title="bbox 163 3751 1765 3822">
    <p class='ocr_par' dir='ltr' id='par_1_69' title="bbox 163 3751 1765 3822">
     <span class='ocr_line' id='line_1_69' title="bbox 163 3751 1765 3822; baseline -0.001 -13"><span class='ocrx_word' id='word_1_533' title='bbox 163 3751 272 3809; x_wconf 69' lang='lat' dir='ltr'><strong>nis</strong></span> <span class='ocrx_word' id='word_1_534' title='bbox 310 3751 452 3809; x_wconf 86' lang='lat' dir='ltr'><strong>bona</strong></span> <span class='ocrx_word' id='word_1_535' title='bbox 497 3763 664 3822; x_wconf 85' lang='lat' dir='ltr'><strong>opera</strong></span> <span class='ocrx_word' id='word_1_536' title='bbox 713 3753 924 3809; x_wconf 87' lang='lat' dir='ltr'><strong>dederit</strong></span> <span class='ocrx_word' id='word_1_537' title='bbox 962 3755 1106 3808; x_wconf 91' lang='lat' dir='ltr'><strong>Deus</strong></span> <span class='ocrx_word' id='word_1_538' title='bbox 1133 3793 1148 3819; x_wconf 97' lang='lat'><strong>,</strong></span> <span class='ocrx_word' id='word_1_539' title='bbox 1204 3751 1765 3808; x_wconf 83' lang='lat' dir='ltr'><strong>circumdat-armilla</strong></span> 
     </span>
    </p>
   </div>
   <div class='ocr_carea' id='block_1_70' title="bbox 164 3846 1766 3916">
    <p class='ocr_par' dir='ltr' id='par_1_70' title="bbox 164 3846 1766 3916">
     <span class='ocr_line' id='line_1_70' title="bbox 164 3846 1766 3916; baseline -0.003 -14"><span class='ocrx_word' id='word_1_540' title='bbox 164 3846 432 3902; x_wconf 79' lang='lat' dir='ltr'><strong>manibus</strong></span> <span class='ocrx_word' id='word_1_541' title='bbox 466 3847 684 3902; x_wconf 88' lang='lat' dir='ltr'><strong>nostris.</strong></span> <span class='ocrx_word' id='word_1_542' title='bbox 719 3846 874 3902; x_wconf 92' lang='lat' dir='ltr'><strong>Unde</strong></span> <span class='ocrx_word' id='word_1_543' title='bbox 903 3854 957 3901; x_wconf 89' lang='lat' dir='ltr'><strong>et</strong></span> <span class='ocrx_word' id='word_1_544' title='bbox 997 3847 1055 3901; x_wconf 86' lang='lat' dir='ltr'><strong>in</strong></span> <span class='ocrx_word' id='word_1_545' title='bbox 1095 3847 1346 3901; x_wconf 86' lang='lat' dir='ltr'><strong>manibus</strong></span> <span class='ocrx_word' id='word_1_546' title='bbox 1378 3846 1766 3916; x_wconf 87' lang='lat' dir='ltr'><strong>prophetarum</strong></span> 
     </span>
    </p>
   </div>
   <div class='ocr_carea' id='block_1_71' title="bbox 177 3934 1763 4006">
    <p class='ocr_par' dir='ltr' id='par_1_71' title="bbox 177 3934 1763 4006">
     <span class='ocr_line' id='line_1_71' title="bbox 177 3934 1763 4006; baseline -0.002 -15"><span class='ocrx_word' id='word_1_547' title='bbox 177 3934 544 3994; x_wconf 79' lang='lat' dir='ltr'><strong>assimilatum</strong></span> <span class='ocrx_word' id='word_1_548' title='bbox 582 3951 644 3992; x_wconf 87' lang='lat' dir='ltr'><strong>se</strong></span> <span class='ocrx_word' id='word_1_549' title='bbox 680 3949 803 3990; x_wconf 85' lang='lat' dir='ltr'><strong>esse</strong></span> <span class='ocrx_word' id='word_1_550' title='bbox 834 3935 992 3990; x_wconf 80' lang='lat' dir='ltr'><strong>dicit.</strong></span> <span class='ocrx_word' id='word_1_551' title='bbox 1027 3935 1097 3988; x_wconf 85' lang='lat' dir='ltr'><strong>Et</strong></span> <span class='ocrx_word' id='word_1_552' title='bbox 1131 3935 1325 3990; x_wconf 88' lang='lat' dir='ltr'><strong>crebro</strong></span> <span class='ocrx_word' id='word_1_553' title='bbox 1366 3935 1422 3989; x_wconf 92' lang='lat' dir='ltr'><strong>in</strong></span> <span class='ocrx_word' id='word_1_554' title='bbox 1455 3951 1619 3990; x_wconf 84' lang='lat' dir='ltr'><strong>manu</strong></span> <span class='ocrx_word' id='word_1_555' title='bbox 1653 3934 1763 4006; x_wconf 79' lang='lat' dir='ltr'><strong>Ag-</strong></span> 
     </span>
    </p>
   </div>
   <div class='ocr_carea' id='block_1_72' title="bbox 167 4025 1770 4097">
    <p class='ocr_par' dir='ltr' id='par_1_72' title="bbox 167 4025 1770 4097">
     <span class='ocr_line' id='line_1_72' title="bbox 167 4025 1770 4097; baseline 0.002 -16"><span class='ocrx_word' id='word_1_556' title='bbox 167 4027 288 4095; x_wconf 26' lang='lat' dir='ltr'><strong>,gmi</strong></span> <span class='ocrx_word' id='word_1_557' title='bbox 331 4027 447 4083; x_wconf 82' lang='lat' dir='ltr'><strong>sive</strong></span> <span class='ocrx_word' id='word_1_558' title='bbox 487 4025 737 4082; x_wconf 68' lang='lat' dir='ltr'><strong>Jeremias</strong></span> <span class='ocrx_word' id='word_1_559' title='bbox 769 4036 830 4082; x_wconf 87' lang='lat' dir='ltr'><strong>et</strong></span> <span class='ocrx_word' id='word_1_560' title='bbox 873 4026 1210 4095; x_wconf 87' lang='lat' dir='ltr'><strong>reliquorum</strong></span> <span class='ocrx_word' id='word_1_561' title='bbox 1236 4026 1382 4097; x_wconf 72' lang='lat' dir='ltr'><strong>(Ore.</strong></span> <span class='ocrx_word' id='word_1_562' title='bbox 1430 4029 1529 4096; x_wconf 74' lang='grc' dir='ltr'><strong>ιιι)</strong></span> <span class='ocrx_word' id='word_1_563' title='bbox 1563 4028 1770 4084; x_wconf 80' lang='lat' dir='ltr'><strong>factum</strong></span> 
     </span>
    </p>
   </div>
   <div class='ocr_carea' id='block_1_73' title="bbox 181 4117 1772 4191">
    <p class='ocr_par' dir='ltr' id='par_1_73' title="bbox 181 4117 1772 4191">
     <span class='ocr_line' id='line_1_73' title="bbox 181 4117 1772 4191; baseline -0.001 -15"><span class='ocrx_word' id='word_1_564' title='bbox 181 4135 496 4178; x_wconf 80' lang='lat' dir='ltr'><strong>sermonem</strong></span> <span class='ocrx_word' id='word_1_565' title='bbox 523 4119 771 4188; x_wconf 81' lang='lat' dir='ltr'><strong>legimus.</strong></span> <span class='ocrx_word' id='word_1_566' title='bbox 820 4119 880 4173; x_wconf 88' lang='lat' dir='ltr'><strong>In</strong></span> <span class='ocrx_word' id='word_1_567' title='bbox 910 4117 1010 4173; x_wconf 89' lang='lat' dir='ltr'><strong>Job</strong></span> <span class='ocrx_word' id='word_1_568' title='bbox 1040 4133 1254 4188; x_wconf 89' lang='lat' dir='ltr'><strong>quoque</strong></span> <span class='ocrx_word' id='word_1_569' title='bbox 1275 4119 1421 4189; x_wconf 82' lang='lat' dir='ltr'><strong>(Job.</strong></span> <span class='ocrx_word' id='word_1_570' title='bbox 1464 4120 1557 4191; x_wconf 74' lang='lat' dir='ltr'><strong>xx.)</strong></span> <span class='ocrx_word' id='word_1_571' title='bbox 1585 4122 1772 4175; x_wconf 82' lang='lat' dir='ltr'><strong>draco-</strong></span> 
     </span>
    </p>
   </div>
   <div class='ocr_carea' id='block_1_74' title="bbox 182 4209 1772 4282">
    <p class='ocr_par' dir='ltr' id='par_1_74' title="bbox 182 4209 1772 4282">
     <span class='ocr_line' id='line_1_74' title="bbox 182 4209 1772 4282; baseline 0.001 -14"><span class='ocrx_word' id='word_1_572' title='bbox 182 4210 275 4268; x_wconf 90' lang='lat' dir='ltr'><strong>nis</strong></span> <span class='ocrx_word' id='word_1_573' title='bbox 293 4209 508 4264; x_wconf 33' lang='lat' dir='ltr'><strong>.labium.</strong></span> <span class='ocrx_word' id='word_1_574' title='bbox 535 4209 837 4279; x_wconf 78' lang='lat' dir='ltr'><strong>perforatur</strong></span> <span class='ocrx_word' id='word_1_575' title='bbox 866 4209 1096 4277; x_wconf 88' lang='lat' dir='ltr'><strong>armilla,</strong></span> <span class='ocrx_word' id='word_1_576' title='bbox 1136 4226 1432 4280; x_wconf 84' lang='lat' dir='ltr'><strong>omnesque</strong></span> <span class='ocrx_word' id='word_1_577' title='bbox 1469 4211 1586 4282; x_wconf 85' lang='lat' dir='ltr'><strong>ejus</strong></span> <span class='ocrx_word' id='word_1_578' title='bbox 1609 4225 1772 4270; x_wconf 81' lang='lat' dir='ltr'><strong>vene-</strong></span> 
     </span>
    </p>
   </div>
   <div class='ocr_carea' id='block_1_75' title="bbox 187 4291 1774 4372">
    <p class='ocr_par' dir='ltr' id='par_1_75' title="bbox 187 4291 1774 4372">
     <span class='ocr_line' id='line_1_75' title="bbox 187 4291 1774 4372; baseline 0 -16"><span class='ocrx_word' id='word_1_579' title='bbox 187 4298 309 4356; x_wconf 72' lang='lat' dir='ltr'><strong>nati</strong></span> <span class='ocrx_word' id='word_1_580' title='bbox 345 4299 512 4365; x_wconf 81' lang='lat' dir='ltr'><strong>sibili,</strong></span> <span class='ocrx_word' id='word_1_581' title='bbox 538 4291 740 4370; x_wconf 82' lang='lat' dir='ltr'><strong>quiin</strong></span> <span class='ocrx_word' id='word_1_582' title='bbox 781 4301 1052 4371; x_wconf 80' lang='lat' dir='ltr'><strong>perversis</strong></span> <span class='ocrx_word' id='word_1_583' title='bbox 1101 4300 1474 4372; x_wconf 85' lang='lat' dir='ltr'><strong>intelliguntur</strong></span> <span class='ocrx_word' id='word_1_584' title='bbox 1517 4301 1774 4372; x_wconf 81' lang='lat' dir='ltr'><strong>dogmati-</strong></span> 
     </span>
    </p>
   </div>
   <div class='ocr_carea' id='block_1_76' title="bbox 182 4391 1488 4462">
    <p class='ocr_par' dir='ltr' id='par_1_76' title="bbox 182 4391 1488 4462">
     <span class='ocr_line' id='line_1_76' title="bbox 182 4391 1488 4462; baseline 0.001 -13"><span class='ocrx_word' id='word_1_585' title='bbox 182 4393 312 4458; x_wconf 81' lang='lat' dir='ltr'><strong>bus,</strong></span> <span class='ocrx_word' id='word_1_586' title='bbox 342 4391 606 4446; x_wconf 77' lang='lat' dir='ltr'><strong>bonorum</strong></span> <span class='ocrx_word' id='word_1_587' title='bbox 642 4405 868 4462; x_wconf 87' lang='lat' dir='ltr'><strong>operum</strong></span> <span class='ocrx_word' id='word_1_588' title='bbox 891 4391 1096 4447; x_wconf 91' lang='lat' dir='ltr'><strong>circulo</strong></span> <span class='ocrx_word' id='word_1_589' title='bbox 1123 4391 1488 4462; x_wconf 68' lang='lat' dir='ltr'><strong>perimantur.</strong></span> 
     </span>
    </p>
   </div>
   <div class='ocr_carea' id='block_1_77' title="bbox 267 4482 1775 4554">
    <p class='ocr_par' dir='ltr' id='par_1_77' title="bbox 267 4482 1775 4554">
     <span class='ocr_line' id='line_1_77' title="bbox 267 4482 1775 4554; baseline 0.005 -18"><span class='ocrx_word' id='word_1_590' title='bbox 267 4497 288 4536; x_wconf 71' lang='grc' dir='ltr'><strong>ι</strong></span> <span class='ocrx_word' id='word_1_591' title='bbox 322 4482 393 4538; x_wconf 83' lang='grc' dir='ltr'><strong>Ει</strong></span> <span class='ocrx_word' id='word_1_592' title='bbox 413 4483 850 4554; x_wconf 80' lang='lat' dir='ltr'><strong>torquem,circa</strong></span> <span class='ocrx_word' id='word_1_593' title='bbox 869 4484 1069 4540; x_wconf 87' lang='lat' dir='ltr'><strong>collum</strong></span> <span class='ocrx_word' id='word_1_594' title='bbox 1091 4493 1264 4540; x_wconf 90' lang='lat' dir='ltr'><strong>tuum.</strong></span> <span class='ocrx_word' id='word_1_595' title='bbox 1299 4504 1320 4538; x_wconf 73' lang='grc' dir='ltr'><strong>ι</strong></span> <span class='ocrx_word' id='word_1_596' title='bbox 1351 4484 1459 4542; x_wconf 87' lang='lat' dir='ltr'><strong>Sed</strong></span> <span class='ocrx_word' id='word_1_597' title='bbox 1484 4487 1615 4542; x_wconf 89' lang='lat' dir='ltr'><strong>etin</strong></span> <span class='ocrx_word' id='word_1_598' title='bbox 1636 4487 1775 4543; x_wconf 86' lang='lat' dir='ltr'><strong>Isaia</strong></span> 
     </span>
    </p>
   </div>
   <div class='ocr_carea' id='block_1_78' title="bbox 1865 3283 3446 3363">
    <p class='ocr_par' dir='ltr' id='par_1_78' title="bbox 1865 3283 3446 3363">
     <span class='ocr_line' id='line_1_78' title="bbox 1865 3283 3446 3363; baseline -0.004 -16"><span class='ocrx_word' id='word_1_599' title='bbox 1865 3303 1956 3348; x_wconf 87' lang='lat' dir='ltr'><strong>tur</strong></span> <span class='ocrx_word' id='word_1_600' title='bbox 2000 3306 2170 3363; x_wconf 87' lang='lat' dir='ltr'><strong>super</strong></span> <span class='ocrx_word' id='word_1_601' title='bbox 2189 3299 2415 3356; x_wconf 82' lang='lat' dir='ltr'><strong>terram,</strong></span> <span class='ocrx_word' id='word_1_602' title='bbox 2451 3309 2469 3342; x_wconf 74' lang='grc' dir='ltr'><strong>ι</strong></span> <span class='ocrx_word' id='word_1_603' title='bbox 2503 3304 2608 3346; x_wconf 82' lang='lat' dir='ltr'><strong>vox</strong></span> <span class='ocrx_word' id='word_1_604' title='bbox 2635 3290 2863 3346; x_wconf 89' lang='lat' dir='ltr'><strong>tonitrui</strong></span> <span class='ocrx_word' id='word_1_605' title='bbox 2914 3288 3126 3343; x_wconf 90' lang='lat' dir='ltr'><strong>Domini</strong></span> <span class='ocrx_word' id='word_1_606' title='bbox 3162 3283 3226 3343; x_wconf 59' lang='lat' dir='ltr'><strong>ct&#39;</strong></span> <span class='ocrx_word' id='word_1_607' title='bbox 3266 3287 3446 3343; x_wconf 52' lang='lat' dir='ltr'><strong>excels</strong></span> 
     </span>
    </p>
   </div>
   <div class='ocr_carea' id='block_1_79' title="bbox 1863 3380 3442 3457">
    <p class='ocr_par' dir='ltr' id='par_1_79' title="bbox 1863 3380 3442 3457">
     <span class='ocr_line' id='line_1_79' title="bbox 1863 3380 3442 3457; baseline -0.004 -14"><span class='ocrx_word' id='word_1_608' title='bbox 1863 3403 2046 3445; x_wconf 83' lang='lat' dir='ltr'><strong>surum</strong></span> <span class='ocrx_word' id='word_1_609' title='bbox 2083 3385 2410 3457; x_wconf 68' lang='lat' dir='ltr'><strong>dogmatum-</strong></span> <span class='ocrx_word' id='word_1_610' title='bbox 2451 3394 2727 3456; x_wconf 90' lang='lat' dir='ltr'><strong>personat.</strong></span> <span class='ocrx_word' id='word_1_611' title='bbox 2790 3384 2893 3448; x_wconf 78' lang='lat' dir='ltr'><strong>Qui</strong></span> <span class='ocrx_word' id='word_1_612' title='bbox 2943 3393 3124 3438; x_wconf 88' lang='lat' dir='ltr'><strong>autem</strong></span> <span class='ocrx_word' id='word_1_613' title='bbox 3163 3380 3442 3437; x_wconf 86' lang='lat' dir='ltr'><strong>erroribus</strong></span> 
     </span>
    </p>
   </div>
   <div class='ocr_carea' id='block_1_80' title="bbox 1864 3471 3442 3544">
    <p class='ocr_par' dir='ltr' id='par_1_80' title="bbox 1864 3471 3442 3544">
     <span class='ocr_line' id='line_1_80' title="bbox 1864 3471 3442 3544; baseline -0.009 -6"><span class='ocrx_word' id='word_1_614' title='bbox 1864 3483 2132 3538; x_wconf 89' lang='lat' dir='ltr'><strong>ducuntur</strong></span> <span class='ocrx_word' id='word_1_615' title='bbox 2171 3479 2446 3544; x_wconf 87' lang='lat' dir='ltr'><strong>humanis,</strong></span> <span class='ocrx_word' id='word_1_616' title='bbox 2486 3487 2541 3533; x_wconf 89' lang='lat' dir='ltr'><strong>et</strong></span> <span class='ocrx_word' id='word_1_617' title='bbox 2584 3491 2692 3533; x_wconf 89' lang='lat' dir='ltr'><strong>non</strong></span> <span class='ocrx_word' id='word_1_618' title='bbox 2738 3474 3158 3538; x_wconf 85' lang='lat' dir='ltr'><strong>_babent.solida</strong></span> <span class='ocrx_word' id='word_1_619' title='bbox 3193 3471 3442 3541; x_wconf 87' lang='lat' dir='ltr'><strong>vestigia,</strong></span> 
     </span>
    </p>
   </div>
   <div class='ocr_carea' id='block_1_81' title="bbox 1868 3561 3445 3634">
    <p class='ocr_par' dir='ltr' id='par_1_81' title="bbox 1868 3561 3445 3634">
     <span class='ocr_line' id='line_1_81' title="bbox 1868 3561 3445 3634; baseline -0.004 -10"><span class='ocrx_word' id='word_1_620' title='bbox 1868 3575 2013 3628; x_wconf 70' lang='lat' dir='ltr'><strong>rscd</strong></span> <span class='ocrx_word' id='word_1_621' title='bbox 2049 3570 2512 3626; x_wconf 82' lang='lat' dir='ltr'><strong>circumferuntur</strong></span> <span class='ocrx_word' id='word_1_622' title='bbox 2553 3569 2699 3624; x_wconf 91' lang='lat' dir='ltr'><strong>omni</strong></span> <span class='ocrx_word' id='word_1_623' title='bbox 2742 3576 2904 3626; x_wconf 87' lang='lat' dir='ltr'><strong>vento</strong></span> <span class='ocrx_word' id='word_1_624' title='bbox 2943 3565 3204 3626; x_wconf 66' lang='lat' dir='ltr'><strong>doctrinae</strong></span> <span class='ocrx_word' id='word_1_625' title='bbox 3228 3561 3445 3634; x_wconf 79' lang='lat' dir='ltr'><strong>(Ephes:</strong></span> 
     </span>
    </p>
   </div>
   <div class='ocr_carea' id='block_1_82' title="bbox 1867 3656 3452 3737">
    <p class='ocr_par' dir='ltr' id='par_1_82' title="bbox 1867 3656 3452 3737">
     <span class='ocr_line' id='line_1_82' title="bbox 1867 3656 3452 3737; baseline -0.006 -17"><span class='ocrx_word' id='word_1_626' title='bbox 1867 3666 1953 3737; x_wconf 83' lang='lat' dir='ltr'><strong>ll)‘,</strong></span> <span class='ocrx_word' id='word_1_627' title='bbox 1983 3685 2002 3716; x_wconf 79' lang='grc' dir='ltr'><strong>ι</strong></span> <span class='ocrx_word' id='word_1_628' title='bbox 2035 3673 2091 3720; x_wconf 91' lang='lat' dir='ltr'><strong>et</strong></span> <span class='ocrx_word' id='word_1_629' title='bbox 2123 3665 2283 3735; x_wconf 83' lang='lat' dir='ltr'><strong>ejecti</strong></span> <span class='ocrx_word' id='word_1_630' title='bbox 2321 3665 2394 3718; x_wconf 87' lang='lat' dir='ltr'><strong>de</strong></span> <span class='ocrx_word' id='word_1_631' title='bbox 2417 3662 2673 3732; x_wconf 85' lang='lat' dir='ltr'><strong>paradiso</strong></span> <span class='ocrx_word' id='word_1_632' title='bbox 2698 3659 2970 3715; x_wconf 82' lang='lat' dir='ltr'><strong>ﬁrmitatis</strong></span> <span class='ocrx_word' id='word_1_633' title='bbox 2999 3657 3243 3712; x_wconf 89' lang='lat' dir='ltr'><strong>habitant</strong></span> <span class='ocrx_word' id='word_1_634' title='bbox 3280 3656 3334 3709; x_wconf 88' lang='lat' dir='ltr'><strong>in</strong></span> <span class='ocrx_word' id='word_1_635' title='bbox 3363 3667 3452 3710; x_wconf 87' lang='lat' dir='ltr'><strong>re-</strong></span> 
     </span>
    </p>
   </div>
   <div class='ocr_carea' id='block_1_83' title="bbox 1867 3745 3451 3828">
    <p class='ocr_par' dir='ltr' id='par_1_83' title="bbox 1867 3745 3451 3828">
     <span class='ocr_line' id='line_1_83' title="bbox 1867 3745 3451 3828; baseline -0.008 -17"><span class='ocrx_word' id='word_1_636' title='bbox 1867 3758 2028 3828; x_wconf 85' lang='lat' dir='ltr'><strong>gione</strong></span> <span class='ocrx_word' id='word_1_637' title='bbox 2057 3754 2236 3810; x_wconf 79' lang='lat' dir='ltr'><strong>Naid:</strong></span> <span class='ocrx_word' id='word_1_638' title='bbox 2271 3769 2390 3823; x_wconf 72' lang='lat' dir='ltr'><strong>qua:</strong></span> <span class='ocrx_word' id='word_1_639' title='bbox 2427 3754 2822 3823; x_wconf 77' lang='lat' dir='ltr'><strong>interpretatur</strong></span> <span class='ocrx_word' id='word_1_640' title='bbox 2841 3749 3145 3813; x_wconf 69' lang='lat' dir='ltr'><strong>ﬂuctuatio,</strong></span> <span class='ocrx_word' id='word_1_641' title='bbox 3168 3745 3451 3801; x_wconf 84' lang='lat' dir='ltr'><strong>merentur</strong></span> 
     </span>
    </p>
   </div>
   <div class='ocr_carea' id='block_1_84' title="bbox 1867 3838 3456 3920">
    <p class='ocr_par' dir='ltr' id='par_1_84' title="bbox 1867 3838 3456 3920">
     <span class='ocr_line' id='line_1_84' title="bbox 1867 3838 3456 3920; baseline -0.006 -17"><span class='ocrx_word' id='word_1_642' title='bbox 1867 3849 2065 3920; x_wconf 78' lang='lat' dir='ltr'><strong>linguae</strong></span> <span class='ocrx_word' id='word_1_643' title='bbox 2109 3845 2393 3901; x_wconf 89' lang='lat' dir='ltr'><strong>mendacis</strong></span> <span class='ocrx_word' id='word_1_644' title='bbox 2428 3845 2572 3901; x_wconf 80' lang='lat' dir='ltr'><strong>ferre</strong></span> <span class='ocrx_word' id='word_1_645' title='bbox 2609 3843 2952 3909; x_wconf 90' lang='lat' dir='ltr'><strong>sententiam,</strong></span> <span class='ocrx_word' id='word_1_646' title='bbox 2995 3856 3114 3912; x_wconf 84' lang='lat' dir='ltr'><strong>quae</strong></span> <span class='ocrx_word' id='word_1_647' title='bbox 3151 3838 3456 3895; x_wconf 82' lang='lat' dir='ltr'><strong>inﬂammat</strong></span> 
     </span>
    </p>
   </div>
   <div class='ocr_carea' id='block_1_85' title="bbox 1870 3939 3352 3996">
    <p class='ocr_par' dir='ltr' id='par_1_85' title="bbox 1870 3939 3352 3996">
     <span class='ocr_line' id='line_1_85' title="bbox 1870 3939 3352 3996; baseline -0.007 -1"><span class='ocrx_word' id='word_1_648' title='bbox 1870 3949 2045 3996; x_wconf 87' lang='lat' dir='ltr'><strong>rotam</strong></span> <span class='ocrx_word' id='word_1_649' title='bbox 2077 3939 2380 3994; x_wconf 86' lang='lat' dir='ltr'><strong>nativitatis</strong></span> <span class='ocrx_word' id='word_1_650' title='bbox 2407 3946 2627 3992; x_wconf 65' lang='lat' dir='ltr'><strong>nostrae.</strong></span> <span class='ocrx_word' id='word_1_651' title='bbox 3277 3945 3280 3948; x_wconf 72' lang='lat'><strong><em>&#39;</em></strong></span> <span class='ocrx_word' id='word_1_652' title='bbox 3348 3955 3352 3958; x_wconf 84' lang='lat'><strong>-</strong></span> 
     </span>
    </p>
   </div>
   <div class='ocr_carea' id='block_1_86' title="bbox 1948 4007 3496 4098">
    <p class='ocr_par' dir='ltr' id='par_1_86' title="bbox 1948 4007 3496 4098">
     <span class='ocr_line' id='line_1_86' title="bbox 1948 4007 3496 4098; baseline -0.004 -14"><span class='ocrx_word' id='word_1_653' title='bbox 1948 4052 1970 4084; x_wconf 84' lang='grc'><em>‹</em></span> <span class='ocrx_word' id='word_1_654' title='bbox 2000 4032 2067 4086; x_wconf 87' lang='lat' dir='ltr'><strong>Et</strong></span> <span class='ocrx_word' id='word_1_655' title='bbox 2096 4045 2358 4086; x_wconf 87' lang='lat' dir='ltr'><strong>coronam</strong></span> <span class='ocrx_word' id='word_1_656' title='bbox 2383 4029 2594 4084; x_wconf 87' lang='lat' dir='ltr'><strong>decoris</strong></span> <span class='ocrx_word' id='word_1_657' title='bbox 2623 4028 2679 4082; x_wconf 88' lang='lat' dir='ltr'><strong>in</strong></span> <span class='ocrx_word' id='word_1_658' title='bbox 2720 4028 2896 4098; x_wconf 89' lang='lat' dir='ltr'><strong>capite</strong></span> <span class='ocrx_word' id='word_1_659' title='bbox 2928 4033 3042 4081; x_wconf 86' lang='lat' dir='ltr'><strong>tuo.</strong></span> <span class='ocrx_word' id='word_1_660' title='bbox 3072 4043 3090 4078; x_wconf 71' lang='grc' dir='ltr'><strong>ι</strong></span> <span class='ocrx_word' id='word_1_661' title='bbox 3123 4025 3454 4087; x_wconf 86' lang='lat' dir='ltr'><strong>Ornamenta</strong></span> <span class='ocrx_word' id='word_1_662' title='bbox 3486 4007 3496 4016; x_wconf 74' lang='grc'><strong>’</strong></span> 
     </span>
    </p>
   </div>
   <div class='ocr_carea' id='block_1_87' title="bbox 1873 4117 3455 4189">
    <p class='ocr_par' dir='ltr' id='par_1_87' title="bbox 1873 4117 3455 4189">
     <span class='ocr_line' id='line_1_87' title="bbox 1873 4117 3455 4189; baseline -0.006 -10"><span class='ocrx_word' id='word_1_663' title='bbox 1873 4132 2071 4179; x_wconf 77' lang='lat' dir='ltr'><strong>caetera</strong></span> <span class='ocrx_word' id='word_1_664' title='bbox 2100 4123 2469 4177; x_wconf 87' lang='lat' dir='ltr'><strong>membrorum</strong></span> <span class='ocrx_word' id='word_1_665' title='bbox 2507 4129 2633 4174; x_wconf 91' lang='lat' dir='ltr'><strong>sunt</strong></span> <span class='ocrx_word' id='word_1_666' title='bbox 2662 4119 3016 4189; x_wconf 81' lang='lat' dir='ltr'><strong>singulorum.</strong></span> <span class='ocrx_word' id='word_1_667' title='bbox 3048 4117 3251 4187; x_wconf 87' lang='lat' dir='ltr'><strong>Capitis</strong></span> <span class='ocrx_word' id='word_1_668' title='bbox 3294 4121 3455 4169; x_wconf 85' lang='lat' dir='ltr'><strong>orna-</strong></span> 
     </span>
    </p>
   </div>
   <div class='ocr_carea' id='block_1_88' title="bbox 1874 4208 3458 4282">
    <p class='ocr_par' dir='ltr' id='par_1_88' title="bbox 1874 4208 3458 4282">
     <span class='ocr_line' id='line_1_88' title="bbox 1874 4208 3458 4282; baseline -0.003 -15"><span class='ocrx_word' id='word_1_669' title='bbox 1874 4223 1982 4279; x_wconf 87' lang='lat' dir='ltr'><strong>tus,</strong></span> <span class='ocrx_word' id='word_1_670' title='bbox 2019 4215 2182 4267; x_wconf 89' lang='lat' dir='ltr'><strong>totius</strong></span> <span class='ocrx_word' id='word_1_671' title='bbox 2207 4213 2454 4281; x_wconf 87' lang='lat' dir='ltr'><strong>corporis</strong></span> <span class='ocrx_word' id='word_1_672' title='bbox 2474 4211 2709 4282; x_wconf 83' lang='lat' dir='ltr'><strong>dignitas</strong></span> <span class='ocrx_word' id='word_1_673' title='bbox 2731 4219 2831 4265; x_wconf 89' lang='lat' dir='ltr'><strong>est.</strong></span> <span class='ocrx_word' id='word_1_674' title='bbox 2863 4208 3130 4264; x_wconf 87' lang='lat' dir='ltr'><strong>Coronam</strong></span> <span class='ocrx_word' id='word_1_675' title='bbox 3162 4217 3342 4264; x_wconf 88' lang='lat' dir='ltr'><strong>autem</strong></span> <span class='ocrx_word' id='word_1_676' title='bbox 3365 4221 3458 4263; x_wconf 77' lang='lat' dir='ltr'><strong>vo-</strong></span> 
     </span>
    </p>
   </div>
   <div class='ocr_carea' id='block_1_89' title="bbox 1875 4301 3460 4374">
    <p class='ocr_par' dir='ltr' id='par_1_89' title="bbox 1875 4301 3460 4374">
     <span class='ocr_line' id='line_1_89' title="bbox 1875 4301 3460 4374; baseline -0.003 -13"><span class='ocrx_word' id='word_1_677' title='bbox 1875 4305 1967 4361; x_wconf 85' lang='lat' dir='ltr'><strong>c&#39;at</strong></span> <span class='ocrx_word' id='word_1_678' title='bbox 1997 4304 2242 4361; x_wconf 86' lang='lat' dir='ltr'><strong>diadema</strong></span> <span class='ocrx_word' id='word_1_679' title='bbox 2284 4304 2632 4368; x_wconf 75' lang='lat' dir='ltr'><strong>feminarum,</strong></span> <span class='ocrx_word' id='word_1_680' title='bbox 2661 4315 2768 4372; x_wconf 91' lang='lat' dir='ltr'><strong>quo</strong></span> <span class='ocrx_word' id='word_1_681' title='bbox 2805 4301 3126 4372; x_wconf 88' lang='lat' dir='ltr'><strong>capillorum</strong></span> <span class='ocrx_word' id='word_1_682' title='bbox 3174 4301 3460 4374; x_wconf 76' lang='lat' dir='ltr'><strong>stringitur</strong></span> 
     </span>
    </p>
   </div>
   <div class='ocr_carea' id='block_1_90' title="bbox 1877 4393 3457 4464">
    <p class='ocr_par' dir='ltr' id='par_1_90' title="bbox 1877 4393 3457 4464">
     <span class='ocr_line' id='line_1_90' title="bbox 1877 4393 3457 4464; baseline -0.004 -10"><span class='ocrx_word' id='word_1_683' title='bbox 1877 4407 1933 4455; x_wconf 86' lang='lat' dir='ltr'><strong>et</strong></span> <span class='ocrx_word' id='word_1_684' title='bbox 1956 4407 2185 4454; x_wconf 90' lang='lat' dir='ltr'><strong>ornatur</strong></span> <span class='ocrx_word' id='word_1_685' title='bbox 2205 4395 2448 4452; x_wconf 90' lang='lat' dir='ltr'><strong>ambitio.</strong></span> <span class='ocrx_word' id='word_1_686' title='bbox 2479 4394 2538 4450; x_wconf 87' lang='lat' dir='ltr'><strong>Si</strong></span> <span class='ocrx_word' id='word_1_687' title='bbox 2565 4393 2981 4450; x_wconf 89' lang='lat' dir='ltr'><strong>volumus-scire</strong></span> <span class='ocrx_word' id='word_1_688' title='bbox 3003 4408 3121 4464; x_wconf 65' lang='lat' dir='ltr'><strong>quae</strong></span> <span class='ocrx_word' id='word_1_689' title='bbox 3147 4394 3218 4450; x_wconf 91' lang='lat' dir='ltr'><strong>sit</strong></span> <span class='ocrx_word' id='word_1_690' title='bbox 3254 4407 3457 4449; x_wconf 90' lang='lat' dir='ltr'><strong>corona</strong></span> 
     </span>
    </p>
   </div>
   <div class='ocr_carea' id='block_1_91' title="bbox 1883 4485 3458 4559">
    <p class='ocr_par' dir='ltr' id='par_1_91' title="bbox 1883 4485 3458 4559">
     <span class='ocr_line' id='line_1_91' title="bbox 1883 4485 3458 4559; baseline -0.004 -13"><span class='ocrx_word' id='word_1_691' title='bbox 1883 4490 2094 4546; x_wconf 87' lang='lat' dir='ltr'><strong>decoris</strong></span> <span class='ocrx_word' id='word_1_692' title='bbox 2123 4490 2176 4543; x_wconf 90' lang='lat' dir='ltr'><strong>in</strong></span> <span class='ocrx_word' id='word_1_693' title='bbox 2210 4489 2385 4559; x_wconf 88' lang='lat' dir='ltr'><strong>capite</strong></span> <span class='ocrx_word' id='word_1_694' title='bbox 2419 4486 2747 4550; x_wconf 89' lang='lat' dir='ltr'><strong>Jerusalem,</strong></span> <span class='ocrx_word' id='word_1_695' title='bbox 2793 4486 3134 4543; x_wconf 89' lang='lat' dir='ltr'><strong>revolvamus</strong></span> <span class='ocrx_word' id='word_1_696' title='bbox 3188 4485 3458 4553; x_wconf 81' lang='lat' dir='ltr'><strong>Exodum,</strong></span> 
     </span>
    </p>
   </div>
   <div class='ocr_carea' id='block_1_92' title="bbox 185 4570 3460 4650">
    <p class='ocr_par' dir='ltr' id='par_1_92' title="bbox 185 4570 3460 4650">
     <span class='ocr_line' id='line_1_92' title="bbox 185 4570 3460 4650; baseline -0 -18"><span class='ocrx_word' id='word_1_697' title='bbox 185 4573 453 4645; x_wconf 72' lang='lat' dir='ltr'><strong>scriptum</strong></span> <span class='ocrx_word' id='word_1_698' title='bbox 479 4581 564 4630; x_wconf 89' lang='lat' dir='ltr'><strong>est</strong></span> <span class='ocrx_word' id='word_1_699' title='bbox 583 4591 602 4628; x_wconf 86' lang='lat'><strong>:</strong></span> <span class='ocrx_word' id='word_1_700' title='bbox 640 4592 660 4626; x_wconf 75' lang='grc' dir='ltr'><strong>ι</strong></span> <span class='ocrx_word' id='word_1_701' title='bbox 679 4574 910 4631; x_wconf 65' lang='lat' dir='ltr'><strong>Auferet</strong></span> <span class='ocrx_word' id='word_1_702' title='bbox 932 4575 1194 4632; x_wconf 89' lang='lat' dir='ltr'><strong>Dominus</strong></span> <span class='ocrx_word' id='word_1_703' title='bbox 1220 4577 1445 4648; x_wconf 76' lang='lat' dir='ltr'><strong>gloriam</strong></span> <span class='ocrx_word' id='word_1_704' title='bbox 1467 4581 1775 4636; x_wconf 85' lang='lat' dir='ltr'><strong>vestimenti</strong></span> <span class='ocrx_word' id='word_1_705' title='bbox 1799 4570 1852 4630; x_wconf 87' lang='lat' dir='ltr'><strong>D</strong></span> <span class='ocrx_word' id='word_1_706' title='bbox 1879 4583 1935 4636; x_wconf 91' lang='lat' dir='ltr'><strong>in</strong></span> <span class='ocrx_word' id='word_1_707' title='bbox 1963 4595 2071 4650; x_wconf 89' lang='lat' dir='ltr'><strong>quo</strong></span> <span class='ocrx_word' id='word_1_708' title='bbox 2100 4577 2360 4648; x_wconf 90' lang='lat' dir='ltr'><strong>scriptum</strong></span> <span class='ocrx_word' id='word_1_709' title='bbox 2391 4585 2475 4633; x_wconf 90' lang='lat' dir='ltr'><strong>est</strong></span> <span class='ocrx_word' id='word_1_710' title='bbox 2499 4597 2510 4631; x_wconf 90' lang='lat'><strong><em>:</em></strong></span> <span class='ocrx_word' id='word_1_711' title='bbox 2545 4595 2563 4628; x_wconf 73' lang='grc' dir='ltr'><strong>ι</strong></span> <span class='ocrx_word' id='word_1_712' title='bbox 2590 4578 2658 4632; x_wconf 87' lang='lat' dir='ltr'><strong>Et</strong></span> <span class='ocrx_word' id='word_1_713' title='bbox 2691 4577 2820 4632; x_wconf 75' lang='lat' dir='ltr'><strong>fecit</strong></span> <span class='ocrx_word' id='word_1_714' title='bbox 2845 4577 3102 4632; x_wconf 90' lang='lat' dir='ltr'><strong>laminam</strong></span> <span class='ocrx_word' id='word_1_715' title='bbox 3133 4591 3378 4642; x_wconf 86' lang='lat' dir='ltr'><strong>auream,</strong></span> <span class='ocrx_word' id='word_1_716' title='bbox 3403 4585 3460 4631; x_wconf 89' lang='lat' dir='ltr'><strong>et</strong></span> 
     </span>
    </p>
   </div>
   <div class='ocr_carea' id='block_1_93' title="bbox 179 4665 1776 4734">
    <p class='ocr_par' dir='ltr' id='par_1_93' title="bbox 179 4665 1776 4734">
     <span class='ocr_line' id='line_1_93' title="bbox 179 4665 1776 4734; baseline 0.004 -12"><span class='ocrx_word' id='word_1_717' title='bbox 179 4675 401 4731; x_wconf 79' lang='lat' dir='ltr'><strong>.earum,</strong></span> <span class='ocrx_word' id='word_1_718' title='bbox 430 4674 486 4720; x_wconf 91' lang='lat' dir='ltr'><strong>et</strong></span> <span class='ocrx_word' id='word_1_719' title='bbox 507 4665 818 4721; x_wconf 85' lang='lat' dir='ltr'><strong>murenulas</strong></span> <span class='ocrx_word' id='word_1_720' title='bbox 849 4676 908 4722; x_wconf 91' lang='lat' dir='ltr'><strong>et</strong></span> <span class='ocrx_word' id='word_1_721' title='bbox 943 4671 1227 4734; x_wconf 86' lang='lat' dir='ltr'><strong>corymbos</strong></span> <span class='ocrx_word' id='word_1_722' title='bbox 1265 4671 1580 4728; x_wconf 82' lang='lat' dir='ltr'><strong>et‘circulos</strong></span> <span class='ocrx_word' id='word_1_723' title='bbox 1597 4682 1654 4728; x_wconf 90' lang='lat' dir='ltr'><strong>et</strong></span> <span class='ocrx_word' id='word_1_724' title='bbox 1683 4672 1776 4728; x_wconf 85' lang='lat' dir='ltr'><strong>ka-</strong></span> 
     </span>
    </p>
   </div>
   <div class='ocr_carea' id='block_1_94' title="bbox 191 4754 1772 4826">
    <p class='ocr_par' dir='ltr' id='par_1_94' title="bbox 191 4754 1772 4826">
     <span class='ocr_line' id='line_1_94' title="bbox 191 4754 1772 4826; baseline 0.005 -15"><span class='ocrx_word' id='word_1_725' title='bbox 191 4754 375 4812; x_wconf 85' lang='lat' dir='ltr'><strong>thema</strong></span> <span class='ocrx_word' id='word_1_726' title='bbox 400 4755 540 4825; x_wconf 84' lang='lat' dir='ltr'><strong>(Isa.</strong></span> <span class='ocrx_word' id='word_1_727' title='bbox 588 4754 698 4826; x_wconf 88' lang='grc' dir='ltr'><strong>ιιι).</strong></span> <span class='ocrx_word' id='word_1_728' title='bbox 733 4776 751 4808; x_wconf 71' lang='grc' dir='ltr'><strong>ι</strong></span> <span class='ocrx_word' id='word_1_729' title='bbox 781 4757 920 4812; x_wconf 91' lang='lat' dir='ltr'><strong>Puto</strong></span> <span class='ocrx_word' id='word_1_730' title='bbox 949 4767 1132 4813; x_wconf 91' lang='lat' dir='ltr'><strong>autem</strong></span> <span class='ocrx_word' id='word_1_731' title='bbox 1170 4757 1421 4815; x_wconf 79' lang='lat' dir='ltr'><strong>kathema</strong></span> <span class='ocrx_word' id='word_1_732' title='bbox 1459 4763 1527 4817; x_wconf 91' lang='lat' dir='ltr'><strong>ab</strong></span> <span class='ocrx_word' id='word_1_733' title='bbox 1571 4763 1651 4817; x_wconf 89' lang='lat' dir='ltr'><strong>eis</strong></span> <span class='ocrx_word' id='word_1_734' title='bbox 1688 4765 1772 4819; x_wconf 87' lang='lat' dir='ltr'><strong>di-</strong></span> 
     </span>
    </p>
   </div>
   <div class='ocr_carea' id='block_1_95' title="bbox 191 4849 1779 4921">
    <p class='ocr_par' dir='ltr' id='par_1_95' title="bbox 191 4849 1779 4921">
     <span class='ocr_line' id='line_1_95' title="bbox 191 4849 1779 4921; baseline 0.003 -16"><span class='ocrx_word' id='word_1_735' title='bbox 191 4855 344 4905; x_wconf 80' lang='lat' dir='ltr'><strong>ctum</strong></span> <span class='ocrx_word' id='word_1_736' title='bbox 379 4863 445 4904; x_wconf 80' lang='lat' dir='ltr'><strong>ex</strong></span> <span class='ocrx_word' id='word_1_737' title='bbox 472 4849 639 4904; x_wconf 89' lang='lat' dir='ltr'><strong>variis</strong></span> <span class='ocrx_word' id='word_1_738' title='bbox 664 4851 890 4918; x_wconf 87' lang='lat' dir='ltr'><strong>gemmis</strong></span> <span class='ocrx_word' id='word_1_739' title='bbox 937 4851 991 4906; x_wconf 89' lang='lat' dir='ltr'><strong>in</strong></span> <span class='ocrx_word' id='word_1_740' title='bbox 1033 4861 1222 4921; x_wconf 90' lang='lat' dir='ltr'><strong>pectus</strong></span> <span class='ocrx_word' id='word_1_741' title='bbox 1251 4853 1534 4908; x_wconf 91' lang='lat' dir='ltr'><strong>mulierum</strong></span> <span class='ocrx_word' id='word_1_742' title='bbox 1579 4857 1779 4911; x_wconf 87' lang='lat' dir='ltr'><strong>monile</strong></span> 
     </span>
    </p>
   </div>
   <div class='ocr_carea' id='block_1_96' title="bbox 193 4938 1783 5011">
    <p class='ocr_par' dir='ltr' id='par_1_96' title="bbox 193 4938 1783 5011">
     <span class='ocr_line' id='line_1_96' title="bbox 193 4938 1783 5011; baseline 0.004 -18"><span class='ocrx_word' id='word_1_743' title='bbox 193 4938 555 5005; x_wconf 75' lang='lat' dir='ltr'><strong>descendens,</strong></span> <span class='ocrx_word' id='word_1_744' title='bbox 588 4939 680 5009; x_wconf 79' lang='lat' dir='ltr'><strong>qui</strong></span> <span class='ocrx_word' id='word_1_745' title='bbox 715 4949 774 4993; x_wconf 78' lang='lat' dir='ltr'><strong>et</strong></span> <span class='ocrx_word' id='word_1_746' title='bbox 799 4940 916 5010; x_wconf 85' lang='lat' dir='ltr'><strong>ipse</strong></span> <span class='ocrx_word' id='word_1_747' title='bbox 951 4950 1175 4996; x_wconf 89' lang='lat' dir='ltr'><strong>ornatus</strong></span> <span class='ocrx_word' id='word_1_748' title='bbox 1205 4943 1605 5011; x_wconf 89' lang='lat' dir='ltr'><strong>pulcherrimus</strong></span> <span class='ocrx_word' id='word_1_749' title='bbox 1630 4944 1783 5000; x_wconf 81' lang='lat' dir='ltr'><strong>femi-</strong></span> 
     </span>
    </p>
   </div>
   <div class='ocr_carea' id='block_1_97' title="bbox 193 5031 1788 5104">
    <p class='ocr_par' dir='ltr' id='par_1_97' title="bbox 193 5031 1788 5104">
     <span class='ocr_line' id='line_1_97' title="bbox 193 5031 1788 5104; baseline 0.005 -20"><span class='ocrx_word' id='word_1_750' title='bbox 193 5045 395 5084; x_wconf 86' lang='lat' dir='ltr'><strong>narum</strong></span> <span class='ocrx_word' id='word_1_751' title='bbox 421 5039 524 5086; x_wconf 85' lang='lat' dir='ltr'><strong>est.</strong></span> <span class='ocrx_word' id='word_1_752' title='bbox 557 5051 575 5082; x_wconf 75' lang='grc' dir='ltr'><strong>ι</strong></span> <span class='ocrx_word' id='word_1_753' title='bbox 611 5031 680 5084; x_wconf 86' lang='grc' dir='ltr'><strong>Ει</strong></span> <span class='ocrx_word' id='word_1_754' title='bbox 700 5031 823 5086; x_wconf 91' lang='lat' dir='ltr'><strong>dedi</strong></span> <span class='ocrx_word' id='word_1_755' title='bbox 852 5033 1098 5088; x_wconf 87' lang='lat' dir='ltr'><strong>inaurem</strong></span> <span class='ocrx_word' id='word_1_756' title='bbox 1129 5050 1293 5104; x_wconf 89' lang='lat' dir='ltr'><strong>super</strong></span> <span class='ocrx_word' id='word_1_757' title='bbox 1328 5049 1412 5100; x_wconf 91' lang='lat' dir='ltr'><strong>os,</strong></span> <span class='ocrx_word' id='word_1_758' title='bbox 1442 5053 1464 5086; x_wconf 71' lang='grc' dir='ltr'><strong>ι</strong></span> <span class='ocrx_word' id='word_1_759' title='bbox 1497 5037 1610 5091; x_wconf 86' lang='lat' dir='ltr'><strong>sive</strong></span> <span class='ocrx_word' id='word_1_760' title='bbox 1638 5055 1658 5087; x_wconf 91' lang='grc'><em>‹</em></span> <span class='ocrx_word' id='word_1_761' title='bbox 1685 5037 1788 5092; x_wconf 82' lang='lat' dir='ltr'><strong>Na-</strong></span> 
     </span>
    </p>
   </div>
   <div class='ocr_carea' id='block_1_98' title="bbox 197 5120 1788 5198">
    <p class='ocr_par' dir='ltr' id='par_1_98' title="bbox 197 5120 1788 5198">
     <span class='ocr_line' id='line_1_98' title="bbox 197 5120 1788 5198; baseline 0.004 -25"><span class='ocrx_word' id='word_1_762' title='bbox 197 5134 300 5175; x_wconf 74' lang='lat' dir='ltr'><strong>res</strong></span> <span class='ocrx_word' id='word_1_763' title='bbox 315 5127 445 5176; x_wconf 78' lang='lat' dir='ltr'><strong>tuas</strong></span> <span class='ocrx_word' id='word_1_764' title='bbox 475 5140 494 5172; x_wconf 80' lang='grc' dir='ltr'><strong>ι</strong></span> <span class='ocrx_word' id='word_1_765' title='bbox 523 5120 762 5176; x_wconf 76' lang='lat' dir='ltr'><strong>Verbum</strong></span> <span class='ocrx_word' id='word_1_766' title='bbox 786 5121 1110 5178; x_wconf 85' lang='lat' dir='ltr'><strong>Hebraicum</strong></span> <span class='ocrx_word' id='word_1_767' title='bbox 1149 5140 1349 5190; x_wconf 77' lang='lat' dir='ltr'><strong>nezem,</strong></span> <span class='ocrx_word' id='word_1_768' title='bbox 1376 5135 1604 5195; x_wconf 78' lang='lat' dir='ltr'><strong>excepto</strong></span> <span class='ocrx_word' id='word_1_769' title='bbox 1628 5125 1788 5198; x_wconf 84' lang='lat' dir='ltr'><strong>Sym-</strong></span> 
     </span>
    </p>
   </div>
   <div class='ocr_carea' id='block_1_99' title="bbox 193 5211 1789 5290">
    <p class='ocr_par' dir='ltr' id='par_1_99' title="bbox 193 5211 1789 5290">
     <span class='ocr_line' id='line_1_99' title="bbox 193 5211 1789 5290; baseline 0.003 -24"><span class='ocrx_word' id='word_1_770' title='bbox 193 5211 422 5276; x_wconf 83' lang='lat' dir='ltr'><strong>macho,</strong></span> <span class='ocrx_word' id='word_1_771' title='bbox 441 5211 536 5280; x_wconf 88' lang='lat' dir='ltr'><strong>qui</strong></span> <span class='ocrx_word' id='word_1_772' title='bbox 562 5211 948 5280; x_wconf 81' lang='lat' dir='ltr'><strong>interpretatus</strong></span> <span class='ocrx_word' id='word_1_773' title='bbox 969 5222 1075 5278; x_wconf 92' lang='lat' dir='ltr'><strong>est,</strong></span> <span class='ocrx_word' id='word_1_774' title='bbox 1097 5216 1393 5290; x_wconf 73' lang='grc' dir='ltr'><strong>ἐπιῤῥὲνιον,</strong></span> <span class='ocrx_word' id='word_1_775' title='bbox 1415 5230 1606 5272; x_wconf 88' lang='lat' dir='ltr'><strong>omnes</strong></span> <span class='ocrx_word' id='word_1_776' title='bbox 1634 5218 1789 5271; x_wconf 79' lang='lat' dir='ltr'><strong>inau-</strong></span> 
     </span>
    </p>
   </div>
   <div class='ocr_carea' id='block_1_100' title="bbox 200 5304 1788 5378">
    <p class='ocr_par' dir='ltr' id='par_1_100' title="bbox 200 5304 1788 5378">
     <span class='ocr_line' id='line_1_100' title="bbox 200 5304 1788 5378; baseline 0.002 -18"><span class='ocrx_word' id='word_1_777' title='bbox 200 5319 316 5360; x_wconf 72' lang='lat' dir='ltr'><strong>rem</strong></span> <span class='ocrx_word' id='word_1_778' title='bbox 346 5304 739 5362; x_wconf 81' lang='lat' dir='ltr'><strong>transtuierunt</strong></span> <span class='ocrx_word' id='word_1_779' title='bbox 768 5321 1033 5376; x_wconf 81' lang='lat' dir='ltr'><strong>:nonquo</strong></span> <span class='ocrx_word' id='word_1_780' title='bbox 1061 5307 1281 5363; x_wconf 87' lang='lat' dir='ltr'><strong>inaures</strong></span> <span class='ocrx_word' id='word_1_781' title='bbox 1294 5317 1568 5378; x_wconf 90' lang='lat' dir='ltr'><strong>ponantur</strong></span> <span class='ocrx_word' id='word_1_782' title='bbox 1596 5309 1649 5362; x_wconf 91' lang='lat' dir='ltr'><strong>in</strong></span> <span class='ocrx_word' id='word_1_783' title='bbox 1671 5325 1788 5364; x_wconf 82' lang='lat' dir='ltr'><strong>ma-</strong></span> 
     </span>
    </p>
   </div>
   <div class='ocr_carea' id='block_1_101' title="bbox 201 5393 1786 5466">
    <p class='ocr_par' dir='ltr' id='par_1_101' title="bbox 201 5393 1786 5466">
     <span class='ocr_line' id='line_1_101' title="bbox 201 5393 1786 5466; baseline 0.003 -18"><span class='ocrx_word' id='word_1_784' title='bbox 201 5393 388 5458; x_wconf 78' lang='lat' dir='ltr'><strong>nibus,</strong></span> <span class='ocrx_word' id='word_1_785' title='bbox 410 5407 621 5465; x_wconf 66' lang='lat' dir='ltr'><strong>quaeex</strong></span> <span class='ocrx_word' id='word_1_786' title='bbox 649 5396 882 5465; x_wconf 74' lang='lat' dir='ltr'><strong>ecquod</strong></span> <span class='ocrx_word' id='word_1_787' title='bbox 908 5396 974 5450; x_wconf 93' lang='lat' dir='ltr'><strong>de</strong></span> <span class='ocrx_word' id='word_1_788' title='bbox 1007 5397 1228 5451; x_wconf 87' lang='lat' dir='ltr'><strong>naribus</strong></span> <span class='ocrx_word' id='word_1_789' title='bbox 1249 5401 1538 5466; x_wconf 86' lang='lat' dir='ltr'><strong>pendeant,</strong></span> <span class='ocrx_word' id='word_1_790' title='bbox 1567 5399 1786 5453; x_wconf 87' lang='lat' dir='ltr'><strong>inaures</strong></span> 
     </span>
    </p>
   </div>
   <div class='ocr_carea' id='block_1_102' title="bbox 195 5486 1787 5557">
    <p class='ocr_par' dir='ltr' id='par_1_102' title="bbox 195 5486 1787 5557">
     <span class='ocr_line' id='line_1_102' title="bbox 195 5486 1787 5557; baseline 0 -13"><span class='ocrx_word' id='word_1_791' title='bbox 195 5494 506 5544; x_wconf 66' lang='lat' dir='ltr'><strong>meantum</strong></span> <span class='ocrx_word' id='word_1_792' title='bbox 527 5488 802 5557; x_wconf 76' lang='lat' dir='ltr'><strong>sedquod</strong></span> <span class='ocrx_word' id='word_1_793' title='bbox 832 5486 1067 5542; x_wconf 80' lang='lat' dir='ltr'><strong>circulus</strong></span> <span class='ocrx_word' id='word_1_794' title='bbox 1093 5487 1148 5542; x_wconf 89' lang='lat' dir='ltr'><strong>in</strong></span> <span class='ocrx_word' id='word_1_795' title='bbox 1174 5489 1583 5544; x_wconf 89' lang='lat' dir='ltr'><strong>similitudinem</strong></span> <span class='ocrx_word' id='word_1_796' title='bbox 1611 5490 1787 5545; x_wconf 81' lang='lat' dir='ltr'><strong>factus</strong></span> 
     </span>
    </p>
   </div>
   <div class='ocr_carea' id='block_1_103' title="bbox 193 5578 1788 5652">
    <p class='ocr_par' dir='ltr' id='par_1_103' title="bbox 193 5578 1788 5652">
     <span class='ocr_line' id='line_1_103' title="bbox 193 5578 1788 5652; baseline 0.003 -20"><span class='ocrx_word' id='word_1_797' title='bbox 193 5578 480 5636; x_wconf 68' lang='lat' dir='ltr'><strong>incuriam</strong></span> <span class='ocrx_word' id='word_1_798' title='bbox 493 5580 1327 5650; x_wconf 36' lang='lat' dir='ltr'><strong>eodemvvocabulonuncupetur.</strong></span> <span class='ocrx_word' id='word_1_799' title='bbox 1346 5581 1413 5636; x_wconf 88' lang='lat' dir='ltr'><strong>Et</strong></span> <span class='ocrx_word' id='word_1_800' title='bbox 1437 5597 1606 5652; x_wconf 87' lang='lat' dir='ltr'><strong>usque</strong></span> <span class='ocrx_word' id='word_1_801' title='bbox 1627 5583 1788 5637; x_wconf 80' lang='lat' dir='ltr'><strong>hodie</strong></span> 
     </span>
    </p>
   </div>
   <div class='ocr_carea' id='block_1_104' title="bbox 199 5669 1790 5738">
    <p class='ocr_par' dir='ltr' id='par_1_104' title="bbox 199 5669 1790 5738">
     <span class='ocr_line' id='line_1_104' title="bbox 199 5669 1790 5738; baseline 0.003 -14"><span class='ocrx_word' id='word_1_802' title='bbox 199 5669 563 5728; x_wconf 61' lang='lat' dir='ltr'><strong>interemtam</strong></span> <span class='ocrx_word' id='word_1_803' title='bbox 584 5680 902 5728; x_wconf 84' lang='lat' dir='ltr'><strong>ornamenta</strong></span> <span class='ocrx_word' id='word_1_804' title='bbox 911 5672 1226 5738; x_wconf 87' lang='lat' dir='ltr'><strong>mulierum,</strong></span> <span class='ocrx_word' id='word_1_805' title='bbox 1242 5672 1416 5726; x_wconf 87' lang='lat' dir='ltr'><strong>solent</strong></span> <span class='ocrx_word' id='word_1_806' title='bbox 1438 5673 1586 5727; x_wconf 81' lang='lat' dir='ltr'><strong>aurei</strong></span> <span class='ocrx_word' id='word_1_807' title='bbox 1600 5673 1790 5729; x_wconf 85' lang='lat' dir='ltr'><strong>circuli</strong></span> 
     </span>
    </p>
   </div>
   <div class='ocr_carea' id='block_1_105' title="bbox 208 5762 1808 5852">
    <p class='ocr_par' dir='ltr' id='par_1_105' title="bbox 208 5762 1808 5852">
     <span class='ocr_line' id='line_1_105' title="bbox 208 5762 1808 5852; baseline -0.001 -30"><span class='ocrx_word' id='word_1_808' title='bbox 208 5765 274 5822; x_wconf 77' lang='lat' dir='ltr'><strong>in</strong></span> <span class='ocrx_word' id='word_1_809' title='bbox 291 5780 358 5822; x_wconf 84' lang='lat' dir='ltr'><strong>os</strong></span> <span class='ocrx_word' id='word_1_810' title='bbox 386 5781 454 5823; x_wconf 72' lang='lat' dir='ltr'><strong>ex</strong></span> <span class='ocrx_word' id='word_1_811' title='bbox 478 5764 670 5823; x_wconf 51' lang='lat' dir='ltr'><strong>fronte</strong></span> <span class='ocrx_word' id='word_1_812' title='bbox 693 5764 950 5836; x_wconf 77' lang='lat' dir='ltr'><strong>pendere,</strong></span> <span class='ocrx_word' id='word_1_813' title='bbox 978 5774 1038 5822; x_wconf 87' lang='lat' dir='ltr'><strong>et</strong></span> <span class='ocrx_word' id='word_1_814' title='bbox 1055 5766 1342 5824; x_wconf 80' lang='lat' dir='ltr'><strong>imminere</strong></span> <span class='ocrx_word' id='word_1_815' title='bbox 1367 5762 1610 5821; x_wconf 84' lang='lat' dir='ltr'><strong>naribus.</strong></span> <span class='ocrx_word' id='word_1_816' title='bbox 1639 5764 1808 5852; x_wconf 35' lang='lat' dir='ltr'><strong>Quos.</strong></span> 
     </span>
    </p>
   </div>
   <div class='ocr_carea' id='block_1_106' title="bbox 1882 4669 3459 4742">
    <p class='ocr_par' dir='ltr' id='par_1_106' title="bbox 1882 4669 3459 4742">
     <span class='ocr_line' id='line_1_106' title="bbox 1882 4669 3459 4742; baseline -0.003 -14"><span class='ocrx_word' id='word_1_817' title='bbox 1882 4673 2105 4742; x_wconf 87' lang='lat' dir='ltr'><strong>scripsit</strong></span> <span class='ocrx_word' id='word_1_818' title='bbox 2147 4671 2199 4724; x_wconf 89' lang='lat' dir='ltr'><strong>in</strong></span> <span class='ocrx_word' id='word_1_819' title='bbox 2243 4687 2307 4725; x_wconf 90' lang='lat' dir='ltr'><strong>ea</strong></span> <span class='ocrx_word' id='word_1_820' title='bbox 2337 4670 2548 4725; x_wconf 86' lang='lat' dir='ltr'><strong>litteras</strong></span> <span class='ocrx_word' id='word_1_821' title='bbox 2573 4669 2905 4724; x_wconf 78' lang='lat' dir='ltr'><strong>deformatas</strong></span> <span class='ocrx_word' id='word_1_822' title='bbox 2930 4669 3121 4738; x_wconf 92' lang='lat' dir='ltr'><strong>sugillo</strong></span> <span class='ocrx_word' id='word_1_823' title='bbox 3151 4669 3459 4724; x_wconf 86' lang='lat' dir='ltr'><strong>sanctiﬁca—</strong></span> 
     </span>
    </p>
   </div>
   <div class='ocr_carea' id='block_1_107' title="bbox 1882 4758 3461 4830">
    <p class='ocr_par' dir='ltr' id='par_1_107' title="bbox 1882 4758 3461 4830">
     <span class='ocr_line' id='line_1_107' title="bbox 1882 4758 3461 4830; baseline -0.004 -12"><span class='ocrx_word' id='word_1_824' title='bbox 1882 4765 2048 4818; x_wconf 89' lang='lat' dir='ltr'><strong>tionis</strong></span> <span class='ocrx_word' id='word_1_825' title='bbox 2073 4762 2304 4824; x_wconf 90' lang='lat' dir='ltr'><strong>Domini,</strong></span> <span class='ocrx_word' id='word_1_826' title='bbox 2335 4769 2391 4814; x_wconf 91' lang='lat' dir='ltr'><strong>et</strong></span> <span class='ocrx_word' id='word_1_827' title='bbox 2433 4760 2614 4830; x_wconf 84' lang='lat' dir='ltr'><strong>posuit</strong></span> <span class='ocrx_word' id='word_1_828' title='bbox 2659 4775 2822 4829; x_wconf 89' lang='lat' dir='ltr'><strong>super</strong></span> <span class='ocrx_word' id='word_1_829' title='bbox 2863 4767 3026 4828; x_wconf 87' lang='lat' dir='ltr'><strong>caput</strong></span> <span class='ocrx_word' id='word_1_830' title='bbox 3051 4760 3231 4814; x_wconf 84' lang='lat' dir='ltr'><strong>Aaron</strong></span> <span class='ocrx_word' id='word_1_831' title='bbox 3264 4758 3461 4830; x_wconf 77' lang='lat' dir='ltr'><strong>(Exod.</strong></span> 
     </span>
    </p>
   </div>
   <div class='ocr_carea' id='block_1_108' title="bbox 1886 4843 3466 4929">
    <p class='ocr_par' dir='ltr' id='par_1_108' title="bbox 1886 4843 3466 4929">
     <span class='ocr_line' id='line_1_108' title="bbox 1886 4843 3466 4929; baseline -0.005 -20"><span class='ocrx_word' id='word_1_832' title='bbox 1886 4853 2097 4922; x_wconf 76' lang='lat' dir='ltr'><strong>xxxix).</strong></span> <span class='ocrx_word' id='word_1_833' title='bbox 2130 4871 2148 4903; x_wconf 80' lang='grc' dir='ltr'><strong>ι</strong></span> <span class='ocrx_word' id='word_1_834' title='bbox 2179 4851 2405 4921; x_wconf 88' lang='lat' dir='ltr'><strong>Signum</strong></span> <span class='ocrx_word' id='word_1_835' title='bbox 2433 4850 2728 4905; x_wconf 81' lang='lat' dir='ltr'><strong>Dominicae</strong></span> <span class='ocrx_word' id='word_1_836' title='bbox 2777 4850 3106 4915; x_wconf 89' lang='lat' dir='ltr'><strong>sanctitatis,</strong></span> <span class='ocrx_word' id='word_1_837' title='bbox 3147 4863 3342 4904; x_wconf 89' lang='lat' dir='ltr'><strong>nomen</strong></span> <span class='ocrx_word' id='word_1_838' title='bbox 3381 4843 3466 4929; x_wconf 63' lang='lat' dir='ltr'><strong>est</strong></span> 
     </span>
    </p>
   </div>
   <div class='ocr_carea' id='block_1_109' title="bbox 1888 4937 3468 5010">
    <p class='ocr_par' dir='ltr' id='par_1_109' title="bbox 1888 4937 3468 5010">
     <span class='ocr_line' id='line_1_109' title="bbox 1888 4937 3468 5010; baseline -0.002 -15"><span class='ocrx_word' id='word_1_839' title='bbox 1888 4941 2273 5009; x_wconf 89' lang='lat' dir='ltr'><strong>omnipotentis</strong></span> <span class='ocrx_word' id='word_1_840' title='bbox 2323 4941 2439 5005; x_wconf 89' lang='lat' dir='ltr'><strong>Dei,</strong></span> <span class='ocrx_word' id='word_1_841' title='bbox 2485 4941 2628 5009; x_wconf 91' lang='lat' dir='ltr'><strong>quod</strong></span> <span class='ocrx_word' id='word_1_842' title='bbox 2673 4949 2906 5010; x_wconf 90' lang='lat' dir='ltr'><strong>quatuor</strong></span> <span class='ocrx_word' id='word_1_843' title='bbox 2947 4940 3142 4995; x_wconf 86' lang='lat' dir='ltr'><strong>litteris</strong></span> <span class='ocrx_word' id='word_1_844' title='bbox 3186 4937 3468 4993; x_wconf 78' lang='lat' dir='ltr'><strong>Hebraicis</strong></span> 
     </span>
    </p>
   </div>
   <div class='ocr_carea' id='block_1_110' title="bbox 1887 5030 3470 5102">
    <p class='ocr_par' dir='ltr' id='par_1_110' title="bbox 1887 5030 3470 5102">
     <span class='ocr_line' id='line_1_110' title="bbox 1887 5030 3470 5102; baseline -0.003 -14"><span class='ocrx_word' id='word_1_845' title='bbox 1887 5032 2182 5088; x_wconf 88' lang='lat' dir='ltr'><strong>scribitur:</strong></span> <span class='ocrx_word' id='word_1_846' title='bbox 2211 5040 2267 5086; x_wconf 86' lang='lat' dir='ltr'><strong>et</strong></span> <span class='ocrx_word' id='word_1_847' title='bbox 2293 5032 2436 5102; x_wconf 88' lang='lat' dir='ltr'><strong>apud</strong></span> <span class='ocrx_word' id='word_1_848' title='bbox 2463 5046 2559 5086; x_wconf 90' lang='lat' dir='ltr'><strong>eos</strong></span> <span class='ocrx_word' id='word_1_849' title='bbox 2597 5041 2823 5088; x_wconf 87' lang='lat' dir='ltr'><strong>vocatur</strong></span> <span class='ocrx_word' id='word_1_850' title='bbox 2863 5030 3155 5097; x_wconf 85' lang='lat' dir='ltr'><strong>inell‘abile,</strong></span> <span class='ocrx_word' id='word_1_851' title='bbox 3203 5030 3330 5085; x_wconf 89' lang='lat' dir='ltr'><strong>dum</strong></span> <span class='ocrx_word' id='word_1_852' title='bbox 3373 5045 3470 5084; x_wconf 81' lang='lat' dir='ltr'><strong>no-</strong></span> 
     </span>
    </p>
   </div>
   <div class='ocr_carea' id='block_1_111' title="bbox 1891 5121 3471 5194">
    <p class='ocr_par' dir='ltr' id='par_1_111' title="bbox 1891 5121 3471 5194">
     <span class='ocr_line' id='line_1_111' title="bbox 1891 5121 3471 5194; baseline -0.001 -15"><span class='ocrx_word' id='word_1_853' title='bbox 1891 5139 2016 5181; x_wconf 86' lang='lat' dir='ltr'><strong>men</strong></span> <span class='ocrx_word' id='word_1_854' title='bbox 2033 5123 2154 5192; x_wconf 88' lang='lat' dir='ltr'><strong>ejus</strong></span> <span class='ocrx_word' id='word_1_855' title='bbox 2183 5139 2290 5178; x_wconf 90' lang='lat' dir='ltr'><strong>non</strong></span> <span class='ocrx_word' id='word_1_856' title='bbox 2317 5131 2496 5194; x_wconf 87' lang='lat' dir='ltr'><strong>potest</strong></span> <span class='ocrx_word' id='word_1_857' title='bbox 2534 5124 2662 5190; x_wconf 91' lang='lat' dir='ltr'><strong>dici,</strong></span> <span class='ocrx_word' id='word_1_858' title='bbox 2708 5124 2861 5192; x_wconf 85' lang='lat' dir='ltr'><strong>cujus</strong></span> <span class='ocrx_word' id='word_1_859' title='bbox 2893 5121 3231 5190; x_wconf 87' lang='lat' dir='ltr'><strong>majestatem</strong></span> <span class='ocrx_word' id='word_1_860' title='bbox 3259 5121 3471 5192; x_wconf 88' lang='lat' dir='ltr'><strong>gentili-</strong></span> 
     </span>
    </p>
   </div>
   <div class='ocr_carea' id='block_1_112' title="bbox 1893 5213 3464 5285">
    <p class='ocr_par' dir='ltr' id='par_1_112' title="bbox 1893 5213 3464 5285">
     <span class='ocr_line' id='line_1_112' title="bbox 1893 5213 3464 5285; baseline -0.002 -15"><span class='ocrx_word' id='word_1_861' title='bbox 1893 5223 1976 5270; x_wconf 89' lang='lat' dir='ltr'><strong>tas</strong></span> <span class='ocrx_word' id='word_1_862' title='bbox 1997 5215 2164 5269; x_wconf 86' lang='lat' dir='ltr'><strong>etiam</strong></span> <span class='ocrx_word' id='word_1_863' title='bbox 2186 5230 2293 5269; x_wconf 90' lang='lat' dir='ltr'><strong>non</strong></span> <span class='ocrx_word' id='word_1_864' title='bbox 2313 5215 2546 5285; x_wconf 84' lang='lat' dir='ltr'><strong>ignorat,</strong></span> <span class='ocrx_word' id='word_1_865' title='bbox 2566 5222 2622 5268; x_wconf 89' lang='lat' dir='ltr'><strong>et</strong></span> <span class='ocrx_word' id='word_1_866' title='bbox 2640 5213 3060 5269; x_wconf 78' lang='lat' dir='ltr'><strong>Atheniensium</strong></span> <span class='ocrx_word' id='word_1_867' title='bbox 3087 5219 3319 5268; x_wconf 85' lang='lat' dir='ltr'><strong>testatur</strong></span> <span class='ocrx_word' id='word_1_868' title='bbox 3335 5225 3464 5267; x_wconf 86' lang='lat' dir='ltr'><strong>ara:</strong></span> 
     </span>
    </p>
   </div>
   <div class='ocr_carea' id='block_1_113' title="bbox 1892 5303 3469 5378">
    <p class='ocr_par' dir='ltr' id='par_1_113' title="bbox 1892 5303 3469 5378">
     <span class='ocr_line' id='line_1_113' title="bbox 1892 5303 3469 5378; baseline -0.003 -15"><span class='ocrx_word' id='word_1_869' title='bbox 1892 5307 2080 5378; x_wconf 85' lang='lat' dir='ltr'><strong>Ignoto</strong></span> <span class='ocrx_word' id='word_1_870' title='bbox 2105 5308 2237 5362; x_wconf 88' lang='lat' dir='ltr'><strong>Deo.</strong></span> <span class='ocrx_word' id='word_1_871' title='bbox 2262 5306 2414 5362; x_wconf 86' lang='lat' dir='ltr'><strong>Unde</strong></span> <span class='ocrx_word' id='word_1_872' title='bbox 2435 5315 2492 5361; x_wconf 92' lang='lat' dir='ltr'><strong>et</strong></span> <span class='ocrx_word' id='word_1_873' title='bbox 2518 5305 2843 5374; x_wconf 85' lang='lat' dir='ltr'><strong>Apostolus:</strong></span> <span class='ocrx_word' id='word_1_874' title='bbox 2873 5323 2896 5354; x_wconf 68' lang='grc' dir='ltr'><strong>ι</strong></span> <span class='ocrx_word' id='word_1_875' title='bbox 2925 5303 3094 5370; x_wconf 87' lang='lat' dir='ltr'><strong>Quem</strong></span> <span class='ocrx_word' id='word_1_876' title='bbox 3124 5319 3243 5369; x_wconf 80' lang='lat' dir='ltr'><strong>vos,</strong></span> <span class='ocrx_word' id='word_1_877' title='bbox 3273 5305 3469 5375; x_wconf 85' lang='lat' dir='ltr'><strong>inquit,</strong></span> 
     </span>
    </p>
   </div>
   <div class='ocr_carea' id='block_1_114' title="bbox 1891 5394 3469 5466">
    <p class='ocr_par' dir='ltr' id='par_1_114' title="bbox 1891 5394 3469 5466">
     <span class='ocr_line' id='line_1_114' title="bbox 1891 5394 3469 5466; baseline -0.004 -14"><span class='ocrx_word' id='word_1_878' title='bbox 1891 5399 2134 5466; x_wconf 82' lang='lat' dir='ltr'><strong>ignotum</strong></span> <span class='ocrx_word' id='word_1_879' title='bbox 2174 5397 2372 5462; x_wconf 88' lang='lat' dir='ltr'><strong>colitis,</strong></span> <span class='ocrx_word' id='word_1_880' title='bbox 2409 5397 2551 5450; x_wconf 91' lang='lat' dir='ltr'><strong>hunc</strong></span> <span class='ocrx_word' id='word_1_881' title='bbox 2591 5410 2690 5450; x_wconf 88' lang='lat' dir='ltr'><strong>nos</strong></span> <span class='ocrx_word' id='word_1_882' title='bbox 2733 5395 3112 5448; x_wconf 78' lang='lat' dir='ltr'><strong>annuntiamus</strong></span> <span class='ocrx_word' id='word_1_883' title='bbox 3137 5395 3292 5449; x_wconf 89' lang='lat' dir='ltr'><strong>vobis</strong></span> <span class='ocrx_word' id='word_1_884' title='bbox 3330 5394 3469 5463; x_wconf 72' lang='lat' dir='ltr'><strong>(Act.</strong></span> 
     </span>
    </p>
   </div>
   <div class='ocr_carea' id='block_1_115' title="bbox 1895 5485 3475 5562">
    <p class='ocr_par' dir='ltr' id='par_1_115' title="bbox 1895 5485 3475 5562">
     <span class='ocr_line' id='line_1_115' title="bbox 1895 5485 3475 5562; baseline -0.004 -17"><span class='ocrx_word' id='word_1_885' title='bbox 1895 5492 2050 5562; x_wconf 78' lang='lat' dir='ltr'><strong>xvn).</strong></span> <span class='ocrx_word' id='word_1_886' title='bbox 2086 5509 2105 5540; x_wconf 78' lang='grc' dir='ltr'><strong>ι</strong></span> <span class='ocrx_word' id='word_1_887' title='bbox 2138 5491 2300 5546; x_wconf 85' lang='lat' dir='ltr'><strong>Istam</strong></span> <span class='ocrx_word' id='word_1_888' title='bbox 2338 5499 2474 5559; x_wconf 88' lang='lat' dir='ltr'><strong>puto</strong></span> <span class='ocrx_word' id='word_1_889' title='bbox 2515 5503 2786 5544; x_wconf 30' lang='lat' dir='ltr'><strong>coronam.</strong></span> <span class='ocrx_word' id='word_1_890' title='bbox 2813 5502 2952 5553; x_wconf 84' lang='lat' dir='ltr'><strong>esse,</strong></span> <span class='ocrx_word' id='word_1_891' title='bbox 2978 5487 3046 5541; x_wconf 85' lang='lat' dir='ltr'><strong>de</strong></span> <span class='ocrx_word' id='word_1_892' title='bbox 3087 5501 3195 5557; x_wconf 82' lang='lat' dir='ltr'><strong>qua</strong></span> <span class='ocrx_word' id='word_1_893' title='bbox 3237 5495 3291 5541; x_wconf 90' lang='lat' dir='ltr'><strong>et</strong></span> <span class='ocrx_word' id='word_1_894' title='bbox 3327 5485 3475 5540; x_wconf 76' lang='lat' dir='ltr'><strong>Psal-</strong></span> 
     </span>
    </p>
   </div>
   <div class='ocr_carea' id='block_1_116' title="bbox 1897 5576 3474 5651">
    <p class='ocr_par' dir='ltr' id='par_1_116' title="bbox 1897 5576 3474 5651">
     <span class='ocr_line' id='line_1_116' title="bbox 1897 5576 3474 5651; baseline -0.006 -13"><span class='ocrx_word' id='word_1_895' title='bbox 1897 5585 2058 5638; x_wconf 87' lang='lat' dir='ltr'><strong>mista</strong></span> <span class='ocrx_word' id='word_1_896' title='bbox 2086 5583 2252 5638; x_wconf 86' lang='lat' dir='ltr'><strong>dicit:</strong></span> <span class='ocrx_word' id='word_1_897' title='bbox 2284 5602 2302 5633; x_wconf 75' lang='grc' dir='ltr'><strong>ι</strong></span> <span class='ocrx_word' id='word_1_898' title='bbox 2335 5582 2616 5651; x_wconf 79' lang='lat' dir='ltr'><strong>Signatum</strong></span> <span class='ocrx_word' id='word_1_899' title='bbox 2641 5591 2726 5634; x_wconf 86' lang='lat' dir='ltr'><strong>est</strong></span> <span class='ocrx_word' id='word_1_900' title='bbox 2759 5593 3056 5648; x_wconf 67' lang='lat' dir='ltr'><strong>superatos</strong></span> <span class='ocrx_word' id='word_1_901' title='bbox 3085 5576 3474 5632; x_wconf 79' lang='lat' dir='ltr'><strong>lumenvultus</strong></span> 
     </span>
    </p>
   </div>
   <div class='ocr_carea' id='block_1_117' title="bbox 1897 5670 3472 5744">
    <p class='ocr_par' dir='ltr' id='par_1_117' title="bbox 1897 5670 3472 5744">
     <span class='ocr_line' id='line_1_117' title="bbox 1897 5670 3472 5744; baseline -0.006 -14"><span class='ocrx_word' id='word_1_902' title='bbox 1897 5676 1997 5739; x_wconf 82' lang='lat' dir='ltr'><strong>tui,</strong></span> <span class='ocrx_word' id='word_1_903' title='bbox 2019 5673 2458 5744; x_wconf 52' lang='lat' dir='ltr'><strong>Domine‘(Psat.~</strong></span> <span class='ocrx_word' id='word_1_904' title='bbox 2492 5672 2587 5741; x_wconf 77' lang='lat' dir='ltr'><strong>tv).</strong></span> <span class='ocrx_word' id='word_1_905' title='bbox 2621 5692 2639 5723; x_wconf 74' lang='grc' dir='ltr'><strong>ι</strong></span> <span class='ocrx_word' id='word_1_906' title='bbox 2673 5673 2740 5727; x_wconf 72' lang='lat' dir='ltr'><strong>Et</strong></span> <span class='ocrx_word' id='word_1_907' title='bbox 2777 5672 3066 5743; x_wconf 82' lang='lat' dir='ltr'><strong>Apostolus</strong></span> <span class='ocrx_word' id='word_1_908' title='bbox 3115 5670 3472 5739; x_wconf 68' lang='lat' dir='ltr'><strong>loquebatur:</strong></span> 
     </span>
    </p>
   </div>
   <div class='ocr_carea' id='block_1_118' title="bbox 1905 5753 3474 5831">
    <p class='ocr_par' dir='ltr' id='par_1_118' title="bbox 1905 5753 3474 5831">
     <span class='ocr_line' id='line_1_118' title="bbox 1905 5753 3474 5831; baseline -0.001 -13"><span class='ocrx_word' id='word_1_909' title='bbox 1905 5784 1926 5818; x_wconf 72' lang='grc' dir='ltr'><strong>ι</strong></span> <span class='ocrx_word' id='word_1_910' title='bbox 1962 5764 2193 5823; x_wconf 83' lang='lat' dir='ltr'><strong>Cursum</strong></span> <span class='ocrx_word' id='word_1_911' title='bbox 2229 5764 2620 5831; x_wconf 83' lang='lat' dir='ltr'><strong>consunnnavi,</strong></span> <span class='ocrx_word' id='word_1_912' title='bbox 2669 5764 2826 5823; x_wconf 76' lang='lat' dir='ltr'><strong>(idem</strong></span> <span class='ocrx_word' id='word_1_913' title='bbox 2857 5764 3087 5830; x_wconf 82' lang='lat' dir='ltr'><strong>servavi.</strong></span> <span class='ocrx_word' id='word_1_914' title='bbox 3143 5761 3219 5819; x_wconf 80' lang='lat' dir='ltr'><strong>De</strong></span> <span class='ocrx_word' id='word_1_915' title='bbox 3252 5753 3474 5826; x_wconf 66' lang='lat' dir='ltr'><strong>caetero.</strong></span> 
     </span>
    </p>
   </div>
  </div>
