3938 6360
610 286 718 347 675.
738 352 742 357 ,

602 494 782 565 justus
801 488 1083 563 judexl(II
1103 484 1237 544 Tim.
1266 489 1361 560 iv).
1394 508 1412 540 ι
1448 488 1514 543 Εῑ
1542 490 1597 543 in
1625 488 1733 543 alio
1762 488 1880 542 loco
1902 484 2194 541 adcreden-

609 591 689 639 tes
722 600 734 635 :
768 600 787 632 ι
823 578 1092 636 Gaudium
1120 595 1321 646 meum,
1353 588 1407 633 et
1428 594 1628 634 corona
1656 592 1776 634 mea
1801 576 2020 650 (Philip.
2044 576 2140 648 ιν),
2171 594 2188 627 ι

606 674 777 745 gloria
833 673 975 728 enim
1016 680 1232 743 patrum
1273 669 1387 725 filii.
1442 671 1510 725 Et
1550 672 1604 726 in
1661 669 1951 726 Salomone
2006 668 2195 725 scribi-

608 778 695 822 tur
733 786 744 820 :
780 785 798 817 ι
839 765 1051 821 Corona
1091 764 1310 837 gloriae,
1353 772 1602 819 senectus
1642 761 1824 835 (Prov.
1869 760 2002 833 xu);
2045 781 2063 813 ι
2110 775 2197 815 eo-

606 873 761 922 rum,
808 854 1080 921 videlicet,
1113 855 1205 924 qui
1258 854 1646 909 destruxerunt
1682 869 1744 908 ea
1789 868 1908 923 quae
1950 850 2198 922 parvulo-

606 963 723 1002 rum
753 953 897 1012 sunt,
931 953 984 999 et
1022 952 1143 1016 post
1188 951 1401 998 aztatem
1445 944 1669 1017 perfecti
1699 943 1802 998 viri
1832 947 2092 999 venerunt
2129 942 2199 997 ad

607 1052 960 1110 senectutem,
1011 1051 1065 1097 et
1122 1041 1188 1096 ad
1235 1038 1459 1097 Patrum
1508 1041 1729 1096 nomina
1767 1040 1963 1110 quibus
2011 1037 2198 1093 scribit

607 1134 842 1191 Joannes
870 1142 995 1205 post
1018 1149 1217 1205 pueros
1245 1142 1299 1190 et
1313 1132 1563 1204 juvenes,
1597 1134 1689 1202 qui
1720 1140 1941 1202 possunt
1976 1130 2155 1185 dicere
2180 1146 2192 1181 :

614 1246 632 1278 ι
665 1226 892 1294 Quando
924 1241 1074 1281 erant
1097 1224 1375 1296 parvulus,
1407 1224 1667 1295 loquebar
1696 1231 1756 1277 ut
1795 1221 2074 1294 parvulus,
2104 1236 2197 1275 co-

610 1318 847 1389 gitabam
878 1326 938 1372 ut
960 1315 1247 1387 parvulus;
1274 1316 1488 1386 quando
1511 1314 1688 1370 factus
1712 1330 1829 1369 sum
1854 1314 1956 1379 vir,
1982 1311 2197 1367 detrusi

608 1424 671 1464 ea
703 1424 823 1479 qua:
850 1404 1062 1478 parvuli
1098 1414 1224 1462 sunt
1255 1405 1339 1480 (ΙΙ
1363 1401 1484 1460 Cor.
1509 1407 1652 1475 xm).
1682 1426 1699 1456 ι

687 1520 704 1553 ι
735 1501 805 1557 Ει
832 1509 1025 1557 ornata
1060 1515 1120 1557 es
1142 1515 1277 1555 auro
1298 1509 1355 1555 et
1384 1507 1627 1570 argento.
1653 1519 1671 1550 ι
1709 1496 1914 1553 Crebro
1940 1488 2198 1561 diximus,

611 1610 803 1651 aurum
828 1582 899 1649 ad
918 1600 1177 1659 mentem,
1204 1600 1487 1663 argentum
1514 1590 1583 1644 ad
1609 1588 1882 1658 eloquium
1902 1587 2195 1658 pertinere,

615 1688 921 1756 tribuatque
945 1684 1104 1740 nobis
1133 1685 1395 1739 Dominus
1425 1691 1485 1736 ut
1518 1682 1758 1736 divinum
1806 1694 2024 1735 sensum
2055 1678 2195 1734 acci—

612 1868 968 1940 concipimus,
1020 1867 1224 1938 eloquii
1262 1874 1548 1922 venustate
1588 1863 1851 1936 proferre,
1900 1874 1953 1918 et
2000 1880 2204 1933 nequa-

611 1978 773 2033 quam
802 1975 870 2016 ex
894 1960 979 2015 his
1005 1957 1187 2014 facere
1217 1957 1380 2023 idola,
1414 1957 1552 2012 sicut
1597 1954 1801 2011 faciunt
1843 1955 2103 2020 haeretici,
2138 1955 2203 2009 de

612 2053 807 2122 quibus
841 2052 1104 2122 scriptum
1129 2058 1213 2106 est
1241 2065 1254 2104 :
1285 2070 1301 2101 ε
1340 2049 1471 2105 Dedi
1492 2049 1572 2105 eis
1598 2057 1883 2119 argentum
1906 2056 1962 2103 et
1985 2062 2199 2113 aurum,

612 2142 717 2215 ipsi
744 2156 874 2200 vero
894 2158 962 2198 ex
985 2150 1211 2215 argento
1236 2151 1291 2197 et
1328 2157 1460 2196 auro
1484 2139 1731 2197 fecerunt
1754 2140 1883 2195 Baal
1905 2140 2046 2212 (Ose.
2066 2140 2145 2213 ιι).
2176 2158 2195 2192 ι

610 2236 680 2293 Et
707 2238 811 2295 hoc
849 2228 1198 2309 magi'sjuxta
1229 2236 1643 2306 intelligentiam
1677 2235 2000 2305 spiritalem,
2045 2250 2205 2289 orna-

611 2328 689 2383 tui
731 2336 916 2398 aptum
966 2335 1049 2382 est
1095 2325 1440 2381 feminarum.
1500 2324 1756 2394 Alioquin
1796 2323 2008 2393 argenti
2048 2322 2203 2377 vilior

612 2420 842 2475 materia
872 2418 1197 2473 rusticarum
1222 2426 1277 2473 et
1301 2431 1625 2486 pauperum,
1655 2413 2082 2484 ancillarumque
2108 2429 2200 2469 or-

613 2519 772 2566 natus
798 2518 903 2575 est,
932 2510 1024 2579 qui
1055 2523 1162 2563 non
1206 2508 1460 2563 convenit
1502 2504 1824 2572 Jerusalem,
1858 2518 1976 2575 qua:
2022 2506 2075 2560 in
2115 2492 2201 2560 re-

613 2600 793 2674 ginam
825 2601 1022 2655 dicitur
1042 2584 1359 2670 profecisse.

690 2709 708 2742 ‹
735 2692 801 2746 Et
823 2691 1016 2745 vestita
1035 2705 1093 2744 es
1108 2690 1269 2760 bysso
1290 2698 1343 2743 et
1357 2687 1617 2761 polymito
1632 2696 1686 2744 et
1706 2686 2151 2743 multicoloribus.
2177 2708 2195 2739 ι

612 2782 804 2839 Omnis
830 2791 1011 2838 autem
1039 2790 1265 2838 ornatus
1304 2781 1626 2837 describitur
1671 2779 1994 2834 feminarum
2034 2787 2093 2834 ut
2122 2780 2202 2833 la-

609 2881 788 2941 vetur,
821 2884 879 2929 ut
908 2864 1218 2940 mundetur,
1251 2880 1310 2927 ut
1336 2878 1570 2942 ungatur
1598 2870 1736 2935 oleo,
1766 2879 1822 2924 et
1850 2868 2203 2925 discoloribus

609 2968 890 3023 vestiatur.
931 2954 1060 3035 Quae
1087 2966 1269 3022 omnia
1299 2966 1456 3036 juxta
1498 2964 1832 3035 superiorem
1867 2962 2204 3032 explanatio-

610 3073 731 3113 nem
783 3057 1087 3128 aptabimus
1148 3055 1519 3127 intelligentia:
1555 3054 1808 3125 spiritali,
1862 3062 1921 3106 ut
1964 3054 2199 3124 byssinis

742 361 768 370 ﬂ
1190 344 1213 352 _
1246 282 1311 340 Β.
1349 282 1605 340 RABAN]
1642 282 1863 340 MAUBI
1900 280 2221 340 ARCHIEP.
2260 280 2571 337 MOGUNT.
2610 278 2897 337 OPERUM
2937 278 3115 333 PARS
3151 279 3234 333 ll.’
3654 297 3709 357 επ

608 398 846 473 reposita
867 402 950 453 est
980 396 1111 454 mihi
1149 411 1347 453 corona
1365 395 1609 466 iustitia},
1635 413 1798 467 quam
1833 396 1966 451 mihi
2005 396 2195 450 reddet
2218 400 2269 461 Α
2296 394 2416 464 xu).
2443 414 2461 444 ι
2492 392 2682 448 Oleum
2709 408 2837 447 vero
2857 393 3005 462 quod
3031 393 3287 449 lassorum
3308 399 3511 461 membra
3530 415 3706 479 summ
3766 418 3767 447 :

2302 492 2355 537 et
2379 483 2573 548 reficit,
2603 492 2658 538 et
2694 490 2779 537 est
2803 483 3025 538 luminis
3060 484 3437 554 nutrimentum,
3454 498 3499 543 et
3518 507 3594 563 quo
3611 497 3646 552 in
3668 512 3708 557 ιι.
3766 506 3767 539 ;

2298 571 2589 627 bernaculo
2620 572 2713 626 Dei
2736 571 2863 643 juge
2903 571 3135 628 lucerna:
3162 573 3330 630 lumen
3354 581 3706 650 accenditur,Paui

2298 666 2498 721 dicitur
2522 668 2833 723 convenire.
2866 665 3001 734 Qum
3040 668 3219 722 omnia
3256 670 3545 729 credentibus

2298 762 2527 835 gratiam
2550 803 2565 828 ,
2615 761 2827 817 dicente
2879 759 3138 830 Apostolo
3162 780 3174 815 :
3204 783 3220 813 ‹
3250 762 3511 822 Divisiones
3539 782 3623 827 sunt
3644 793 3706 847 gn.

2299 852 2517 919 tiarum,
2549 868 2688 907 unus
2733 860 2917 905 autem
2953 852 3197 921 spiritus.
3221 848 3283 908 Et
3310 854 3549 913 divisiones
3573 864 3706 923 minisig.

2301 942 2528 1007 riorum,
2566 957 2708 996 unus
2738 947 2922 996 autem
2968 940 3246 1008 Dominus,
3274 952 3327 999 et
3353 944 3584 1006 divisiones
3605 969 3705 1025 epeia.

2299 1035 2526 1101 tionum,
2553 1050 2693 1090 unus
2723 1043 2905 1090 autem
2935 1042 2995 1090 et
3018 1034 3162 1091 idem
3185 1035 3318 1091 Deus
3342 1035 3389 1110 (Ι
3408 1034 3510 1100 Cor.
3530 1044 3704 1117 unum

2300 1126 2462 1182 talem
2490 1129 2787 1184 comederit
2815 1128 3022 1194 cibum,
3050 1137 3105 1184 et
3138 1130 3238 1184 hoc
3259 1129 3526 1190 dulcissime
3541 1146 3579 1192 et
3595 1143 3703 1198 satis

2300 1219 2438 1274 sime
2467 1234 2624 1290 pane,
2647 1219 2860 1290 oleique
2903 1218 3191 1290 splendore
3213 1218 3425 1290 fulgente
3449 1234 3589 1292 pastus
3609 1226 3701 1295 fuerit,
3766 1218 3767 1259 ἶ

2303 1326 2365 1365 ac
2394 1310 2648 1375 nutritus,
2668 1318 2908 1365 vertetur
2933 1309 2990 1363 in
3011 1310 3256 1365 decorem
3275 1319 3326 1366 et
3348 1310 3429 1367 ﬁet
3445 1313 3699 1387 pulcherrimis,

2301 1417 2409 1456 non
2452 1400 2648 1467 semel,
2690 1402 2785 1456 sed
2820 1401 3056 1472 repetito
3095 1402 3281 1466 nimis,
3310 1403 3449 1458 nimis
3476 1423 3489 1458 :
3514 1406 3699 1476 duplicatae

2301 1491 2446 1547 enim
2476 1493 2791 1549 adverbium
2820 1495 3034 1564 pondus
3065 1493 3194 1549 facit
3216 1496 3476 1563 orationis,
3504 1503 3633 1568 quoad
3646 1504 3700 1572 pd-

2302 1583 2632 1641 cliritudinis
2660 1585 3100 1657 magnitudinem
3129 1587 3250 1642 addi
3275 1586 3401 1643 ultra
3424 1589 3530 1645 nihil
3546 1595 3656 1660 possit.

2380 1695 2398 1727 ‹
2426 1676 2496 1731 Et
2536 1676 2812 1747 proiecisti
2857 1677 2914 1732 in
2945 1694 3195 1749 regnum.
3225 1698 3242 1730 ι
3275 1679 3380 1734 Hoc
3419 1681 3473 1735 in-
3500 1680 3698 1755 Septem

609 1792 739 1849 pere
768 1770 1097 1842 mereamur,
1131 1785 1294 1845 atque
1314 1773 1653 1844 sapientiam,
1686 1780 1741 1826 ct
1763 1770 1817 1825 id
1848 1771 1991 1841 quod
2020 1779 2201 1826 mente
2229 1764 2276 1825 B
2305 1782 2413 1821 non
2453 1766 2702 1835 habetur,
2749 1767 2841 1838 qui
2890 1764 3126 1824 forsitan
3166 1769 3471 1826 Alexandrini
3504 1772 3545 1826 in
3572 1772 3698 1833 Gram

2306 1874 2611 1914 sermonem
2637 1860 2937 1929 scripturas
2962 1877 3033 1916 ex
3066 1859 3324 1917 llebraica
3341 1863 3529 1919 veritate
3541 1875 3695 1931 vertens

2307 1951 2608 2007 timuerunt
2637 1953 2741 2009 hoc
2770 1952 2973 2020 dicere,
3005 1969 3077 2009 ne
3116 1968 3295 2023 regem
3320 1954 3504 2027 :Egypti
3529 1956 3697 2011 videmur

2304 2044 2603 2113 offendere,
2644 2047 2774 2102 dum
2802 2064 2833 2103 a
2871 2048 2986 2103 Deo
3034 2031 3328 2104 Jerusalem
3371 2032 3555 2103 debitum
3585 2063 3695 2119 mpm

2304 2152 2424 2192 esse
2453 2148 2968 2195 commemorarent.
2994 2137 3312 2208 Quanquam
3332 2138 3498 2195 eruditi
3519 2138 3695 2206 solosque
3766 2137 3767 2208 ξ

2306 2243 2412 2298 que
2457 2228 2627 2284 libros
2656 2227 2826 2302 Moysi
2856 2231 2925 2285 ab
2962 2230 3044 2285 eis
3076 2230 3436 2300 interpretatos
3459 2228 3624 2299 probent.
3638 2227 3696 2280 Pet
3766 2230 3767 2302 ξ

2305 2330 2559 2378 ornatum
2587 2338 2715 2396 ergo
2739 2323 3125 2395 multiplicem,
3154 2334 3273 2393 post
3294 2336 3524 2385 coronam,
3550 2330 3624 2390 post
3642 2320 3694 2372 an

2304 2420 2363 2470 et
2404 2413 2616 2483 argenti
2671 2414 3085 2480 abundantiam,
3132 2424 3253 2483 post
3283 2408 3695 2481 indumentaplliati
3766 2408 3767 2483 ξ

2304 2505 2690 2577 pulcherrima,
2716 2514 2841 2575 post
2867 2506 3127 2561 decorem
3164 2503 3508 2567 incredibilem,
3529 2500 3652 2570 proicit
3668 2498 3693 2550 in

2306 2600 2572 2670 reginam,
2603 2597 2731 2669 quia
2758 2598 2954 2654 civitas
2984 2607 3071 2655 est
3116 2598 3291 2669 magni
3318 2596 3456 2668 regis.
3478 2595 3611 2662 Deqm
3630 2589 3692 2645 stri-

2306 2700 2460 2762 ptum
2484 2699 2600 2746 est:
2624 2708 2643 2742 ‹
2672 2680 2838 2756 Deus,
2856 2690 3126 2771 judicium
3150 2699 3293 2744 tuum
3317 2687 3415 2757 regi
3431 2680 3693 2777 ἀλκιῇὼ
3766 2730 3767 2735 η

2308 2791 2457 2837 tuam
2514 2782 2622 2839 tilio
2695 2783 2840 2854 regis
2883 2766 3065 2853 (Psal.
3112 2781 3266 2853 xvu).
3303 2800 3319 2831 ι
3352 2779 3410 2833 Et
3446 2776 3489 2831 in
3522 2768 3694 2844 Apocalyﬁ'

2307 2870 2533 2929 Joannis
2564 2892 2575 2928 :
2608 2894 2626 2927 ί
2659 2864 3031 2941 Hierusalem,
3074 2874 3227 2944 quasi
3270 2885 3442 2942 sponsa
3474 2871 3693 2929 ornatam
3766 2940 3767 2943 η

2308 2966 2609 3035 composita
2663 2965 2995 3021 describitur
3054 2965 3172 3019 viro
3220 2979 3312 3018 suo
3352 2961 3498 3033 (Apoc.
3533 2946 3694 3023 Wl‘h

2306 3056 2534 3125 psalmis
2564 3072 2782 3127 quoque
2821 3057 2889 3111 de
2923 3057 3121 3112 eadem
3146 3053 3335 3110 dicitur
3360 3070 3371 3104 :
3397 3069 3414 3102 ι
3437 3045 3692 3110 Αιὶςιίιίιιψι

609 3148 884 3219 Operiatur
906 3156 1069 3219 atque
1092 3147 1401 3213 subtilibus,
1426 3162 1494 3201 ne
1516 3144 1747 3201 delicata
1769 3144 2014 3215 conjugis
2043 3159 2208 3198 mem-
2234 3133 2278 3196 C
2313 3162 2343 3200 a
2384 3148 2588 3203 dextris
2612 3148 2717 3203 tuis
2758 3149 2814 3203 in
2843 3149 3049 3204 vestitu
3075 3149 3325 3203 deaurato
3352 3131 3693 3198 circumdatam

609 3240 708 3294 bra
746 3235 898 3311 gravi
951 3234 1239 3309 palliorum
1289 3254 1456 3292 onere
1505 3244 1915 3309 prmgravcntur
1962 3254 1974 3290 :
2016 3235 2110 3291 sed
2154 3243 2209 3291 et

609 3345 766 3385 usum
794 3326 1001 3400 pariter
1031 3330 1327 3384 exhibeant
1357 3337 1410 3383 et
1433 3326 1707 3384 decorem.

690 3442 707 3472 ‹
743 3419 991 3476 Similem
1035 3429 1091 3475 et
1138 3420 1245 3475 mel
1275 3429 1329 3475 et
1369 3419 1548 3475 oleum
1579 3418 1884 3486 eomedisti,
1920 3426 1973 3475 et
2012 3417 2208 3473 decora

609 3509 753 3570 facta
780 3529 839 3570 es
863 3513 1215 3569 vehementer
1239 3511 1419 3567 nimis.
1455 3533 1473 3563 )
1510 3511 1641 3566 Post
1669 3513 1941 3576 vestitum,
1965 3511 2209 3566 ciborum

610 3620 799 3660 curam
845 3601 1148 3675 gerit,'ut
1205 3602 1453 3659 comedat
1511 3600 1809 3658 Jerusalem
1866 3602 2101 3659 similam
2155 3611 2211 3657 et

609 3695 717 3751 mel
745 3703 800 3751 et
820 3694 998 3750 oleum
1027 3713 1038 3747 :
1066 3692 1151 3750 vel
1191 3710 1287 3765 per
1328 3701 1514 3764 partes
1539 3700 1598 3747 ut
1625 3693 1869 3764 plerique
1915 3693 2206 3757 :estimant,

607 3787 694 3843 vel
724 3786 1104 3843 commistione
1131 3786 1296 3841 trium
1336 3785 1635 3841 dulciorem
1672 3800 1887 3855 panem,
1923 3784 2015 3855 qui
2054 3783 2211 3853 panis

610 3876 679 3933 de
701 3877 840 3933 coelo
862 3876 1158 3942 descendit,
1189 3892 1253 3932 ac
1276 3878 1375 3932 sub
1406 3876 1580 3932 tribus
1610 3876 1920 3931 nominibus
1947 3890 1961 3928 :
1990 3883 2051 3929 ut
2074 3891 2211 3929 non-

556 3998 577 4014 -
608 3969 741 4026 nulli
772 3979 1000 4040 putant,
1047 3978 1460 4026 sacramentum
1487 3968 1693 4027 indicat
1733 3968 2036 4027 Trinitatis.
2084 3967 2209 4026 Non

609 4079 717 4135 quo
749 4064 857 4119 alia
897 4071 1060 4135 atque
1092 4064 1195 4120 alia
1227 4065 1528 4122 substantia
1573 4067 1663 4133 sit,
1699 4065 1795 4122 sed
1841 4082 1948 4137 quo
1978 4064 2208 4122 diversis

608 4155 803 4211 simila:
833 4164 888 4212 et
918 4156 1115 4225 mellis,
1140 4157 1341 4224 ett'olei
1380 4158 1714 4224 nominibus,
1743 4157 1946 4225 Patris,
1976 4167 2032 4213 et
2061 4156 2202 4223 Filii,

608 4256 663 4302 et
690 4247 927 4318 Spiritus
972 4250 1166 4313 sancti,
1197 4265 1302 4303 una
1348 4249 1577 4306 dulcedo
1608 4259 1960 4305 monstretur.
2007 4251 2074 4304 Et
2103 4250 2206 4305 hoc

611 4338 1174 4404 animadvertendum,
1205 4334 1424 4409 quodin
1452 4341 1637 4394 multis
1668 4334 1972 4406 sacrificiis,
2004 4340 2205 4395 offera-

613 4432 700 4484 tur
723 4426 921 4493 simila,
952 4426 1007 4483 id
1032 4436 1134 4494 est,
1161 4428 1395 4484 medulla
1422 4424 1680 4485 frumenti
1710 4443 1871 4501 atque
1892 4431 2204 4501 purissima,

612 4516 681 4576 de
710 4534 818 4591 qua
844 4519 1109 4589 scriptum
1134 4528 1217 4576 est
1241 4539 1253 4575 :
1286 4539 1303 4572 ι
1341 4519 1407 4575 Ει
1436 4521 1503 4576 de
1525 4522 1683 4590 adipe
1703 4519 1959 4576 frmnenti
1989 4522 2209 4577 satiavit

610 4626 704 4667 eos
729 4600 904 4683 (Ρξςὰτ.
930 4608 1119 4685 Lxxx),
1157 4632 1175 4663 ι
1210 4628 1318 4667 non
1358 4613 1425 4668 de
1455 4613 1660 4668 hordeo
1688 4627 1865 4682 neque
1898 4613 1966 4667 de
2006 4612 2207 4683 farina,

612 4719 734 4775 quae
760 4708 889 4759 tunc
935 4702 1108 4759 selum
1142 4698 1392 4771 oﬂ‘ertur,
1421 4696 1640 4775 quando
1666 4705 1899 4761 maritus
1928 4705 2209 4779 zelotypiae

611 4796 807 4866 spiritu
828 4805 1219 4852 commovetur.
1245 4794 1304 4853 In
1331 4795 1581 4855 Judicum
1604 4799 1878 4858 volumine
1900 4801 2205 4858 Debboram

610 4886 875 4959 legimus,
911 4902 1030 4959 quae
1078 4888 1468 4958 interpretatur
1506 4893 1645 4961 apis,
1698 4893 1854 4964 cujus
1902 4892 2206 4963 Prophetia:

608 4980 769 5035 mella
803 4979 1117 5035 dulcissima
1148 4986 1296 5044 sunt,
1326 4986 1379 5034 et
1408 4978 1642 5035 refertur
1672 4972 1740 5038 ad
1780 4982 2043 5054 Spiritum
2077 5001 2205 5041 san-

608 5080 783 5137 ctum,
807 5070 899 5140 qui
927 5069 1064 5139 apud
1090 5067 1347 5124 Hebraaos
1376 5071 1675 5140 appellatur
1710 5090 1907 5145 genere
1944 5077 2203 5133 feminino

612 5178 735 5227 rua,
761 5158 813 5215 in
844 5154 1138 5230 Evangelio
1166 5176 1381 5232 quoque
1415 5152 1765 5220 Hebrzeorum
1794 5168 1939 5236 quod
1963 5169 2205 5226 lectitant

612 5250 879 5316 Nazarmi,
914 5246 1163 5307 Salvator
1185 5244 1459 5309 inducitur
1483 5238 1709 5325 loquens
1736 5275 1748 5310 ε
1774 5276 1792 5309 ‹
1828 5258 1986 5315 Modo
2011 5276 2099 5316 me
2119 5278 2207 5317 ar-

611 5342 780 5417 ripuit
794 5351 968 5399 mater
983 5361 1102 5400 mea
1125 5344 1359 5417 Spiritus
1376 5355 1615 5404 sanctus.
1639 5370 1659 5403 ι
1682 5348 1850 5408 Porro
1870 5352 2068 5421 simila,
2083 5370 2203 5427 quae

614 5434 682 5493 de
701 5434 976 5501 frumento
1008 5436 1311 5505 conficitur,
1332 5438 1564 5495 refertur
1592 5442 1660 5497 ad
1682 5441 1993 5511 Dominum,
2017 5446 2110 5517 qui
2135 5447 2200 5503 de

615 5529 906 5601 semetipso
933 5531 1047 5586 ait:
1084 5550 1102 5584 ι
1136 5530 1252 5587 Nisi
1288 5550 1517 5606 granum
1550 5536 1719 5592 tritici
1744 5539 2031 5606 ceciderit,
2060 5541 2199 5596 etin

616 5631 764 5678 terra
800 5631 1073 5678 mortuum
1122 5624 1303 5692 fuerit,
1340 5626 1512 5697 ipsum
1547 5629 1724 5685 solum
1770 5640 1970 5687 manet.
2007 5632 2064 5689 Si
2098 5649 2197 5688 au-

618 5723 729 5773 tem
756 5724 1026 5775 mortuum
1064 5716 1251 5786 fuerit,
1278 5719 1508 5777 multum
1543 5722 1782 5780 fructum
1826 5724 1983 5782 affert
2011 5724 2193 5796 (Jaau.

2310 3248 2422 3295 tate
2469 3226 2641 3311 (Ρεαι.
2683 3240 2853 3311 xmv).
2884 3261 2903 3293 ›
2947 3240 3124 3297 Omne
3168 3248 3338 3294 autem
3374 3232 3488 3306 quod
3513 3221 3694 3284 dicinmb

2309 3330 2631 3397 Jerusalem,
2678 3346 2745 3387 nc
2792 3332 2848 3387 in
2893 3332 3125 3403 singulis
3166 3332 3465 3390 limi-eamus,
3495 3330 3536 3375 et
3560 3317 3694 3403 libum

2310 3422 2623 3492 magnitudo
2654 3422 2868 3478 taedium
2904 3398 3210 3495 legentibus
3251 3420 3417 3483 faciat,
3455 3398 3693 3468 referatthl

2310 3512 2617 3567 ecclesiam.
2654 3510 2711 3568 Si
2756 3513 2900 3568 enim
2926 3513 3228 3569 Jerusalem
3262 3510 3403 3581 juxta
3419 3498 3694 3577 Apostolnmw

2309 3612 2393 3659 ter
2442 3612 2632 3659 nostra
2680 3612 2784 3671 est,
2841 3612 3022 3660 mater
3065 3613 3242 3660 autem
3288 3610 3449 3658 nostra
3483 3587 3691 3679 eodem

2310 3703 2705 3765 consequenter
2760 3694 3067 3753 Jerusalem
3113 3694 3333 3752 ecclesia
3372 3698 3471 3754 est:
3507 3689 3616 3738 mw
3644 3686 3694 3742 Ψ

2309 3786 2643 3851 mitivorum,
2684 3786 2775 3855 qui
2806 3786 3067 3859 descripti
3090 3794 3213 3843 sunt
3240 3786 3292 3840 in
3315 3781 3460 3839 caelis.

2374 3898 2393 3931 ι
2431 3880 2498 3934 Ει
2526 3895 2803 3952 egressum
2835 3888 2922 3936 est
2954 3898 3157 3939 nomen
3184 3891 3324 3939 tuum
3354 3877 3404 3935 in
3436 3876 3570 3947 gentm
3585 3872 3694 3937 Pw!”

2316 3992 2337 4031 ι
2382 3974 2621 4049 speciem
2648 3982 2838 4037 tuam:
2872 3974 3010 4047 Quia
3036 3979 3273 4050 perfecta
3297 3988 3406 4031 eras
3426 3970 3471 4024 in
3494 3964 3691 4050 60W”?!

2316 4089 2336 4122 ι
2382 4036 2545 4141 quem
2588 4070 2745 4140 posui
2793 4036 2956 4141 supér
2984 4036 3060 4138 te:
3103 4070 3236 4127 dicit
3274 4061 3495 4122 Dominus
3516 4036 3695 4141 Dm}?

2310 4137 2609 4221 est'sensus
2628 4184 2641 4218 :
2661 4137 2947 4225 Beneficiis
2970 4137 3127 4231 meis,
3153 4173 3367 4231 meaque
3387 4137 3694 4231 incrdibili“?

2311 4264 2423 4313 tate
2467 4258 2537 4312 ad
2583 4257 2783 4326 reginae
2812 4227 3138 4313 vocabulum
3184 4227 3546 4325 pervenistiii“
3568 4227 3693 4326 “mf

2311 4348 2558 4404 omnium
2582 4347 2825 4420 gentium
2850 4363 3034 4404 sermo
3049 4348 3364 4421 imperetur,
3382 4343 3431 4392 et
3573 4322 3694 4421 mf

2314 4440 2524 4495 meritis
2551 4400 2713 4511 al,qu
2737 4439 3063 4507 virtutibus...
3089 4400 3189 4497 δὶα
3213 4448 3327 4491 mea
3346 4414 3592 4485 Ῑίδθτίδίθίθ

2314 4540 2422 4587 cta.
2466 4550 2486 4582 ι
2534 4506 2652 4586 Nisi
2691 4531 2837 4587 enim
2884 4531 3145 4588 Dominus
3179 4518 3491 4586 mditicaverit

2313 4638 2515 4677 vanum
2554 4623 2944 4678 laboraverunt
2964 4624 3059 4695 qui
3085 4621 3345 4678 aedificant
3368 4624 3486 4667 eam-
3511 4597 3591 4698 Νίθί,

2313 4730 2416 4770 nus
2446 4714 2765 4770 custodierit
2793 4685 3094 4783 civitatem,
3120 4713 3314 4769 frustra
3334 4686 3592 4774 vigilantqu

2313 4805 2471 4861 diunt
2493 4820 2613 4860 eam
2639 4803 2812 4877 (Psal.
2841 4804 3046 4878 cxxvr).
3135 4803 3233 4871 Qui
3259 4798 3445 4871 plantat
3473 4783 3590 4842 θυίων

2311 4898 2477 4969 rigat,
2509 4868 2773 4964 nihil‘est,
2804 4898 2909 4953 nisi
2946 4868 3205 4954 Dominus
3221 4868 3412 4950 dederit
3433 4868 3693 4969 ἱιιοιθωξυξξ

2312 4989 2439 5060 quia
2482 5006 2501 5039 ί
2532 5003 2641 5043 non
2680 4997 2764 5043 est
2794 4988 3025 5046 volentis
3052 5000 3222 5057 neque
3258 4970 3505 5036 currentis,

2312 5042 2483 5136 {satis
2517 5042 2619 5135 es
2634 5042 2637 5043 ί
2656 5042 3027 5153 (uenisti
3068 5042 3419 5149 vinosum
3447 5042 3696 5153 θωυίέῘῇ

2312 5188 2457 5241 mus,
2476 5174 2721 5230 dicamus
2744 5192 2756 5227 :
2783 5193 2801 5225 ι
2832 5172 2988 5230 Servi
3011 5172 3222 5230 inutiles
3235 5175 3419 5224 sumus.
3434 5136 3695 5241 (ιω-ΜΕ

2313 5220 2495 5325 facere
2538 5266 2767 5322 fecimus
2789 5265 2943 5338 (Luc.
2974 5266 3127 5339 xvu).
3163 5284 3184 5317 ι
3213 5259 3432 5323 Nonii“0
3451 5256 3508 5339 9⁸

2315 5359 2389 5414 tia
2416 5359 2512 5413 Dei
2560 5310 2806 5415 liberum\
2830 5359 3035 5415 homini
3065 5310 3272 5414 tollatur
3301 5337 3551 5402 arbitrium.
3575 5310 3697 5375 δείξω

2311 5451 2430 5522 ipsa
2440 5450 2673 5551 libertas
2698 5452 2985 5509 Dominum
3013 5453 3210 5509 habere
3221 5421 3698 5551 ‘dfbﬁal‘f‘jﬂmw

2386 5562 2405 5595 ι
2440 5543 2508 5597 Et
2539 5545 2745 5601 habens
2786 5545 3041 5603 ﬁduciam
3074 5545 3127 5600 in
3151 5525 3501 5634 Pulchri”qu

2313 5654 2333 5688 ‹
2379 5644 2500 5691 cata
2532 5653 2592 5692 es
2638 5638 2693 5691 in
2744 5638 2963 5692 nomine
3001 5647 3111 5701 tuo,
3153 5640 3205 5688 et
3227 5611 3485 5730 exposui-il:
3489 5600 3647 5730 im?
3641 5600 3695 5730 εἴ

2313 5748 2330 5780 σ
2375 5745 2498 5784 nem
2534 5738 2681 5785 tuam
2710 5730 2858 5787 omni
2902 5727 3215 5793 transeunti,
3243 5732 3295 5778 ut
3333 5715 3433 5786 ejus
3457 5702 3625 5761 ὕδνων)
