3938 6360
131 312 237 370 επ
312 328 315 335 .

131 435 347 493 Grande
367 434 658 492 discrimen
687 444 797 488 non
847 433 904 488 in
931 431 1030 487 Dei
1066 430 1374 493 clementia,
1401 427 1495 480 sed
1529 426 1580 478 in
1612 440 1711 477 suo
1737 428 1788 486 Α

131 527 323 582 decore
362 525 651 581 conﬁdere.
683 523 1004 593 Quantoque
1043 523 1164 592 quis
1210 517 1492 575 sublimior
1522 514 1703 582 fuerit,

129 617 287 672 debet
324 617 512 671 timere
544 630 613 670 ne
659 623 899 679 corruat,
944 620 997 668 et
1049 611 1345 666 fornicetur
1387 608 1438 661 in
1491 607 1707 661 nomine

129 722 248 763 suo.
294 705 633 762 Adversariaa
678 705 943 775 siquidem
982 707 1297 774 potestates,
1350 697 1536 753 solitos
1578 710 1709 753 con-

131 807 374 858 temnunt
422 799 592 865 cibos,
641 807 696 853 et
738 796 1020 869 peregrina
1069 795 1323 849 alimenta
1374 790 1702 846 desiderant.

131 890 284 947 Unde
322 891 392 946 de
423 888 636 945 diabolo
674 889 873 943 dicitur
900 905 913 941 :
944 906 963 939 ‹
997 886 1149 942 Escae
1186 884 1301 954 ejus
1341 882 1524 940 electa:
1569 881 1708 954 (Ha-

129 980 243 1035 bac.
271 978 330 1052 ι).
362 999 380 1031 ι
409 977 525 1033 Non
560 979 673 1033 vult
700 977 993 1049 quemlibet
1032 977 1300 1047 decipere.
1337 972 1468 1030 Snul
1494 986 1701 1045 regem,

128 1072 225 1141 qui
249 1070 453 1126 electus
479 1086 511 1124 a
540 1069 768 1125 Demino
798 1076 905 1137 est,
938 1077 990 1124 et
1018 1066 1212 1123 Juda’m
1243 1065 1541 1138 apostolum
1578 1080 1707 1134 sup-

127 1162 366 1232 plantare
416 1158 653 1216 festinat.
692 1158 813 1216 Non
842 1175 970 1232 ergo
1016 1157 1347 1214 conﬁdamus
1392 1157 1447 1211 in
1486 1155 1706 1226 propria

128 1250 548 1322 pulchritudine,
584 1266 683 1306 nec
708 1250 802 1305 D'ei
849 1250 1251 1315 liberalitatem,
1280 1252 1519 1304 nostram
1548 1258 1703 1318 pute-

130 1358 252 1397 mus
270 1357 392 1397 esse
421 1342 713 1408 virtutem;
755 1343 846 1397 sed
874 1343 1055 1413 potius
1084 1341 1397 1396 audiamus:
1431 1360 1448 1391 ι
1484 1338 1560 1394 Ne
1594 1340 1706 1410 glo-

126 1435 286 1490 rieris
321 1436 374 1489 in
400 1437 717 1491 crastinum.
747 1434 936 1491 Nescis
958 1436 1101 1489 enim
1128 1433 1256 1505 quid
1280 1435 1457 1504 pariat
1480 1440 1705 1487 ventura

125 1525 241 1582 dies
271 1525 451 1599 (Prov.
490 1526 695 1599 xxvn);
730 1546 746 1577 ι
781 1534 835 1580 et
878 1525 932 1579 in
971 1524 1077 1580 alio
1127 1525 1284 1581 loco:
1321 1542 1339 1574 ι
1368 1523 1607 1588 Fratres,
1659 1522 1706 1578 si

120 1626 429 1687 przeVentus
471 1614 635 1671 fuerit
682 1618 844 1671 homo
891 1616 945 1669 in
980 1614 1158 1684 aliquo
1190 1615 1433 1685 peccato,
1466 1618 1584 1678 vos,
1612 1612 1706 1681 qui

120 1711 397 1781 Spiritales
419 1711 575 1775 estis,
605 1708 850 1781 perlicite
876 1708 1179 1779 hujusmodi
1224 1708 1277 1762 in
1313 1706 1507 1777 spiritu
1546 1720 1700 1760 man-

1085 306 1441 367 COMMEN’I‘.
1482 305 1547 359 ΙΝ
1588 304 2040 359 EZECHIELEM.
2081 335 2152 345 ——
2189 304 2317 359 LIB.
2360 304 2468 359 VH.

3282 310 3384 369 678

1892 441 1910 474 ‹
1946 422 2012 476 Et
2040 422 2204 478 tulisti
2236 437 2366 477 vasa
2409 422 2621 477 decoris
2652 424 2747 489 tui,
2785 424 2853 479 de
2896 440 3029 482 auro
3057 441 3178 483 meo
3206 435 3263 484 et
3298 444 3388 486 ar-

1817 534 1836 567 ι
1883 524 2044 587 gente
2072 530 2210 581 meo,
2244 515 2388 583 quod
2418 514 2534 570 dedi
2565 515 2678 582 tibi,
2708 524 2764 571 et
2789 516 2967 573 fecisti
3005 505 3099 575 tibi
3126 521 3389 594 imagines

1816 629 1834 662 ι
1880 608 2229 674 masculinas,
2261 614 2315 662 et
2336 608 2601 662 fornicata
2626 598 2763 663 esin
2789 608 2889 664 eis.
2922 616 2947 662 ιλ
2969 609 3128 666 Juxta
3152 612 3386 670 litteram

1808 702 2070 756 Dominus
2091 701 2145 754 in
2164 700 2282 769 lege
2300 701 2558 771 praecepit
2574 708 2637 753 ut
2654 699 2846 756 tierent
2860 700 3149 770 thuribula,
3174 706 3387 774 phialae,

1808 790 2215 858 candelabrum,
2251 802 2387 846 arca'
2406 793 2733 858 testamenti,
2776 802 3078 863 cunctaque
3102 795 3189 851 vel
3226 810 3390 852 aurea

1807 885 1895 939 vel
1925 885 2203 950 deaurata,
2237 891 2290 939 et
2315 884 2420 938 alia
2450 900 2518 939 ex
2550 894 2797 956 argento,
2829 896 2951 956 qua:
2985 889 3167 942 omnia
3192 888 3392 944 confla-

1808 977 1888 1031 vit
1924 975 2258 1041 Jerusalem,
2291 985 2345 1030 et
2373 976 2539 1031 vertit
2577 976 2631 1031 in
2666 977 2808 1033 idola
2849 977 3023 1045 Belis,
3065 979 3177 1033 sive
3213 978 3393 1035 Baulis

1808 1069 2042 1124 Chanios
2076 1077 2131 1124 et
2170 1068 2458 1134 Astaroth,
2488 1077 2543 1123 et
2571 1068 2855 1125 Melchom‘.
2889 1069 3049 1125 Juxta
3084 1056 3393 1147 intelligens

1809 1161 1941 1215 tiam
1975 1159 2295 1230 spiritalem,
2329 1160 2395 1215 de
2427 1172 2559 1215 auro
2584 1169 2641 1215 et
2664 1168 2888 1233 argento
2910 1166 3221 1217 sanctarum
3245 1159 3394 1217 Scri-

1806 1262 2089 1325 pturarum
2134 1253 2276 1308 idola
2301 1252 2553 1319 facimus,
2584 1255 2800 1323 quando
2830 1255 3069 1326 gratiam
3106 1268 3299 1312 sensus
3336 1264 3393 1311 et

1807 1344 2126 1415 eloquentiae
2161 1345 2418 1401 haeretica
2446 1346 2715 1415 pravitate
2753 1349 3173 1419 corrumpimus,
3207 1358 3263 1404 et
3290 1358 3391 1419 po-

1808 1435 1987 1489 nimus
2027 1436 2080 1490 in
2118 1436 2315 1490 oculum
2346 1446 2413 1491 os
2442 1444 2686 1491 nostrum
2725 1445 2778 1491 et
2809 1436 2991 1508 lingua
3046 1446 3230 1494 nostra
3269 1450 3395 1508 pcr-

1810 1524 2007 1577 transit
2047 1523 2102 1577 in
2148 1531 2369 1579 terram.
2413 1522 2723 1580 Masculino:
2753 1522 3007 1580 dicuntur
3035 1526 3298 1597 imagines
3338 1527 3393 1581 in

1809 1612 2003 1684 quibus
2031 1614 2206 1670 omnis
2249 1615 2472 1671 bIBI'CS‘lS
2498 1615 2815 1683 fornicatur,
2847 1622 2915 1672 ex
2950 1630 3025 1672 eo
3050 1619 3195 1688 quod
3231 1628 3393 1673 unus-

1807 1708 2036 1778 quisque
2060 1722 2119 1764 se
2146 1715 2300 1779 putat
2331 1709 2707 1764 robustissima
2736 1709 2921 1765 colere
2946 1697 3015 1766 ef
3029 1711 3248 1777 habere,
3272 1716 3397 1781 qua!

115 1801 445 1865 suetudinis,
473 1799 820 1856 considerans
848 1800 1096 1869 teipsum,
1136 1802 1202 1852 ne
1232 1796 1372 1852 forte
1406 1810 1460 1852 et
1502 1804 1561 1851 tu
1593 1806 1707 1852 tcn-
1734 1816 1784 1876 Β
1810 1796 1987 1866 finxit,
2040 1813 2141 1854 nec
2190 1799 2299 1853 ulla
2341 1810 2499 1868 posse
2543 1801 2939 1870 oppugnatione
2987 1800 3247 1857 subverti.
3302 1799 3401 1856 Hae

111 1890 259 1944 teris
286 1888 427 1961 (Gal.
457 1890 549 1961 v1).
580 1910 600 1943 ι
633 1889 817 1959 Neque
857 1902 1189 1960 exponamus
1224 1889 1339 1945 sive
1367 1887 1706 1945 ei'i‘undamus

118 1981 535 2039 fornicationem
584 1982 824 2038 nostram
852 1982 997 2038 omni
1027 1982 1327 2037 transeunti
1366 1990 1426 2035 ut
1475 1997 1582 2036 non
1614 1981 1710 2036 Dei

120 2074 179 2128 in
208 2088 366 2144 quem
399 2070 692 2139 credimus,
723 2073 818 2128 sed
844 2073 961 2144 ejus
986 2070 1176 2127 fiamus
1203 2089 1233 2126 a
1264 2088 1371 2142 quo
1394 2071 1707 2142 polluimur,

122 2165 218 2233 qui
248 2170 441 2219 cuncta
479 2162 671 2233 recipit
715 2162 864 2229 vitia,
905 2170 960 2217 et
989 2163 1324 2217 diversorum
1365 2166 1709 2233 peccatorum

121 2254 372 2326 spiritum
406 2256 775 2309 transeuntem
799 2270 897 2309 suo
926 2255 1153 2323 suscipit
1186 2255 1410 2326 gremio,
1437 2263 1497 2308 et
1514 2254 1712 2309 divari-

125 2354 217 2402 cat
244 2344 407 2418 pedes
436 2362 562 2402 suos
603 2348 750 2403 omni
792 2346 1128 2404 transeunti:
1156 2349 1257 2403 iste
1286 2346 1511 2404 eﬂ'undit
1546 2348 1713 2403 forni-

124 2440 393 2496 cationem
441 2455 618 2506 suam,
652 2448 706 2495 et
757 2441 875 2512 ejus
913 2440 1104 2511 incipit
1150 2440 1421 2496 sustinere
1468 2438 1711 2497 domina-

126 2542 265 2601 tum,
288 2533 439 2605 cujus
463 2535 659 2603 hospes
682 2534 941 2589 extiterit.

205 2644 226 2675 ε
259 2618 327 2679 Ει
359 2624 577 2679 sumens
618 2625 684 2679 de
730 2625 1068 2680 vestimentis
1107 2622 1233 2692 tuis,
1277 2622 1453 2680 fecisti
1492 2623 1586 2679 tibi
1619 2638 1712 2678 ex-

128 2732 152 2770 (
198 2715 344 2771 celsa
371 2715 497 2770 hinc
528 2715 653 2770 inde
687 2725 934 2780 consuto,
964 2724 1017 2769 et
1040 2714 1302 2770 fornicata
1333 2730 1391 2770 es
1420 2729 1581 2785 super
1608 2713 1709 2778 cis,

128 2810 153 2860 ἀ
198 2804 338 2861 sicut
363 2808 470 2861 non
499 2814 582 2861 est
622 2804 848 2872 factum,
890 2808 1065 2875 neque
1092 2806 1328 2861 futurum
1359 2813 1462 2861 est.
1493 2825 1510 2856 ι
1557 2804 1712 2872 Quod

129 2913 295 2969 super
343 2896 644 2955 Jerusalem
694 2900 848 2971 juxta
904 2890 1139 2955 litteram
1209 2898 1432 2970 intelligi
1492 2906 1709 2969 potest,

123 2994 186 3045 ut
216 2992 395 3045 omnia
437 3002 703 3062 praecepta
726 2992 861 3063 legis
888 2999 942 3047 et
986 2991 1219 3058 divitias,
1269 3007 1333 3046 ac
1372 3008 1553 3047 rerum
1590 3005 1709 3046 om-

123 3081 280 3137 nium
328 3082 709 3137 abundantiam
765 3082 922 3138 idolis
963 3078 1341 3154 deputaverit:
1395 3080 1537 3151 quod
1581 3098 1715 3152 gens

1813 1902 1941 1948 sunt
1985 1893 2271 1965 imagines,
2302 1902 2436 1964 quas
2482 1895 2550 1949 de
2590 1903 2777 1950 nostro
2816 1896 2985 1950 corde
3028 1896 3305 1962 ﬁnximus,
3342 1896 3399 1952 et'

1813 1988 1932 2055 quae
1959 1985 2013 2038 in
2040 1986 2247 2040 caelesti
2290 1986 2587 2041 Jerusalem
2612 1987 2948 2042 destruenda‘e
2986 1995 3130 2042 sunt.
3162 1988 3238 2042 De.
3274 1989 3397 2059 qui-

1812 2071 1913 2131 bus
1937 2075 2206 2146 Propheta
2242 2077 2600 2146 pronuntiat:
2639 2097 2658 2129 (
2689 2077 2938 2147 Domine,
2971 2077 3025 2134 in
3055 2078 3275 2133 civitate
3311 2082 3405 2133 t'u'a‘

1815 2168 2077 2237 imagines
2104 2180 2292 2223 eorum
2336 2166 2816 2240 dissipabis(Psal.
2862 2170 3054 2240 LX’Xn).
3089 2188 3109 2221 ›
3144 2167 3403 2236 Quicum-

1814 2263 1921 2329 (lite
1950 2259 2094 2314 enim
2135 2259 2296 2314 homo
2323 2267 2426 2325 est,
2455 2267 2511 2314 et
2540 2259 2637 2314 Dei
2666 2266 2865 2315 nomen
2885 2261 3089 2327 amisit,
3115 2259 3316 2316 dicitur
3338 2256 3405 2316 de

1815 2358 1917 2407 eo:
1949 2370 1967 2403 ι
2001 2352 2382 2406 Verumtamen
2414 2351 2468 2406 in
2495 2351 2733 2422 imagine
2758 2352 3169 2422 perambulabat
3219 2353 3401 2420 homo,

1814 2448 2189 2497 verbmtatnen
2238 2440 2438 2497 frustra
2486 2442 2846 2498 conturbatur
2875 2442 3049 2515 (P5211.
3090 2442 3343 2515 manu).
3376 2444 3403 2497 ι’

1814 2529 1923 2588 Nos
1952 2542 2131 2588 antem
2154 2544 2320 2587 unum
2350 2534 2613 2589 habemus
2636 2535 2834 2601 virum,
2864 2543 2920 2589 et
2962 2544 3128 2590 unam
3172 2544 3405 2590 veneraé

1816 2634 1939 2680 mur
1966 2625 2274 2694 imaginem,
2308 2634 2425 2693 qua:
2458 2625 2731 2697 estimago
2762 2622 3047 2682 invisibilis
3073 2634 3131 2683 ct
3155 2626 3403 2699 omnipo-

1817 2716 1999 2771 tentis.

1892 2828 1909 2859 ι
1942 2808 2010 2862 Ει
2030 2808 2304 2878 sumpsisti
2325 2807 2644 2864 vestimenta
2670 2816 2761 2864 tua
2787 2806 3166 2883 multicoloria,
3195 2816 3253 2867 et
3272 2818 3404 2882 ope—

1823 2918 1841 2953 ‹
1888 2901 2045 2955 ruisti
2081 2900 2217 2956 illas.
2256 2921 2275 2952 ι
2310 2900 2642 2956 Subauditur
2667 2902 2939 2973 imagines
2966 2902 3311 2970 masculinas,
3344 2908 3404 2958 ut

1816 3000 2035 3048 manem
2072 2992 2275 3047 cultum
2299 3002 2463 3060 quem
2498 3003 2783 3061 acceperat
2826 2992 2901 3047 ad
2930 2994 3189 3048 utendum
3224 3000 3403 3049 verte-

1818 3085 1983 3140 retin
2038 3084 2451 3153 blasphemiam".
2501 3080 2615 3139 Hoc
2658 3091 2840 3139 autem
2883 3083 3145 3149 facimus,
3191 3085 3403 3154 quoties

125 3175 237 3230 alia
273 3191 378 3230 non
412 3173 599 3229 fecerit
640 3191 740 3230 nec
775 3174 982 3230 factura
1008 3176 1095 3230 sit.
1136 3173 1336 3230 Omnes
1360 3175 1504 3231 enim
1539 3175 1715 3230 natio—
1744 3181 1791 3243 ﬂ
1821 3177 2133 3248 prudentia,
2186 3176 2565 3247 temperantia,
2615 3174 2952 3241 fortitudine,
2991 3174 3219 3244 justitia,
3275 3176 3403 3229 cu'n—

123 3280 245 3331 ncs,
289 3282 408 3334 qua:
454 3283 485 3319 a
534 3266 799 3337 principio
835 3263 991 3322 idolis
1039 3265 1363 3331 servierunt,
1415 3280 1523 3320 non
1575 3260 1717 3320 tanti

122 3359 373 3414 criminis
411 3375 513 3413 rea:
552 3370 694 3414 sunt.
733 3357 929 3415 Nostra
977 3368 1157 3416 autem
1205 3354 1534 3423 IeruSalcm,
1594 3372 1713 3429 quae

122 3450 521 3519 interpretator
564 3453 692 3505 visio
739 3452 917 3522 pacis,
974 3452 1041 3507 ab
1099 3451 1365 3506 haereticis
1426 3449 1713 3517 scinditur,

123 3541 345 3612 quando
370 3556 534 3595 unum
561 3546 616 3595 et
642 3540 874 3595 alterum
910 3540 1276 3597 testimonium
1318 3541 1713 3611 scripturarum

122 3635 194 3691 de
239 3635 470 3705 propriis
500 3643 781 3704 carpentes
824 3633 957 3690 locis
1011 3641 1275 3689 conantur
1320 3649 1561 3699 assuerc,
1606 3632 1712 3697 his,

124 3724 326 3794 quibus
353 3740 457 3779 non
480 3733 682 3794 queunt
708 3733 961 3794 cooptare
985 3742 997 3753 ·
1028 3724 1092 3777 ad
1115 3722 1250 3793 quos
1272 3724 1327 3777 et
1346 3721 1713 3792 supradictum

122 3817 181 3871 in
214 3818 318 3871 hoc
344 3817 529 3871 eodem
556 3816 825 3888 Propheta
863 3816 1092 3889 legimus
1123 3836 1134 3870 :
1170 3836 1189 3867 ‹
1218 3815 1312 3871 Vm
1336 3815 1420 3870 his
1462 3814 1561 3886 qui
1584 3830 1714 3871 con-

121 3918 298 3965 suunt
325 3909 630 3974 cervicalia,
662 3909 761 3964 sub
786 3908 932 3963 omni
960 3906 1144 3962 cubitu
1176 3916 1392 3972 manus,
1425 3915 1481 3961 et
1510 3906 1715 3962 faciunt

119 4002 468 4071 operimenta
519 4004 682 4070 s‘uper
734 4006 896 4066 caput
945 3999 1213 4053 universae
1269 3998 1446 4052 :etatis
1494 3998 1710 4069 (Ezech.

120 4094 277 4165 λιιι).
315 4113 333 4144 ι
366 4092 521 4158 Quod
567 4091 684 4145 fieri
726 4090 986 4144 Dominus
1024 4089 1333 4158 prohibens,
1376 4088 1614 4157 loquitur
1660 4089 1716 4142 iit

116 4182 426 4253 Evangelio
467 4202 479 4235 :
529 4200 547 4232 ι
582 4179 750 4237 Nemo
804 4181 1032 4236 assumit
1085 4178 1499 4234 commissuram
1550 4178 1717 4249 pa‘nni

113 4275 284 4332 rudis
320 4274 375 4329 in
403 4274 572 4329 veleri
604 4274 946 4330 vestimento.
990 4272 1246 4343 Alioquin
1272 4271 1411 4327 tollit
1447 4272 1513 4327 de
1543 4270 1717 4340 pleni-

114 4365 319 4424 tudine
343 4366 461 4438 ejus
488 4373 543 4421 et
562 4364 714 4436 pejor
739 4366 974 4420 scissura
1011 4364 1122 4420 ﬁet.
1152 4362 1263 4419 Nec
1288 4358 1507 4419 mittunt
1531 4363 1717 4418 vinum

114 4473 331 4515 novum
356 4457 412 4512 in
439 4465 589 4512 utres
612 4463 821 4511 veteres
845 4453 1057 4527 (Matth.
1088 4454 1189 4526 ιι).
1229 4475 1247 4506 ι
1277 4453 1433 4510 Tales
1460 4461 1586 4509 sunt
1609 4451 1715 4507 Na-

1819 3271 2028 3340 Ctisque
2062 3270 2353 3324 virtutibus
2395 3267 2706 3323 hmreticam
2743 3266 3143 3323 circumda‘mu‘s
3172 3266 3381 3337 pravita

1818 3368 1949 3427 tem,
1974 3368 2031 3413 et
2053 3360 2152 3414 sub
2181 3358 2466 3414 occasione
2493 3372 2704 3425 earum,
2736 3356 3021 3427 simplices
3037 3364 3283 3426 quosque
3308 3356 3402 3412 de-

1818 3450 2070 3524 cipimus,
2108 3458 2167 3506 ut
2212 3450 2461 3505 videntes
2493 3446 2656 3505 mella
2693 3449 2981 3516 virtutum,
3025 3448 3281 3503 vitiorum
3318 3460 3406 3503 ve-

1818 3557 1960 3598 neua
1982 3556 2092 3598 non
2127 3550 2375 3597 caveant.

1894 3651 1915 3685 ι
1948 3633 2017 3688 Et
2042 3632 2227 3689 oleum“
2256 3643 2434 3686 meum
2454 3639 2511 3687 et
2538 3631 2831 3702 thymiama
2854 3644 3033 3685 meum
3062 3629 3291 3700 posuisti
3316 3642 3408 3685 co‘

1824 3743 1845 3777 ς
1890 3738 2006 3779 ram
2051 3724 2151 3780 eis.
2188 3722 2265 3777 Et‘
2283 3736 2479 3793 panem
2516 3736 2696 3777 meum
2738 3723 2907 3795 (Sive,
2948 3732 3009 3777 ut
3054 3721 3406 3794 Septuaginta

1824 3832 1851 3867 τ
1895 3814 2306 3881 transtulerunt,
2342 3828 2512 3884 panes
2540 3814 2721 3888 meos)’
2740 3829 2900 3884 quem
2927 3813 3050 3870 dedi
3082 3814 3218 3881 tibi;
3250 3813 3403 3869 simi-

1823 3923 1853 3958 «-
1889 3906 2014 3971 lam,
2049 3914 2104 3961 et
2134 3906 2334 3971 oleum,
2371 3913 2433 3959 et
2466 3906 2591 3973 mel,
2629 3906 2827 3977 quibus
2864 3905 3100 3960 enutrivi
3127 3912 3200 3971 te,
3226 3902 3407 3975 posui-

1826 4004 1845 4048 ἀ
1891 3997 1961 4052 sti
1984 4013 2049 4052 ea
2079 3998 2134 4051 in
2163 4008 2456 4066 conspectu
2481 4010 2679 4051 eorum
2704 3996 2759 4049 in
2790 3995 3013 4050 odorem
3051 3995 3355 4051 suavitatis.
3384 4006 3404 4047 ι

1820 4086 2015 4143 Oleum
2035 4087 2103 4142 de
2124 4101 2231 4157 quo
2263 4101 2423 4156 supra
2455 4085 2712 4150 diximus,
2744 4092 2799 4139 et
2839 4086 3139 4154 thymiama
3178 4086 3291 4139 sive
3330 4085 3415 4138 in-

1820 4186 2065 4241 censum,
2105 4176 2172 4231 de
2226 4190 2334 4245 quo
2377 4173 2663 4229 Psalmista
2713 4172 3105 4228 conclamata
3137 4171 3416 4244 Dirigatur

1820 4269 1997 4325 oratio
2020 4281 2145 4324 mea
2188 4268 2328 4323 sicut
2359 4267 2645 4321 incensum
2683 4265 2741 4319 in
2772 4271 3077 4334 conspectu
3110 4272 3202 4319 tuo
3228 4262 3409 4335 (Psul.

1821 4361 1967 4432 cu),
2006 4380 2029 4413 ι
2059 4368 2115 4415 et
2149 4372 2319 4431 panes
2368 4356 2756 4429 propositionis
2804 4366 2942 4426 quos
2985 4354 3217 4410 Domino
3254 4354 3409 4427 iube-1

1821 4468 1945 4510 mur
1987 4453 2225 4509 oﬂ'erre:
2258 4450 2494 4508 similam
2540 4464 2756 4523 quoque
2796 4463 3013 4505 sensum
3055 4448 3411 4520 purissimum

118 4551 321 4616 zaraei,
359 4549 454 4620 qui
494 4548 694 4604 veteris
744 4547 877 4617 legis
920 4546 1326 4601 observantiam
1373 4544 1712 4616 Evangelicae
1736 4539 2245 4615 D'Scripturamm,
2290 4551 2349 4600 et
2387 4543 2497 4598 mel
2540 4542 2684 4613 quod
2730 4542 2970 4615 gustavit
3016 4538 3314 4608 Jimatitan,
3356 4545 3414 4596 et

116 4638 315 4711 gratiae
353 4645 539 4709 aptare
567 4638 850 4692 conantur.
884 4634 951 4689 Et
986 4646 1173 4691 omnes
1206 4633 1477 4701 Haeretici,
1499 4634 1599 4704 qui
1633 4642 1710 4689 te-

116 4730 443 4788 stimonium
488 4730 545 4784 in
572 4744 670 4785 suo
697 4728 836 4794 loco,
866 4728 1025 4783 alteri
1057 4727 1237 4783 sensui
1278 4740 1598 4798 congruens,
1633 4725 1711 4781 al-

116 4824 234 4880 teri
278 4823 526 4878 nituntur
562 4835 783 4877 assuere
806 4838 819 4875 :
845 4828 968 4876 enm
999 4814 1219 4873 Domini
1258 4818 1436 4872 tunica
1479 4817 1712 4886 desuper

117 4922 276 4970 texta
301 4926 399 4985 per
417 4920 590 4969 totum
628 4911 801 4968 scindi
835 4910 1061 4973 omnino
1090 4920 1198 4965 non
1222 4909 1411 4979 possit,
1445 4910 1539 4964 sed
1566 4917 1712 4963 texta

119 5006 338 5076 Spiritu
363 5014 553 5063 sancto
590 5005 793 5060 nullam
819 5003 1045 5075 recipiat
1067 5003 1404 5059 scissione-ra.
1435 5000 1587 5069 Quod
1615 5017 1711 5056 anu

117 5107 237 5154 tem
264 5097 464 5153 dicitur
479 5096 637 5167 juxta
653 5094 1030 5166 Septuaginta,
1068 5113 1089 5148 ι
1114 5101 1300 5149 etnon
1332 5093 1580 5158 intrabis,
1614 5108 1712 5149 nee

116 5200 232 5257 que
246 5187 374 5253 erit,
400 5206 423 5240 ι
438 5187 541 5243 hoc
553 5186 838 5258 signiﬁcat,
855 5200 981 5241 cum
995 5185 1089 5239 tibi
1116 5184 1257 5240 idola
1278 5183 1474 5241 feceris
1494 5196 1716 5255 perver»

118 5291 317 5333 serum
346 5278 676 5351 degmatum,
708 5293 829 5349 quae
864 5278 1148 5332 arbitraris
1180 5277 1420 5344 excelsa,
1463 5284 1520 5336 et
1549 5278 1718 5333 fumid-

121 5379 255 5427 cata
280 5373 359 5427 sis
395 5386 557 5442 super
581 5373 681 5438 eis,
707 5372 935 5426 credens
962 5372 1015 5424 in
1045 5369 1150 5434 his,
1173 5380 1304 5439 aptae
1336 5370 1453 5440 ipsa
1484 5370 1710 5436 ﬁnxiSti,

118 5466 391 5535 templum
429 5465 526 5521 Dei
564 5466 768 5521 intrare
802 5478 910 5519 non
938 5462 1163 5533 poteris,
1200 5471 1256 5517 et
1300 5464 1590 5520 simulacra
1621 5474 1713 5520 tua

119 5556 489 5612 substantiam
524 5571 629 5612 non
670 5556 969 5621 habebunt,
1012 5568 1190 5623 neque
1231 5562 1391 5609 erunt
1434 5558 1487 5610 in
1530 5568 1715 5629 perpe-

120 5656 306 5716 tuum,
348 5649 561 5705 dicente
601 5648 888 5718 Apostoio:
924 5665 941 5696 (
972 5645 1186 5699 Scimus
1217 5646 1360 5699 enim
1408 5648 1529 5715 quia
1582 5649 1712 5703 nihil

119 5747 219 5795 est
234 5739 440 5796 idolum
466 5740 520 5795 in
554 5740 751 5794 mundo
776 5738 824 5813 (Ι
857 5735 980 5792 Cor.
1010 5733 1151 5806 Vill).
1186 5753 1203 5785 ι

1817 4639 1991 4711 aperti
2015 4645 2143 4696 sunt
2163 4637 2308 4694 oculi
2337 4636 2474 4706 ejus,
2508 4643 2564 4690 et
2590 4634 2927 4689 confortatus
2952 4639 3055 4697 est,
3094 4628 3406 4701 posuit’mia-

1816 4744 1940 4789 sera
1969 4730 2279 4787 Jerusalem
2316 4730 2373 4783 iu
2402 4733 2695 4797 conspectu
2733 4724 3024 4789 idolorum,
3062 4721 3185 4777 sive
3220 4734 3410 4779 coram

1817 4823 2155 4894 imaginibus
2191 4817 2540 4887 masculinis',
2596 4824 2658 4871 ut
2709 4816 2890 4872 essent
2944 4812 3039 4869 his
3076 4811 3132 4868 in
3182 4812 3411 4867 odorem

1819 4913 2128 4977 suavitatis,
2158 4926 2281 4981 qua:
2300 4917 2496 4964 natura
2518 4922 2623 4963 sua
2638 4906 2816 4963 dulcia
2835 4912 2985 4972 sunt,
3016 4911 3185 4976 atque
3199 4902 3409 4959 suavis-

1821 5003 1980 5060 sima.
2028 5000 2137 5057 Sed
2166 5000 2295 5055 dum
2348 4997 2654 5055 oﬂ’ermttur
2691 4995 2867 5063 idolis,
2918 4993 3187 5065 falsisque
3211 4993 3409 5051 doctri-

1821 5097 1928 5163 nis,
1958 5101 2249 5151 vertuutur
2274 5092 2331 5148 in
2359 5089 2795 5146 amaritudinem.
2950 5150 2957 5154 ,

1898 5204 1918 5239 ι
1944 5184 2013 5241 Et
2031 5185 2234 5242 factum
2262 5192 2365 5250 est,
2393 5183 2471 5237 ait
2499 5182 2758 5239 Deminus
2782 5182 2949 5249 Deus,
2982 5189 3037 5238 et
3066 5176 3239 5237 tulisti
3270 5176 3412 5236 illius

1826 5297 1855 5334 ι’
1892 5289 2033 5346 tuos,
2067 5285 2125 5333 et
2145 5276 2293 5332 tilias
2313 5283 2451 5340 tuas,
2477 5289 2613 5345 quas
2638 5272 2875 5347 genuisti
2889 5273 3047 5341 mihi,
3078 5270 3405 5329 et‘immola-

1827 5392 1848 5425 ‹
1893 5373 1964 5429 sti
1989 5373 2071 5429 eis
2119 5371 2189 5426 ad
2218 5370 2609 5426 devorandum.
2640 5366 2895 5436 Nunquid
2934 5374 3103 5437 parva
3135 5373 3223 5421 est
3249 5365 3410 5421 torni-

1828 5482 1849 5517 ι
1893 5464 2038 5519 catio
2063 5472 2157 5518 tua
2205 5460 2541 5516 immolantis
2580 5453 2719 5513 lili'os
2758 5470 2933 5525 meos,
2961 5466 3015 5513 et
3062 5457 3261 5513 dedisti
3292 5455 3413 5512 illos

1828 5578 1847 5611 ‹
1891 5570 2218 5613 consecrans
2250 5555 2348 5609 eis.
2380 5552 2448 5607 Et
2471 5559 2593 5624 post
2617 5562 2806 5607 omnes
2835 5550 3264 5606 abominationes
3287 5558 3407 5605 tuas

1826 5670 1844 5701 ε
1890 5658 1947 5704 et
1975 5647 2365 5703 fornicationes
2400 5659 2507 5698 non
2548 5658 2608 5699 es
2649 5642 2934 5698 recordata
2975 5642 3183 5704 dierum
3231 5636 3408 5693 adole.

1828 5759 1847 5790 ι
1894 5739 2115 5794 scentia:
2164 5745 2292 5802 tuae,
2337 5734 2552 5802 quando
2602 5746 2725 5789 eras
2769 5735 2929 5795 nuda,
2983 5742 3036 5787 et
3082 5727 3414 5787 confusionis
