3938 6360
208 259 294 318 681

1101 247 1456 311 (ΖΟΜΜΕΝΤ.
1496 248 1564 306 1N
1603 246 2060 306 BZECHIELEM.
2100 279 2168 293 —
2207 249 2352 328 LIB._
2386 248 2477 308 VII

3345 248 3456 310 682

205 373 502 448 cipiendum.
535 370 680 427 Dans
705 371 848 427 enim
879 370 1051 443 legem
1073 371 1147 425 ait
1175 384 1191 424 :
1223 390 1242 422 ι
1270 367 1509 425 Sabbata
1546 383 1667 424 mea
1703 375 1758 424 et
1784 374 1838 435 Α
1861 368 2044 434 stitue,
2090 367 2335 433 Domine,
2375 365 2743 438 legislatorem
2784 375 2946 435 super
2973 377 3066 420 eos
3092 345 3280 450 (Paul;
3303 364 3402 437 rx).
3431 386 3452 420 ι

205 467 306 524 dies
325 464 482 520 festos
523 477 672 518 meos
695 461 883 531 (Leuit.
907 461 1046 532 XIX).
1069 480 1088 514 ι
1121 460 1346 528 Quando
1377 468 1557 514 autem
1586 473 1768 515 reces-

204 563 370 614 serunt
399 569 428 609 a
465 555 599 620 Deo,
653 552 855 608 dicitur
899 552 980 608 eis
1007 569 1020 606 :
1052 550 1414 606 «Neomenias
1454 558 1667 606 vestras
1714 558 1770 606 et

203 647 403 704 sabbata
429 653 484 700 et
522 645 663 700 diem
694 657 950 715 magnum
977 657 1084 698 non
1112 641 1390 711 recipiam.
1417 638 1690 709 Jejunium
1716 648 1772 695 et

200 741 351 794 otium
367 749 420 794 et
434 737 802 794 solemnitates
814 743 1024 792 vestras
1043 735 1158 791 odit
1173 735 1351 790 anima
1366 749 1486 791 mea
1504 732 1638 808 (Isa.
1666 733 1729 809 ι).
1743 755 1763 788 ι

202 829 340 898 Quod
363 837 417 885 et
437 829 502 885 de
522 828 721 900 populo
751 828 1012 900 scriptum
1041 835 1144 884 est.
1188 827 1293 895 Qui
1320 828 1465 884 enim
1491 827 1643 900 prius
1669 827 1769 883 Dei

200 920 406 992 populus
426 920 745 988 vocabatur,
769 929 1071 992 postquam
1105 919 1333 976 recessit
1354 935 1386 975 a
1407 920 1542 986 Deo,
1567 921 1771 976 dicitur

200 1011 264 1066 de
286 1025 342 1065 eo
365 1008 430 1064 ad
455 1009 710 1081 Moysen:
733 1027 752 1062 ι
775 1009 1030 1066 Peccavit
1048 1008 1276 1079 populus
1301 1016 1425 1064 tuus
1444 1023 1606 1079 quem
1631 1007 1768 1062 edu-
1819 1050 1821 1052 .

198 1103 314 1158 xisti
339 1105 399 1159 de
420 1111 567 1158 terra
612 1102 835 1175 Egypti
872 1101 1069 1175 (Exod.
1103 1100 1300 1174 xxxii).
1332 1121 1351 1155 ι
1387 1101 1517 1169 Quae
1542 1101 1634 1156 hic
1669 1115 1770 1156 ex-

199 1197 357 1252 tensio
400 1211 596 1253 manus
639 1197 765 1252 alibi
811 1181 1042 1251 elevatiti
1097 1195 1210 1250 sive
1257 1193 1501 1249 visitatio
1548 1193 1767 1249 dicitur.

198 1286 409 1354 Quando
435 1287 580 1343 enim
620 1293 936 1358 peccantem
965 1299 1074 1340 non
1105 1284 1332 1354 corripit
1364 1283 1527 1350 Deus,
1553 1292 1772 1340 contra-

197 1377 276 1432 hit
314 1392 524 1436 manum
568 1392 742 1434 suam.
789 1375 886 1432 Sin
932 1383 1112 1431 autem
1151 1375 1479 1443 peccaverit,
1509 1382 1564 1429 et
1594 1373 1649 1428 in
1672 1373 1768 1429 Del

196 1468 408 1538 eruperit
453 1468 570 1539 lege
621 1475 924 1538 :egrotare,
973 1464 1210 1519 mittitur
1249 1463 1316 1518 ad
1359 1479 1483 1520 eum
1532 1461 1775 1519 visitatio

188 1558 337 1628 juxta
371 1559 503 1616 illud
540 1561 686 1630 quod
715 1559 768 1614 in
790 1557 1016 1630 psalmis
1043 1556 1259 1612 canitur
1286 1575 1299 1611 :
1337 1575 1355 1607 ι
1379 1555 1438 1611 Si
1465 1555 1773 1626 derelique-

194 1663 317 1709 runt
351 1654 444 1709 filii
472 1653 588 1724 ejus
616 1654 790 1726 legem
825 1668 1032 1720 meam,
1080 1663 1134 1709 et
1159 1655 1212 1710 in
1241 1651 1461 1721 judiciis
1482 1652 1618 1707 meis
1664 1667 1773 1710 non

1869 460 1938 516 Et
1966 461 2020 514 in
2045 459 2151 517 alio
2175 460 2294 516 loco
2323 478 2334 513 :
2371 477 2389 512 ι
2423 459 2625 531 Legem
2656 472 2795 529 pone
2821 458 2973 522 mihi,
3008 456 3255 538 Domine,
3287 455 3342 514 in
3369 459 3459 515 via

1869 560 1962 607 tua
1988 551 2160 626 (Psal.
2193 549 2364 624 xxvr).
2399 569 2418 604 ι
3333 601 3336 606 .

1945 662 1964 695 ι
2005 643 2072 699 Et
2114 642 2380 698 fornicata
2419 657 2478 698 es
2523 641 2578 696 in
2626 640 2751 696 ﬁliis
2784 639 3154 712 Assyriorum,
3189 625 3270 698 eo
3315 641 3460 714 quod

1876 753 1896 790 ι
1932 733 2164 790 necdum
2191 735 2360 790 fueris
2387 731 2623 804 expleta.
2657 731 2724 787 Et
2753 741 3041 804 postquam
3076 729 3345 796 fornicata
3377 750 3458 800 es,

1877 843 1898 879 ί
1935 841 2035 882 nec
2060 826 2138 886 sic
2169 841 2230 881 es
2269 826 2484 880 satiata.
2531 821 2600 878 Et
2638 822 3012 893 multiplicasti
3048 821 3461 879 fornicationem

1875 935 1896 968 ί
1931 925 2080 972 tuam
2105 917 2161 971 in
2192 924 2338 970 terra
2375 913 2635 969 Chanaan
2665 929 2786 967 eum
2818 911 3084 968 Chaldmis
3112 930 3125 966 :
3160 921 3215 968 et
3243 929 3345 970 nec
3380 914 3460 968 sic

1877 1027 1897 1062 ‹
1931 1009 2126 1063 satiata
2173 1022 2251 1062 es.
2277 1025 2296 1058 ›
2331 1005 2507 1077 Supra
2546 1005 2805 1075 scriptum
2836 1011 2920 1058 est
2951 1001 3276 1059 fornicatam
3303 999 3464 1057 Jeru-

1873 1100 2043 1156 salem
2103 1115 2227 1155 cum
2281 1097 2406 1153 filiis
2463 1095 2684 1169 Egypti
2740 1095 2931 1150 vicinis
2993 1094 3146 1162 suis,
3200 1094 3292 1166 qui
3339 1104 3466 1150 sunt

1872 1205 2189 1262 magnarum
2222 1189 2486 1242 carnium.
2519 1186 2616 1241 Hic
2641 1186 2808 1241 altera
2837 1186 3182 1257 Assyriorum
3213 1185 3464 1241 vicinitas

1874 1281 2164 1336 indicatur.
2187 1279 2255 1334 Et
2282 1287 2569 1350 propterea
2601 1278 2847 1348 utrisque
2869 1277 3156 1334 traduntur
3185 1267 3458 1358 gentibus,

1874 1375 2001 1447 quia
2015 1381 2367 1442 utrarumque
2393 1371 2682 1427 simulacra
2699 1371 2940 1426 venerati
2968 1380 3111 1425 sunt.
3157 1370 3463 1444 Ingredien-

1875 1475 2065 1536 tesque
2103 1463 2434 1529 Chaldeeam,
2476 1479 2596 1536 quae
2634 1471 2719 1538 est
2771 1473 2918 1518 terra
2955 1449 3232 1530 Chanaan,
3265 1451 3464 1544 imitati

1876 1568 2003 1615 sunt
2048 1574 2238 1616 eorum
2277 1573 2510 1627 errores,
2541 1573 2770 1630 quorum
2814 1557 3040 1628 imperio
3089 1556 3462 1626 subjacebant.

1880 1652 2188 1708 Secundum
2219 1650 2596 1722 trop010giam,
2651 1651 2717 1706 de
2767 1649 2888 1705 aliis
2931 1648 3192 1722 peccatis,
3246 1650 3313 1726 ad
3362 1648 3466 1703 alia

191 1744 602 1810 ambulaverint,
653 1743 884 1802 visitabo
937 1744 992 1797 in
1039 1744 1188 1816 virga
1230 1743 1545 1814 iniquitates
1585 1748 1776 1798 eorum
1805 1737 1852 1797 B
1882 1759 2024 1816 smpe
2070 1744 2408 1811 transimus,
2465 1758 2696 1815 cumque
2744 1759 2853 1798 non
2899 1743 3170 1814 egerimus
3221 1733 3466 1814 priorum
3507 1791 3514 1795 .

192 1832 362 1906 (Psal.
387 1836 670 1908 Lxxxvm).
699 1855 719 1888 ι
747 1834 814 1889 Et
842 1833 894 1889 in
917 1835 1022 1890 hoc
1057 1834 1328 1906 Propheta
1355 1833 1614 1904 scriptum
1643 1842 1727 1889 est
1751 1851 1764 1887 :

197 1943 219 1978 ι
251 1925 407 1981 Terra
455 1928 502 1982 si
548 1925 856 1997 peccaverit
893 1926 1029 1982 mihi
1063 1935 1123 1981 ut
1161 1926 1440 1996 delinquat
1487 1924 1769 1992 delictum,

189 2018 466 2074 extendam
513 2033 735 2073 manum
785 2031 964 2073 meam
1012 2033 1174 2090 super
1217 2033 1361 2084 eam,
1405 2025 1460 2072 et
1488 2026 1771 2072 conteram

190 2109 580 2165 ﬁrmamentum
627 2107 785 2180 panis
826 2109 946 2181 ejus
969 2107 1143 2181 (Psal.
1173 2109 1304 2180 crv),
1349 2117 1454 2164 etc.
1485 2127 1504 2162 ›
1559 2107 1617 2163 In
1661 2123 1772 2178 quo

189 2199 473 2270 querimus
515 2200 643 2271 quid
696 2201 770 2256 sit
815 2201 960 2256 inter
1003 2200 1380 2256 extensionem
1431 2213 1658 2264 manus,
1715 2204 1774 2254 et

188 2291 526 2347 emissionem
550 2290 689 2362 ejus.
735 2291 1001 2362 Loquitur
1041 2290 1286 2346 diabolus
1325 2291 1394 2345 ad
1437 2289 1768 2346 Dominum:

193 2401 214 2434 ι
245 2381 384 2437 Mitte
407 2396 626 2437 manum
650 2390 821 2448 tuam,
845 2390 901 2437 et
921 2389 1083 2454 tange
1107 2380 1289 2436 omnia
1305 2395 1426 2450 quae
1453 2379 1638 2446 habet,
1663 2379 1770 2434 nisi

187 2473 247 2528 in
275 2471 406 2530 facie
435 2469 774 2530 benedixerit
812 2472 906 2528 tibi
953 2473 1097 2542 (Job.
1129 2472 1246 2546 11).)
1279 2472 1610 2543 Videturque
1637 2473 1772 2528 mihi

186 2564 328 2621 mitti
355 2578 547 2620 manus
569 2565 638 2620 ad
662 2565 1042 2636 probationem
1068 2579 1253 2620 eorum
1280 2563 1478 2635 quibus
1510 2563 1768 2622 mittitur.

184 2652 412 2708 Extendi
441 2661 622 2709 autem
650 2654 719 2710 ad
745 2665 936 2726 paruas
963 2668 1174 2720 eorum,
1205 2654 1296 2723 qui
1331 2663 1611 2711 merentur
1646 2670 1776 2726 sup-

181 2743 362 2814 plicia,
378 2757 480 2800 nec
495 2744 670 2800 solum
680 2745 926 2802 extensio
938 2753 994 2800 et
1007 2745 1250 2811 emissio,
1268 2746 1363 2801 sed
1379 2746 1639 2816 expansio
1655 2761 1776 2800 ma-

181 2849 288 2891 nus
302 2835 394 2891 Dei
415 2835 635 2903 dicitur,
651 2835 789 2892 Isaia
802 2849 871 2891 ex
886 2850 1119 2907 persona
1136 2835 1349 2891 Domini
1368 2835 1743 2907 proclamante
1758 2850 1774 2891 :

187 2943 210 2978 α
240 2925 376 2982 Tota
415 2926 501 2982 die
539 2927 775 2999 expendi
822 2942 1018 2983 manus
1058 2942 1213 2984 meas
1249 2928 1318 2982 ad
1354 2929 1611 2998 populum
1664 2943 1778 2986 non

183 3015 499 3072 credentem
550 3025 608 3072 et
655 3017 1117 3074 eontradicentem
1155 3016 1292 3090 (Isa.
1321 3016 1471 3088 va).
1495 3037 1515 3071 ι
1543 3016 1778 3075 Sanctus

184 3124 416 3182 quoque:
430 3110 614 3166 levare
648 3120 906 3168 narratur
950 3125 1165 3177 manus,
1203 3109 1484 3182 Scriptura
1516 3111 1771 3171 dicente:
1805 3099 1850 3166 C

186 3223 207 3254 ι
231 3203 476 3259 Elevatio
503 3218 762 3260 manuum
787 3213 1033 3261 mearum
1055 3204 1383 3279 sacrificium
1408 3203 1782 3276 vespertinum

179 3293 362 3367 (Psal.
394 3296 540 3369 cn).
564 3314 583 3350 ι
614 3295 851 3354 Sublatis
890 3306 1073 3354 autem
1109 3299 1365 3371 legitimis
1398 3299 1494 3354 Dei
1521 3314 1552 3354 a
1584 3299 1782 3370 populo

179 3384 494 3443 Iudaeorum
524 3388 922 3460 interrogemus
944 3405 1040 3446 eos
1069 3405 1233 3460 quam
1260 3391 1496 3448 habeant
1521 3392 1657 3462 legis
1680 3395 1780 3450 ob-

178 3482 516 3538 servantiam
551 3499 564 3535 :
601 3481 864 3539 Victimas
921 3483 1134 3540 sublato
1187 3485 1386 3555 templo
1435 3494 1604 3556 atque
1649 3489 1781 3544 sub-

177 3587 346 3630 verso
383 3572 580 3629 offerre
622 3588 730 3630 non
767 3583 1016 3644 possunt,
1045 3589 1147 3632 nec
1181 3577 1552 3632 adulterarum
1581 3579 1784 3650 lapida-

177 3665 288 3730 tio,
335 3674 768 3736 caaterorumque
809 3666 1102 3722 criminum
1147 3667 1265 3738 lege
1313 3666 1575 3725 concessa
1627 3685 1786 3727 exer-

175 3771 314 3812 cere
339 3766 540 3827 potest,
564 3766 621 3814 et
639 3758 853 3814 vacatio
880 3767 1040 3815 terra:
1067 3774 1212 3815 anno
1234 3759 1578 3819 remissionis
1602 3770 1656 3819 et
1684 3777 1786 3819 ca:-

175 3860 306 3904 tera
330 3849 659 3920 hujusmodi.
682 3851 854 3905 Datur
873 3859 1057 3907 autem
1079 3851 1135 3906 in
1159 3852 1370 3907 animas
1396 3853 1698 3910 odicntium
1727 3868 1787 3912 se

173 3941 426 3997 liliarum
470 3940 886 4006 Palestinarum,
919 3941 1137 4010 quando
1182 3943 1411 3997 traditur
1450 3942 1782 4000 Palestinis:

170 4047 326 4102 quos
368 4031 740 4088 indifferenter
781 4031 1134 4103 Septuaginta
1174 4032 1509 4102 alienigenas
1548 4042 1782 4089 vocant:

171 4137 326 4193 quas
372 4123 675 4195 intelligere
715 4137 1007 4194 possumus
1048 4123 1210 4180 urbes
1259 4124 1347 4178 vel
1392 4125 1587 4196 oppida
1632 4123 1789 4181 Pale-

171 4214 370 4269 stinaz.
395 4213 590 4272 Nostra
618 4229 832 4286 quoque
856 4213 1157 4272 Jerusalem
1182 4216 1228 4272 si
1257 4225 1651 4287 praetereamus
1679 4233 1786 4275 ca:-

171 4306 467 4364 remonias
515 4307 632 4375 Dei,
683 4316 740 4364 et
767 4317 990 4365 extenta
1029 4310 1198 4367 fuerit
1238 4327 1438 4368 manus
1472 4311 1590 4382 ejus
1626 4328 1789 4384 super

169 4417 312 4471 nos,
335 4411 393 4460 et
419 4403 597 4460 ablata
622 4413 818 4461 cuncta
844 4405 978 4477 legis
1000 4405 1351 4462 observantia
1379 4407 1622 4463 tradetur
1650 4407 1787 4463 ﬁlia-

169 4495 288 4554 bus
336 4495 622 4553 Palestina:
663 4503 720 4552 et
764 4511 872 4552 non
920 4495 1067 4554 ﬁliis.
1123 4496 1314 4568 Neque
1359 4500 1505 4556 enim
1549 4501 1785 4572 primum

170 4588 510 4646 fortioribus
547 4589 825 4660 suppliciis
869 4590 1172 4657 trademur,
1210 4592 1310 4647 sed
1345 4591 1500 4662 juxta
1532 4602 1784 4664 peccato-

171 4697 314 4738 rum
363 4681 681 4752 qualitatem
706 4679 1073 4751 inferioribus,
1112 4691 1174 4736 ut
1208 4685 1446 4756 correpti
1479 4686 1535 4740 in
1564 4687 1784 4754 minori,

169 4771 406 4841 majora
443 4772 781 4828 cruciatuum
817 4780 1110 4838 tormenta:
1135 4773 1392 4830 vitemus.
1436 4774 1783 4846 Philisthiim,

173 4866 297 4920 hoc
345 4873 455 4931 est,
480 4863 760 4931 Palestini,
808 4865 984 4935 prima
1019 4865 1329 4926 litterarum
1362 4878 1514 4939 parte
1555 4879 1782 4940 mutata,

168 4955 626 5025 interpretantur
649 4955 924 5022 cadentes,
950 4958 1144 5026 poculo
1171 4957 1290 5013 sive
1330 4957 1536 5015 factura
1581 4960 1790 5034 [Forte,

168 5043 414 5118 actura]
427 5060 525 5116 per
537 5061 658 5116 quae
678 5046 1014 5118 signiﬁcatur
1029 5050 1325 5108 tradendos
1347 5067 1446 5106 nos
1466 5051 1792 5108 adversariis

168 5136 582 5209 potestatibus,
605 5151 724 5207 qua:
739 5139 995 5195 biberunt
1013 5141 1080 5197 de
1097 5141 1269 5198 calice
1284 5142 1574 5216 Babylonis
1594 5153 1648 5200 et
1671 5158 1793 5199 cor-

167 5236 452 5294 ruerunt,
490 5236 548 5285 et
575 5243 804 5299 quarum
838 5244 1003 5301 opera
1037 5245 1296 5301 perversa
1330 5241 1476 5290 sunt.
1512 5234 1794 5305 Tantaque

173 5319 303 5375 erit
336 5319 556 5376 miserae
572 5318 872 5376 Jerusalem
895 5324 1177 5392 correptio
1199 5333 1362 5396 atque
1385 5325 1701 5397 ignominia,
1734 5335 1794 5381 ut

169 5413 555 5479 erubescant,
580 5413 741 5468 etiam
770 5413 902 5484 ipsae
940 5414 1268 5470 adversariae
1308 5425 1604 5486 potestates
1633 5431 1796 5489 super

169 5515 523 5567 nostrorum
553 5508 930 5578 magnitudine
952 5517 1324 5578 peccatorum.
1354 5510 1595 5566 Sublatis
1616 5520 1797 5568 autem

171 5599 551 5657 caeremoniis
580 5599 675 5655 Dei
699 5615 731 5653 a
765 5599 964 5668 populo
998 5597 1308 5656 Iudaeorum
1331 5604 1398 5658 ad
1425 5617 1525 5658 nos
1551 5618 1677 5659 cum
1707 5618 1798 5659 sa-

173 5692 458 5751 cerdotio
471 5692 666 5748 transit
679 5699 734 5746 et
748 5691 1041 5761 legislatio,
1055 5692 1337 5764 Scriptura
1352 5693 1566 5749 dicente
1583 5712 1596 5747 :
1625 5713 1642 5744 ε
1653 5693 1797 5750 Con—

616 5785 894 5846 Ρλτιοι.
926 5784 1064 5846 ΟΧ.

1811 4453 1867 4515 D

1876 1832 2144 1892 scelerum
2165 1832 2566 1904 paenitentiam,
2609 1846 2868 1902 augemus
2905 1831 3098 1887 delicta
3140 1830 3371 1898 delictis,
3411 1841 3466 1887 et

1877 1925 2026 1980 nullo
2049 1939 2236 1980 errore
2265 1925 2545 1979 satiamur.
2591 1921 2698 1980 Sed
2736 1923 2891 1994 quasi
2916 1922 3042 1978 fune
3071 1923 3231 2004 longo
3261 1931 3315 1978 et
3342 1913 3466 1978 cor-

1875 2016 2013 2088 rigia
2055 2013 2172 2087 jugi
2208 2014 2391 2070 vitula:
2430 2015 2701 2070 trahimus
2727 2025 2972 2086 peccata,
3002 2024 3058 2071 et
3085 2023 3468 2072 testamentum

1875 2117 2124 2164 nostrum
2150 2107 2264 2162 sive
2297 2105 2711 2163 fornicationem
2754 2107 3175 2176 multiplicamus
3200 2096 3270 2161 in
3323 2115 3468 2161 terra

1875 2199 2153 2265 Chanaan,
2177 2212 2297 2270 quae
2318 2199 2725 2270 interpretatur,
2755 2197 2911 2267 quasi
2946 2195 3244 2264 fluctuatio,
3267 2205 3469 2253 etcum

1875 2289 2163 2360 Chaldaeis,
2213 2291 2307 2361 qui
2349 2299 2405 2346 et
2452 2290 2555 2361 ipsi
2606 2291 2888 2346 nobiscum
2936 2297 3148 2355 sonant,
3178 2273 3470 2362 quasidzn—

1877 2381 2080 2447 monia,
2121 2393 2440 2450 semperque
2484 2379 2713 2449 vestigia
2751 2379 3013 2434 habemus
3059 2378 3116 2432 in
3153 2376 3356 2436 sabulo.
3400 2375 3470 2430 Et

1877 2489 2170 2546 numquam
2185 2489 2474 2546 possumus
2495 2473 2696 2540 dicere,
2721 2493 2739 2523 ι
2760 2474 2948 2528 statuit
2966 2489 3128 2544 supra
3142 2480 3353 2543 petram
3368 2486 3466 2542 pe-

1879 2568 1973 2624 des
2001 2581 2177 2634 meos,
2199 2587 2217 2619 ι
2243 2567 2730 2636 haereticorumque
2750 2565 3107 2636 pravitatibus
3127 2563 3468 2634 subjicimur,

1879 2661 1970 2730 qui
2017 2660 2219 2715 habent
2264 2657 2674 2715 similitudinem
2726 2658 3138 2724 daemoniorum,
3179 2655 3294 2711 sive
3337 2654 3470 2725 ipsis

1879 2752 2248 2818 daemonibus,
2293 2751 2360 2807 de
2401 2751 2599 2820 quibus
2653 2749 2854 2805 Paulus
2902 2749 3132 2806 scribit:
3172 2747 3330 2802 «Non
3385 2757 3472 2803 est

1879 2843 2038 2898 nobis
2073 2857 2252 2916 pugna
2294 2842 2582 2900 adversum
2624 2857 2846 2898 carnem
2893 2854 2948 2897 et
2998 2841 3334 2914 sanguinem,
3376 2840 3474 2895 sed

1881 2934 2166 2989 adversum
2203 2941 2446 2989 rectores
2488 2933 2837 2989 tenebrarum
2887 2935 3137 3000 istarum,
3186 2935 3475 2990 adversum

1881 3021 2149 3095 spiritalia
2170 3021 2426 3092 nequitia:
2450 3021 2506 3075 in
2533 3021 2845 3077 coelestibus
2876 3020 3092 3092 (Ephes.
3127 3020 3222 3092 vr).
3248 3039 3269 3073 ι

1958 3139 1978 3173 ι
2007 3121 2066 3176 In
2110 3136 2219 3192 quo
2260 3120 2534 3176 mundaho
2559 3134 2656 3176 cor
2681 3128 2853 3184 tuum,
2899 3117 2975 3173 ait
3017 3117 3277 3174 Dominus
3305 3116 3472 3183 Deus,

1889 3233 1908 3267 ι
1937 3229 2060 3270 cum
2081 3215 2250 3271 facias
2271 3215 2454 3271 omnia
2485 3215 2600 3270 haec
2627 3227 2793 3284 opera
2821 3209 3066 3268 mulieris
3091 3210 3394 3268 meretricis
3419 3215 3481 3268 et

1887 3325 1907 3361 ‹
1934 3306 2202 3377 procacis,
2231 3307 2360 3377 quia
2400 3305 2667 3361 fabricata
2690 3320 2751 3360 es
2781 3303 3008 3374 lupanar
3036 3311 3187 3358 tuum
3219 3303 3274 3358 in
3298 3301 3474 3372 capite

1888 3418 1908 3452 ‹
1932 3398 2109 3454 omnis
2137 3397 2258 3464 viae,
2290 3407 2347 3454 ct
2374 3397 2650 3454 excelsum
2680 3405 2832 3451 tuum
2868 3395 3042 3450 fecisti
3073 3395 3127 3448 in
3166 3393 3315 3452 omni
3351 3392 3476 3462 pla-

1890 3510 1910 3544 ι
1938 3501 2045 3558 tea,
2071 3508 2173 3548 nec
2201 3492 2342 3547 facta
2384 3506 2468 3559 es,
2503 3492 2657 3564 quasi
2711 3490 2970 3546 meretrix
3009 3488 3226 3544 fastidio
3268 3501 3476 3558 augens

1891 3603 1910 3637 ι
1939 3585 2195 3654 pretium.
2221 3605 2240 3637 ›
2271 3583 2395 3638 Haec
2421 3585 2601 3639 omnia
2633 3583 2698 3638 ad
2726 3581 3024 3637 Jerusalem
3046 3582 3286 3650 loquitur
3309 3581 3474 3646 Deus,
3512 3651 3520 3658 _

1884 3679 2028 3750 quod
2072 3677 2313 3733 invenire
2351 3691 2459 3732 non
2498 3677 2680 3732 valeat
2717 3691 2824 3747 quo
2849 3682 3201 3747 azgrotantem
3231 3680 3286 3728 ct
3316 3673 3480 3728 semi-

1885 3791 2076 3834 necem
2119 3775 2290 3846 possit
2319 3788 2512 3830 curare
2557 3769 2935 3833 medicamine,
2973 3765 3130 3835 juxta
3165 3765 3293 3820 illud
3335 3763 3480 3834 quod

1886 3870 2077 3926 scribit
2120 3869 2330 3924 Isaias:
2373 3885 2390 3918 ‹
2420 3865 2560 3934 Quid
2591 3871 2675 3919 est
2723 3862 2866 3931 quod
2905 3859 3064 3915 debui
3108 3857 3249 3912 ultra
3300 3856 3482 3912 facere

1885 3961 2059 4016 vineae
2098 3974 2256 4025 meae,
2291 3965 2348 4013 et
2383 3973 2490 4013 non
2543 3955 2766 4010 fecerim
2792 3953 2841 4005 ei
2872 3950 3008 4022 (Ian.
3031 3949 3107 4019 v).
3136 3968 3154 4002 ι
3195 3947 3263 4002 Et
3289 3946 3479 4003 Oscae:

1894 4069 1913 4102 ‹
1943 4049 2082 4117 Quid
2103 4049 2202 4104 tibi
2228 4048 2444 4111 faciam,
2471 4044 2749 4114 Ephraim,
2774 4041 2902 4112 quid
2928 4039 3124 4094 faciam
3153 4037 3282 4102 tibi,
3309 4035 3484 4091 Juda?

1889 4137 2262 4195 Misericordia
2298 4145 2498 4199 vestra,
2529 4135 2683 4204 quasi
2716 4133 2886 4186 nubes
2919 4129 3207 4193 matutina,
3238 4135 3294 4182 et
3321 4125 3483 4197 quasi

1889 4245 1982 4286 ros
2026 4243 2184 4284 mane
2227 4225 2596 4298 pertransiens
2641 4222 2786 4296 (03c.
2819 4224 2914 4292 γι).
2939 4243 2957 4274 ›
2998 4220 3305 4276 ldololatria
3333 4219 3481 4274 enim

1890 4329 1984 4377 tua
2013 4335 2121 4375 non
2151 4320 2204 4373 in
2234 4316 2468 4382 occulto,
2498 4317 2591 4372 sed
2623 4325 2735 4370 tota
2761 4313 3012 4370 libertate
3049 4312 3338 4370 commissa
3379 4317 3482 4376 est,

1891 4421 1954 4470 ut
1976 4413 2032 4468 in
2055 4412 2306 4468 omnibus
2333 4410 2544 4465 viarum
2568 4405 2850 4480 principiis
2876 4414 2930 4461 et
2959 4404 3209 4476 compitis
3242 4417 3480 4477 poneres

1893 4521 2018 4560 aras
2057 4512 2112 4560 et
2150 4505 2310 4559 bases
2360 4501 2472 4557 sive
2527 4499 2800 4556 excelsum
2846 4507 2996 4552 tuum
3052 4494 3141 4565 (de
3178 4509 3286 4565 quo
3320 4506 3485 4572 supra

1894 4594 2150 4666 diximus)
2205 4593 2412 4650 faceres
2461 4592 2517 4648 in
2567 4591 2715 4646 omni
2759 4589 2962 4658 platea,
3015 4601 3115 4641 nec
3160 4585 3371 4640 imitata
3423 4598 3485 4638 es

1893 4690 2117 4746 callidas
2137 4687 2471 4750 meretrices,
2502 4699 2622 4754 quae
2650 4682 2828 4738 solent
2852 4677 3166 4735 difﬁcultate
3194 4688 3394 4748 augere
3418 4673 3488 4729 li-

1891 4781 2094 4838 bidinis
2122 4779 2377 4851 pretium,
2417 4787 2471 4834 et
2500 4793 2566 4831 cx
2592 4777 2695 4831 hoc
2727 4773 2900 4844 magis
2927 4779 3201 4827 amatores
3241 4768 3310 4823 ad
3342 4767 3487 4822 insa-

1894 4871 2041 4926 niam
2062 4883 2379 4941 provocare.
2421 4867 2546 4922 Sive
2574 4867 2731 4937 juxta
2759 4863 3134 4935 Septuaginta,
3164 4874 3274 4914 non
3315 4857 3488 4924 fuisti,

1897 4963 2051 5034 quasi
2078 4960 2360 5025 meretrix,
2388 4973 2724 5030 congregans
2763 4955 3042 5012 mercedes
3072 4971 3085 5007 :
3117 4951 3212 5007 sed
3252 4948 3486 5016 dedisti,

1897 5070 2018 5125 quae
2061 5053 2308 5123 accipere
2335 5052 2616 5116 debueras,
2649 5059 2709 5104 ut
2733 5063 2834 5103 nec
2857 5048 2912 5102 in
2935 5058 3023 5111 eo,
3051 5043 3194 5114 quod
3222 5040 3488 5097 fornicata

1897 5159 1958 5201 es
1987 5144 2064 5200 et‘
2082 5152 2268 5199 secuta
2297 5142 2590 5207 daemones,
2613 5153 2802 5195 eorum
2847 5133 3210 5206 protegereris
3239 5130 3443 5188 auxilio
3473 5149 3486 5184 :

1898 5234 1993 5290 sed
2015 5234 2178 5289 variis
2212 5247 2470 5304 oppressa
2509 5228 2910 5299 captivitatibus
2934 5224 3168 5280 sentires
3205 5221 3486 5278 calamita-

1901 5334 1987 5381 tes
2033 5335 2170 5380 tuas.
2216 5324 2370 5391 Quod
2418 5323 2633 5392 quidem
2661 5328 2716 5374 et
2744 5319 2810 5374 ad
2837 5329 3054 5374 omnem
3085 5315 3322 5370 animam
3345 5314 3490 5370 chri-

1903 5416 2134 5471 stianam
2172 5414 2368 5472 referri
2404 5422 2600 5484 potest,
2636 5424 2756 5480 qum
2778 5412 2992 5464 deserto
3020 5406 3167 5462 cultu
3199 5405 3319 5470 Dei,
3346 5403 3492 5458 vitiis

1904 5525 1963 5567 se
2009 5511 2236 5566 luxuriae
2275 5507 2442 5580 pollui
2465 5505 2731 5577 permisit,
2761 5512 2815 5558 et
2846 5501 3161 5558 saecularem
3190 5505 3374 5555 secuta
3401 5511 3486 5550 vr-

1905 5611 2038 5670 tam,
2064 5618 2132 5657 ne
2167 5603 2220 5656 in
2247 5617 2312 5656 ea
2336 5598 2555 5670 quidem
2597 5597 2708 5666 egit
2758 5594 3012 5658 feliciter,
3061 5589 3155 5646 sed
3191 5599 3246 5643 ct
3271 5584 3491 5642 divitias

1906 5695 2180 5750 religionis
2204 5693 2458 5764 perdidit,
2503 5699 2556 5744 ct
2595 5688 2780 5743 mundi
2822 5684 3040 5741 divitias
3081 5697 3190 5738 non
3238 5679 3488 5749 accepit:

2894 5775 2975 5835 22
