3938 6360
1132 275 1489 335 ΕΟΜΜΕΝΤ.
1532 274 1601 330 IN
1639 272 2101 330 EZECHIELEI.
2141 304 2212 316 —-
2250 273 2378 330 LIB.
2422 275 2529 332 VII.

3336 279 3440 338 686

167 429 188 463 ι
229 415 281 464 et
297 404 535 462 revelata
560 409 644 458 est
672 399 966 472 ignominia
997 408 1089 454 tua
1115 398 1170 452 in
1224 396 1585 452 fornicatione
1631 404 1747 463 tua,
1777 410 1830 472 Α
1852 395 2175 463 Jerusalem,
2206 399 2332 468 quia
2363 413 2486 452 cum
2529 397 2687 454 idolis
2729 399 2992 454 fornicata
3022 405 3127 464 est,
3156 397 3286 467 quid
3320 411 3444 453 eam

167 522 189 555 ι
231 513 386 572 super
406 504 676 552 amatores
704 502 848 557 tuos,
871 502 926 547 et
945 505 1108 560 super
1119 489 1260 546 idola
1283 489 1748 544 abominationum

168 613 192 649 ι
233 605 440 651 tuarum
468 592 522 646 in
553 587 815 658 sanguine
845 584 1080 639 ﬁliorum
1107 590 1323 638 tuorum
1371 595 1508 651 quos
1555 580 1751 636 dedisti

167 706 189 740 ι
234 686 326 742 eis.
360 684 497 738 Ecce
521 694 624 750 ego
671 675 1010 748 congregabo
1047 688 1237 730 omnes
1281 682 1561 728 amatores
1607 680 1748 739 tuos,

169 799 192 832 ε
233 779 422 848 quibus
445 773 754 830 commixta.
781 783 862 836 es,
891 776 950 824 et
973 783 1169 823 omnes
1191 781 1331 836 quos
1357 765 1598 821 dilexisti
1627 779 1752 820 cum

170 887 190 920 ι
227 867 490 923 universis
522 878 658 934 quos
677 860 897 916 oderas.
926 860 991 914 Et
1020 859 1368 929 congregabo
1395 872 1491 912 eos
1521 871 1685 928 super
1699 864 1754 913 te

170 979 191 1012 ι
233 959 464 1026 undique
488 966 543 1011 et
569 955 782 1010 nudabo
809 953 1163 1024 ignominiam
1189 961 1339 1006 tuam
1360 965 1547 1006 coram
1575 952 1674 1018 eis,
1699 957 1755 1006 et

170 1073 189 1105 ι
235 1051 484 1106 videbunt
505 1062 722 1103 omnem
760 1044 1148 1116 turpitudinem
1177 1050 1322 1097 tuam
1352 1051 1408 1098 et
1425 1041 1680 1112 judicabo
1699 1048 1755 1096 te

169 1161 191 1195 ι
228 1142 440 1212 judiciis
469 1139 840 1195 adulterarum
871 1146 928 1192 et
971 1134 1362 1191 eﬁ‘uudentium
1412 1133 1750 1204 sanguinem.

169 1252 190 1285 ι
238 1234 299 1288 Et
323 1231 462 1287 dabo
493 1239 546 1284 te
572 1230 628 1284 in
657 1227 921 1300 sanguine
949 1224 1152 1280 furoris
1175 1231 1231 1277 ct
1279 1223 1382 1278 zeli
1431 1231 1488 1278 et
1519 1223 1659 1278 dabo
1703 1229 1756 1278 te

171 1345 192 1378 ‹
237 1327 289 1381 in
312 1312 506 1380 magnus
553 1337 764 1386 eorum,
794 1328 848 1376 et
891 1320 1180 1374 destruent
1227 1318 1457 1386 lupanar
1481 1324 1657 1377 tuum,
1703 1321 1759 1374 et

172 1437 191 1470 ε
239 1416 593 1473 demolientur
617 1412 976 1485 prostibulum
1008 1421 1178 1465 tuum.
1214 1409 1282 1462 Et
1309 1407 1659 1462 denudabunt
1707 1416 1760 1460 te

168 1527 190 1562 ι
236 1506 574 1564 vestimentis
602 1505 730 1569 tuis,
759 1511 816 1558 et
843 1501 1093 1556 auferent
1119 1514 1242 1554 vasa
1294 1498 1508 1553 decoris
1560 1497 1656 1550 tui.
1691 1496 1758 1551 Et

169 1618 190 1652 ι
237 1598 612 1668 derelinquent
654 1604 706 1650 te
732 1595 931 1648 nudam
964 1593 1291 1662 plenamque
1337 1588 1650 1659 ignominia,
1705 1595 1760 1642 et

165 1711 192 1743 ‹
239 1692 504 1747 adducent
533 1702 697 1758 super
723 1695 772 1741 te
799 1683 1217 1748 multitudinem,
1248 1690 1302 1736 et
1347 1679 1661 1750 lapidabunt
1707 1687 1761 1733 te

1849 503 2138 559 passuram
2178 498 2453 560 putamus,
2506 491 2720 560 quando
2765 489 2860 544 Dei
2887 489 3084 544 Filium
3122 489 3447 544 trucidavit?

1849 580 1922 636 Et
1949 581 2086 646 haec,
2121 581 2216 647 ait,
2253 581 2506 637 universa
2537 581 2734 647 fecisti,
2763 581 2931 637 oblita
2953 581 3309 652 pristinorum
3351 582 3448 637 be-

1853 673 2195 740 neﬁciorum,
2239 681 2296 729 et
2330 688 2416 728 me
2455 675 2525 729 ad
2569 672 2904 729 iracundiam
2951 673 3282 743 prevooasti,
3335 675 3452 730 sive

1855 767 2189 823 oontristasti
2218 781 2328 832 me,
2368 781 2529 836 quem
2575 765 2733 821 bonis
2775 766 3033 836 operibus
3075 767 3343 821 debueras
3381 767 3470 820 ad.

1857 861 2052 933 gaudia
2075 877 2394 932 provocare.
2424 860 2718 930 Propterea
2737 867 2794 914 et
2817 871 2917 931 ego
2939 859 3150 914 reddidi
3172 859 3267 913 tibi
3287 872 3450 928 opera

1853 951 2019 1006 tuain
2040 960 2205 1022 caput
2229 961 2400 1007 tuum.
2430 951 2498 1006 Et
2526 967 2649 1007 cum
2679 958 2731 1005 te
2759 952 3098 1018 subvertere,
3123 966 3157 1006 o
3184 951 3451 1016 adultera,

1859 1052 2042 1099 tamen
2066 1045 2246 1099 minus
2273 1045 2325 1098 in
2346 1053 2398 1099 te
2429 1045 2525 1099 ira:
2554 1058 2709 1111 meae,
2735 1041 3022 1107 exercebo,
3053 1056 3216 1112 quam
3247 1043 3450 1096 merui-

1855 1137 1948 1200 sti,
1993 1144 2176 1205 quoet
2205 1137 2259 1190 in
2300 1137 2403 1192 hoc
2444 1137 2626 1192 divina
2675 1135 2961 1191 clementia
3009 1136 3452 1191 demonstretur:

1861 1234 1922 1279 ut
1941 1227 2146 1296 majora
2176 1228 2285 1282 sint
2313 1234 2556 1297 peccata,
2589 1241 2754 1297 quam
2788 1238 2983 1296 paruae.
3012 1224 3172 1280 Juxta
3223 1226 3458 1296 tropolo-

1859 1316 2002 1388 giam
2024 1318 2202 1372 omnis
2223 1316 2402 1371 anima
2425 1317 2620 1387 accipit
2639 1332 2671 1370 a
2691 1316 2802 1371 Deo
2822 1317 3108 1386 pecuniam
3131 1312 3455 1387 Spiritalem,

1848 1406 2012 1478 juxta
2060 1407 2189 1461 illud
2237 1407 2514 1479 Evangelii
2543 1405 2762 1479 (Matth.
2805 1421 2948 1474 xxv;
2983 1407 3111 1461 Luc.
3155 1407 3271 1479 nx)
3314 1407 3459 1478 quod

1859 1499 2062 1554 dicitur
2088 1500 2147 1584 in
2174 1499 2448 1569 parabolis
2476 1499 2715 1570 quinque
2744 1505 2800 1553 et
2821 1500 2988 1554 duum
3027 1507 3082 1554 et
3109 1499 3266 1554 unius
3292 1498 3461 1554 talen-

1863 1599 2065 1655 torum,
2096 1598 2149 1643 et
2177 1603 2459 1644 servorum
2497 1590 2683 1645 decem
2734 1603 2890 1644 muas
2926 1589 3167 1659 singulas
3195 1589 3464 1658 accipien-

1861 1683 2021 1747 tium,
2076 1684 2169 1752 qui
2209 1696 2335 1737 cum
2379 1683 2590 1750 egerint
2625 1680 2977 1752 negligenter,
3012 1681 3284 1736 debitores
3328 1679 3465 1734 ﬁunt

165 1801 192 1835 ι
240 1781 522 1852 lapidibus,
543 1786 602 1834 et
626 1777 952 1832 truncabunt
973 1783 1027 1829 te
1049 1772 1246 1844 gladiis
1275 1771 1407 1840 suis,
1446 1770 1513 1823 Et
1540 1770 1764 1824 combu-
1789 1777 1840 1838 Β
1867 1777 2057 1831 decem
2087 1775 2458 1842 denariorum,
2483 1784 2539 1830 et
2565 1775 3008 1844 quingentorum,
3036 1781 3090 1828 et
3113 1782 3333 1845 propter
3361 1773 3466 1828 hoc

167 1890 193 1924 ι
243 1880 362 1928 rent
409 1871 600 1925 domus
649 1876 765 1922 tuas
801 1866 934 1936 igni,
971 1872 1026 1920 et
1053 1863 1255 1918 facient
1303 1862 1360 1918 in
1392 1870 1445 1915 te
1467 1859 1673 1928 judicia
1707 1861 1763 1915 in

171 1986 194 2020 ι
239 1965 406 2022 oculis
428 1963 716 2018 mulierum
745 1961 1122 2030 plurimarum.
1153 1959 1222 2012 Et
1241 1957 1456 2012 desines
1479 1956 1764 2024 fornicari,

173 2077 196 2112 ι
236 2068 291 2114 et
309 2056 588 2116 mercedes
608 2054 754 2108 ultra
777 2067 882 2108 non
913 2050 1088 2117 dabis,
1117 2058 1173 2104 et
1203 2047 1768 2119 requiescetindigna-

174 2167 195 2202 ι
241 2150 316 2204 tio
344 2162 466 2204 mea
493 2147 548 2201 in
581 2154 657 2212 te,
685 2152 742 2200 et
790 2142 1065 2200 auferetur
1105 2141 1255 2197 zelus
1297 2155 1451 2196 meus
1499 2155 1531 2194 a
1574 2147 1648 2194 te.
1699 2139 1769 2194 Et

175 2258 202 2295 ι
244 2241 541 2311 quiescam,
571 2252 671 2294 nec
697 2237 908 2292 irascar
933 2235 1166 2305 amplius
1183 2273 1198 2299 ,
1225 2247 1292 2288 eo
1317 2232 1461 2302 quod
1505 2246 1614 2286 non
1644 2231 1765 2286 fue-

175 2352 200 2387 ‹
243 2334 320 2388 ris
339 2332 624 2388 recordata
660 2331 871 2386 dierum
915 2328 1292 2384 adolescentia:
1322 2334 1449 2391 tute,
1484 2333 1540 2382 et
1567 2338 1765 2395 provo-

179 2449 200 2483 σ
245 2431 378 2486 casti
425 2444 510 2484 me
541 2430 594 2483 in
627 2428 878 2483 omnibus
902 2427 1006 2482 bis.
1040 2425 1382 2495 Quapropter
1429 2432 1484 2478 et
1511 2436 1611 2494 ego
1651 2423 1769 2478 vias

175 2540 200 2576 ‹
245 2532 364 2578 tuas
394 2522 449 2576 in
473 2521 647 2590 capite
680 2528 772 2574 tuo
807 2518 950 2584 dedi,
979 2518 1058 2571 ait
1091 2517 1352 2572 Dominus
1390 2516 1552 2578 Deus,
1580 2521 1637 2568 et
1659 2526 1771 2567 non

179 2635 203 2666 α
245 2616 347 2672 feci
370 2616 526 2686 juxta
554 2613 762 2669 scelera
791 2620 905 2678 tua,
955 2611 1009 2665 in
1055 2611 1306 2666 omnibus
1354 2607 1772 2663 abominationi-

179 2726 202 2761 ι
248 2709 346 2762 bus
371 2705 498 2762 tuis.
536 2724 554 2757 ι
588 2703 830 2758 Primum
864 2703 1106 2758 historia:
1145 2701 1496 2756 fundamenta
1517 2697 1769 2767 jacimus.

173 2796 313 2866 Quia
361 2797 477 2850 haec
509 2802 567 2850 et
619 2793 710 2848 illa
759 2792 965 2857 fecisti,
993 2807 1116 2861 quae
1141 2791 1390 2860 superior
1416 2804 1597 2844 sermo
1624 2803 1775 2844 com-

171 2890 478 2962 prehendit.
507 2887 714 2942 Idcirco
741 2886 890 2951 audi,
921 2885 1200 2948 meretrix,
1235 2899 1355 2954 quae
1390 2883 1608 2948 feceris,
1652 2896 1776 2952 quae

173 2995 405 3054 passura
434 2979 528 3035 sis.
560 2977 808 3033 Effudisti
837 2983 1086 3031 aestuum
1115 2975 1258 3045 quod
1281 2989 1313 3028 a
1359 2990 1446 3030 me
1485 2986 1775 3044 acceperas

171 3084 236 3130 et
259 3072 453 3129 dedisti
485 3071 790 3126 mercedem
817 3069 1154 3124 amatoribus
1200 3069 1326 3135 tuis,
1357 3083 1480 3138 qua:
1528 3067 1776 3138 accipere

1866 1868 2225 1939 praesentibus
2252 1867 2589 1922 amatoribus
2615 1881 2754 1936 quos
2797 1866 3150 1937 intelligimus
3193 1867 3467 1922 daemonas

1868 1960 2280 2028 contrariasqne
2317 1959 2565 2023 virtutes,
2610 1958 2885 2014 revelatur
2911 1959 3207 2029 ignominia
3248 1957 3467 2014 Jerusa-

1869 2049 1998 2119 lem,
2028 2051 2116 2107 vel
2152 2051 2209 2105 in
2258 2051 2347 2106 die
2391 2051 2582 2120 judicii
2612 2050 2699 2105 vel
2745 2051 2800 2104 in
2846 2059 3088 2119 tempore
3135 2049 3470 2119 paenitentia:

1869 2144 2090 2216 quando
2117 2144 2504 2214 corripiuntur.
2534 2143 2602 2198 Et
2628 2143 2782 2213 prius
2805 2141 3028 2211 quidem
3057 2140 3205 2195 solus
3229 2141 3471 2210 omnipo—

1871 2247 1992 2292 tens
2034 2237 2176 2290 Deus
2205 2235 2381 2290 cernit
2419 2235 2654 2301 occulta,
2699 2233 2914 2288 dicente
2951 2246 3201 2288 sermone
3229 2230 3472 2300 Evange-

1871 2330 1979 2385 lico
2004 2347 2017 2383 :
2045 2349 2064 2381 ι
2092 2329 2159 2383 Εῑ
2178 2328 2339 2384 Pater
2358 2328 2451 2400 qui
2478 2329 2623 2384 videt
2646 2328 2700 2382 in
2722 2327 3040 2383 abscondito
3067 2325 3282 2398 (Matth.
3311 2324 3409 2397 γι).
3448 2345 3468 2377 ›

1871 2425 1941 2481 Et
1961 2425 2015 2481 in
2031 2425 2139 2480 alio
2170 2425 2320 2481 loco:
2348 2443 2365 2475 ι
2392 2423 2656 2480 Scrutans
2687 2422 2852 2478 corda
2875 2431 2931 2478 et
2950 2436 3108 2478 renes
3129 2421 3272 2476 Deus
3296 2418 3473 2492 (Psal.

1871 2518 1993 2589 vn).
2039 2537 2058 2572 ›
2085 2518 2154 2572 Et
2199 2519 2254 2572 in
2307 2517 2515 2588 Regum
2563 2516 2838 2570 volumine
2883 2533 2896 2569 :
2936 2533 2954 2566 ‹
2995 2513 3074 2568 Tu
3124 2512 3270 2569 solus
3331 2509 3476 2568 nosti

1875 2613 2038 2668 corda
2080 2611 2316 2667 ﬁliorum
2359 2611 2637 2666 hominum
2663 2608 2752 2682 (II
2801 2607 2987 2663 Parat.
3035 2606 3135 2677 vt).
3172 2625 3190 2658 i
3247 2606 3478 2672 Quando

1875 2720 2008 2761 vero
2037 2704 2200 2760 fuerit
2224 2705 2516 2776 expletum,
2551 2723 2572 2755 ‹
2618 2719 2725 2758 non
2755 2710 2840 2758 est
2881 2699 3280 2765 absconditum,
3332 2698 3478 2769 quod

1877 2811 1986 2852 non
2016 2797 2418 2863 manifestetur,
2449 2804 2504 2851 et
2543 2803 2806 2866 opertum
2851 2794 2996 2864 quod
3042 2809 3153 2848 non
3209 2791 3482 2847 reveletur

1880 2889 2098 2962 (Matth.
2131 2890 2207 2960 χ).
2250 2910 2268 2941 )
2300 2890 2367 2944 Et
2399 2890 2452 2943 in
2479 2888 2584 2944 alio
2615 2889 2736 2943 loco
2767 2905 2780 2941 :
2820 2905 2838 2938 ι
2874 2885 3051 2941 Nolite
3087 2893 3213 2939 ante
3267 2894 3483 2953 tempus

1873 2980 2120 3050 judicare
2148 2983 2318 3037 donec
2353 2979 2537 3034 veniat
2565 2979 2845 3043 Dominus,
2875 2977 2968 3047 qui
3000 2975 3328 3030 illuminabit
3352 2975 3481 3028 abs-

1883 3072 2100 3128 condita
2157 3071 2528 3136 tenebrarum,
2563 3079 2618 3124 et
2668 3067 3040 3123 manifestabit
3094 3065 3320 3120 consilia
3364 3080 3487 3118 cor-

174 3166 465 3222 deblwras.
496 3162 564 3216 Et
593 3159 914 3217 interfecisti
963 3160 1108 3214 ﬁlios
1149 3168 1291 3222 H108.
1337 3159 1466 3214 dum
1491 3172 1587 3214 eos
1609 3156 1776 3213 υσεδ
1801 3141 1849 3207 (ἶ
1881 3164 2031 3220 dium
2059 3183 2072 3218 :
2107 3173 2161 3218 et
2191 3174 2318 3219 tunc
2348 3164 2468 3218 laus
2489 3163 2594 3218 erit
2611 3161 2905 3231 unicuique
2937 3173 2968 3213 a
2990 3159 3101 3214 Deo
3124 3158 3172 3230 (I
3201 3155 3324 3212 Cor.
3342 3156 3437 3228 tv).
3463 3177 3481 3208 ι

173 3256 338 3312 idolis
363 3269 378 3310 ε
403 3261 464 3309 ut
488 3269 598 3309 non
619 3253 794 3309 solum
817 3251 1084 3317 adultera,
1113 3251 1208 3306 sed
1235 3259 1291 3306 et
1311 3249 1581 3320 parricida
1608 3249 1776 3304 exsti-

172 3349 334 3405 teris.
366 3367 384 3399 σ
418 3347 624 3403 Idcirco
650 3345 991 3416 congregabo
1017 3359 1183 3414 super
1212 3353 1265 3398 te
1289 3357 1482 3398 omnes
1505 3352 1776 3398 amatores

173 3450 305 3497 tuos
332 3455 454 3497 cum
477 3441 674 3510 quibus
721 3439 989 3494 fornicata
1019 3453 1097 3493 es.
1135 3457 1154 3488 ι
1187 3438 1321 3491 Tam
1367 3450 1462 3491 eos
1512 3451 1652 3507 quos
1695 3436 1777 3491 di-

172 3533 382 3600 lexisti,
410 3545 574 3603 quam
619 3531 742 3586 illos
769 3545 908 3601 quos
957 3530 1174 3586 oderas.
1205 3528 1272 3582 Et
1316 3527 1682 3582 adulterarum
1723 3535 1779 3581 te

175 3625 304 3696 lege
337 3625 571 3690 nudabo,
601 3631 662 3678 ut
695 3637 886 3677 omnes
914 3621 1136 3676 videant
1163 3619 1554 3690 turpitudinem
1607 3628 1778 3685 tuam,

175 3727 241 3774 et
279 3717 551 3789 genitalia,
586 3724 809 3788 propter
837 3730 958 3786 quae
984 3715 1136 3786 prius
1163 3713 1369 3768 amoris
1409 3713 1646 3768 amentia
1699 3712 1778 3767 fe-

177 3811 468 3865 rebantur.
496 3807 620 3862 Hasc
650 3816 830 3862 autem
859 3809 1041 3862 munia
1064 3822 1162 3877 per
1183 3806 1559 3876 metaphoram
1592 3804 1784 3858 mulie-

178 3902 265 3958 ris
294 3902 552 3958 adultera:
580 3909 638 3954 et
661 3900 964 3963 homicidae,
995 3913 1116 3968 qua:
1143 3912 1248 3952 non
1279 3897 1452 3951 solum
1481 3903 1669 3950 contra
1700 3896 1784 3949 vi-

179 4009 311 4049 rum
341 4007 496 4047 suum
527 3990 794 4045 fornicata
823 3991 915 4054 sit,
946 3990 1039 4044 sed
1067 3995 1122 4043 et
1151 3988 1286 4042 ﬁlios
1313 3986 1668 4052 interfecerit,
1701 3986 1783 4040 di-

180 4091 391 4139 cuntur
440 4082 508 4134 ad
550 4079 873 4134 Jerusalem.
925 4079 995 4132 Et
1038 4079 1182 4147 quod
1235 4079 1628 4149 congreganda:
1681 4079 1789 4132 sint

181 4173 465 4230 universae
487 4179 677 4242 gentes
707 4171 996 4225 adversum
1025 4184 1166 4234 eam,
1199 4184 1432 4240 quarum
1482 4171 1792 4225 adoravcrit

183 4265 363 4331 idola,
391 4273 447 4320 et
473 4264 655 4318 omnia
697 4263 792 4318 Dei
823 4276 1050 4317 munera
1077 4263 1131 4315 in
1166 4261 1373 4315 cultum
1417 4275 1606 4315 eorum
1655 4275 1788 4314 con-

182 4356 442 4421 verterit,
473 4363 532 4410 et
559 4356 872 4410 destruatur
900 4353 1157 4424 templum
1188 4353 1338 4418 Baal,
1367 4361 1423 4407 et
1472 4367 1580 4406 arae
1611 4353 1792 4408 omnis

183 4447 433 4501 civitatis
458 4446 711 4501 incendio
749 4445 1150 4510 subvertantur,
1202 4443 1442 4513 nihilque
1494 4443 1551 4497 in
1587 4458 1649 4498 ea
1699 4458 1790 4498 re-

1880 3255 1950 3310 Et
1969 3270 2094 3311 cum
2117 3254 2476 3325 correptionis
2489 3263 2702 3323 tempus
2716 3251 3015 3317 advenerit,
3033 3258 3164 3306 tunc
3179 3249 3491 3319 implebitur

1881 3347 2012 3402 illud
2039 3346 2194 3403 Oscae
2214 3360 2233 3397 :
2271 3365 2289 3398 ε
2328 3347 2482 3402 Nunc
2509 3345 2990 3402 circumdederunt
3015 3359 3110 3401 eos
3133 3343 3491 3414 cogitationes

1883 3454 1994 3496 suae
2021 3437 2166 3511 (Ore.
2197 3438 2350 3508 vn)»
2378 3439 2445 3494 Et
2468 3439 2523 3494 in
2552 3437 2658 3493 alio
2687 3437 2807 3493 loco
2841 3455 2854 3491 :
2886 3457 2905 3489 ‹
2943 3436 3088 3492 Inter
3115 3451 3172 3491 se
3203 3435 3487 3506 cogitatio-

1884 3533 2044 3588 nibus
2066 3532 2450 3586 accusantibus
2495 3530 2612 3586 sive
2648 3527 3128 3586 defendentibusin
3157 3528 3244 3583 die
3272 3528 3486 3597 tutando

1879 3623 2088 3694 judicat
2117 3623 2260 3679 Deus
2287 3622 2602 3677 abscondita
2627 3621 2906 3676 hominum
2935 3617 3111 3692 (Rom.
3147 3618 3232 3690 ιι).
3263 3618 3331 3672 Ει
3378 3633 3492 3672 rur-

1887 3731 2007 3771 sum
2036 3735 2050 3769 :
2085 3734 2103 3767 ‹
2138 3716 2278 3770 Ecce
2297 3715 2460 3770 homo
2480 3723 2534 3768 et
2564 3729 2726 3784 opera
2754 3713 2871 3784 ejus
2895 3720 3021 3768 ante
3045 3711 3242 3767 faciem
3268 3712 3432 3766 illius.
3467 3732 3486 3763 ›

1885 3808 1954 3866 Et
1978 3809 2236 3866 videbunt
2259 3821 2448 3862 omnes
2483 3806 2872 3876 turpitudinem
2899 3804 3034 3874 ejus,
3065 3805 3160 3875 qui
3190 3804 3340 3874 prius
3367 3819 3494 3859 cum

1889 3916 1954 3957 ea
1993 3901 2208 3956 fuerant
2237 3898 2512 3954 fornicati.
2544 3898 2612 3952 Et
2638 3897 2788 3952 dabit
2815 3913 2937 3952 eam
2960 3899 3102 3952 Deus
3140 3896 3196 3950 in
3230 3895 3492 3966 sanguine

1891 3988 2090 4046 furoris
2115 3999 2171 4043 et
2217 3989 2321 4044 zeli
2353 4007 2366 4044 :
2397 3987 2598 4042 Plenus
2639 3996 2725 4041 est
2769 3987 2916 4040 enim
2956 3986 3108 4041 furor
3149 3987 3255 4040 viri
3304 3992 3495 4040 contra

1891 4095 2116 4135 uxorem
2150 4080 2470 4144 adulteram,
2525 4085 2580 4132 et
2625 4076 2771 4132 nullo
2817 4077 2993 4146 pretio
3047 4084 3228 4145 potest
3275 4073 3492 4130 redimi.

1896 4172 2132 4242 Sanguis
2157 4181 2337 4226 autem
2366 4170 2601 4225 ﬁliorum
2634 4169 2712 4224 sic
2741 4168 2966 4240 intelligi
2994 4174 3198 4238 potest,
3246 4173 3306 4220 ut
3354 4164 3495 4222 ﬁlios

1895 4263 2228 4335 appellemus
2272 4261 2576 4319 Jerusalem
2628 4260 2991 4332 cogitationes
3053 4261 3242 4327 bonas,
3294 4274 3416 4330 quae
3462 4276 3496 4316 a

1895 4355 2006 4413 Deo
2031 4357 2344 4413 hominibus
2370 4355 2549 4411 insitae
2575 4363 2702 4410 sunt
2732 4372 2745 4408 :
2777 4369 2913 4425 quos
2953 4353 3209 4409 interﬁcit
3249 4354 3497 4410 adultera

1896 4450 2112 4521 quando
2135 4451 2204 4505 ad
2240 4449 2384 4506 mala
2428 4461 2594 4520 opera
2637 4446 2943 4503 declinarit.
2993 4446 3221 4503 Prodest
3279 4459 3495 4516 quoque

183 4546 433 4594 maneat.
465 4537 534 4592 Et
552 4538 694 4593 sicut
715 4538 890 4593 solent
916 4547 1107 4593 contra
1137 4536 1440 4591 adulteram
1474 4551 1666 4592 omnes
1711 4517 1788 4592 la;
1818 4509 1874 4568 Β
1897 4509 2222 4610 Jerusalem,
2243 4551 2305 4598 ut
2323 4509 2644 4599 suﬂ‘odiatur
2663 4541 2894 4612 lupanar
2915 4541 3032 4607 ejus
3054 4548 3108 4596 et
3130 4509 3492 4595 omne-forni-

186 4630 354 4701 pides
367 4631 574 4702 jacere,
596 4638 654 4686 et
674 4630 946 4684 trucidare
973 4630 1338 4694 meretricem,
1365 4637 1425 4684 ut
1455 4630 1791 4700 singulorum

187 4723 514 4779 vulneribus
548 4722 851 4787 occidatur,
881 4721 959 4774 ita
985 4729 1047 4775 ut
1067 4736 1256 4776 omnes
1283 4721 1541 4776 mulieres
1575 4722 1796 4776 videant

189 4828 416 4888 poenam
445 4815 753 4872 fornicarlae
777 4832 790 4868 :
822 4815 901 4870 sic
930 4814 984 4868 in
1011 4821 1301 4882 conspectu
1334 4814 1562 4868 aliarum
1603 4814 1655 4868 in
1685 4815 1792 4868 cir-

191 4907 353 4964 cuitu
401 4908 682 4963 civitatum
740 4915 797 4961 et
837 4907 1078 4961 omnium
1119 4905 1396 4960 nationum
1443 4905 1797 4959 deserendum

191 4995 520 5053 Jerusalem.
551 4998 620 5052 Et
673 4999 776 5053 hoc
811 4997 950 5062 ﬁeri,
975 5003 1035 5050 ut
1058 4995 1273 5051 desinat
1301 4994 1581 5060 fornicari,
1606 5002 1660 5049 et
1688 5008 1798 5048 non

194 5091 295 5146 det
339 5091 480 5147 ultra
521 5092 798 5148 mercedes
846 5090 1180 5145 amatoribus
1213 5089 1348 5154 suis,
1398 5099 1452 5143 et
1492 5086 1800 5157 requiescat

196 5182 506 5253 indignatio
539 5183 652 5248 Dei,
682 5198 784 5238 nec
811 5184 1078 5238 irascatur
1104 5182 1172 5244 ei,
1215 5197 1377 5252 quam
1411 5195 1596 5236 amare
1627 5179 1800 5234 desie-

196 5274 297 5329 rit.
345 5275 423 5328 Ex
455 5290 562 5346 quo
587 5276 944 5345 perspicimus
973 5275 1234 5345 grandem
1261 5273 1521 5331 oﬂ‘ensam
1553 5288 1675 5329 esse
1699 5287 1796 5327 ne-

196 5380 480 5436 quaquam
508 5358 689 5422 curam
711 5369 896 5422 haberi
921 5383 950 5420 a
979 5369 1110 5432 Deo,
1140 5369 1232 5422 sed
1259 5367 1495 5438 permitti
1525 5365 1800 5422 hominem

201 5459 510 5514 sceleribus
537 5461 648 5515 suis
677 5469 838 5532 atque
865 5462 1123 5532 peccatis.
1184 5479 1200 5511 ι
1236 5461 1550 5526 Auferctur,
1608 5461 1798 5531 inquit,

201 5550 364 5605 zelus
380 5567 568 5606 mensa
605 5557 1112 5622 te,etre(ptiescam,
1141 5569 1242 5608 nec
1269 5554 1476 5608 irascar
1499 5551 1745 5622 amplius,
1779 5571 1796 5603 ι

205 5645 371 5713 quasi
403 5645 604 5708 alienae,
640 5653 693 5700 et
721 5661 838 5715 qum
866 5660 892 5698 a
923 5662 1006 5698 me
1033 5649 1342 5710 recesserit,
1385 5656 1437 5698 et
1464 5663 1623 5714 quant
1656 5655 1806 5698 mter-

205 5751 302 5793 na
356 5739 671 5794 tradiderim
713 5740 961 5795 nuditati.
1017 5741 1071 5794 Si
1123 5750 1300 5795 autem
1363 5741 1461 5793 hoc
1512 5754 1672 5808 passa
1726 5745 1808 5790 est

1899 4638 2132 4694 cationis
2155 4637 2272 4707 ejus
2297 4637 2649 4693 seminarium
2685 4637 3020 4691 destruatur.
3056 4633 3191 4687 Cum
3215 4633 3360 4686 enim
3392 4631 3496 4688 hoc

1901 4727 2104 4783 factum
2129 4727 2310 4793 fuerit,
2335 4728 2613 4783 mercedes
2627 4725 2770 4779 ultra
2792 4740 2898 4779 non
2919 4723 3092 4790 dabit,
3113 4732 3167 4777 et
3191 4723 3496 4794 requiescet

1902 4815 1999 4872 Dei
2022 4817 2337 4889 indignatio,
2369 4824 2423 4871 et
2448 4831 2790 4887 nequaquam
2811 4829 2932 4871 eam
2960 4813 3243 4880 zelabitur,
3261 4814 3326 4868 de
3352 4812 3495 4868 illius

1903 4908 2157 4964 castitate
2179 4922 2419 4973 securus,
2450 4908 2702 4964 videlicet
2720 4908 2877 4981 juxta
2900 4922 3014 4973 eos,
3060 4905 3150 4976 qui
3193 4905 3247 4958 in
3295 4904 3496 4959 bonam

1901 5006 2113 5069 partem
2153 4999 2444 5070 accipiunt,
2471 5015 2590 5070 quae
2615 5000 2886 5056 dicuntur.
2913 4995 3019 5052 Alii
3062 5009 3212 5062 vero,
3246 5001 3307 5049 ut
3332 5009 3496 5065 supra

1904 5091 2160 5158 diximus,
2193 5091 2260 5146 ad
2293 5093 2622 5147 contrariam
2653 5101 2862 5164 partem
2894 5089 3156 5156 referunt,
3185 5096 3245 5144 ut
3287 5103 3497 5159 magna:

1903 5185 2000 5239 ira:
2027 5184 2124 5239 Dei
2151 5185 2242 5252 sit,
2276 5200 2384 5240 non
2414 5186 2596 5251 irasci,
2620 5201 2742 5239 cum
2780 5183 2945 5239 semel
2967 5183 3353 5253 contempserit
3380 5181 3494 5237 for-

1905 5278 2202 5344 nicantem,
2251 5286 2307 5333 et
2334 5279 2400 5333 de
2426 5278 2596 5333 salute
2629 5279 2769 5330 illius
2823 5276 3143 5345 dcsperarit.
3179 5274 3274 5329 Sin
3312 5281 3495 5331 autem

1908 5371 2180 5436 hazrctici,
2224 5371 2315 5440 qui
2355 5379 2509 5425 vetus
2552 5385 2656 5423 non
2713 5366 2981 5438 recipiunt
3031 5367 3452 5424 lnstrumentum
3479 5408 3494 5434 ,

1901 5459 2055 5529 juxta
2079 5458 2428 5531 Septuaginta
2471 5459 2762 5514 editionem
2805 5457 2857 5511 in
2898 5457 3001 5511 hoc
3038 5456 3155 5511 loco
3209 5459 3499 5528 reprehen-

1910 5553 2087 5607 derint
2118 5551 2245 5605 illud
2284 5554 2424 5622 quod
2447 5552 2648 5607 dictum
2686 5559 2768 5604 est
2803 5569 2814 5605 :
2852 5569 2868 5600 ε
2913 5549 2981 5604 Et
3006 5551 3363 5606 contristabas
3411 5565 3496 5604 me

1909 5643 1962 5695 in
1995 5643 2245 5696 omnibus
2272 5643 2405 5706 istis,
2445 5662 2461 5693 ›
2492 5658 2555 5696 eo
2602 5643 2744 5710 quod
2793 5642 2932 5696 Deus
2982 5656 3088 5694 non
3145 5641 3316 5695 solum
3361 5641 3497 5693 iram

1913 5733 2155 5802 recipiat,
2210 5734 2301 5785 sed
2352 5741 2405 5785 et
2441 5733 2659 5786 mwrori
2710 5733 2987 5801 subjaceat
3031 5739 3193 5804 atque
3241 5730 3496 5796 tristitiae,
