3938 6360
556 394 656 451 691

1206 396 1265 449 Β.
1307 395 1563 452 RABANI
1601 394 1823 453 MAURI
1855 394 2174 455 ARCHIEP.
2213 395 2526 454 HGGUNT.
2563 395 2851 455 ()in
2888 397 3070 455 PARS
3102 400 3165 456 ll.

3764 404 3843 463 ΟΞ

553 515 694 572 dicio
739 514 970 570 libenter
989 512 1205 583 excepit
1232 521 1395 585 atque
1416 516 1673 587 portavit,
1700 514 1929 571 dicens:
1963 533 1981 566 ι
2008 511 2150 573 iram
2176 528 2230 589 Α
2254 509 2390 579 ejus.
2426 511 2603 569 Urbes
2627 512 2875 570 videlicet
2903 523 2962 570 et
2984 514 3191 571 viatica
3231 522 3289 570 et
3312 516 3578 585 eam
3635 523 3838 588 quau

549 606 767 664 Domini
801 609 1082 664 sustinebo
1108 609 1364 678 quoniam
1389 610 1611 679 peccavi
1630 611 1683 667 ei
1712 630 1766 666 ει
1792 613 2141 684 promittatur
2249 602 2422 674 ipsius
2441 605 2626 660 futura
2660 613 2788 661 sunt
2836 612 3108 676 potestate
3133 606 3431 673 llorituras,
3489 615 3568 663 ut
3599 610 3835 679 priest-

547 698 599 755 ei
627 699 900 756 restitutio
937 701 991 756 in
1036 699 1317 771 antiquum
1364 709 1584 758 statum.
1645 702 1751 760 Sed
1787 713 1969 759 tamen
2007 716 2143 774 quo-
2243 703 2489 753 ruerunt.
2528 695 2599 753 Et
2646 696 2820 767 ipsam
2869 694 3169 755 Jerusalem
3224 714 3359 756 auro
3392 708 3457 755 et
3497 708 3759 771 argento,
3796 716 3835 761 tt

547 792 697 847 niam
757 794 1162 863 comparatione
1209 794 1480 851 scelerum
1532 795 1651 865 ejus
1697 795 1993 865 iustiﬁcata
2033 803 2136 862 est,

546 886 783 943 Sodoma
817 895 875 943 et
900 884 1150 945 Samaria
1180 904 1411 960 quarum
1441 890 1613 946 altera
1640 902 1669 945 a
1701 891 1928 958 dextris,
1965 892 2138 947 altera

2238 788 2494 857 pretiosis
2538 787 2812 859 lapidibus
2867 792 3268 849 extruendum:
3321 793 3396 850 de
3437 808 3561 865 qua
3594 802 3658 851 et
3702 795 3833 857 his

2238 881 2567 938 vaticinatur
2599 900 2613 937 :
2646 902 2666 936 ε
2708 883 3054 941 Constituam
3100 886 3317 957 judice.
3340 894 3476 945 tuos
3514 890 3678 946 sicut
3716 894 3829 962 prius

543 993 575 1032 a
608 978 850 1035 sinistris
884 988 990 1045 est,
1043 981 1278 1052 primum
1326 981 1632 1037 restituitur
1668 983 1973 1049 conversio,
2021 984 2101 1038 siv

2237 982 2295 1030 et
2320 975 2660 1032 consiliarios
2680 985 2804 1033 tuos
2828 978 2972 1035 sicut
2994 993 3026 1034 a
3050 979 3340 1051 principio.
3368 980 3447 1036 Et
3475 990 3621 1053 post
3644 982 3749 1039 he
3764 1001 3828 1042 to

540 1069 831 1140 captivitas
856 1068 1122 1136 Sodomae,
1155 1080 1216 1127 ut
1241 1072 1630 1145 interpretatus
1655 1081 1741 1130 est
1783 1075 1997 1146 Aquila.
2039 1075 2134 1132 Se-

540 1162 720 1218 cundo
747 1163 1033 1235 captivitas
1061 1166 1346 1234 Samariac,
1372 1176 1433 1223 ut
1485 1169 1626 1224 idem
1656 1168 1849 1240 Aquila
1892 1178 1949 1226 et
1984 1170 2130 1227 Sim-

537 1255 766 1311 machus
798 1257 1207 1314 transtulerunt.
1251 1259 1321 1315 Et
1354 1261 1647 1317 novissima
1705 1262 2010 1319 restituitur
2041 1261 2132 1319 Je-

536 1350 794 1417 rusalem,
846 1368 966 1424 qua:
992 1353 1197 1426 majore
1222 1353 1402 1411 fuerat
1431 1357 1718 1427 iniquitate
1758 1357 2036 1429 depressa,
2075 1367 2131 1415 et

532 1443 869 1511 peccatrices
916 1460 1130 1503 sorores
1164 1447 1449 1504 collatione
1485 1447 1567 1503 sui
1592 1449 1770 1520 justas
1798 1465 1919 1506 esse
1967 1466 2127 1506 mon-

532 1540 820 1590 straverat.
846 1534 942 1591 Cui
972 1538 1117 1593 enim
1149 1537 1395 1603 dubium,
1423 1538 1554 1610 quin
1580 1539 1720 1595 inter
1742 1549 1855 1598 tres
1876 1550 2129 1612 peccato-

529 1637 619 1678 res
646 1625 756 1681 imo
774 1626 988 1697 impios,
1007 1629 1282 1700 gentilem,
1306 1630 1644 1699 hzereticum,
1667 1632 2123 1700 ecclesiasticum,

526 1713 699 1770 multo
719 1716 1016 1786 majoribus
1044 1719 1222 1788 poenis
1245 1719 1439 1791 dignus
1466 1721 1552 1785 sit,
1592 1721 1683 1792 qui
1711 1719 1933 1791 majoris
1961 1723 2126 1779 fuerit

526 1805 840 1877 dignitatis?
890 1828 909 1861 ι
963 1810 1224 1887 Potentes
1264 1813 1433 1881 enim,
1484 1822 1545 1869 ut
1571 1813 1828 1882 diximus,
1870 1823 2124 1887 potenter

2234 1068 2449 1125 caberis
2473 1069 2667 1126 civitas
2688 1069 2936 1141 iustitiae,
2969 1080 3148 1129 mater
3171 1071 3492 1141 civitatum,
3529 1074 3713 1131 δὼΙί
3730 1075 3823 1133 Sim

2234 1157 2374 1232 (Ita.
2422 1160 2485 1232 l).
2540 1180 2559 1213 ι
2616 1158 2683 1216 Et
2730 1170 2918 1218 nostra
2961 1163 3218 1236 loquatur
3256 1165 3649 1238 Apocalypsi!
3678 1166 3821 1237 (Aper.

2232 1250 2373 1323 nt).
2403 1251 2474 1308 Et
2498 1252 2666 1308 David
2696 1255 2843 1310 canit
2873 1274 2886 1310 :
2923 1273 2944 1307 ς
2987 1255 3138 1314 Bene
3157 1256 3266 1323 fee,
3320 1256 3600 1325 Domine,
3640 1259 3694 1314 in
3718 1260 3819 1315 bam

2231 1342 2511 1400 voluntate
2535 1345 2685 1411 Sion,
2710 1354 2766 1402 et
2781 1347 3117 1406 aediﬁcentur
3148 1349 3291 1404 muri
3319 1347 3655 1406 Jerusalem
3685 1348 3816 1423 (hi.

2231 1434 2308 1506 ι).
2369 1453 2390 1489 ι
2463 1435 2531 1491 Et
2569 1436 2623 1490 in
2664 1435 2771 1492 alio
2803 1437 2971 1494 loco:
3007 1457 3029 1491 ς
3072 1437 3539 1496 Editlcabuntur
3612 1440 3817 1496 tam

2228 1524 2400 1592 Iudae,
2427 1535 2483 1583 et
2510 1527 2911 1596 inhabitabant,
2939 1540 2994 1585 et
3020 1532 3527 1588 commorabuntur
3560 1532 3662 1596 ibi,
3685 1541 3734 1585 et
3752 1547 3813 1587 se-

2228 1634 2354 1676 men
2375 1634 2565 1677 eorum
2587 1622 2642 1676 in
2658 1632 2922 1679 aeternum
2944 1624 3209 1695 dirigetur
3228 1624 3415 1697 (Paul.
3449 1625 3677 1696 smn).
3698 1644 3717 1677 ν
3736 1623 3812 1680 lies

2229 1722 2410 1768 autem
2450 1714 2642 1769 horum
2668 1714 2969 1785 perfectam
2993 1715 3283 1771 scientiam
3316 1716 3423 1772 Dei
3444 1714 3668 1785 judicio
3689 1716 3811 1773 ιώ-

2227 1817 2475 1879 quentes,
2531 1809 2642 1863 imo
2691 1809 2897 1880 liquido
2940 1810 3299 1876 conﬁdentes,
3360 1818 3504 1880 post
3552 1811 3808 1867 sm

525 1904 798 1956 tormenta
839 1903 1138 1973 patientur.
1191 1925 1209 1957 ›
1274 1904 1377 1974 Qui
1419 1914 1599 1962 autem
1633 1908 1895 1964 minimus
1937 1907 2118 1976 fuerit,
2151 1913 2200 1980 Β
2227 1900 2519 1956 adventum
2541 1901 2756 1957 Domni
2804 1902 3101 1959 salvatoris
3121 1902 3260 1959 nihil
3293 1903 3544 1969 δυωίιθν
3606 1902 3808 1959 lib"?

524 1990 719 2059 dignus
748 2000 832 2047 est
866 1994 1259 2051 misericordia.
1297 2016 1315 2049 ‹
1350 1997 1417 2052 Et
1442 2014 1650 2065 servus,
1684 2001 1774 2070 qui
1807 2000 1910 2057 scit
1930 2001 2121 2057 volun-

521 2087 691 2137 tatem
722 2082 924 2139 domini
951 2085 1057 2151 sui,
1105 2096 1159 2142 et
1186 2103 1291 2144 non
1315 2088 1446 2145 facit
1471 2107 1614 2157 eam,
1670 2091 1946 2163 vapulabit
1976 2091 2121 2148 muiu

521 2172 609 2227 tis.
644 2192 663 2225 ι
695 2172 846 2231 Unde
871 2184 925 2232 et
955 2178 1152 2235 Petrus
1178 2198 1189 2234 :
1227 2199 1247 2232 ι
1277 2180 1533 2253 Tempus,
1565 2183 1762 2255 inquit,
1794 2192 1879 2240 est
1904 2191 1961 2239 ut
1983 2184 2119 2240 inci-

515 2264 633 2335 piat
669 2265 933 2336 judicium
978 2272 1045 2328 de
1089 2273 1250 2329 domo
1284 2274 1501 2330 Domini
1543 2275 1595 2348 (I
1642 2275 1788 2331 Petr.
1828 2277 1934 2347 1v).
1978 2297 1996 2328 ι
2049 2276 2117 2333 Ει

515 2354 570 2411 in
605 2357 708 2416 hoc
743 2361 931 2417 eodem
958 2364 1229 2436 PrOpheta
1257 2368 1571 2438 praecipitur
1602 2384 1822 2425 secures
1859 2368 2111 2426 habenti-

512 2445 656 2504 bus:
706 2469 727 2505 ‹
759 2468 789 2506 a
826 2456 1029 2512 sanctis
1058 2457 1195 2512 meis
1239 2458 1479 2529 incipite.
1524 2479 1542 2512 ι
1578 2459 1651 2515 Ut
1679 2469 1924 2516 extrema
1957 2460 2113 2519 Jeru-

511 2538 684 2595 salem
710 2544 992 2602 sororibus
1043 2556 1167 2603 ante
1192 2540 1471 2605 conversis
1505 2558 1560 2606 et
1599 2551 1869 2608 restitutis
1907 2553 1960 2608 in
1993 2554 2107 2625 pri-

510 2628 715 2685 stinum
765 2641 997 2701 statum,
1038 2644 1219 2706 portet
1271 2638 1618 2710 ignominiam
1648 2658 1826 2710 suam,
1872 2652 1925 2699 et
1971 2660 2105 2701 con-

508 2720 771 2783 fundatur
810 2738 865 2784 et
898 2731 1182 2788 erubescat
1217 2750 1378 2805 super
1408 2737 1494 2792 his
1533 2753 1651 2808 quae
1679 2750 2022 2810 peccaverat,
2050 2750 2107 2797 et

506 2812 570 2871 in
596 2817 847 2875 omnibus
887 2823 1198 2879 consoletur
1239 2840 1455 2882 sorores
1480 2818 1631 2895 suas,
1686 2830 1812 2885 dum
1854 2832 2103 2902 graviora

504 2909 759 2967 sustinet.
803 2910 901 2970 Vel
940 2923 1088 2973 certe
1120 2916 1242 2973 ideo
1286 2917 1649 2975 confundatur
1695 2930 1748 2976 et
1790 2925 2098 2993 erubescat,

503 2999 632 3072 quia
669 3001 839 3058 Deum
908 3006 975 3060 ad
1016 3006 1356 3063 iracundiam
1415 3013 1808 3080 provocaverit.
1856 3013 1933 3069 Ex
1992 3032 2100 3085 quo

498 3094 850 3164 perspicuum
878 3112 985 3152 non
1023 3112 1144 3154 esse
1182 3099 1488 3155 naturalem
1537 3101 1674 3157 iram
1716 3102 1833 3171 Dei,
1863 3103 1960 3160 sed
1995 3121 2095 3161 no-

497 3183 631 3239 stris
687 3185 836 3241 vitiis
903 3187 1389 3246 cle‘mentissimum
1457 3199 1513 3247 et
1590 3195 2094 3255 mansuetissimum

2224 1997 2409 2046 turum
2436 2006 2556 2047 esse
2584 1998 2876 2059 terrenum,
2921 1993 3017 2049 sed
3041 2006 3208 2065 regna
3230 1992 3527 2059 scelestia,
3574 2006 3692 2063 εμπ
3724 1992 3808 2062 pri-

2220 2097 2371 2139 mum
2394 2083 2450 2138 lu
2480 2080 2777 2156 Evangelio
2798 2086 3214 2156 promittuntur,
3266 2085 3379 2140 hoc
3405 2082 3656 2141 dicimus
3694 2084 3803 2155 mi

2220 2174 2276 2230 in
2298 2173 2555 2232 Ecclesiae
2590 2183 2733 2232 statu
2791 2184 2986 2234 cuncta
3015 2176 3285 2249 completa
3325 2176 3473 2244 sint,
3522 2183 3584 2233 et
3608 2177 3803 2246 mutii

2218 2266 2611 2337 compleantur.
2671 2268 2908 2343 Sodoma
2952 2270 3251 2327 revertitur
3279 2269 3341 2326 in
3374 2271 3677 2341 antiquum
3716 2276 3798 2325 Ω

2216 2367 2353 2429 tum,
2389 2361 2605 2432 quando
2661 2371 2867 2420 natura:
2913 2376 3024 2420 suae
3048 2364 3265 2422 reddita
3319 2365 3560 2437 gentilis
3598 2366 3731 2435 prim
3758 2372 3798 2419 et

2205 2450 2355 2524 justa
2406 2456 2589 2511 anima
2640 2456 2897 2528 intelligit
2919 2456 3261 2516 Creatorem.
3316 2456 3589 2514 Samaria
3642 2455 3795 2528 nepa

2211 2546 2489 2616 antiquam
2519 2548 2909 2605 beatitudinem
2935 2550 3322 2606 haereticorum
3362 2564 3569 2607 errore
3596 2559 3795 2607 contus-

2206 2644 2319 2706 pto,
2365 2645 2419 2691 et
2443 2636 2631 2706 juncta
2654 2639 2916 2697 doctrina:
2944 2650 3000 2698 et
3026 2642 3152 2700 ﬁdei
3180 2641 3546 2699 Christianae.
3593 2641 3797 2713 Cum

2206 2726 2314 2783 illa:
2363 2742 2599 2786 reversae
2652 2732 2856 2787 fuerint
2886 2775 2900 2800 ,
2956 2744 3012 2789 et
3060 2731 3373 2792 Jerusalem
3430 2737 3584 2792 visio
3632 2738 3761 2806 pacis

2206 2834 2327 2891 quze
2372 2822 2761 2894 interpretatur
2790 2826 3056 2895 Ecclesia,
3092 2836 3407 2885 revertetur
3438 2830 3501 2885 in
3538 2828 3791 2900 pristinu-

2203 2919 2427 2968 statum.
2457 2914 2535 2968 De
2561 2930 2668 2985 qua
2704 2915 2968 2987 scriptum
3011 2924 3135 2974 est:
3168 2936 3186 2969 c
3229 2917 3445 2974 Factus
3480 2927 3569 2975 est
3613 2919 3791 2989 iopas:

2201 2998 2354 3057 locus
2401 3003 2519 3073 ejus
2549 3000 2722 3075 (Psal.
2760 3005 2951 3078 Lxxv).
2998 3024 3018 3059 ι
3061 3004 3170 3062 Et:
3235 3023 3253 3059 ι
3292 3006 3617 3063 Jerusalem
3642 3049 3657 3072 ,
3699 3022 3792 3077 qu

2200 3094 2502 3150 aediﬁcatur
2530 3104 2594 3150 ut
2639 3096 2849 3163 civitas,
2885 3099 3040 3169 cujus
3081 3099 3443 3170 participatio
3493 3098 3617 3170 eius
3655 3100 3705 3155 in
3732 3099 3793 3153 id

2199 3184 2376 3255 ipsum
2404 3184 2772 3261 (Porrimam).
2822 3209 2841 3241 ι
2886 3190 3035 3246 Etin
3061 3190 3367 3262 Apostolo:
3409 3210 3433 3244 r
3479 3192 3792 3259 Quaem

497 3272 691 3341 Deum,
736 3276 803 3331 ad
826 3275 1161 3334 iracundiam
1188 3283 1496 3350 provocari,
1548 3282 1760 3340 dicente
1784 3285 2045 3357 Apostolo
2077 3307 2088 3342 :
2122 3288 2167 3354 C
2199 3287 2414 3331 sursum
2467 3285 2574 3344 est.
2631 3278 2933 3336 Jerusalem
2982 3280 3154 3337 "ben
3202 3290 3311 3347 θεῖν
3367 3290 3605 3352 «πεδί
3635 3288 3794 3336 m

503 3382 523 3414 ι
569 3364 652 3418 An
684 3364 901 3423 divitias
927 3366 1187 3425 bonitatis
1227 3370 1345 3441 ejus
1388 3381 1443 3429 et
1468 3375 1883 3434 sustentationis
1930 3385 1983 3432 et
2008 3393 2104 3449 pa-

497 3454 704 3511 tientia:
732 3459 1052 3525 contemnis,
1102 3462 1358 3530 ignorans
1385 3464 1510 3534 quia
1536 3464 1748 3522 bonitas
1769 3464 1865 3523 Dei
1888 3466 1955 3523 ad
1982 3480 2102 3538 poe-

495 3546 785 3605 nitentiam
831 3558 885 3607 te
928 3554 1233 3623 provocat?
1262 3554 1571 3613 Secundum
1623 3558 1881 3616 duritiam
1915 3570 2094 3616 autem

493 3642 647 3697 tuam
669 3650 723 3697 et
753 3643 1098 3715 impmnitens
1131 3661 1227 3703 cor
1254 3648 1592 3707 tbesaurizas
1617 3651 1713 3708 tibi
1742 3650 1879 3707 iram
1912 3648 2091 3726 (Rom.

488 3730 579 3804 ιι),
629 3746 791 3804 quam
833 3735 976 3794 Deus
1028 3740 1350 3797 naturaliter
1384 3758 1490 3799 non
1524 3743 1709 3800 habet.
1754 3744 1908 3800 Unde
1937 3752 1991 3801 et
2036 3745 2092 3801 in

493 3823 602 3880 alio
646 3825 766 3884 loco
810 3830 1075 3902 scriptum
1122 3841 1206 3889 est
1244 3852 1257 3888 :
1302 3854 1320 3887 t
1377 3833 1446 3891 Et
1488 3834 1686 3892 misisti
1734 3835 1869 3892 iram
1917 3844 2088 3907 tuam,

491 3930 613 3987 quae
660 3916 939 3977 devoravit
984 3937 1077 3979 eos
1119 3924 1277 3997 quasi
1316 3924 1569 3998 stipulam
1621 3924 1828 4000 (Exod.
1875 3927 2003 4002 xv).
2062 3950 2083 3984 ι

491 4006 647 4077 Quod
673 4013 817 4069 enim
846 4016 1193 4089 conjunctum
1222 4027 1326 4087 est,
1373 4029 1427 4076 et
1455 4019 1511 4075 in
1538 4036 1645 4077 uno
1671 4035 1899 4094 corpore
1922 4038 2089 4093 copu-

489 4097 663 4157 latum
703 4103 846 4160 mitti
871 4120 979 4163 non
1001 4116 1205 4180 potest,
1258 4110 1356 4168 sed
1383 4109 1514 4167 illud
1540 4112 1684 4184 quod
1704 4120 1856 4169 extra
1890 4128 2087 4186 corpus

488 4204 595 4264 est,
615 4198 767 4254 verbi
789 4201 983 4272 gratia,
1000 4201 1211 4271 lancea,
1229 4204 1421 4273 telum,
1437 4206 1653 4278 sagitta,
1675 4206 1906 4278 gladius.
1932 4206 2088 4280 Legi-

485 4294 611 4341 mus
639 4287 764 4343 etin
792 4282 1085 4360 Evangelio
1110 4292 1449 4350 tolerabilius
1463 4290 1598 4361 fore,
1636 4304 1796 4352 terrm
1826 4296 2085 4354 Sodomo-

484 4384 609 4431 rum
625 4376 681 4431 in
695 4375 998 4448 diejudicii,
1014 4398 1177 4454 quam
1192 4384 1241 4440 ei
1254 4400 1374 4456 qua:
1386 4386 1658 4457 apostolos
1672 4405 1777 4443 non
1792 4390 2078 4462 receperit.

565 4483 585 4515 ι
631 4465 701 4521 Et
740 4481 898 4524 soror
940 4477 1034 4527 tua
1061 4471 1296 4529 Sodoma
1335 4484 1393 4530 et
1424 4476 1547 4530 ﬁlim
1584 4475 1701 4546 ejus
1742 4489 2082 4536 revertentur

491 4572 511 4609 ι
551 4555 619 4611 ad
649 4557 1029 4630 antiquitatem
1051 4576 1226 4630 suam,
1266 4572 1322 4621 et
1353 4564 1599 4621 Samaria
1625 4575 1680 4622 et
1701 4565 1823 4624 tiliae
1843 4567 1959 4637 ejus
1986 4584 2078 4626 re-

2204 3376 2388 3424 nostra
2414 3367 2613 3442 (Galat.
2644 3370 2741 3443 ιν).
2780 3393 2798 3426 ι
2856 3373 2925 3429 Et
2952 3373 3011 3430 in
3037 3375 3237 3431 eodem
3268 3390 3282 3429 ε
3316 3393 3338 3427 ο
3383 3374 3793 3432 Accessisth

2202 3458 2337 3516 Sion
2378 3470 2636 3531 montem,
2673 3472 2730 3522 et
2760 3465 2830 3522 ad
2855 3462 3134 3523 civitatem
3167 3467 3264 3524 Dei
3316 3467 3562 3525 viventis
3604 3467 3791 3525 Jeru-

2199 3550 2307 3607 lem
2356 3555 2654 3622 ctelesiem,
2726 3566 2782 3613 et
2835 3558 3001 3614 millia
3058 3558 3380 3631 angelorum
3437 3560 3785 3632 tremum

2198 3642 2387 3716 (Hebr.
2418 3647 2540 3721 ιη).
2575 3667 2595 3700 ι
2655 3648 2724 3704 Ει
2752 3654 3056 3706 revertetur
3082 3658 3209 3707 cum
3243 3650 3471 3709 ﬁli-alius
3498 3652 3637 3717 suis,
3686 3667 3787 3722 qu

2195 3735 2251 3791 in
2285 3743 2399 3793 toto
2424 3737 2557 3794 orbe
2579 3736 2838 3811 dispersae
2863 3748 3010 3797 sunt.
3070 3738 3153 3798 De
3179 3751 3293 3813 quo
3310 3742 3535 3815 [nenias
3570 3745 3631 3800 in
3658 3743 3786 3799 hui

2194 3827 2665 3899 explanatiouibus
2690 3830 3049 3889 disseruimus
3076 3842 3125 3888 ι.

2268 3939 2289 3971 ‹
2332 3918 2451 3977 Non
2481 3918 2584 3977 fuit
2607 3931 2793 3979 autem
2816 3922 3055 3980 Sodoma
3084 3934 3247 3981 soror
3270 3934 3365 3982 tua
3392 3926 3590 3984 audita
3622 3928 3679 3983 in
3704 3938 3786 3983 σε

2195 4028 2219 4067 ε
2261 4021 2355 4070 tuo
2408 4014 2464 4070 in
2489 4016 2579 4071 die
2625 4015 2893 4087 superbiae
2928 4026 3053 4083 tum,
3112 4028 3408 4090 auteqnam
3461 4022 3784 4078 νενὼηω

2195 4120 2223 4156 ‹
2260 4102 2468 4161 malitia
2495 4112 2612 4173 tua,
2644 4107 2783 4164 sicut
2812 4109 2917 4165 hoc
2943 4116 3188 4181 tempore
3238 4111 3294 4166 in
3331 4113 3695 4183 opprobrium
3732 4112 3785 4166 Iv-

2194 4211 2218 4249 r
2259 4196 2453 4253 liarum
2476 4197 2668 4271 Syria,
2690 4209 2744 4256 et
2763 4210 3081 4258 cunctarum
3099 4202 3155 4258 in
3179 4202 3414 4259 circuitu
3443 4213 3547 4261 tuo
3566 4204 3781 4260 Elim

2192 4304 2214 4341 r
2255 4286 2682 4355 Paltestinarum,
2735 4304 2853 4364 quae
2872 4292 3118 4351 ambiunt
3151 4303 3205 4351 te
3238 4306 3340 4367 per
3358 4308 3583 4369 gyrum.
3611 4296 3782 4353 Sed!

2190 4398 2215 4433 r
2257 4388 2405 4437 tuum
2424 4391 2479 4437 et
2502 4380 2852 4455 ignominiam
2880 4394 3028 4442 tuam
3057 4396 3112 4442 tu
3134 4388 3395 4458 portasti,
3424 4388 3511 4444 ait
3536 4386 3783 4445 nmina

2190 4491 2212 4524 ‹
2256 4470 2417 4528 Deus.
2481 4490 2501 4525 ι
2565 4473 2701 4542 Quia
2754 4475 2925 4548 igitur
2957 4476 3139 4535 vicisti
3182 4479 3237 4534 in
3285 4478 3503 4537 sociare
3548 4492 3782 4537 sum

2182 4566 2350 4629 tuam,
2394 4574 2496 4621 nec
2534 4562 2652 4633 ejus
2674 4567 2920 4638 exemplo
2960 4569 3149 4625 territa
3173 4578 3254 4637 es,
3300 4582 3376 4626 ue
3399 4569 3609 4627 simﬂia
3634 4568 3783 4627 sub

486 4665 507 4700 ι
550 4657 834 4707 vertentur
854 4652 923 4707 ad
946 4653 1325 4726 antiquitatem
1352 4670 1526 4713 suam.
1550 4656 1619 4712 Et
1647 4666 1702 4714 tu
1742 4667 1792 4715 et
1824 4657 1945 4715 ﬁliae
1970 4668 2075 4717 tuae
2101 4654 2155 4717 D
2179 4664 2362 4720 ﬂeres.
2405 4661 2461 4710 el
2483 4656 2805 4725 prohiberes
2840 4658 3033 4730 pedem
3066 4669 3238 4717 tuum.
3284 4659 3444 4720 Nunc
3480 4671 3671 4721 autem
3700 4674 3783 4719 rt!-

483 4759 504 4793 ι
549 4744 883 4801 revertimini
924 4746 991 4802 ad
1013 4748 1392 4819 antiquitatem
1419 4756 1674 4807 vestram.
1723 4771 1743 4805 ι
1783 4749 1954 4807 Judaei
1996 4753 2077 4807 in-

2180 4744 2357 4800 velata
2410 4754 2494 4802 est
2528 4749 2825 4820 ignominia
2856 4760 2969 4819 tua,
3013 4750 3109 4807 Dei
3150 4752 3401 4809 ausculta
3432 4758 3781 4819 meum

475 4838 561 4888 ter
590 4844 816 4893 caeteras
841 4834 1070 4904 fabulas,
1096 4848 1153 4893 ut
1177 4839 1606 4899 interminabiles
1637 4833 1981 4918 genealogias
2017 4855 2073 4902 et

2204 4837 2261 4892 rel
2284 4846 2439 4909 porta
2459 4838 2614 4909 juxta
2638 4840 2991 4915 Septuaginta
3021 4860 3034 4899 :
3065 4833 3406 4917 vel‘portusti
3426 4844 3593 4917 furta
3624 4844 3785 4918 ἐφ

476 4924 855 4995 deliramenta,
896 4942 1019 4998 qua:
1046 4928 1258 5001 lingunt
1278 4934 1441 4989 etiam
1463 4932 1568 4991 hoc
1593 4937 1864 4993 somniant
1898 4937 1951 4993 in
1976 4937 2071 4995 ad-

2204 4942 2285 4983 am
2332 4937 2385 4983 et
2423 4927 2846 4988 Theodotionem
2875 4932 2997 4990 :vel
3030 4943 3312 5006 portatura
3334 4948 3398 4994 es
3428 4936 3601 5008 juxta
3647 4938 3787 4993 $-

472 5023 641 5071 ventu
668 5016 875 5073 Christi
900 5017 1005 5083 sui,
1034 5033 1194 5089 quem
1217 5037 1315 5079 nos
1342 5024 1544 5082 scimus
1568 5025 1985 5097 Antichristum,
2012 5038 2070 5086 et
2174 5022 2450 5091 maehum.
2494 5024 2671 5083 scelus
2699 5036 2755 5082 ει
2774 5027 3130 5099 ignominiam
3155 5036 3324 5086 ιυεηηο
3377 5027 3454 5088 ΠΙ
3487 5036 3785 5104 ραις-ι

473 5103 530 5161 in
556 5107 705 5161 mille
742 5118 1008 5162 annorum
1034 5120 1201 5179 regno
1241 5111 1531 5168 Sodomam
1566 5118 1959 5174 restituendam
2007 5119 2063 5176 in

393 5220 401 5262 ς
473 5197 758 5267 antiquum
792 5206 1037 5256 statum:
1084 5201 1163 5257 ita
1202 5211 1263 5259 ut
1301 5204 1391 5269 sit,
1438 5206 1592 5275 quasi
1627 5209 1914 5279 paradisus
1943 5208 2061 5279 Dei,

378 5288 402 5361 ί
471 5296 529 5343 ει
557 5288 711 5357 (λυτιδί
739 5295 883 5346 mra
911 5289 1152 5367 Egypti,
1206 5302 1261 5351 et
1300 5294 1604 5353 Samariam
1649 5300 1936 5372 pristinam
1977 5318 2063 5361 re-

469 5376 655 5447 cipere
688 5374 1027 5451 felicitatem,
1059 5390 1120 5439 ut
1143 5384 1209 5441 de
1238 5383 1477 5458 Assyriis
1503 5396 1850 5446 revertantur
1873 5392 1927 5451 in
1954 5400 2065 5450 ter-

468 5474 590 5556 ram
617 5466 878 5527 Iudaeam.
902 5468 1154 5545 Legimus
1192 5477 1335 5533 enim
1366 5479 1555 5536 decem
1597 5481 1770 5540 tribus
1814 5493 1999 5556 captas
2029 5500 2060 5541 a

464 5550 607 5620 Phul
644 5568 699 5617 et
730 5560 1085 5622 Salmanasar
1107 5573 1165 5625 et
1189 5567 1675 5643 Teglatbphalasar
1701 5550 1917 5647 regibus
1951 5575 2055 5634 As-

464 5655 757 5727 syriorum,
807 5665 862 5713 et
897 5672 1070 5729 usque
1120 5661 1282 5719 hodie
1335 5664 1410 5719 ibi
1441 5680 1561 5721 esse
1590 5668 1850 5737 captivas.
1901 5667 2057 5724 Jeru-

463 5746 637 5806 salem
666 5756 883 5823 quoque
919 5758 1050 5807 tunc
1073 5766 1192 5809 esse
1217 5752 1592 5813 fabricandam
1613 5767 1669 5813 et
1698 5775 1887 5815 omnes
1914 5759 2056 5815 tilias
2104 5770 2106 5773 '

2171 5122 2365 5188 pinnas
2396 5117 2508 5189 'pro
2548 5118 2841 5192 sacrilegio
2881 5122 3229 5189 sustinueris,
3291 5124 3518 5181 veniam
3565 5136 3686 5180 πω
3720 5136 3785 5178 ει

2169 5218 2331 5279 pacto
2355 5216 2464 5275 tuo,
2514 5206 2607 5265 sed
2627 5226 2690 5267 ex
2725 5226 2844 5267 mea
2872 5211 3157 5270 clementia
3182 5217 3569 5287 consequaris.
3616 5214 3781 5287 Syria

2169 5292 2399 5357 Hebraeo
2426 5315 2677 5359 sermone
2709 5301 2906 5360 dicitur
2946 5303 3129 5374 Amm,
3196 5320 3317 5376 qua:
3369 5306 3787 5379 interpretatur

2169 5390 2489 5449 sublimitas.
2561 5390 2629 5450 Et
2650 5393 2805 5466 juxta
2839 5396 3275 5468 explanationem
3297 5396 3447 5455 iliius
3470 5399 3578 5457 loci
3612 5394 3791 5456 Isaia

2167 5483 2466 5554 prophetae,
2540 5484 2595 5541 in
2638 5498 2745 5557 quo
2797 5486 2962 5542 Aram
3011 5497 3066 5545 et
3108 5487 3371 5561 Ephraim
3422 5491 3793 5547 consmnuit

2167 5584 2357 5631 centra
2415 5572 2609 5632 Judam
2670 5586 2725 5634 et
2779 5576 3115 5648 Jerusalem,
3182 5582 3533 5639 ethnicorum
3575 5590 3789 5656 ergo.

2162 5666 2453 5736 Sapientia,
2496 5675 2550 5723 et
2581 5680 2700 5739 quae
2738 5668 2841 5726 sibi
2870 5668 3256 5728 sublimitatem
3290 5674 3543 5732 scientia:
3588 5686 3791 5745 nep»

2164 5759 2360 5824 mittat,
2400 5755 2587 5827 juncta
2647 5759 2868 5818 malitiae
2911 5761 3293 5822 haareticorum
3338 5762 3635 5842 impugnat
3684 5764 3793 5825 Ju-

535 5877 564 5911 ι
610 5863 999 5945 Hieronymum
1031 5865 1157 5927 audi
1193 5865 1526 5942 loquentem,
1574 5884 1736 5946 quem
1770 5871 2026 5930 describit
2062 5870 2334 5929 Rabanus.
