3938 6360
172 379 275 438 693

1108 383 1459 442 GOMIIENT.
1500 383 1568 439 IN
1605 383 2058 442 EZHSIHELEM.
2098 416 2168 426 ——
2208 386 2334 441 LIB.
2379 386 2508 443 Vﬂi.

3324 384 3429 443 694

161 497 302 565 dum,
344 498 529 569 inquo
568 508 697 555 vera
733 496 1003 556 conlusio
1028 508 1135 565 est,
1174 511 1353 556 etnon
1396 509 1572 572 potest
1604 515 1716 570 pra:
1768 506 1821 566 Α,
1847 510 1966 557 tuas
1991 501 2227 571 majores
2268 504 2351 558 vel
2377 504 2641 566 minores,
2687 502 2989 557 Samariam
3026 514 3078 557 el
3118 503 3434 571 Sodomam,

160 590 359 649 valere»
393 586 493 648 ille
518 600 735 662 Mue
755 593 951 648 eodem
966 594 1277 664 arrogantia
1315 593 1508 665 Syriae.
1538 594 1595 649 id
1628 602 1733 659 esu,

160 682 595 754 Ρωιοωριιοταη
629 690 759 740 eum
787 684 1000 741 ﬁliabus
1026 684 1473 757 alienigenarum,
1519 687 1574 741 in
1617 687 1737 755 qui-

160 771 263 829 bus
280 772 554 844 mltiple!
574 766 913 831 Memorem
942 776 999 831 in
1028 776 1283 847 gentibus
1318 786 1475 833 error
1496 777 1737 833 ostendi»

162 873 269 932 tur,
291 865 464 921 illudit
508 866 826 935 Jerusalem,
882 874 937 924 et
977 868 1269 939 opprobrio
1293 869 1456 924 habet
1481 870 1636 940 etisz
1658 870 1737 924 vi-

161 959 252 1015 tiis
270 966 519 1029 superata
553 968 657 1016 est.

238 1079 253 1112 ι
297 1059 429 1127 Quia
470 1060 585 1117 haec
625 1054 759 1117 dicit
790 1059 1051 1117 Dominus
1090 1059 1234 1117 Deus
1260 1080 1271 1117 :
1300 1061 1368 1117 Et
1408 1061 1605 1118 iaciam
1641 1061 1743 1118 tibi

163 1169 182 1202 ι
229 1151 363 1206 sicut
381 1151 672 1224 despexisti
689 1150 1063 1221 jntamentum
1094 1160 1155 1208 ut
1176 1153 1390 1209 irritum
1412 1154 1625 1210 laceres
1643 1162 1740 1224 pta-

166 1259 186 1293 ‹
233 1249 391 1297 ctum.
420 1240 488 1298 Et
525 1244 857 1300 recordabor
876 1260 979 1317 ego
1010 1245 1155 1315 pacti
1177 1246 1290 1301 inet
1322 1250 1502 1303 tecum
1544 1247 1597 1301 in
1628 1248 1741 1302 dies

166 1352 186 1387 ι
228 1335 324 1390 bus
367 1335 739 1392 adolescentiae
782 1340 905 1404 tuae,
978 1345 1033 1394 et
1070 1337 1345 1394 suscitabo
1382 1338 1483 1395 tibi
1520 1346 1738 1409 pactum

166 1443 186 1475 α
232 1427 632 1497 sempiternum,
664 1434 720 1481 et
749 1427 1122 1483 recordaberis
1151 1429 1362 1484 viarum
1406 1438 1643 1497 tuarum,
1689 1432 1745 1486 et

166 1526 189 1567 ι
235 1510 575 1572 confunderis
594 1528 718 1572 cum
746 1519 1022 1588 rebeperis
1041 1532 1257 1574 sorores
1287 1528 1407 1575 tuas
1424 1527 1603 1575 tecum
1635 1526 1745 1574 nisa

164 1625 184 1657 α
225 1604 370 1674 iores
394 1618 517 1662 cum
541 1606 844 1664 minoribus
864 1608 991 1665 tuis.
1028 1608 1095 1664 Et
1114 1608 1251 1665 dabo
1275 1608 1373 1665 tibi
1389 1624 1487 1665 eas
1505 1611 1557 1665 in
1580 1609 1740 1677 ﬁlias,

164 1716 184 1749 ι
234 1701 323 1754 sed
354 1714 463 1753 non
504 1706 573 1753 ex
615 1706 779 1768 pacto
807 1706 920 1766 tuo,
977 1706 1032 1754 et
1072 1700 1347 1756 suscitabo
1395 1694 1489 1754 tibi
1525 1706 1742 1770 pactum

1838 602 2135 662 earumque
2176 594 2374 659 socias,
2430 593 2662 647 tribuam
2697 592 2792 647 tibi
2823 608 2915 648 eas
2942 594 2995 647 in
3022 593 3175 658 tilias,
3228 593 3339 648 sive
3374 590 3434 649 in

1837 683 2213 756 probationem
2260 684 2325 756 (ι
2361 682 2590 754 Oportet
2626 684 2770 738 enim
2800 691 2854 739 et
2909 685 3143 740 haereses
3187 699 3337 750 esse,
3372 678 3434 738 ut

1838 773 2050 843 probati
2090 774 2289 845 quique
2336 774 2613 831 manifesti
2649 775 2784 830 fiant
2819 775 2871 848 [Ι
2910 774 3032 830 Cor.
3073 775 3216 849 x1]),
3272 798 3290 830 ι
3324 793 3431 833 non

1840 881 1910 922 ex
1944 876 2038 925 tuo
2082 869 2296 935 merito,
2351 871 2449 926 sed
2497 886 2567 926 ex
2617 886 2738 926 mea
2778 871 3176 939 misericordia,
3220 880 3277 927 et
3308 880 3434 929 tunc

1843 958 1986 1015 scias
2016 961 2161 1030 quod
2188 976 2287 1031 ego
2304 960 2407 1017 sim
2431 947 2714 1028 Dominus,
2745 970 2801 1018 et
2822 962 3125 1018 recorderis
3147 964 3437 1021 beneﬁcio-

1842 1065 1962 1105 rum
2013 1062 2283 1118 meorum,
2330 1061 2387 1109 et
2427 1052 2803 1121 confundaris,
2839 1062 2896 1108 et
2921 1054 3072 1109 dicas
3098 1053 3256 1124 juxta
3290 1055 3435 1125 Apo—

1843 1142 2038 1197 stolum
2071 1161 2084 1196 :
2129 1161 2157 1195 t-
2189 1143 2329 1211 Quia
2358 1160 2465 1200 non
2508 1160 2629 1199 sum
2669 1145 2864 1218 dignus
2905 1147 3089 1202 vocari
3134 1146 3433 1217 apostolus,

1844 1243 1948 1290 etc.
1981 1234 2031 1306 (1
2055 1234 2178 1292 Cor.
2201 1236 2314 1308 xv).
2346 1258 2365 1289 ι
2397 1238 2466 1292 Et
2486 1253 2592 1293 non
2613 1238 2684 1293 sit
2710 1238 2806 1294 tibi
2844 1239 2984 1295 ultra
3009 1240 3221 1312 aperire
3238 1256 3301 1297 os
3325 1257 3437 1311 prie

1846 1330 2160 1387 confusione
2198 1342 2309 1387 tua.
2354 1352 2372 1384 ι
2424 1332 2747 1389 Sanctorum
2776 1343 2861 1390 est
2909 1334 3054 1390 enim
3096 1335 3309 1405 aperire
3353 1350 3435 1401 os,

1840 1426 1995 1499 juxta
2041 1425 2264 1481 Paulum
2300 1445 2312 1480 :
2366 1427 2439 1483 Os
2471 1443 2649 1484 meum
2674 1437 2825 1498 patet
2860 1430 2927 1484 ad
2949 1445 3066 1493 vos,
3107 1444 3139 1484 ο
3168 1428 3435 1485 Corinthii

1847 1518 1932 1591 (11
1960 1518 2082 1574 Cor.
2113 1519 2229 1591 vi);
2267 1541 2285 1573 ι
2332 1529 2387 1575 et
2444 1522 2656 1576 Domini
2710 1522 3033 1588 Salvatoris,
3094 1524 3184 1593 qui
3243 1541 3261 1574 ι
3308 1537 3435 1593 ape-

1847 1612 1993 1666 riens
2031 1626 2095 1667 os
2142 1628 2299 1668 suum
2335 1613 2563 1669 docebat
2587 1629 2700 1680 eos,
2732 1615 3156 1687 dicens(Matth.
3183 1616 3260 1687 v).
3303 1636 3322 1668 ›
3367 1615 3437 1672 Ει

1848 1702 1902 1756 in
1936 1701 2187 1767 Psalmis,
2216 1703 2389 1774 inquit
2415 1720 2429 1759 :
2467 1724 2486 1757 ‹
2528 1706 2783 1775 Aperiam
2812 1707 2864 1761 in
2886 1707 3156 1778 parabolis
3175 1722 3238 1762 os
3254 1721 3435 1762 meum

162 1810 185 1845 ι
235 1804 411 1848 meum
438 1799 640 1858 tecum,
680 1801 735 1847 et
775 1793 912 1848 scies
945 1793 1071 1861 quia
1120 1806 1221 1863 ego
1257 1786 1539 1858 Dominus,
1572 1801 1632 1847 ut
1659 1804 1747 1847 res
1792 1860 1801 1865 _
1849 1791 2022 1863 (Paul.
2063 1794 2290 1865 Lxxvn).
2339 1815 2359 1848 ι
2412 1795 2692 1852 Peccatori
2744 1805 2922 1852 autem
2965 1798 3201 1853 dicitur:
3234 1816 3252 1848 ‹
3298 1798 3431 1852 Pec-

161 1906 183 1939 ‹
233 1884 471 1941 corderis
510 1895 563 1941 et
584 1860 975 1949 contendatis,
998 1892 1053 1940 et
1073 1860 1181 1939 non
1205 1886 1276 1940 sit
1310 1882 1407 1940 tibi
1448 1884 1589 1940 ultra
1621 1898 1746 1955 ape-
1778 1860 2007 1949 Deasn,
2058 1860 2274 1953 quiesce
2344 1886 2535 1957 (Eccli.
2582 1887 2772 1959 “1)..
2825 1889 2937 1942 Et:
2990 1905 3011 1941 ι
3058 1888 3130 1944 Ut
3178 1888 3310 1960 quid
3373 1896 3428 1940 tu

162 1997 184 2031 ‹
233 1978 341 2034 rire
383 1993 446 2035 os
475 1992 586 2049 prae
626 1976 941 2034 confusione
984 1985 1095 2043 tua,
1148 1990 1272 2033 cum
1306 1978 1554 2046 placatus
1589 1977 1744 2032 fuero

166 2089 185 2122 ε
232 2069 326 2126 tibi
348 2070 402 2123 in
427 2069 680 2125 omnibus
720 2082 841 2139 qum
861 2066 1064 2134 fecisti,
1098 2068 1175 2123 ait
1209 2068 1472 2124 Dominus
1499 2068 1661 2123 Deus.
1717 2086 1736 2119 ι

1852 1976 2084 2031 assumis
2122 1986 2507 2034 testamentum
2568 1995 2747 2035 meum
2804 1994 2899 2050 per
2951 1994 3012 2034 os
3058 1988 3206 2033 tuum
3255 1975 3429 2050 (Psal.

1852 2070 2022 2141 xmx).
2067 2088 2085 2121 ι
2164 2070 2272 2124 Et:
2312 2089 2331 2120 ι
2381 2070 2499 2127 Non
2537 2080 2620 2127 est
2666 2072 2891 2142 pulchra
2938 2071 3178 2131 laudatio
3227 2071 3281 2125 in
3334 2084 3431 2125 ore

155 2158 282 2218 Ideo
323 2156 421 2216 tibi
460 2154 573 2216 dixi
598 2177 611 2213 :
636 2157 813 2216 scelus
843 2167 997 2215 tuum
1043 2167 1099 2214 et
1125 2159 1477 2230 ignominiam
1512 2165 1658 2215 tuam
1688 2168 1749 2213 tu
1848 2162 2154 2231 peccatoris
2217 2161 2409 2233 (Eccli.
2435 2162 2545 2233 xv).
2604 2182 2622 2213 ι
2670 2161 2901 2218 Sanctus
2933 2178 3147 2234 quoque
3194 2169 3435 2217 meretur

155 2261 329 2326 porta,
352 2254 467 2309 sive
490 2252 848 2323 portasti,aut
876 2260 1155 2322 portatura
1178 2266 1256 2317 es,
1272 2260 1334 2307 ut
1354 2252 1585 2323 recipias
1603 2251 1746 2322 quod

157 2343 402 2409 mereris,
431 2344 557 2415 quia
593 2344 885 2415 despexisti
921 2344 1287 2415 juramentum
1315 2358 1517 2411 meum,
1547 2353 1605 2399 et
1623 2344 1749 2399 irri-

158 2443 274 2492 tum
314 2437 488 2493 fecisti
533 2442 755 2507 pactum
798 2448 997 2492 meum.
1045 2435 1181 2492 Cum
1222 2444 1403 2492 autem
1445 2437 1608 2493 fuerit
1657 2452 1750 2493 ex-

158 2520 358 2597 pletum
416 2546 430 2582 :
493 2546 515 2580 (
561 2529 673 2599 Ego
717 2528 982 2591 occidam,
1019 2535 1076 2582 et
1123 2541 1227 2599 ego
1281 2525 1602 2591 viviﬁcabo;
1644 2541 1746 2598 ego

156 2618 494 2689 percutiam,
533 2627 589 2677 et
632 2634 732 2691 ego
773 2616 978 2676 sanabo
1035 2619 1225 2690 (Deut.
1281 2616 1495 2689 nm);
1546 2636 1566 2669 ι
1619 2625 1747 2672 tunc

157 2712 487 2769 recordabar
525 2711 670 2783 pacti
706 2713 835 2779 mei,
875 2712 1018 2782 quod
1056 2711 1184 2767 olim
1239 2718 1416 2767 tecum
1456 2709 1648 2776 habui,
1689 2715 1746 2763 et

155 2804 433 2860 suscitabo
478 2805 575 2859 tibi
600 2811 820 2875 pactum
850 2812 1192 2872 nequaquam
1219 2801 1372 2872 legis,
1429 2801 1575 2872 quod
1606 2814 1746 2870 pra:-

159 2894 322 2959 teriit,
366 2896 461 2951 sed
486 2900 703 2966 pactum
741 2892 1018 2964 Evangelii
1055 2893 1465 2962 sempiternum.
1518 2891 1591 2947 Ut
1621 2904 1745 2946 cum

153 2986 435 3041 recordata
461 2984 629 3042 lueris
648 2986 861 3041 viarum
889 2991 1125 3046 tuarum,
1150 2990 1207 3038 et
1225 2982 1499 3054 receperis
1530 2995 1749 3037 sorores

1849 2252 2037 2308 audire
2076 2270 2090 2307 :
2133 2271 2152 2304 ‹
2199 2252 2362 2323 Aperi
2401 2268 2464 2309 os
2512 2261 2662 2308 tuum
2717 2263 2773 2309 et
2803 2254 3038 2325 implebo
3077 2254 3207 2309 illud
3256 2248 3432 2324 (Psal.

1846 2343 2032 2409 ωαχ).
2069 2363 2089 2398 ι
2156 2343 2234 2398 Ex
2272 2359 2381 2415 quo
2428 2344 2778 2414 intelligimus
2808 2345 2994 2411 etiam,
3059 2361 3182 2400 cum
3228 2344 3437 2400 miseri-

1849 2435 2033 2491 cordia
2066 2435 2280 2490 Domini
2320 2438 2685 2506 receperimus
2723 2437 3009 2506 pristinam
3037 2436 3284 2509 gloriam,
3328 2436 3437 2492 imo

1852 2527 2219 2598 receperimus
2261 2536 2479 2597 pactum
2513 2527 2790 2599 Evangelii
2846 2527 3254 2599 sempiternum,
3300 2535 3443 2597 post-

1855 2634 2019 2689 quam
2057 2618 2302 2688 placatus
2331 2618 2496 2674 fuerit
2529 2618 2683 2674 nobis
2728 2618 3006 2684 Dominus,
3065 2620 3121 2673 in
3166 2616 3437 2679 omnibus,

1852 2725 1973 2782 quae
2011 2708 2241 2766 fecimus
2280 2711 2601 2767 memoriam
2635 2712 2897 2780 praeteriti
2945 2726 3046 2767 nos
3077 2711 3277 2765 habere
3318 2724 3442 2779 pec-

1854 2800 1961 2858 cati
2024 2810 2080 2857 et
2125 2816 2341 2872 semper
2376 2817 2439 2858 os
2467 2801 2742 2869 claudere,
2783 2802 2909 2872 quia
2954 2817 3063 2857 non
3095 2816 3164 2857 ex
3185 2800 3439 2871 operibus

1850 2894 2077 2960 nostris,
2133 2895 2229 2951 sed
2270 2910 2339 2952 ex
2370 2894 2467 2951 Dei
2513 2895 2693 2968 gratia
2731 2893 2924 2952 salvati
2954 2910 3160 2951 sumus.

296 3112 301 3117 .
970 3108 977 3113 -
1180 3106 1211 3121 ιχ
1262 3114 1267 3119 ,
1322 3112 1329 3118 .
1406 3112 1449 3138 ,Ε
1540 3110 1601 3134 η.

1846 3108 3425 3137 ww

1369 3251 1670 3332 LIBER
1725 3242 2227 3333 OCTAVUS.

1546 3376 2024 3407 W—

232 3464 250 3507 i
278 3453 477 3511 Fidelis
496 3448 832 3510 Doininusiu
859 3451 1041 3509 verbis
1062 3451 1195 3518 suis,
1213 3456 1270 3506 et
1299 3456 1521 3509 sanctus
1542 3452 1599 3506 in
1628 3462 1740 3506 om-
1769 3457 1814 3519 c
1852 3467 1874 3501 ι
1916 3450 1973 3504 in
2002 3424 2211 3504 terram.
2231 3447 2511 3514 Chanaan,
2551 3445 2609 3503 in
2641 3448 2777 3504 urbe
2812 3449 3208 3521 negotiatorum
3256 3449 3437 3521 posuit

147 3546 314 3603 nibus
343 3549 595 3619 cperibus
624 3546 790 3603 suis.»
810 3540 937 3601 llaec
958 3543 1274 3616 prophetica
1305 3544 1573 3599 sententia
1622 3552 1740 3598 rna-

146 3642 350 3698 nifeste
384 3642 651 3714 completa
689 3642 941 3698 clarescit
972 3641 1027 3696 in
1065 3654 1131 3696 eo
1151 3638 1301 3711 quod
1324 3638 1583 3695 Dominus
1625 3639 1740 3709 ple-

145 3734 277 3788 bem
322 3732 673 3790 lsraeliticam
703 3736 1027 3797 commovet,
1081 3730 1332 3802 qualibus
1356 3728 1636 3786 beneﬁciis
1670 3731 1739 3787 ab

147 3825 312 3881 initio
351 3826 628 3892 nutrierit,
684 3825 1087 3895 exprobratqu
1133 3824 1184 3879 ei
1233 3823 1491 3879 duritiam
1541 3823 1740 3879 mentis

146 3924 285 3982 sua,
343 3930 406 3972 eo
429 3915 573 3986 quod
619 3912 687 3970 ad
722 3914 905 3971 omnia
950 3913 1212 3969 beneﬁcia
1250 3915 1368 3984 eius
1397 3924 1612 3983 semper
1645 3928 1749 3968 ex:

142 4008 358 4066 stiterit
384 4008 618 4077 ingrata,
654 4010 711 4060 et
747 4004 1049 4062 beliefacﬁs
1073 4004 1192 4074 ejus
1240 4003 1384 4057 mala
1434 4001 1742 4058 diﬁdentim

140 4107 208 4157 et
238 4092 617 4154 inobedientiae
638 4095 1026 4167 mpensaverir.
1086 4094 1213 4149 Haec
1239 4094 1457 4164 quidem
1503 4094 1558 4148 in
1585 4106 1743 4164 supe-

141 4187 289 4244 riori
342 4180 485 4241 libro
527 4185 764 4241 maxima
806 4198 872 4239 ex
925 4190 1082 4255 parte
1117 4190 1540 4239 commemorata
1572 4191 1739 4238 sunt:

142 4286 303 4332 nunc
349 4280 532 4354 autem
578 4274 721 4330 mala
776 4282 895 4346 quae
922 4266 976 4331 ei
1010 4280 1066 4330 et
1092 4274 1324 4346 principi
1358 4272 1477 4343 ejus
1520 4281 1744 4345 propter

141 4368 526 4425 inﬁdelitatem
550 4372 703 4424 suam
728 4372 957 4424 ventura
982 4369 1112 4434 sint,
1161 4378 1262 4438 per
1288 4368 1519 4439 aenigma
1570 4374 1625 4424 et
1648 4380 1744 4439 pa-

142 4461 395 4520 rabolam
426 4464 685 4534 praedicit,
740 4462 817 4518 ita
833 4468 895 4517 ut
918 4456 1067 4519 nullo
1092 4461 1252 4519 modo
1278 4462 1359 4518 rei
1404 4470 1467 4518 et
1493 4471 1745 4535 parsero»

143 4556 340 4611 rantes
382 4548 435 4610 in
474 4554 713 4625 nequitia
757 4562 877 4620 sua,
930 4565 1107 4627 neque
1149 4555 1526 4624 pmnitentiam
1580 4564 1744 4625 agere

141 4647 416 4712 volentes,
483 4648 643 4719 iustae
673 4649 897 4705 ultionis
926 4651 1161 4705 evadere
1185 4651 1395 4720 possint
1420 4650 1743 4715 vindictam,

144 4740 249 4796 sed
282 4740 531 4796 meritam
580 4750 806 4810 operum
835 4754 1055 4796 suorum
1082 4752 1301 4811 pennam
1327 4742 1566 4811 protervi
1619 4736 1744 4812 per—

143 4831 365 4903 cepturi
402 4831 529 4888 sint.
562 4830 718 4888 Unde
737 4834 792 4887 et
819 4832 1106 4902 sequitur:

738 4931 964 5001 CAPUT
1007 4933 1169 5001 XVII.

141 5022 401 5090 joachim
428 5036 483 5089 in
511 5030 774 5106 Babylone
819 5035 1019 5106 captivo
1044 5032 1323 5106 Sedechias
1348 5043 1400 5089 et
1441 5030 1738 5092 Jerusalem

230 5106 394 5178 datur
431 5106 486 5159 in
526 5105 771 5178 manilius
835 5105 1328 5162 Nabuchodonosor
1363 5119 1384 5160 :
1431 5116 1480 5162 et
1525 5109 1742 5178 ponitur

223 5177 501 5247 prophetia
541 5177 605 5231 de
652 5175 881 5233 Christo.

230 5304 252 5339 ι
296 5286 364 5342 Et
397 5286 602 5344 factum
627 5297 711 5343 est
738 5288 962 5344 verbum
1005 5282 1219 5344 Domini
1268 5289 1339 5345 ad
1365 5304 1454 5344 me
1495 5289 1684 5346 dicens
1718 5307 1731 5345 :

148 5382 176 5435 ὁ
224 5370 333 5436 Fili
370 5381 622 5447 hominis,
676 5386 918 5452 propone
943 5381 1197 5452 aenigma,
1234 5386 1395 5435 narra
1417 5382 1737 5451 parabotam

149 5491 179 5526 ι
227 5471 304 5529 ad
343 5472 561 5528 domum
612 5472 796 5541 Israel,
844 5479 898 5528 et
928 5472 1113 5528 dices:
1154 5471 1279 5527 time
1314 5472 1445 5528 dicit
1480 5472 1740 5529 Dominus

150 5570 181 5620 ὁ
225 5565 417 5623 Deus:
458 5565 648 5637 Aquila
680 5566 919 5638 grandis,
964 5572 1281 5636 magnarum
1309 5565 1538 5632 alarum,
1579 5567 1739 5636 longo

152 5658 182 5714 ὁ
229 5659 602 5715 membrorum
650 5660 833 5725 ductu,
873 5658 1032 5732 plena
1067 5659 1288 5728 plumis,
1350 5667 1407 5714 et
1453 5661 1739 5726 varietate,

154 5772 182 5811 ι
226 5752 381 5810 venit
397 5754 463 5809 ad
485 5752 751 5811 Libanum
780 5763 835 5811 et
860 5755 983 5811 tulit
1007 5754 1294 5810 medullam
1316 5755 1488 5820 cedri,
1515 5756 1740 5810 summi-

158 5840 185 5905 ἀ
236 5856 410 5907 tatem
441 5846 711 5907 frondium
742 5848 859 5923 eius
879 5848 1076 5917 evellit,
1123 5858 1180 5906 et
1206 5849 1595 5923 transportavit
1621 5863 1744 5909 eam

1849 3556 1870 3591 ι
1916 3538 2080 3599 illam.
2114 3539 2180 3593 Et
2208 3538 2329 3592 tulit
2371 3538 2437 3593 de
2467 3537 2673 3594 semine
2717 3546 2894 3605 terrae,
2923 3546 2979 3595 et
3015 3539 3199 3611 posuit
3223 3539 3352 3595 illud
3382 3541 3437 3595 in

1850 3648 1870 3681 ι
1912 3640 2056 3685 terra
2088 3645 2188 3699 pro
2216 3629 2444 3695 semine,
2470 3628 2789 3685 utfirmaret
2820 3629 3059 3686 radicem
3086 3645 3247 3700 super
3271 3646 3441 3699 aquas

1850 3740 1870 3774 ι
1913 3722 2131 3776 multas.
2190 3721 2249 3776 ln
2285 3721 2570 3792 superﬁcie
2616 3722 2799 3792 posuit
2826 3722 2973 3778 illud.
3026 3722 3269 3793 Cumque
3323 3739 3443 3794 ger-

1852 3830 1872 3864 t
1915 3813 2196 3879 minassct,
2246 3814 2417 3868 crevit
2470 3813 2527 3867 in
2574 3813 2787 3868 vineam
2827 3812 3077 3868 latiorem
3112 3812 3299 3868 humili
3330 3822 3443 3869 sta-

1849 3929 1868 3961 ι
1914 3916 2056 3973 tura,
2107 3906 2525 3976 respicientibus
2554 3906 2724 3961 ramis
2766 3905 2883 3974 ejus
2912 3906 3143 3961 adeam.
3191 3905 3257 3960 Et
3301 3906 3443 3961 radi—

1850 4023 1873 4058 t
1915 4017 2009 4060 ees
2036 4001 2156 4072 eius
2199 4001 2305 4057 sub
2334 3999 2426 4055 illa
2453 4008 2632 4054 erant.
2697 3999 2863 4053 Facta
2894 4008 2980 4054 est
3034 4012 3165 4069 ergo
3189 3998 3346 4053 vinea
3390 4006 3446 4052 et

1849 4114 1870 4148 ι
1914 4092 2262 4148 fructiﬁcavit
2277 4091 2329 4144 in
2352 4089 2623 4160 palmites,
2644 4098 2699 4143 et
2717 4088 2895 4144 emisit
2911 4089 3251 4157 propagines,
3278 4096 3383 4141 etc.
3420 4106 3437 4138 ι

1846 4186 2074 4255 Quando
2141 4184 2421 4255 propheta:
2478 4181 2679 4238 dicitur
2721 4199 2734 4234 :
2825 4199 2844 4232 ι
2882 4180 3129 4251 Propone
3185 4181 3436 4250 aenigma,

1844 4293 2012 4335 narra
2052 4271 2393 4349 parabolam,
2434 4294 2454 4328 ι
2501 4273 2613 4329 sive
2653 4281 2712 4328 ut
2751 4272 3100 4345 Septuaginta
3150 4272 3442 4328 transtule-

1845 4380 1994 4437 runt,
2077 4389 2097 4421 ι
2142 4384 2307 4425 narra
2363 4366 2732 4422 uenationem
2776 4372 2831 4420 et
2879 4354 2965 4421 dic
3016 4363 3348 4435 parabolam,
3417 4382 3436 4445 ρ

1845 4463 2151 4522 ostenditur
2179 4461 2473 4517 obscurum
2518 4474 2638 4517 esse
2665 4459 2810 4531 quod
2851 4458 3067 4514 dicitur.
3111 4452 3251 4513 Nulli
3295 4454 3445 4513 enim

1846 4556 2065 4611 dubium
2106 4562 2163 4609 et
2191 4553 2422 4623 aenigma
2468 4560 2525 4607 et
2564 4549 2874 4622 parabolam
2911 4548 3055 4604 aliud
3102 4548 3349 4619 proferre
3387 4550 3442 4603 in

1843 4646 2043 4711 verbis,
2082 4644 2227 4700 aliud
2270 4652 2455 4699 tenere
2490 4643 2545 4697 in
2594 4642 2861 4697 sensibus.
2901 4636 2967 4696 Et
3006 4638 3256 4695 Salvator
3296 4641 3439 4694 enim

1846 4738 1915 4793 ad
1953 4737 2208 4808 populum
2251 4735 2574 4805 loquebatur
2616 4735 2673 4787 in
2703 4730 2993 4803 parabolis,
3054 4746 3189 4801 quas
3224 4739 3435 4786 secrete

1770 4818 1826 4878 Ῑ)
1850 4831 2114 4902 apostolis
2170 4828 2491 4884 disserebat.
2561 4824 2704 4896 Ergo
2750 4825 2979 4896 aenigma
3022 4833 3078 4879 et
3129 4822 3431 4895 parabolani

1852 4922 1928 4978 ita
1951 4921 2212 4976 debemus
2237 4916 2560 4986 intelligere,
2598 4915 2752 4986 quasi
2773 4916 3003 4987 aenigma
3032 4923 3088 4970 et
3105 4912 3437 4985 parabolam.

1845 5015 1976 5071 Dum
2004 5022 2188 5070 autem
2219 5013 2276 5067 in
2298 5010 2553 5085 praesenti
2592 5009 2891 5069 Ezechielis
2928 5007 3211 5080 prophetia
3248 5004 3441 5077 aquila:

1841 5112 2258 5177 proponuntur:
2292 5104 2358 5160 de
2398 5103 2575 5175 prima
2603 5118 2746 5158 nunc
2792 5099 3081 5157 dicendum
3107 5105 3212 5165 est,
3269 5098 3333 5154 de
3365 5099 3443 5152 al-

1842 5203 1959 5251 tera
2004 5196 2060 5251 in
2090 5193 2546 5264 consequentibus
2586 5193 2938 5257 disseremus,
2973 5196 3027 5243 et
3060 5188 3275 5245 interim
3309 5187 3440 5245 sim-

1842 5289 2038 5360 plicem
2066 5301 2351 5360 carpemus
2379 5286 2681 5342 historiam.
2734 5302 2754 5336 ‹
2806 5282 3000 5353 Aquila
3035 5281 3277 5355 grandis,
3324 5288 3440 5336 ma-

1844 5397 2071 5455 gnarum
2114 5381 2343 5444 alarum,
2394 5378 2557 5449 longo
2607 5377 2977 5433 membrorum
3023 5375 3209 5442 ductu,
3278 5364 3437 5445 plena

1842 5477 2043 5550 plumis
2074 5484 2129 5530 et
2165 5475 2467 5540 varietate;
2518 5492 2536 5522 ι
2596 5471 2710 5527 sive
2734 5478 2795 5525 ut
2821 5477 3034 5526 vertere
3060 5462 3434 5540 Septuaginta,

1852 5590 1870 5622 ‹
1915 5570 2072 5640 plena
2101 5570 2380 5641 unguium,
2426 5587 2445 5620 ι
2502 5565 2998 5622 Nabuchodonosor
3038 5580 3134 5621 rex
3157 5558 3440 5621 Chaldaeo-

1846 5677 1969 5717 rum
1998 5671 2098 5718 est.
2145 5662 2347 5732 Deque
2386 5668 2442 5715 et
2487 5658 2625 5716 Osee
2652 5659 2926 5731 loquitur:
2982 5678 3000 5711 ‹
3060 5659 3223 5728 Quasi
3255 5656 3437 5729 aquila

1849 5770 2009 5825 super
2039 5757 2258 5810 domum
2289 5755 2385 5810 Dei
2435 5753 2583 5825 (Ore.
2614 5753 2755 5826 vni).
2803 5774 2823 5807 ι
2880 5755 2986 5810 lste
3018 5752 3206 5809 multis
3260 5753 3433 5823 impe-

1848 5863 1978 5907 rans
2025 5846 2337 5903 nationibus
2386 5854 2441 5901 ct
2495 5844 2874 5903 innumerabili
2916 5844 3144 5902 vallatus
3184 5844 3426 5900 exercitu
