3938 6360
133 377 236 436 701

1077 371 1428 431 COMMENT.
1467 369 1535 424 IN
1577 364 2035 422 EZECHIELEM.
2075 392 2148 408 ——
2181 364 2308 421 LIB.
2354 363 2486 420 Vill.

3300 367 3404 419 70‘2

135 493 370 550 adventu
405 491 718 549 humiliatus
762 490 835 546 sit
859 488 1151 554 arefactus,
1186 495 1246 542 et
1267 485 1507 542 secundo
1556 482 1714 538 resti-
1739 488 1796 547 Λ
1819 495 1949 536 cens
1975 487 2031 534 et
2067 479 2256 544 silens,
2296 481 2364 533 ad
2400 485 2622 549 peccata
2652 485 2889 547 patrum,
2935 478 3112 535 reddit
3156 479 3275 547 his,
3310 483 3402 551 qui

135 592 324 641 tuatur
346 583 404 638 in
429 584 718 654 pristinum
747 590 945 637 statum
964 620 979 645 ,
1027 578 1249 650 impleto
1278 577 1368 631 illo
1413 571 1558 646 quod
1585 572 1716 628 dicit

135 675 410 747 apostolus
436 673 672 730 Paulus:
709 692 730 726 ι
754 672 889 728 Cum
934 669 1218 726 intraverit
1259 665 1536 737 plenitudo
1581 677 1716 735 gen.—

134 767 291 836 tium,
313 775 446 824 tunc
466 765 645 824 omnis
663 764 830 821 lsrael
855 763 1040 818 salvus
1057 761 1164 817 erit
1188 758 1365 832 (Rom.
1391 755 1491 830 tu).
1515 775 1534 808 ι

701 897 928 957 CAPUT
963 893 1144 953 XVIII.

133 991 216 1049 De
237 1007 340 1048 trra
363 991 569 1059 acerba,
593 992 716 1063 quia
746 1007 848 1047 non
878 1000 1022 1061 pater
1049 1007 1141 1061 pro
1171 987 1303 1063 ﬁlio,
1337 1003 1429 1041 nec
1455 984 1598 1054 ﬁlius
1621 995 1716 1054 pro

207 1074 352 1134 patre
368 1073 570 1118 tenetur
586 1061 643 1117 in
659 1063 906 1132 peccatis,
928 1063 1024 1134 sed,
1037 1061 1392 1134 attentusque
1409 1071 1542 1112 onus
1562 1069 1717 1110 suum

204 1131 450 1206 portabit,
475 1144 524 1188 et
559 1131 669 1188 ubi,
694 1134 981 1206 invenietur
1007 1132 1078 1186 ibi
1100 1131 1468 1206 judicabitur,
1499 1138 1547 1183 et
1577 1141 1718 1182 reuo-

208 1203 396 1260 cantur
421 1214 719 1276 peccatores
750 1205 818 1259 ad
843 1203 1218 1275 paenitentiam.

211 1336 230 1370 ι
257 1317 328 1372 Et
345 1317 523 1373 iactus
548 1325 632 1372 est
655 1331 835 1372 sermo
864 1314 1078 1371 Domini
1107 1314 1175 1369 ad
1210 1328 1300 1368 me
1327 1311 1514 1368 dicens
1538 1327 1552 1363 :
1576 1307 1717 1376 Quid

137 1430 160 1464 ‹
203 1410 454 1482 estquod
500 1411 644 1466 inter
675 1425 773 1465 vos
803 1409 1125 1478 parabolam
1151 1408 1364 1462 vertitis
1391 1407 1446 1461 in
1492 1417 1715 1475 prover-

140 1519 159 1553 ι
205 1502 352 1557 bium
379 1502 521 1558 istud
551 1502 606 1556 in
637 1511 780 1558 terra
814 1500 980 1556 [smel
1007 1499 1290 1554 dicentes:
1323 1496 1512 1550 Patres
1539 1509 1718 1549 come-

139 1609 160 1644 ι
210 1593 403 1648 derunt
448 1608 608 1648 uvam
644 1593 916 1656 acerbam,
946 1600 1000 1646 et
1037 1591 1227 1646 dentes
1267 1586 1500 1642 ﬁliorum
1531 1587 1718 1642 obstu-

137 1702 160 1735 (
206 1685 514 1755 puerum?»
550 1694 657 1741 etc.
694 1684 962 1756 (Hieron.)
994 1683 1173 1738 Monet
1211 1689 1392 1735 autem
1435 1679 1718 1750 Scriptum

133 1775 319 1832 divina
360 1776 494 1834 illud
522 1779 666 1847 quod
698 1777 754 1832 in
787 1777 972 1832 Exodo
1005 1776 1208 1830 dictum
1237 1781 1354 1830 est:
1392 1793 1412 1825 ε
1439 1774 1552 1844 Ego
1596 1787 1717 1829 sum

1820 588 1925 628 non
1972 573 2364 642 peccaverunt!
2414 572 2527 625 imo
2570 579 2771 640 quanta
2815 572 2870 626 in
2914 586 2982 628 eo
3008 575 3320 640 crudelitas,
3349 583 3408 630 ut

1817 666 1954 721 iram
2003 680 2156 720 suam
2189 678 2364 734 usque
2409 663 2478 718 ad
2510 665 2725 718 tertiam
2766 663 3024 719 extendat
3069 674 3125 724 et
3155 675 3406 736 quartam

1815 759 2253 829 generationem!
2281 755 2486 824 Quibus
2511 772 2612 812 nos
2643 755 3110 827 respondebimus,
3133 766 3189 812 et
3221 759 3278 814 in
3303 759 3406 815 hoc

1819 852 1916 908 Dei
1960 851 2221 908 creatoris
2271 849 2614 907 clementiam
2661 850 3043 905 demonstrari.
3093 850 3213 907 Non
3259 853 3406 908 enim

1819 947 2157 1003 truculentiae
2183 954 2269 1002 est
2299 953 2354 1001 et
2377 944 2684 1002 severitatis
2709 944 2847 999 iram
2881 951 3090 1010 tenere,-
3124 961 3297 1016 usqus
3339 947 3408 1002 ad

1821 1037 2036 1093 tertiam
2071 1043 2126 1093 et
2159 1045 2407 1108 quartam
2434 1036 2876 1108 generationem,
2916 1035 3014 1091 sed
3045 1037 3259 1107 signum
3302 1035 3407 1092 mi-

1819 1129 2146 1194 sericordiae,
2194 1143 2412 1200 poenam
2454 1128 2671 1184 ditl‘erre
2714 1128 2946 1199 peccati.
2995 1127 3223 1196 Quando
3263 1130 3406 1184 enim

1819 1219 1999 1275 dicit:
2051 1239 2070 1272 ς
2108 1221 2334 1276 Domine
2384 1221 2527 1277 Deus
2594 1220 2882 1275 miseratur
2945 1227 3000 1274 et
3061 1219 3406 1286 misericors,

1817 1317 2032 1386 patiens
2070 1324 2127 1372 et
2152 1317 2335 1372 multa:
2362 1314 2780 1380 miserationis,»
2810 1321 2866 1368 et
2889 1311 3091 1368 infert:
3124 1329 3145 1364 ι
3177 1313 3408 1368 reddens

1819 1409 2162 1478 iniquitatem
2223 1417 2439 1479 patrum
2509 1423 2671 1477 super
2735 1406 2875 1461 ﬁlios
2935 1414 2990 1460 et
3061 1406 3201 1461 ﬁlios
3265 1405 3405 1458 ﬁlio.

1820 1515 1961 1554 rum.
1988 1519 2005 1552 ι
2046 1499 2162 1555 Hoc
2201 1500 2434 1565 indicat,
2479 1500 2622 1569 quod
2672 1506 2836 1554 tantm
2872 1498 3260 1554 misericordiae
3306 1499 3409 1563 sit,

1819 1602 1882 1648 ut
1917 1608 2028 1648 non
2055 1594 2239 1650 statim
2282 1594 2502 1664 puniat,
2544 1594 2639 1648 sed
2686 1595 3011 1648 sententiam
3061 1591 3275 1647 diil‘erat
3304 1607 3408 1662 pu-

1820 1686 2022 1741 niendi.
2059 1685 2154 1742 Sin
2199 1695 2379 1741 autem
2420 1687 2654 1741 vindicta
2699 1686 3042 1756 peccantium
3071 1684 3317 1740 differtur
3357 1684 3409 1738 in

1821 1781 2040 1836 tertiam
2070 1792 2123 1836 et
2151 1789 2400 1850 quartam
2449 1781 2879 1852 generationem,
2908 1795 3032 1834 cum
3080 1780 3240 1850 justis
3283 1793 3410 1834 sun-

131 1867 400 1923 Dominus
425 1868 567 1924 Deus
595 1879 740 1934 tuus,
767 1868 906 1922 Deus
939 1867 1242 1933 aemulator,
1273 1868 1367 1937 qui
1402 1868 1570 1922 reddo
1599 1881 1720 1936 pec-
1745 1849 1796 1911 Β
1822 1873 2032 1942 ctisque
2080 1849 2210 1944 quid
2257 1849 2485 1943 amplius
2532 1873 2680 1928 facit.
2713 1873 3008 1943 Sequitur:
3045 1891 3063 1924 Ι
3085 1849 3162 1927 Et
3189 1883 3414 1926 servans

130 1968 257 2013 cata
283 1968 496 2029 patrum
539 1976 701 2030 super
731 1960 871 2016 ﬁlios
906 1976 1078 2030 usque
1123 1961 1192 2015 ad
1209 1960 1437 2016 tertiam
1481 1968 1537 2016 et
1565 1975 1723 2030 quar-

135 2057 245 2102 tam
274 2050 676 2119 generationem
706 2051 792 2106 his
826 2051 920 2120 qui
948 2052 1184 2107 oderunt
1225 2066 1332 2116 me,
1359 2059 1414 2106 et
1449 2050 1592 2107 facio
1623 2051 1724 2104 mi-

133 2140 487 2196 sericordiam
529 2141 582 2194 in
614 2141 813 2209 millia,
844 2144 930 2198 his
959 2143 1052 2213 qui
1079 2142 1307 2213 diligunt
1337 2157 1424 2197 me
1451 2150 1506 2196 et
1548 2150 1725 2197 custo-

133 2233 288 2287 diunt
330 2242 598 2302 praecepta
648 2251 768 2289 mea
813 2234 1019 2306 (Exod.
1049 2236 1177 2306 xx);
1210 2257 1228 2287 ι
1264 2245 1319 2290 et
1359 2237 1595 2290 iterum:
1623 2237 1725 2290 De-

134 2322 344 2378 scendit
383 2322 646 2379 Dominus
676 2324 734 2379 in
761 2325 905 2380 nube
935 2333 991 2380 et
1033 2324 1244 2380 adstitit
1285 2327 1441 2397 juxta
1479 2325 1717 2396 Moysen.

134 2415 210 2470 Et
233 2415 502 2472 invocavit
531 2416 741 2488 Moyses
775 2432 973 2473 nomen
1000 2418 1234 2483 Domini,
1264 2427 1321 2473 et
1351 2418 1598 2473 transivit
1627 2419 1726 2471 Do-

136 2509 318 2566 minus
343 2519 470 2565 ante
498 2508 693 2566 faciem
734 2510 872 2581 ejus.
903 2511 970 2565 Et
1015 2511 1286 2566 invocavit
1320 2526 1464 2576 eum,
1498 2511 1720 2566 dicens:

140 2619 160 2654 ι
191 2599 418 2657 Domine
454 2602 598 2657 Deus
641 2602 929 2658 miseratur
959 2611 1015 2656 et
1059 2602 1389 2668 misericors,
1423 2603 1636 2672 patiens
1673 2610 1727 2656 ct

135 2692 322 2749 multa:
365 2693 756 2749 misericordiae
794 2702 848 2749 et
887 2709 1079 2760 verax,
1110 2703 1164 2749 et
1199 2694 1464 2764 justitiam
1506 2708 1728 2749 servans

133 2791 196 2836 et
234 2782 665 2840 misericordiam
693 2783 750 2837 in
781 2783 972 2850 millia,
1017 2784 1270 2838 auferens
1314 2785 1631 2854 iniquitates
1675 2794 1728 2839 et

134 2871 432 2942 injustitias
459 2882 518 2930 et
545 2883 766 2946 peccata
797 2894 810 2928 :
840 2883 895 2930 et
922 2891 1030 2930 non
1060 2877 1374 2931 emundabit
1405 2892 1577 2942 reum,
1610 2875 1729 2936 red-

135 2965 272 3020 dens
303 2965 614 3036 iniquitates
657 2974 874 3035 patrum
912 2981 1074 3038 super
1119 2966 1260 3022 ﬁlios
1298 2973 1355 3023 et
1395 2982 1558 3036 super
1593 2967 1730 3022 ﬁlios

133 3058 393 3128 ﬁliorum,
419 3060 477 3114 in
503 3060 722 3116 tertiam
747 3068 802 3115 et
828 3067 1077 3130 quartam
1103 3060 1508 3131 generationem
1537 3059 1726 3131 (Num.

136 3153 360 3224 xxxrv);
398 3173 418 3207 ι
449 3153 528 3210 sic
553 3153 727 3224 accipi
747 3153 965 3220 debere,
998 3155 1150 3223 quasi
1178 3153 1495 3224 parabolam
1521 3161 1577 3209 et
1604 3169 1730 3224 pro-

134 3219 406 3314 verbium,
435 3254 498 3302 ut
524 3219 747 3302 aliud—in
775 3219 958 3302 verbis
985 3219 1163 3313 sonet,
1181 3219 1333 3302 aliud
1377 3247 1431 3301 in
1462 3219 1623 3302 sensu
1647 3253 1728 3301 te-
1757 3219 1800 3283 α

133 3348 286 3406 neat,
312 3339 455 3410 quod
505 3339 557 3394 in
589 3339 848 3410 parabola
888 3355 1102 3410 quoque
1147 3340 1376 3395 duarum
1425 3337 1729 3408 aquilarum

135 3447 305 3502 supra
331 3433 584 3489 diximus.
616 3433 770 3489 Unde
805 3441 860 3488 et
887 3433 1146 3488 Dominus
1179 3433 1236 3488 in
1262 3431 1472 3502 psalmo
1501 3446 1685 3487 Lxxvu
1709 3447 1722 3484 :

143 3545 164 3579 ι
195 3526 464 3597 Aperiam,
493 3527 688 3598 inquit,
717 3529 776 3582 in
799 3529 1054 3598 parabola
1081 3543 1145 3586 os
1172 3545 1373 3593 meum,
1398 3529 1592 3598 loquar
1613 3543 1734 3598 pro-

137 3618 436 3690 positiones
461 3620 529 3675 ab
582 3619 757 3676 initio.
780 3639 799 3671 ι
843 3620 912 3675 Et
953 3621 1008 3674 in
1040 3620 1333 3689 Evangelio
1363 3619 1580 3688 (Matth.
1607 3617 1730 3687 xm)

138 3709 458 3781 parabolam
503 3712 762 3767 sementis
803 3721 858 3767 et
903 3712 1016 3767 lolii
1052 3722 1107 3766 et
1151 3712 1392 3782 sinapis,
1422 3711 1567 3780 quod
1611 3726 1732 3766 eum

138 3801 520 3858 sitminimum
537 3802 776 3857 omnium
797 3803 1086 3867 seminum,
1101 3801 1156 3856 in
1185 3816 1436 3872 magnam
1455 3799 1734 3871 consurgit

143 3892 417 3960 arborem,
449 3894 523 3948 ita
549 3894 826 3964 proponit,
854 3903 916 3948 ut
942 3895 1088 3949 aliud
1117 3895 1421 3963 prmtentlat
1448 3894 1502 3948 in
1532 3893 1730 3958 verbis,

138 3987 289 4043 aliud
312 3988 368 4043 in
395 3987 642 4044 sensibus
671 3996 872 4043 teneat.
902 3987 968 4041 Et
997 4003 1097 4042 nos
1129 4003 1303 4056 usque
1331 3987 1385 4041 in
1412 3994 1733 4056 praesentem

137 4077 287 4132 diem
324 4078 646 4146 putabamus
692 4078 800 4132 duo
831 4076 1141 4132 testimonia
1186 4077 1379 4140 Exodi,
1413 4092 1533 4146 quae
1573 4090 1734 4145 supra

137 4167 426 4238 posuimus
455 4181 564 4222 non
588 4180 711 4223 esse
739 4166 1074 4238 parabolam,
1116 4167 1209 4222 sed
1237 4165 1540 4236 simplicem
1565 4165 1736 4234 expli-

139 4271 275 4312 care
335 4256 678 4312 sententiam.
737 4256 806 4312 Et
853 4269 1165 4326 quanquam
1235 4271 1344 4310 non
1413 4255 1736 4311 auderemus

138 4345 426 4418 quippiam
467 4347 648 4403 dicere
697 4362 800 4404 nec
827 4361 925 4402 vas
957 4346 1124 4403 ﬁctile
1168 4347 1315 4416 loqui
1356 4354 1546 4402 contra
1598 4346 1736 4417 ﬁgu»

140 4437 282 4504 lum,
312 4451 485 4508 quare
524 4438 602 4494 ita
630 4438 716 4494 vel
745 4438 823 4493 ita
851 4453 939 4493 me
967 4438 1172 4504 fecisti,
1202 4446 1385 4493 tamen
1419 4437 1736 4494 scandalum

141 4531 488 4603 patiebamur
522 4531 828 4597 occultum,
856 4531 1002 4602 quod
1050 4529 1313 4598 injustitia
1357 4530 1568 4584 videret
1618 4529 1732 4595 Dei,

143 4630 316 4687 alium
346 4643 576 4702 peccare
600 4637 657 4685 et
692 4629 858 4684 alium
887 4628 1038 4685 luere
1065 4637 1306 4697 peccata.
1334 4627 1394 4683 Si
1433 4628 1580 4681 enim
1621 4627 1740 4682 red-

143 4727 230 4783 dit
255 4735 479 4797 peccata
511 4725 735 4781 Patrum
769 4739 932 4795 super
963 4724 1124 4789 ﬁlios,
1163 4723 1219 4777 in
1246 4723 1464 4778 tertiam
1490 4730 1545 4777 et
1571 4731 1736 4790 quar-

146 4829 264 4876 tam
295 4819 720 4892 generationem,
750 4814 1009 4886 injustum
1044 4816 1322 4871 videretur
1358 4824 1418 4869 ut
1447 4814 1588 4868 alius
1616 4828 1741 4883 pec-

145 4920 237 4970 cet
255 4952 270 4980 ,
299 4912 437 4968 alius
467 4911 742 4984 puniatur.
776 4908 886 4964 Sed
927 4923 992 4964 ex
1021 4921 1088 4962 eo
1110 4905 1254 4977 quod
1297 4906 1566 4974 sequitur,
1611 4923 1630 4956 ‹
1657 4904 1742 4960 his

145 5003 245 5075 qui
299 5016 390 5058 me
447 5001 681 5059 oderunt
711 5021 730 5054 ι
804 4998 1238 5056 comminationis
1311 4997 1426 5051 sive
1487 4995 1740 5066 praecepti

147 5093 468 5152 scandalum
511 5095 756 5152 solvitur.
820 5092 938 5148 Non
982 5091 1126 5147 enim
1171 5090 1290 5146 ideo
1344 5089 1644 5159 puniuntur
1686 5088 1742 5141 in

147 5188 314 5244 tertia
349 5195 406 5242 et
441 5195 633 5258 quarta
668 5185 1036 5256 generatione,
1085 5183 1212 5253 quia
1255 5181 1602 5251 deliquerunt
1644 5191 1742 5249 pa-

147 5289 266 5336 tres
306 5292 514 5348 eorum,
543 5296 668 5337 cum
700 5286 883 5350 patres
911 5278 1111 5349 potius,
1153 5276 1246 5347 qui
1281 5275 1501 5330 fuerunt
1548 5288 1744 5344 pecca-

146 5381 306 5430 tores
329 5373 508 5445 punirl
534 5373 836 5439 debuerint,
867 5372 962 5427 sed
997 5371 1123 5440 quia
1165 5377 1381 5440 patrum
1418 5367 1745 5423 exstiterunt

148 5467 496 5524 aemulatores
535 5474 592 5524 et
625 5467 856 5523 oderunt
893 5465 1083 5529 Deum,
1129 5462 1472 5518 hzereditario
1513 5461 1658 5515 malo
1684 5467 1738 5515 et

148 5559 434 5632 impietate
462 5561 517 5615 in
553 5573 734 5615 ramos
761 5572 976 5628 quoque
1003 5557 1070 5611 de
1105 5554 1287 5610 radice
1317 5561 1615 5608 crescente.
1646 5551 1742 5608 So-

148 5650 271 5707 lent
309 5653 364 5707 in
392 5652 496 5708 hoc
528 5651 648 5706 loco
681 5649 942 5713 haeretici,
987 5647 1078 5717 qui
1106 5653 1259 5700 vetus
1288 5659 1394 5698 non
1440 5643 1740 5712 suscipiunt

149 5744 579 5801 instrumentum
624 5753 811 5799 contra
844 5750 1144 5796 creatorem
1177 5738 1357 5792 dicere
1390 5754 1402 5790 ε
1438 5735 1610 5802 Quam
1651 5736 1744 5790 bo-

159 5853 268 5899 nus
291 5848 346 5899 et
366 5842 546 5918 justus
574 5839 718 5897 Deus
759 5837 893 5911 legis
916 5844 971 5892 et
1007 5833 1410 5909 prophetarum,
1443 5829 1535 5902 qui
1565 5829 1742 5900 quies.

1764 4577 1816 4638 D

1817 1964 2085 2034 justitiam
2141 1973 2197 2020 et
2242 1965 2669 2021 misericordiam
2730 1965 2783 2019 in
2832 1965 2999 2018 multa
3070 1964 3271 2028 mill-ia,
3327 1963 3414 2019 his

1824 2059 1916 2128 qui
1971 2059 2289 2114 custodiunt
2323 2058 2578 2112 mandata
2633 2058 2770 2129 ejus,
2808 2064 2864 2111 et
2901 2055 3108 2112 faciunt
3149 2061 3411 2126 praecepta

1825 2147 1988 2203 illius.
2023 2167 2040 2200 ›
2082 2148 2358 2219 Scriptum
2405 2156 2488 2203 est
2535 2148 2590 2202 in
2638 2147 2946 2204 Proverbiis
2988 2166 2999 2200 :
3057 2166 3075 2199 ι
3116 2145 3268 2202 Sicut
3312 2161 3414 2200 uva

1826 2243 2022 2298 acerba
2052 2243 2303 2297 dentibus
2325 2245 2486 2297 noxia
2533 2233 2618 2298 est
2659 2249 2716 2297 et
2750 2243 2929 2297 fumus
2973 2241 3168 2307 oculis,
3199 2241 3278 2296 sic
3315 2239 3417 2294 ini-

1826 2335 2006 2404 quitas
2042 2334 2125 2388 his
2157 2335 2250 2402 qui
2276 2342 2501 2389 utuntur
2551 2349 2616 2388 ea
2654 2331 2837 2404 (Prov.
2867 2333 2944 2402 κ).
2980 2353 2997 2385 ι
3027 2333 3108 2387 Ex
3163 2345 3271 2402 quo
3295 2343 3418 2401 pcr-

1826 2425 2069 2494 spicuum
2094 2432 2196 2487 est,
2223 2439 2332 2479 non
2384 2423 2625 2479 aliorum'
2652 2424 2836 2479 dolere
2869 2425 3062 2478 dentes
3085 2430 3140 2477 et
3162 2423 3416 2491 obstupe-

1826 2529 1999 2580 scere,
2053 2515 2146 2570 sed
2170 2529 2383 2580 eorum,
2414 2515 2506 2584 qui
2550 2529 2713 2569 uvam
2767 2515 3019 2569 acerbam
3060 2511 3412 2568 comederint.

1827 2609 1922 2665 Est
1971 2622 2150 2664 autem
2177 2610 2278 2664 loci
2330 2609 2484 2665 istius
2512 2608 2601 2664 hic
2625 2625 2818 2666 sensus
2846 2627 2859 2663 :
2893 2609 3173 2676 Quomodo
3218 2607 3264 2663 si
3295 2606 3416 2678 quis

1827 2701 1957 2757 velit
1996 2701 2178 2756 dicere
2206 2720 2218 2754 :
2254 2719 2272 2751 t
2301 2709 2484 2772 patres
2504 2716 2666 2756 uvam
2695 2702 2947 2757 acerbam
2979 2699 3331 2762 comederint,
3363 2702 3418 2750 et

1829 2795 2018 2849 dentes
2040 2793 2273 2849 ﬁliorum
2303 2793 2751 2864 obstupuerunt,»
2770 2791 3058 2848 ridiculum
3084 2801 3188 2858 est,
3215 2797 3267 2844 et
3293 2790 3413 2848 nul:

1830 2889 1937 2944 iam
1989 2890 2194 2944 habens
2238 2888 2682 2958 consequentiam
2710 2905 2724 2940 :
2757 2888 2836 2942 sic
2871 2887 3115 2956 iniquum
3146 2893 3231 2940 est-
3257 2890 3418 2952 atque

1830 2995 2147 3050 perversum
2181 2993 2411 3050 peccare
2438 2989 2645 3050 patres,
2672 2987 2727 3034 et
2755 2978 2894 3034 ﬁlios
2926 2985 3258 3047 nepotesque
3292 2989 3415 3031 cru-

1833 3072 1990 3127 ciari.
2038 3072 2176 3126 Sunt
2197 3072 2290 3142 qui
2328 3072 2450 3138 hoc,
2482 3071 2626 3141 quod
2679 3071 2734 3125 in
2760 3071 2950 3125 Exodo
2997 3070 3260 3138 scriptum
3285 3075 3369 3122 est
3398 3081 3414 3119 :

1833 3163 2087 3222 Reddens
2118 3163 2430 3232 iniquitates
2469 3169 2684 3232 patrum
2738 3177 2899 3231 super
2944 3161 3081 3215 ﬁlios
3113 3160 3166 3214 in
3201 3158 3416 3213 tertiam

1832 3261 1888 3310 et
1925 3262 2176 3324 quartam
2203 3253 2624 3325 generationem,
2654 3254 2729 3307 ita
2753 3252 3074 3318 edisseram,
3121 3257 3180 3305 ut
3205 3251 3272 3305 ad
3303 3249 3419 3304 ani-

1830 3361 1973 3406 mam
2003 3348 2293 3401 humanam
2338 3344 2660 3401 sententiam
2699 3342 2955 3408 referant,
2983 3350 3193 3412 patrem
3224 3342 3280 3396 in
3321 3355 3418 3396 no-

1830 3438 1916 3495 bis
1943 3439 2141 3503 lenem,
2172 3445 2431 3507 punctum
2459 3444 2715 3492 sensuum
2759 3441 2813 3489 et
2843 3434 3115 3488 incentiva
3156 3431 3411 3486 vitiorum

1832 3544 1953 3587 esse
1998 3531 2286 3584 dicentes:
2315 3527 2483 3583 ﬁlium
2527 3541 2676 3594 vero,
2720 3527 2766 3581 si
2821 3525 3078 3598 cogitatio
3133 3531 3419 3595 peccatum

1835 3624 2169 3694 conceperit;
2191 3633 2437 3694 nepotem
2463 3622 2506 3677 si
2533 3621 2676 3691 quod
2697 3619 3022 3691 cogitaveris
3043 3627 3206 3688 atque
3228 3630 3419 3672 conce-

1832 3717 1999 3788 peris,
2048 3730 2212 3786 Opere
2260 3715 2612 3784 perpetrat-is.
2663 3711 3020 3781 Prone‘potem
3069 3718 3276 3773 autem,
3315 3707 3419 3763 hoc

1834 3815 1938 3875 est,
1991 3806 2394 3879 generationem
2446 3811 2718 3875 quartam,
2768 3802 2814 3858 si
2854 3815 2962 3856 non
3015 3799 3191 3854 solum
3221 3797 3418 3853 feceris

1835 3903 1976 3971 quod
2003 3900 2201 3954 malum
2229 3906 2330 3963 est,
2362 3906 2419 3953 et
2459 3897 2781 3961 scelestum;
2830 3896 2924 3951 sed
2953 3894 3008 3948 in
3040 3893 3146 3948 tuis
3199 3890 3417 3948 sceleri-

1833 3993 1936 4048 bus
1959 3991 2227 4062 glorieris.
2279 3991 2588 4046 Secundum
2646 3987 2773 4042 illud
2828 3985 2972 4056 quod
3002 3984 3263 4053 scriptum
3296 3989 3417 4038 est:

1842 4102 1861 4134 ι
1897 4081 2098 4152 Impius
2110 4096 2232 4136 cum
2246 4081 2297 4134 in
2321 4079 2642 4149 profundum
2657 4077 2922 4131 malorum
2936 4075 3165 4140 venerit,
3183 4082 3424 4129 contem-

1839 4182 1932 4231 net
1957 4171 2137 4245 (Prov.
2163 4171 2342 4244 xvnt).
2383 4190 2401 4223 ι
2441 4170 2582 4225 Deus
2627 4169 2795 4240 igitur
2820 4166 3032 4238 primos
3054 4175 3108 4220 et
3158 4165 3424 4220 secundos

1839 4263 2083 4321 stimulos
2095 4262 2502 4334 cogitationum,
2531 4273 2667 4330 quas
2684 4256 2856 4314 θειωσί
2876 4257 3184 4335 προπαθείας
3207 4262 3420 4321 vocant,

1839 4359 1957 4414 sine
2013 4357 2210 4428 quibus
2237 4355 2440 4410 nullum
2474 4352 2754 4408 hominum
2799 4365 2922 4405 esse
2961 4357 3164 4420 potest,
3215 4361 3422 4417 nequa-

1838 4465 2000 4520 quam
2021 4449 2198 4519 punit,
2237 4447 2330 4504 sed
2357 4446 2402 4500 si
2430 4444 2663 4516 cogitata
2704 4444 2827 4514 quis
2870 4440 3052 4498 facere
3101 4439 3422 4505 decreverit,

1842 4549 1933 4598 aut
1964 4541 2080 4612 ipsa
2123 4554 2244 4610 quae
2281 4537 2471 4593 fecerit
2506 4535 2740 4591 noluerit
2774 4533 3050 4606 corrigere
3080 4531 3421 4602 poenitentia.

1843 4633 1998 4691 Unde
2024 4633 2283 4703 scriptum
2311 4637 2395 4686 est
2424 4647 2438 4685 τ
2469 4648 2488 4681 ι
2509 4626 2698 4683 Nullus
2726 4625 3003 4682 hominum
3036 4625 3153 4679 sine
3179 4632 3421 4694 peccato,

1843 4743 1944 4783 nec
1966 4726 2010 4781 si
2032 4725 2188 4780 unius
2222 4723 2440 4793 quidem
2475 4720 2578 4774 dici
2623 4718 2785 4772 fuerit
2825 4717 2934 4770 vita
2980 4713 3137 4783 ejus:
3168 4720 3425 4768 numera-
3514 4768 3522 4777 _

1844 4815 1982 4872 biles-
2005 4822 2182 4868 autem
2214 4810 2340 4865 anni
2364 4808 2489 4863 vitae
2515 4806 2678 4862 illius.
2713 4824 2732 4857 ι
2763 4803 2830 4859 Et
2854 4805 2908 4859 in
2934 4802 3040 4857 alio
3060 4803 3178 4857 loco
3208 4819 3220 4855 :
3248 4817 3266 4851 ι
3296 4799 3426 4866 Quis

1845 4905 2165 4979 gloriabitur
2187 4909 2396 4958 castum
2440 4913 2498 4954 se
2523 4897 2728 4952 habere
2777 4898 2914 4951 cur?
2949 4915 2967 4946 ι
2999 4891 3126 4966 (Job
3169 4887 3327 4962 xiv.)
3359 4889 3427 4944 Et

1846 5010 2062 5054 rursum
2104 5012 2118 5049 :
2149 5009 2170 5045 t
2205 4991 2367 5047 Astra
2396 4999 2610 5060 quoque
2639 5003 2744 5043 non
2794 4994 2918 5042 sunt
2966 4982 3165 5039 munda
3215 4982 3271 5036 in
3293 4995 3425 5036 cou-

1847 5094 2036 5159 spcctu
2087 5084 2224 5154 ejus.
2273 5082 2340 5138 Et
2373 5080 2631 5136 adversus
2682 5076 2902 5149 angelos
2947 5083 3074 5131 suos
3113 5083 3427 5143 perversum

1847 5182 1977 5254 quid
2025 5177 2369 5251 excogitavit.
2412 5194 2430 5229 t
2463 5172 2558 5230 Sin
2590 5180 2770 5228 autem
2815 5168 3061 5226 sublimis
3101 5165 3191 5221 illa
3235 5172 3429 5221 natura

1846 5279 2068 5345 Peccato
2093 5283 2202 5326 non
2243 5273 2411 5332 caret,
2459 5267 2588 5337 quid
2631 5263 2916 5321 dicendum
2964 5266 3046 5315 est
3083 5257 3151 5313 de
3199 5254 3430 5313 homini-

1846 5365 1964 5429 bus,
2021 5365 2112 5434 qui
2143 5360 2318 5434 fragili
2367 5373 2533 5416 carne
2554 5354 2874 5414 circumdati
2905 5351 3104 5408 debent
3131 5348 3277 5421 Ιοῃυί
3305 5359 3428 5402 cum

1845 5457 2142 5531 Apostolo:
2176 5473 2194 5507 t
2230 5455 2393 5510 Miser
2433 5465 2534 5523 ego
2580 5451 2759 5514 homo,
2798 5447 2922 5518 quis
2949 5459 3037 5501 me
3087 5439 3430 5531 liberabit

1847 5523 2074 5620 corpore
2112 5547 2306 5603 mortis
2333 5544 2492 5615 hujus
2519 5542 2542 5596 ?
2574 5560 2593 5592 ι
2625 5539 2803 5611 (Rom.
2849 5535 2972 5609 vn.)
2998 5533 3064 5589 Et
3085 5529 3226 5590 illud
3257 5549 3270 5586 :
3307 5547 3326 5581 α
3363 5523 3433 5593 Ut

1848 5619 1968 5699 cum
1993 5641 2175 5695 omnia
2197 5636 2484 5692 fecerimus
2513 5633 2804 5686 debeamus
2839 5625 3042 5693 dicere,
3069 5623 3226 5681 Servi
3256 5619 3422 5677 inuti-

1849 5735 1927 5788 les
1977 5745 2183 5795 sumus,
2239 5727 2382 5797 quod
2431 5722 2710 5778 debuimus
2760 5717 2938 5775 facere
2994 5716 3219 5773 fecimus
3265 5708 3427 5784 (Luc.

1849 5822 2005 5897 xv").
2042 5841 2060 5874 ι
2111 5820 2179 5877 Et
2212 5833 2227 5875 :
2267 5837 2285 5873 t
2313 5815 2426 5873 Nisi
2449 5814 2705 5872 Dominus
2728 5808 3076 5869 aediﬁcaverit
3102 5807 3339 5871 domum,
3374 5800 3430 5856 in
