3916 6356
109 282 207 336 709

1020 270 1372 330 COMMENT.
1413 268 1481 325 IN
1520 263 1971 322 EZECl-llELEM.
2011 293 2083 304 -——
2121 262 2249 326 LIB.
2291 259 2426 320 VIII.

3259 261 3363 322 710

98 394 317 448 huamus
343 387 725 446 vestimentum
759 383 985 450 Christi,
1022 384 1087 438 de
1115 398 1222 452 quo
1255 381 1516 450 scriptum
1545 386 1666 430 est:
1703 379 1747 438 Α
1776 387 1925 446 ptum
1951 384 2070 429 est:
2103 396 2120 428 ‹
2179 376 2234 431 Si
2285 375 2447 430 fuerit
2485 373 2665 446 justus
2702 382 2755 431 et
2789 375 2980 432 fecerit
3023 375 3308 447 judicium.
3341 397 3360 431 ι

103 503 120 536 ‹
147 482 417 550 Quotquot
443 479 586 534 enim
614 478 666 532 in
694 477 911 534 Christo
935 474 1194 548 baptizati
1217 473 1370 537 estis,
1399 473 1675 526 Christum

98 572 343 630 induistis
371 569 512 644 (Gal.
536 570 639 642 ιιι).
662 591 680 624 ›
713 568 827 632 lioc
854 568 1175 623 vestimento
1219 565 1394 621 nudus
1417 572 1554 628 erat,
1583 564 1677 633 qui

97 673 296 721 vestem
318 663 661 720 non-habens
682 659 997 731 nuptialem,
1042 659 1314 728 projectus
1344 663 1428 711 est
1453 656 1519 710 de
1549 669 1677 709 con-

97 757 255 811 vivio.
309 755 384 809 De
427 755 530 808 liae
579 754 819 808 nuditate
859 762 914 805 et
952 751 1018 805 ad
1064 749 1363 805 Jerusalem
1417 749 1677 803 Dominus

95 849 367 917 loquitur:
402 865 420 897 ι
450 844 528 910 Tu
553 854 730 906 autem
761 859 883 908 eras
913 843 1053 905 nuda
1082 851 1137 897 et
1165 842 1494 898 confusionis
1516 841 1675 914 plena

95 939 305 1012 (Ezech.
338 938 514 1009 χω.»
562 938 946 998 Duodecimum
1000 952 1286 991 numerum
1331 944 1514 993 tenet:
1545 954 1562 985 ι
1612 935 1680 990 Et

93 1033 156 1086 ad
183 1045 399 1086 usuram
421 1043 528 1090 non
555 1028 982 1086 commodaverit
1009 1045 1023 1094 ;
1056 1047 1074 1078 ι
1104 1029 1215 1081 sive
1242 1035 1301 1080 ut
1326 1018 1677 1102 Septuaginta

94 1122 501 1188 transtulerunt,
532 1144 547 1173 ς
576 1121 862 1192 pecuniam
887 1137 1042 1178 suam
1075 1124 1140 1176 ad
1181 1137 1401 1176 usuram
1444 1137 1552 1176 non
1579 1119 1676 1174 de-

91 1213 244 1268 derit.
284 1232 301 1262 ›
359 1213 416 1268 In
472 1213 728 1273 hebraico
784 1221 1102 1268 cunctarum
1152 1211 1454 1280 specierum
1513 1225 1677 1265 usura

88 1304 418 1373 prohibetur,
453 1304 506 1366 in
554 1302 906 1374 Septuaginta
959 1312 1170 1356 tantum
1221 1302 1484 1372 pecuniae,
1523 1301 1678 1374 juxta

89 1398 226 1465 quod
262 1406 316 1451 et
369 1397 422 1452 in
476 1397 684 1456 decimo
741 1406 933 1466 quarto
983 1395 1192 1465 psalmo
1242 1395 1504 1465 scriptum
1553 1403 1673 1448 est:

93 1489 237 1556 «Qui
280 1490 568 1567 pecuniam
615 1505 769 1546 suam
821 1505 927 1542 non
980 1489 1129 1544 dedit
1175 1489 1242 1543 ad
1295 1504 1536 1542 usuram.
1564 1509 1581 1567 ι
1610 1487 1678 1541 Et

86 1583 354 1654 quomodo
383 1583 581 1638 dicitur
610 1601 620 1635 :
658 1603 674 1632 ε
705 1581 885 1642 Fratri
925 1589 1014 1636 tuo
1039 1597 1143 1636 non
1187 1580 1477 1646 fenerabis,
1504 1579 1678 1634 alieno

85 1684 264 1732 autem
300 1674 574 1734 fenerabis
620 1673 798 1744 (Deut.
823 1672 1007 1744 xxiii),
1039 1691 1058 1722 ι
1099 1674 1192 1727 sed
1224 1671 1344 1726 vide
1373 1671 1676 1744 profectum

1782 467 1888 522 Sed
1919 467 2100 521 addita
2129 469 2357 522 veritate
2401 467 2613 536 judicii,
2649 468 2791 536 quod
2839 467 2966 523 facit
3017 469 3158 526 inter
3193 471 3367 528 virum

1778 569 1833 614 et
1859 559 2034 612 virum
2063 559 2178 612 sive
2197 560 2500 630 proximum
2535 574 2712 625 suum,
2742 559 2972 617 ἐπίτασιν
3003 564 3246 619 cernitur
3273 567 3369 622 ba-

1779 654 1907 708 here
1929 653 2213 706 virtutum.
2267 651 2422 707 Unde
2470 660 2523 706 et
2569 653 2622 707 in
2656 653 3070 710 Proverbiorum
3123 659 3367 726 exordio,

1778 757 1900 818 post
1956 747 2124 802 multa
2175 754 2474 816 praecepta,
2535 747 2808 818 correptio
2861 747 3093 803 infertur
3141 749 3368 817 judicii:

1785 857 1802 887 (
1835 837 2007 900 Scire,
2037 836 2232 906 inquit,
2286 827 2605 904 sapientiam
2644 843 2701 891 et
2727 837 3086 906 disciplinam,
3131 847 3185 895 et
3215 840 3372 895 intel—

1777 926 1947 1002 ligere
1974 930 2136 983 verba
2163 929 2481 1000 prudentiae,
2534 931 2808 1000 suscipere
2850 931 3119 986 versutias
3168 949 3372 988 sermo-

1779 1039 1933 1088 num,
1974 1029 2028 1076 et
2059 1037 2218 1077 nosse
2265 1019 2529 1090 justitiam
2571 1038 2774 1088 veram,
2802 1031 2856 1077 et
2889 1032 3016 1093 post
3044 1026 3224 1079 omnia
3254 1042 3361 1082 cor-

1780 1117 1956 1187 rigere
1975 1116 2236 1188 judicium
2267 1115 2448 1188 (Prov.
2477 1116 2536 1188 ι).
2563 1137 2581 1169 ι
2616 1116 2976 1183 Quamobrem
3008 1125 3062 1173 et
3087 1118 3374 1190 Apostolus

1781 1213 2131 1282 reprehendit
2196 1229 2290 1268 eos
2346 1213 2439 1284 qui
2498 1213 2549 1267 in
2610 1212 2851 1268 Ecclesia
2912 1215 3191 1269 constituti
3251 1222 3376 1269 sunt

1781 1302 1832 1376 (Ι
1865 1303 1986 1358 Cor.
2013 1304 2110 1371 vi),
2136 1305 2280 1375 quod
2305 1305 2540 1360 habeant
2569 1305 2706 1358 inter
2737 1320 2794 1360 se
2815 1303 3036 1374 judicia,
3087 1304 3372 1360 minimus-

1780 1411 1885 1466 que
1905 1396 2123 1468 eligitur
2146 1405 2307 1472 atque
2324 1403 2680 1470 contemptus.
2699 1395 2832 1462 Quia
2851 1394 3005 1464 juxta
3023 1395 3372 1467 Evangelium

1778 1489 1987 1556 primus
2009 1498 2114 1554 est,
2141 1496 2196 1543 ut
2231 1487 2438 1558 judicet
2469 1489 2608 1542 inter
2628 1489 2807 1551 virum
2851 1496 2905 1542 et
2935 1489 3135 1553 virum,
3163 1486 3253 1556 qui
3283 1485 3375 1540 de-

1781 1581 1980 1646 struxit
2013 1597 2099 1647 ea,
2138 1597 2258 1651 qua:
2301 1581 2511 1651 parvuli
2542 1589 2688 1648 sunt,
2733 1589 2787 1635 et
2827 1581 3071 1654 pervenit
3096 1595 3267 1650 usque
3305 1579 3374 1634 ad

1779 1670 2081 1742 perfectum
2114 1672 2289 1728 virum
2319 1690 2331 1726 :
2363 1680 2416 1725 et
2459 1677 2639 1726 tamen
2682 1670 2905 1742 majoris
2935 1670 3203 1725 sententia
3234 1669 3374 1723 indi-

83 1765 134 1820 in
173 1764 442 1835 principio
470 1763 602 1834 legis
630 1743 665 1818 ra
702 1743 971 1818 fratribus,
1009 1772 1218 1817 tantum
1250 1743 1404 1817 fenus
1437 1749 1671 1828 tollitur;
1706 1749 1753 1810 Β
1779 1743 1886 1831 get,
1921 1771 1978 1816 ut
2004 1763 2176 1832 possit
2202 1763 2267 1816 ad
2313 1763 2598 1822 veritatem
2632 1759 2822 1832 judieii
2845 1761 3150 1832 pervenire.
3175 1759 3372 1828 Sequi—

81 1855 133 1908 in
157 1855 454 1924 Propheta,
481 1855 548 1910 ab
590 1854 839 1908 onmihus
888 1869 1052 1908 usura
1095 1854 1434 1924 prohibetur,
1466 1853 1677 1909 dicente

82 1943 380 2006 Ezechiele,
420 1964 436 1994 ‹
473 1944 756 2014 pecuniam
785 1960 936 2000 suam
964 1961 1068 1998 non
1094 1946 1240 2000 dedit
1281 1945 1346 1999 ad
1376 1961 1616 2000 usuram.
1653 1966 1671 1997 ι

84 2033 246 2093 Porro
264 2033 318 2088 in
332 2033 621 2104 Evangelio
636 2034 851 2088 virtutis
863 2044 1209 2105 augmentum
1225 2036 1678 2106 est,prtecipiente

85 2125 304 2180 Domino
331 2142 344 2177 :
381 2143 399 2175 ί
428 2124 773 2186 Feneramini
809 2126 895 2182 his
921 2143 951 2180 a
975 2127 1171 2196 quibus
1199 2143 1303 2181 non
1329 2127 1559 2197 speratis
1589 2143 1676 2182 re-

86 2218 279 2287 cipere.
307 2236 327 2268 ›
358 2216 640 2288 Sequitur,
670 2217 725 2271 in
758 2218 918 2273 tertio
962 2219 1172 2273 decimo
1214 2219 1334 2275 loco
1361 2238 1371 2272 :
1410 2237 1426 2268 ε
1455 2219 1522 2273 Et
1558 2235 1674 2272 am-

83 2309 212 2380 plius
242 2323 355 2372 non
387 2309 679 2380 acceperit.
706 2329 724 2360 ι
783 2310 981 2365 Putant
1026 2311 1245 2381 quidam
1293 2326 1510 2365 usuram
1564 2319 1678 2364 tan-

86 2408 190 2454 tum
217 2414 340 2463 esse
365 2399 420 2460 in
447 2401 697 2469 pecunia.
748 2399 901 2468 Quod
945 2401 1249 2469 praevidens
1276 2399 1557 2472 Scriptura
1589 2401 1674 2456 di-

85 2489 222 2557 vina,
253 2489 439 2554 omnis
469 2490 548 2546 rei
603 2488 783 2552 aufert
824 2490 1398 2561 superabundautiam,
1453 2499 1510 2544 ut
1556 2490 1676 2562 plus

85 2598 184 2642 non
219 2583 474 2653 recipias,
507 2598 668 2654 quam
703 2583 918 2638 dedisti.
954 2583 1140 2639 Solent
1170 2583 1223 2636 in
1247 2583 1390 2652 agris
1415 2580 1676 2637 frumenti

92 2682 141 2730 et
189 2674 365 2739 milii,
435 2674 544 2736 vini
621 2683 678 2728 et
749 2674 854 2729 olei
891 2714 905 2738 ,
970 2682 1398 2744 ca’terarumque
1470 2675 1679 2745 specie-

90 2780 198 2819 rum
245 2780 428 2826 usurie
493 2764 669 2836 exigi,
707 2765 820 2820 sive
866 2772 925 2820 ut
953 2765 1204 2836 .‘appellat
1247 2781 1426 2821 sermo
1464 2766 1675 2822 divinus

84 2855 442 2916 abundantiae.
491 2853 655 2910 Verbi
706 2857 910 2928 gratia,
944 2863 1002 2909 ut
1051 2856 1259 2927 liyemis
1304 2865 1542 2926 tempore
1580 2857 1674 2910 de-

86 2962 197 3000 mus
245 2949 436 3002 decem
479 2949 708 3012 modios,
757 2957 812 3002 et
866 2950 921 3002 in
959 2964 1134 3004 messe
1165 2949 1488 3020 recipiamus
1520 2950 1679 3020 quin-

84 3038 267 3106 decim,
301 3039 408 3100 hoc
435 3047 540 3104 est,
570 3038 800 3108 amplius
826 3049 1038 3108 partem
1066 3040 1320 3103 mediam,
1356 3040 1448 3110 qui
1485 3037 1676 3110 justis—

1782 1864 1885 1910 tur.
1935 1855 1989 1910 ln
2016 1864 2168 1910 sexto
2196 1855 2405 1916 decimo
2446 1854 2601 1909 loco:
2637 1872 2656 1905 ‹
2705 1853 2763 1907 In
2784 1853 3070 1924 praeceptis
3097 1852 3233 1907 meis
3258 1866 3374 1905 am~

1780 1943 2048 2010 bulavcrit
2077 1962 2090 2010 ;
2123 1965 2140 1995 ι
2177 1945 2303 1999 etin
2328 1945 2536 2000 decimo
2560 1942 2791 2014 septimo
2815 1960 2828 1997 :
2869 1959 2886 1992 ‹
2923 1940 3130 1996 Judicia
3157 1941 3270 1996 sive
3290 1940 3376 2010 ju-

1783 2036 2137 2092 stificationes
2168 2051 2317 2091 meas
2364 2035 2700 2099 custodierit,
2744 2040 2804 2090 ut
2834 2032 2998 2088 faciat
3026 2046 3087 2087 ea
3125 2032 3378 2101 faeta-que

1782 2127 2121 2183 custodiat.»
2177 2127 2420 2194 Quorum
2468 2134 2759 2196 utrumque
2807 2124 3162 2195 multiplicem
3211 2123 3377 2177 habet

1780 2219 2212 2291 intelligentiam,
2258 2219 2304 2275 si
2351 2218 2576 2274 velimus
2609 2217 2791 2279 omnia
2833 2216 2966 2287 legis
3005 2213 3257 2269 mandata
3288 2225 3377 2266 re-

1778 2309 1999 2379 plicare,
2035 2310 2090 2364 in
2117 2311 2315 2379 quibus
2344 2317 2613 2382 przecepta
2645 2308 2878 2373 Domini,
2921 2315 2976 2363 et
3004 2307 3056 2362 in
3080 2306 3273 2378 quibus
3289 2301 3378 2373 ju-

1782 2403 2136 2465 stiﬁeationes
2160 2418 2280 2459 esse
2310 2403 2584 2457 dicuntur.
2633 2402 2831 2456 Plenus
2857 2408 2940 2456 est
2983 2405 3379 2470 prazeeptorum

1781 2503 1836 2552 et
1873 2494 2323 2564 justificationum
2376 2510 2540 2548 exvin
2590 2493 2853 2566 psalmus,
2907 2499 2963 2545 et
3003 2505 3067 2545 ex
3103 2497 3259 2559 parte
3285 2487 3379 2542 de-

1781 2587 1955 2642 cimus
1981 2595 2229 2652 octavus,
2258 2586 2310 2639 in
2365 2601 2473 2656 quo
2500 2584 2760 2660 scriptum
2789 2590 2873 2638 est
2906 2600 2918 2635 :
2957 2599 2975 2633 ι
3007 2579 3238 2635 Justitite
3275 2578 3380 2632 Do-

1781 2679 1913 2738 mini
1946 2687 2108 2734 rectae
2149 2661 2485 2732 laetificantes
2538 2676 2739 2742 corda;
2767 2695 2785 2726 ι
2820 2682 2873 2729 et
2916 2691 2928 2728 :
2969 2689 2988 2724 ε
3041 2671 3380 2740 Praeceptum

1783 2772 1994 2832 Domini
2052 2771 2288 2826 lucidum
2343 2769 2650 2824 illuminans
2694 2766 2899 2822 oculos.
2926 2785 2944 2817 ι
2987 2763 3045 2817 ln
3097 2777 3207 2833 quo
3237 2759 3382 2832 quae-

1781 2863 1922 2922 ritur
1951 2863 2220 2934 quomodo
2253 2862 2306 2915 in
2334 2851 2438 2914 hoc
2468 2859 2657 2914 eodem
2690 2856 2949 2928 propheta
2978 2853 3178 2908 dixerit
3201 2851 3379 2904 Deus:

1789 2973 1807 3007 ‹
1841 2955 1972 3009 Dedi
1997 2955 2077 3010 eis
2112 2952 2528 3026 justificationes
2563 2966 2670 3005 non
2712 2950 2902 3012 bonas,
2944 2947 2999 3000 in
3033 2944 3229 3016 quibus
3271 2958 3379 2997 non

1785 3046 1972 3100 vivant
2001 3046 2054 3102 in
2096 3045 2175 3101 eis
2207 3042 2421 3116 (Επειδὴ.
2444 3041 2559 3112 xx).
2586 3060 2604 3092 ι
2639 3039 2944 3108 Facilisque
2991 3035 3270 3107 responsio
3297 3041 3384 3088 est

85 3129 270 3186 simum
298 3145 361 3186 se
374 3129 664 3200 putaverit,
686 3137 935 3198 quartam
953 3129 1074 3200 plus
1098 3129 1325 3198 accipiet
1348 3129 1672 3200 portionem.
1704 3115 1749 3180 C
1782 3145 1838 3194 αι
1861 3136 2072 3208 plenior
2095 3137 2148 3190 in
2179 3134 2655 3204 consequentibus,
2703 3146 2812 3184 non
2845 3130 3027 3185 vivere
3055 3127 3271 3182 Judaeos
3292 3141 3379 3180 se-

85 3218 145 3278 El
191 3218 372 3282 solum
416 3217 785 3288 argumentari
828 3234 892 3272 ac
923 3218 1140 3272 dicere:
1181 3219 1311 3273 Dedi
1346 3235 1512 3273 unum
1562 3235 1677 3275 mo-

87 3312 221 3370 dium
244 3311 343 3382 qui
368 3320 520 3367 satus
545 3311 663 3365 fecit
690 3309 878 3365 decem
901 3311 1127 3375 modios,
1148 3326 1326 3365 nonne
1337 3309 1544 3380 justum
1569 3320 1675 3378 est,

87 3409 140 3458 ut
171 3404 410 3462 medium
446 3402 686 3462 modium
711 3403 775 3457 de
806 3417 930 3458 meo
958 3403 1078 3473 plus
1105 3405 1388 3476 accipiam,
1433 3419 1557 3459 cum
1587 3405 1678 3460 ille

87 3509 197 3549 mea
231 3493 558 3550 liberalitate
604 3509 796 3549 novem
844 3503 898 3550 et
942 3494 1108 3548 seruis
1157 3496 1222 3549 de
1269 3509 1390 3549 meo
1440 3494 1678 3550 habeat?

91 3604 106 3636 ι
134 3585 304 3642 Nolite
326 3601 533 3650 errare,
567 3604 586 3638 ι
623 3585 798 3656 inquit
821 3585 1113 3656 Apostolus
1139 3581 1339 3657 (Galat.
1360 3586 1460 3658 vi),
1484 3604 1501 3636 ι
1534 3587 1695 3646 Deus-

85 3692 186 3732 non
216 3677 494 3736 irridetur.
523 3696 540 3727 ι
572 3676 920 3748 Respondeat
948 3678 1092 3732 enim
1142 3678 1385 3734 breviter
1413 3678 1572 3734 nobis
1600 3678 1679 3733 fe-

85 3778 300 3824 nerator
328 3769 641 3826 misericors
688 3778 869 3823 utrum
924 3769 1146 3824 habenti
1199 3770 1408 3826 dederit
1457 3786 1526 3824 an
1570 3787 1678 3825 non

85 3862 346 3917 habenti?
381 3861 440 3916 Si
470 3863 692 3924 habenti
736 3863 920 3933 utique
965 3863 1095 3918 dare
1133 3877 1240 3916 non
1271 3863 1552 3931 debuerat,
1584 3865 1680 3919 sed

84 3953 229 4009 dedit
256 3954 411 4023 quasi
438 3969 542 4010 non
573 3954 814 4014 babenti.
841 3955 982 4023 Ergo
1001 3970 1171 4024 quare
1192 3956 1313 4026 plus
1332 3957 1502 4028 exigit
1523 3958 1679 4027 quasi

80 4048 144 4104 ab
175 4047 453 4108 habente?
506 4047 610 4104 Alii
644 4060 743 4117 pro
773 4047 1000 4116 pecunia
1045 4048 1290 4102 fenerata
1337 4049 1512 4104 solent
1557 4066 1679 4103 mu-

77 4139 305 4200 nuscula
329 4139 576 4207 accipere
617 4139 814 4192 diversi
854 4139 1090 4210 generis,
1132 4149 1187 4194 et
1217 4156 1326 4195 non
1371 4141 1682 4212 intelligunt

75 4245 306 4290 usuram
336 4229 593 4300 appellari
623 4237 677 4284 et
723 4229 1275 4299 superabundanliam
1311 4232 1574 4302 quidquid
1621 4231 1682 4284 il-

77 4322 170 4378 lud
200 4328 308 4386 est,
360 4321 406 4376 si
451 4321 518 4374 ab
565 4335 648 4385 eo,
696 4321 840 4390 quod
889 4321 1138 4376 dederint
1181 4321 1302 4392 plus
1349 4322 1677 4392 acceperint.

82 4414 322 4482 Quartus
358 4413 600 4474 decimus
627 4413 868 4486 gradus:
906 4431 924 4463 ι
952 4413 1035 4467 Ab
1059 4414 1363 4484 iniquitate,
1396 4414 1493 4482 ait,
1526 4429 1682 4468 aver-

83 4510 210 4570 terit
237 4522 464 4568 manmn
510 4522 696 4572 suam;
732 4527 749 4558 ι
778 4515 837 4560 ut
873 4506 1022 4560 omni
1072 4521 1236 4578 opere
1284 4506 1455 4578 fugiat
1482 4506 1682 4576 iniqui-

87 4610 271 4667 tatem,
306 4615 415 4656 non
441 4601 585 4662 enim
626 4599 798 4662 solum
850 4601 1114 4666 manibus,
1145 4600 1240 4656 sed
1278 4608 1332 4655 et
1363 4600 1482 4654 aliis
1510 4615 1682 4656 mem-

85 4696 196 4752 bris
228 4693 590 4754 committitur
609 4693 890 4762 iniquitas,
922 4692 1134 4748 dicente
1166 4691 1494 4755 Salomone:
1528 4711 1545 4743 ι
1573 4692 1678 4746 lni-

88 4802 187 4857 qua
225 4787 368 4846 labia
399 4802 431 4842 a
488 4793 538 4840 te
584 4785 773 4857 procul
823 4799 1042 4842 remove
1096 4781 1279 4853 (Prov.
1327 4784 1423 4855 iv).
1451 4805 1470 4836 ι
1525 4784 1591 4840 Ει
1624 4785 1681 4844 in

87 4879 314 4936 Psalmis
341 4899 354 4934 :
392 4900 411 4933 ι
442 4878 786 4949 lniquitatem
827 4878 881 4934 in
910 4877 1125 4935 excelso
1154 4877 1318 4933 locuti
1346 4887 1472 4934 sunt
1503 4875 1677 4949 (Psal.

89 4972 306 5046 Lxxn).i
344 4972 446 5028 Pes
472 4987 688 5044 quoque
709 4970 880 5028 currit
911 4971 977 5024 ad
1008 4969 1370 5040 iniquitatem,
1396 4977 1451 5023 et
1472 4968 1681 5035 oculus,

87 5064 135 5122 si
163 5065 400 5126 alienam
441 5064 724 5122 mulierem
771 5062 1146 5131 concupiscat,
1196 5075 1296 5116 nec
1323 5060 1392 5116 sit
1420 5058 1537 5130 ejus
1566 5060 1686 5114 imi-

92 5168 249 5225 tator,
295 5159 364 5215 de
399 5172 507 5228 quo
545 5157 780 5217 dicitur:
821 5173 839 5206 ι
893 5154 1243 5224 lniquitatem
1293 5169 1402 5208 non
1451 5152 1602 5218 fecit,
1634 5161 1688 5206 et

94 5253 240 5310 dolus
293 5269 404 5310 non
451 5253 703 5308 inventus
755 5259 840 5306 est
886 5251 941 5304 in
995 5264 1090 5304 ore
1146 5249 1263 5320 ejus
1295 5246 1345 5320 (Ι
1373 5245 1516 5301 Petr.
1544 5245 1628 5318 ιι).
1661 5265 1678 5297 ι

99 5343 246 5401 Unde
281 5353 341 5404 et
372 5345 437 5399 de
461 5343 648 5415 iniquo
673 5357 981 5404 mannnona
1003 5341 1258 5412 jubemur
1309 5338 1485 5399 facere
1529 5337 1685 5392 nobis

99 5437 316 5505 amicos,
366 5437 459 5508 qui
505 5451 606 5494 nos
652 5435 710 5490 in
763 5443 968 5492 aeterna
1023 5433 1286 5503 recipiant
1339 5428 1686 5486 tabernacula

102 5527 246 5597 (Luc.
269 5528 406 5601 xvr).
431 5527 686 5596 Quintum
709 5527 976 5584 decimum
998 5533 1081 5580 est
1109 5543 1119 5578 :
1157 5541 1174 5574 ι
1209 5522 1478 5586 Judieium
1498 5537 1684 5576 verum

103 5617 286 5677 fecerit
308 5623 451 5676 inter
479 5621 654 5675 virum
683 5629 738 5675 et
762 5620 959 5685 virum,
984 5638 999 5668 ι
1030 5618 1143 5671 sive
1166 5615 1471 5684 proximum
1496 5631 1680 5681 suum;

107 5717 243 5782 quod
270 5716 485 5779 videtur
514 5716 654 5771 idem
701 5730 913 5782 sonare,
962 5712 1104 5784 quod
1147 5711 1401 5783 primum,
1435 5711 1524 5765 ubi
1552 5711 1685 5773 seri-

1781 3238 2010 3302 quentes
2056 3228 2396 3283 occidentem
2427 3225 2686 3288 litteram,
2728 3230 2782 3276 et
2817 3221 2998 3275 vivere
3043 3217 3384 3275 Christianos

1781 3303 2146 3391 intelligentes
2198 3319 2448 3390 spiritum
2491 3316 2877 3372 vivificantem.
2926 3313 3172 3384 Longum
3204 3319 3306 3375 est,
3334 3309 3381 3364 si

1779 3414 2112 3470 voluerimus
2155 3414 2387 3488 probare
2438 3410 2781 3475 testimoniis,
2837 3407 2930 3463 ubi
2981 3413 3249 3476 praecepta
3279 3404 3384 3460 Do-

1780 3507 1912 3564 mini
1942 3515 1996 3561 et
2027 3505 2116 3561 ubi
2150 3489 2568 3578 justificationes
2617 3516 2738 3558 esse
2769 3501 3040 3566 dicantur,
3091 3507 3148 3554 et
3176 3497 3377 3568 quibus

1781 3599 1992 3668 singula
2020 3598 2108 3652 vel
2142 3596 2570 3661 diversitatibus,
2621 3594 2704 3649 vel
2735 3591 3159 3649 obscuritatibus
3204 3589 3380 3644 invol-

1781 3696 2002 3742 vantur.
2052 3687 2206 3743 Unde
2257 3697 2311 3741 et
2369 3687 2424 3742 in
2467 3686 2720 3757 prmsenti
2770 3685 2891 3740 loco
2921 3684 3190 3738 infertur:
3227 3699 3247 3733 ί
3280 3681 3380 3737 llic

1776 3782 1956 3858 justus
1981 3785 2082 3845 est,
2109 3779 2219 3832 vita
2248 3779 2412 3843 vivet,
2462 3779 2537 3833 ait
2579 3777 2838 3833 Dominus
2883 3778 3045 3832 Deus.
3069 3794 3086 3826 ι
3139 3773 3241 3842 Qui
3271 3774 3386 3830 haec

1782 3869 1976 3926 fecerit
2000 3879 2055 3925 et
2079 3869 2168 3923 illa
2195 3885 2300 3922 non
2338 3869 2550 3935 fecerit,
2594 3883 2934 3938 nequaquam
2962 3867 3219 3937 punietur
3245 3865 3385 3921 deli-

1785 3965 1886 4018 ctis
1913 3963 2100 4032 patris,
2128 3962 2220 4017 sed
2248 3961 2358 4014 suis
2394 3961 2541 4015 vivet
2573 3960 2884 4016 virtutibus.

1859 4074 1877 4104 ‹
1907 4053 2061 4121 Quod
2115 4053 2160 4107 si
2199 4052 2448 4124 genuerit
2494 4051 2664 4106 lilium
2714 4052 2980 4106 latronem
3025 4049 3386 4106 effundentem

1790 4165 1807 4196 c
1841 4145 2179 4213 sanguinem,
2211 4152 2265 4198 et
2301 4143 2496 4198 fecerit
2534 4159 2701 4197 unum
2733 4145 2799 4199 de
2832 4143 2970 4208 istis,
3006 4143 3061 4197 in
3098 4142 3187 4196 via
3215 4141 3386 4214 patris

1792 4256 1809 4287 ι
1840 4236 1920 4291 sui
1961 4237 2095 4307 justi
2124 4252 2230 4290 non
2261 4235 2645 4300 ambulaverit,
2697 4242 2753 4290 et
2785 4236 2902 4292 haec
2945 4233 3164 4305 quidem
3207 4232 3388 4289 omnia

1792 4347 1810 4379 ι
1840 4343 1946 4382 ιιοη
1981 4327 2292 4393 facientem,
2343 4329 2437 4383 sed
2485 4329 2539 4383 in
2580 4326 2857 4383 montibus
2911 4327 3305 4392 comedentem,
3335 4333 3391 4382 et

1793 4441 1810 4471 ‹
1845 4434 2070 4474 uxorem
2117 4420 2354 4491 proximi
2403 4419 2484 4474 sui
2536 4419 2888 4491 poliuentem,
2921 4433 3150 4490 egenum
3178 4426 3234 4474 et
3255 4432 3389 4490 pau-

1793 4533 1812 4565 ‹
1842 4529 2027 4586 perem
2075 4515 2514 4573 contristantem,
2553 4513 2856 4584 rapientem
2914 4513 3156 4583 rapinas,
3195 4511 3390 4584 pignus

1792 4627 1809 4660 (
1839 4623 1944 4662 non
1983 4607 2319 4671 reddentem,
2347 4615 2401 4661 et
2435 4608 2501 4662 ad
2529 4605 2669 4666 idola
2708 4606 2976 4662 levantem
3013 4606 3200 4661 oculos
3239 4619 3388 4670 suos,

1792 4718 1809 4750 ‹
1841 4699 2299 4754 abominationem
2343 4698 2660 4762 facientem,
2714 4698 2782 4751 ad
2834 4712 3058 4751 usuram
3095 4698 3312 4750 dantem
3337 4703 3391 4750 et
3481 4723 3486 4728 -

1795 4808 1813 4840 ‹
1843 4790 2073 4859 amplius
2117 4788 2495 4857 accipientem,
2545 4786 2807 4857 numquid
2838 4787 3018 4854 vivet}
3066 4802 3175 4840 non
3220 4786 3384 4840 vivet.

1796 4900 1813 4933 ι
1845 4881 1912 4934 Et
1938 4895 2062 4936 eum
2086 4879 2343 4935 universa
2374 4878 2691 4933 detestanda
2715 4878 2829 4932 haec
2855 4876 3063 4943 fecerit,
3083 4884 3256 4935 morte
3281 4890 3392 4930 mo-

1799 4992 1816 5025 ‹
1847 4974 2036 5029 rietur.
2071 4971 2303 5043 Sanguis
2327 4972 2443 5044 ejus
2468 4972 2520 5026 in
2542 4971 2662 5042 ipso
2679 4972 2802 5027 erit.
2829 4991 2846 5022 ι
2882 4970 3134 5027 Dicamus
3153 4968 3390 5042 primum

1785 5066 1945 5139 juxta
1993 5065 2303 5130 historiam,
2336 5072 2398 5118 ut
2435 5064 2622 5120 sciatis
2683 5063 2996 5135 iniquitates
3037 5069 3249 5135 patrum
3281 5075 3386 5115 non

1791 5157 2094 5214 redundare
2138 5157 2203 5210 ad
2254 5155 2411 5210 filios.
2447 5155 2504 5209 Si
2530 5154 2708 5226 justus
2759 5151 2968 5216 fecerit,
2999 5167 3117 5221 qua:
3143 5152 3391 5222 superior

1791 5265 1973 5314 sermo
2004 5265 2102 5320 per
2129 5247 2379 5303 ordinem
2431 5248 2622 5312 texuit,
2675 5246 2785 5299 vita
2832 5243 2996 5300 vivet.
3039 5242 3193 5309 Quod
3231 5241 3276 5297 si
3303 5257 3391 5314 ge-

1793 5343 1975 5400 nuerit
2004 5343 2173 5398 filium
2203 5340 2541 5398 recedentem
2558 5356 2596 5408 a
2618 5337 2831 5394 Domini
2856 5336 3115 5391 servitute
3141 5345 3198 5391 et
3215 5336 3387 5408 patris

1792 5437 2025 5493 virtutes
2047 5437 2193 5491 vitiis
2221 5442 2668 5497 commutantem,
2712 5439 2770 5484 ut
2809 5428 2974 5485 faciat
3008 5445 3126 5500 qua:
3156 5429 3243 5483 ille
3280 5443 3389 5484 non

1793 5528 1944 5595 fecit,
1973 5539 2028 5584 et
2066 5545 2171 5586 non
2213 5527 2378 5582 faciat
2416 5541 2535 5596 quae
2571 5524 2658 5577 ille
2683 5531 2934 5596 operatus
2982 5530 3084 5587 est,
3127 5519 3391 5589 numquid

1794 5620 1977 5675 vivere
2021 5620 2260 5690 poterit?
2300 5620 2460 5673 Certe
2495 5631 2601 5676 non
2645 5615 2807 5682 vivet,
2839 5615 2930 5670 sed
2955 5615 3058 5669 erit
3100 5628 3223 5668 reus
3258 5625 3388 5666 san-

1795 5714 1973 5786 guinis
2008 5715 2108 5772 sui.
2144 5713 2310 5769 Porro
2334 5711 2488 5788 juxta
2528 5709 2928 5780 intelligentiam
2973 5706 3266 5778 spiritalem
3301 5699 3397 5771 ju-'
