3916 6356
114 280 221 339 709

1036 268 1389 337 COMMENT.
1428 269 1499 329 ιΝ
1536 264 1988 327 EZECHIELEM.
2028 294 2103 329 ,—-_
2137 263 2266 329 LIB.
2307 260 2443 322 Vili.

3275 262 3380 324 710

102 392 334 449 mannis
358 389 742 453 vestimentum
775 384 1002 453 Christi,
1038 386 1104 443 de
1132 399 1240 455 quo
1271 382 1534 452 scriptum
1562 388 1645 434 est
1672 398 1684 434 :
1718 380 1764 441 Α
1791 386 1942 448 ptum
1967 385 2087 431 cst:
2119 397 2137 430 ι
2196 376 2251 433 Si
2302 376 2464 432 fuerit
2502 374 2682 449 justus
2718 383 2773 433 et
2806 376 2998 435 fecerit
3039 377 3324 449 judicium.
3357 398 3377 433 ι

108 502 128 537 ι
158 483 435 555 Quotquot
458 481 603 539 enim
630 480 683 543 in
710 478 929 537 Christo
952 476 1212 557 baptizati
1234 475 1386 539 estis,
1415 474 1693 531 Christum

104 574 361 633 induistis
387 570 529 646 (Gal.
552 571 657 645 tu).
678 592 698 633 ι
730 570 845 629 Hoc
870 570 1192 626 vestimento
1235 566 1411 624 nudus
1433 573 1571 632 erat,
1599 565 1694 636 qui

104 674 313 727 vestem
335 665 678 727 nonhabens
698 661 1015 734 nuptialem,
1059 660 1332 730 projectus
1361 665 1446 714 est
1469 658 1536 712 de
1565 670 1694 712 con-

103 758 272 813 vivio.
324 757 401 812 De
443 757 547 811 hac
596 756 836 811 nuditate
876 763 931 808 et
968 752 1036 809 ad
1080 751 1380 808 Jerusalem
1432 749 1694 805 Dominus

102 849 384 921 loquitur:
419 867 437 901 ι
467 846 545 913 Tu
570 855 748 911 autem
777 861 901 913 cras
930 845 1071 909 nuda
1099 852 1155 900 et
1181 843 1510 900 confusionis
1532 842 1693 921 plena

103 940 323 1014 (Each.
354 939 489 1012 xvi).
514 960 532 994 ι
579 940 964 1005 Duodecimum
1016 953 1304 994 numerum
1347 945 1531 996 tenet:
1561 955 1580 988 ‹
1627 936 1697 992 Et

102 1034 175 1089 ad
200 1047 417 1093 usuram
438 1046 545 1094 non
572 1029 999 1091 commodaverit
1025 1046 1040 1096 ;
1073 1049 1091 1081 ι
1120 1029 1232 1084 sive
1258 1036 1317 1083 ut
1343 1020 1694 1104 Septuaginta

105 1124 518 1191 transtulerunt,
549 1144 565 1175 ι
592 1124 879 1195 pecuniam
904 1138 1060 1187 suam
1091 1125 1158 1181 ad
1198 1138 1419 1179 usuram
1460 1138 1570 1178 non
1596 1120 1693 1177 de-

102 1215 263 1271 derit.
300 1234 318 1267 ›
376 1215 434 1275 In
488 1214 745 1275 hcbraico
801 1222 1120 1271 cunctarum
1168 1213 1473 1283 specierum
1529 1226 1695 1267 usura

98 1306 436 1377 prohibetur,
470 1306 524 1369 in
570 1304 923 1377 Septuaginta
975 1313 1188 1359 tantum
1237 1304 1502 1374 pecunize,
1539 1302 1695 1377 juxta

100 1400 246 1469 quod
279 1407 334 1455 et
384 1400 439 1457 in
492 1399 701 1461 decimo
757 1406 951 1468 quarto
1000 1397 1209 1469 psalmo
1258 1397 1521 1467 scriptum
1569 1380 1690 1451 est}

105 1510 124 1543 ι
155 1491 257 1559 Qui
297 1492 586 1570 pecuniam
632 1507 787 1551 suam
837 1506 944 1547 non
996 1490 1146 1545 dedit
1192 1490 1260 1545 ad
1311 1505 1554 1547 usuram.
1581 1510 1599 1570 ι
1627 1488 1696 1543 Ει

98 1567 372 1657 quomodo
400 1585 599 1645 dicitur
626 1602 638 1637 :
675 1604 691 1635 ε
722 1583 903 1644 Fratri
941 1590 1032 1639 tuo
1055 1599 1160 1644 non
1204 1582 1494 1649 fenerabis,
1521 1567 1705 1637 alieno.

99 1685 283 1739 autem
316 1676 591 1739 fenerabis
637 1674 815 1747 (Deut.
840 1674 1024 1747 χχιιι),
1056 1693 1075 1725 ι
1116 1675 1210 1730 sed
1240 1673 1361 1728 vide
1390 1672 1694 1747 profectum

1798 468 1905 525 Sed
1936 469 2118 523 addita
2145 469 2374 524 veritate
2418 468 2630 539 judicii,
2665 470 2809 539 quod
2854 469 2983 525 facit
3033 470 3176 529 inter
3209 473 3385 529 virum

1794 569 1850 616 et
1876 561 2051 619 virum
2080 560 2196 615 sive
2213 561 2518 632 proximum
2551 575 2728 627 suum,
2759 561 2990 619 ἐπίτασιν
3019 565 3264 620 cernitur
3290 568 3386 624 ha-

1795 655 1925 710 bere
1947 654 2230 709 virtutum.
2284 652 2439 710 Unde
2487 662 2541 709 et
2586 655 2640 709 in
2672 654 3088 712 Proverhiorum
3139 659 3384 727 exordio,

1794 758 1917 820 post
1973 748 2142 811 multa
2192 755 2491 821 pracepta,
2551 747 2826 820 correptio
2877 748 3110 811 infertur
3158 750 3386 819 judicii:

1802 858 1819 891 ι
1850 838 2025 903 Scire,
2054 837 2250 907 inquit,
2302 822 2623 907 sapientiam
2660 845 2719 893 et
2744 837 3103 908 disciplinam,
3146 849 3202 896 et
3231 840 3390 896 intel—

1794 927 1965 1007 ligere
1990 931 2154 985 verba
2180 930 2499 1005 prudentizc,
2551 932 2826 1001 suscipere
2867 931 3137 988 versutias
3184 949 3389 990 sermo—

1794 1040 1950 1090 num,
1991 1031 2045 1078 et
2075 1038 2236 1079 nosse
2282 1020 2546 1091 justitiam
2587 1039 2792 1091 veram,
2819 1032 2874 1079 et
2906 1032 3032 1095 post
3060 1026 3242 1080 omnia
3270 1042 3379 1083 cor-

1796 1117 2254 1193 rigerejudicium
2284 1116 2465 1190 (Prov.
2493 1117 2553 1190 ι).
2580 1138 2599 1170 ι
2632 1117 2995 1185 Quamobrem
3025 1126 3080 1174 ct
3103 1118 3391 1191 Apostolus

1797 1214 2149 1285 reprehendit
2213 1230 2308 1270 eos
2362 1214 2456 1289 qui
2514 1214 2567 1269 in
2626 1212 2869 1270 Ecclesia
2929 1215 3208 1271 constituti
3266 1222 3393 1271 sunt

1797 1303 1850 1378 (1
1882 1303 2003 1360 Cor.
2030 1305 2127 1375 vi),
2153 1306 2297 1377 quod
2321 1306 2559 1362 habeant
2585 1305 2724 1361 inter
2754 1321 2812 1360 se
2831 1303 3053 1375 judicia,
3103 1305 3389 1361 minimus—

1797 1412 1902 1475 qne
1921 1397 2140 1470 eligitur
2163 1406 2325 1476 atque
2340 1404 2697 1473 contemptus.
2716 1395 2850 1464 Quia
2868 1394 3022 1466 juxta
3039 1395 3390 1468 Evangeliurn

1794 1490 2005 1558 primus
2027 1499 2132 1557 est,
2157 1497 2214 1545 ut
2247 1488 2456 1560 judicet
2486 1490 2627 1544 inter
2644 1490 2825 1553 virum
2868 1497 2923 1544 et
2952 1489 3152 1554 virum,
3180 1486 3272 1558 qui
3301 1486 3393 1542 de-

1797 1583 1999 1649 struxit
2030 1598 2116 1649 ea,
2155 1598 2276 1653 quac
2316 1582 2529 1653 parvuli
2559 1590 2706 1650 sunt,
2751 1589 2805 1637 et
2843 1581 3089 1657 pervenit
3113 1595 3285 1652 usque
3322 1579 3391 1635 ad

1795 1671 2100 1751 perfectum
2131 1672 2307 1733 virum
2337 1691 2349 1731 :
2380 1681 2435 1727 et
2476 1678 2656 1728 tamen
2700 1672 2922 1745 majoris
2952 1671 3221 1727 sententia
3251 1670 3392 1725 indi-

96 1766 152 1823 in
192 1766 459 1841 principio
486 1765 620 1837 legis
651 1781 683 1829 a
717 1764 978 1829 fratribus
1026 1773 1237 1819 tantum
1266 1762 1422 1819 fenus
1454 1750 1688 1831 tollitur;
1723 1751 1771 1819 Β
1796 1750 1903 1834 get,
1937 1773 1996 1819 ut
2022 1763 2194 1834 possit
2219 1764 2285 1817 ad
2331 1763 2616 1823 veritatem
2648 1760 2839 1833 judicii
2861 1762 3167 1834 pervenire.
3191 1760 3391 1830 Sequi-

92 1856 153 1911 in
176 1857 471 1927 Propheta.
498 1856 566 1919 ab
607 1856 857 1913 omnibus
906 1871 1071 1919 usura
1111 1856 1452 1927 prohibetur,
1483 1856 1695 1911 dicente

92 1945 398 2010 Ezechiele,
436 1965 453 1997 ι
488 1946 775 2017 pecuniam
802 1961 955 2005 suam
980 1962 1087 2002 non
1112 1947 1257 2002 dedit
1298 1947 1365 2002 ad
1393 1963 1634 2002 usuram.
1670 1967 1689 1999 ι

96 2035 267 2095 Porro
282 2036 337 2093 in
348 2035 638 2107 Evangelia
652 2036 869 2091 virtutis
880 2045 1227 2108 augmentum
1242 2037 1697 2109 est,pra:cipicnte

96 2126 362 2189 Domino:
399 2145 417 2178 ι
446 2126 791 2191 Feneramini
826 2128 913 2185 his
938 2144 970 2184 a
992 2129 1190 2199 quibus
1216 2144 1322 2184 non
1346 2128 1577 2201 speratis
1606 2144 1694 2184 re—

98 2220 301 2291 cipere.
326 2238 346 2271 ι
375 2218 659 2291 Sequitur,
688 2219 742 2285 in
774 2220 937 2276 tertio
980 2220 1191 2277 decimo
1232 2221 1389 2277 loco:
1427 2239 1444 2271 ι
1471 2220 1540 2275 Ει
1575 2236 1693 2275 am-

92 2312 236 2385 plius
263 2326 373 2377 non
402 2311 697 2387 acceperit.
723 2330 742 2363 ›
800 2312 999 2373 Putant
1043 2312 1264 2385 quidam
1309 2327 1529 2368 usuram
1581 2320 1697 2367 tan-

97 2411 215 2459 tum
240 2416 359 2467 esse
382 2402 439 2465 in
463 2403 715 2472 pecunia.
765 2401 919 2471 Quod
963 2403 1267 2472 prmvidens
1293 2401 1575 2475 Scriptura
1607 2403 1692 2459 di-

96 2492 246 2560 vina,
277 2491 459 2561 omnis
486 2492 567 2555 rei
620 2490 800 2555 aufert
840 2492 1417 2565 superabundantiam,
1470 2500 1529 2546 ut
1572 2491 1694 2565 plus

96 2600 209 2650 non
243 2586 493 2656 recipias,
522 2600 687 2661 quam
720 2585 936 2647 dedisti.
971 2584 1159 2641 Solent
1187 2584 1242 2639 in
1264 2585 1409 2656 agris
1433 2582 1694 2639 frumenti

103 2685 167 2739 et,
213 2676 384 2742 milii,
452 2676 563 2739 vini
638 2685 696 2732 et
766 2676 923 2741 olei,
988 2684 1417 2746 caeterarumque
1487 2676 1697 2748 specie-

100 2782 224 2823 rum
269 2782 447 2829 usnra:
510 2766 687 2839 exigi,
724 2767 839 2823 sive
883 2775 944 2822 ut
971 2767 1222 2839 Iappcllat
1264 2782 1444 2823 sermo
1481 2768 1694 2824 divinus

93 2857 460 2921 abundantia}.
509 2855 673 2921 Verbi
723 2858 930 2932 gratia,
961 2865 1020 2912 ut
1068 2858 1277 2930 hyemis
1321 2866 1561 2928 tempore
1597 2859 1693 2913 de-

95 2964 222 3004 mus
271 2950 455 3005 decem
496 2950 726 3016 modios,
775 2959 831 3005 et
883 2951 940 3005 in
977 2966 1153 3006 messe
1183 2951 1507 3023 recipiamus
1537 2951 1697 3023 quin-

92 3041 294 3107 decim,
323 3041 428 3103 boe
452 3048 561 3108 est,
588 3040 819 3117 amplius
844 3050 1057 3113 partem
1083 3041 1339 3106 mediam,
1373 3042 1467 3113 qui
1503 3039 1695 3117 justis-

1799 1865 1902 1911 tur.
1951 1856 2007 1915 ιιι
2032 1864 2187 1913 sexto
2213 1855 2423 1917 decimo
2462 1854 2582 1910 loco
2607 1873 2619 1909 :
2654 1874 2674 1907 ‹
2723 1854 2781 1908 in
2801 1854 3087 1925 praeceptis
3114 1853 3251 1908 meis
3275 1867 3392 1906 ama

1797 1944 2066 2007 bulaverit
2092 1962 2108 2015 ;
2140 1965 2159 1998 ι
2194 1953 2250 2001 et
2270 1946 2321 2003 in
2345 1945 2554 2002 decimo
2577 1942 2846 2016 septimo:
2885 1960 2904 1993 ι
2940 1941 3148 1998 Iudicia
3174 1941 3288 1997 sive
3307 1940 3394 2012 ju-

1800 2038 2155 2097 stiﬁcationes
2184 2053 2335 2094 meas
2381 2036 2717 2102 custodierit,
2760 2041 2822 2090 ut
2849 2033 3015 2090 faciat
3042 2047 3105 2089 ea
3141 2032 3395 2103 factaque

1799 2128 2139 2186 custodiat.»
2193 2128 2438 2196 Quorum
2484 2136 2777 2197 utrumque
2824 2125 3180 2205 multiplicem
3228 2123 3396 2178 habet

1798 2221 2230 2293 intelligentiam,
2275 2221 2322 2277 si
2367 2219 2595 2279 velimus
2626 2219 2808 2280 omnia
2850 2216 2984 2289 legis
3021 2214 3275 2270 mandata
3305 2210 3395 2269 rei?

1796 2310 2018 2382 plicare,
2053 2312 2107 2365 in
2134 2312 2333 2381 quibus
2362 2318 2631 2387 pracepta
2663 2309 2897 2375 Domini,
2939 2316 2994 2365 et
3022 2308 3074 2363 in
3097 2307 3291 2379 quibus
3306 2301 3396 2375 ju-

1800 2404 2155 2467 stificationes
2177 2419 2298 2461 esse
2326 2404 2606 2460 dicuntur.
2648 2403 2849 2458 Plenus
2874 2408 2958 2458 est
3000 2405 3397 2471 praeceptorum

1799 2505 1855 2559 et
1891 2495 2340 2567 justificationum
2393 2511 2558 2550 cxvm
2607 2494 2871 2571 psalmus,
2925 2499 2981 2547 et
3020 2505 3085 2547 ex
3121 2497 3277 2561 parte
3303 2486 3397 2544 de-

1798 2588 1973 2645 cimus
1999 2597 2248 2653 octavus,
2275 2587 2328 2641 in
2383 2601 2491 2663 quo
2518 2585 2778 2663 scriptum
2807 2590 2891 2639 est
2923 2600 2936 2637 :
2975 2600 2993 2635 ι
3025 2580 3257 2637 ιιιειίιίω
3292 2577 3397 2635 Do—

1798 2681 1932 2741 mini
1963 2688 2127 2735 rectaa
2167 2680 2503 2735 laetificantes
2555 2677 2757 2743 corda;
2785 2695 2803 2727 ι
2838 2683 2893 2730 et
2934 2692 2946 2728 :
2986 2690 3006 2725 ι
3059 2671 3398 2742 Praeceptum

1800 2773 2013 2837 Domini
2070 2772 2307 2829 lucidum
2360 2770 2668 2827 illuminans
2711 2767 2918 2824 oculos.
2943 2785 2962 2819 ι
3003 2763 3075 2845 inp
3114 2778 3225 2835 quo
3255 2758 3401 2833 quai-

1800 2865 1941 2927 ritur
1968 2864 2239 2936 quomodo
2270 2863 2325 2917 in
2351 2852 2456 2917 hoc
2485 2860 2675 2915 eodem
2707 2857 2968 2939 propheta
2996 2853 3196 2910 dixerit
3216 2851 3397 2906 Deus:

1806 2975 1825 3010 ι
1857 2956 1991 3012 Dedi
2015 2956 2095 3012 eis
2130 2954 2545 3031 justificationes
2580 2967 2688 3007 non
2728 2951 2920 3014 bonas,
2961 2948 3017 3002 in
3051 2945 3247 3017 quibus
3288 2944 3398 2999 non

1803 3048 1991 3103 vivant
2018 3047 2072 3107 in
2114 3046 2194 3104 eis
2225 3042 2439 3118 (Ezech.
2462 3042 2577 3115 xx).
2602 3061 2622 3094 ι
2656 3040 2963 3110 Facilisque
3009 3035 3289 3109 responsio
3315 3040 3402 3089 est

94 3131 297 3191 simum
320 3146 379 3189 se
391 3131 685 3207 putaverit,
704 3139 954 3200 quartam
971 3130 1092 3205 plus
1115 3130 1343 3202 accipiet
1364 3131 1691 3203 portionem.
1722 3117 1768 3187 C
1800 3147 1857 3199 at
1878 3138 2091 3212 plenior
2112 3138 2167 3193 in
2196 3134 2674 3207 consequentibus,
2721 3147 2830 3186 non
2862 3131 3045 3186 vivere
3072 3127 3289 3184 Judaeos
3310 3141 3397 3182 se-

90 3220 165 3283 Et
214 3218 391 3285 solent
434 3219 804 3291 argumentari
846 3235 910 3275 ac
941 3220 1159 3275 dicere:
1198 3221 1331 3276 Dedi
1364 3237 1531 3276 unum
1580 3237 1696 3278 mo-

94 3314 245 3377 dium
268 3313 361 3385 qui
386 3321 539 3375 satus
563 3312 683 3368 fecit
708 3311 897 3369 decem
918 3313 1146 3377 modios,
1165 3327 1345 3369 nonne
1355 3311 1563 3383 justum
1587 3321 1693 3381 est,

92 3412 158 3464 ut
191 3405 429 3469 medium
464 3404 706 3467 modium
729 3406 794 3460 de
824 3419 948 3461 meo
975 3405 1098 3476 plus
1123 3406 1407 3479 accipiam,
1451 3421 1575 3461 cum
1605 3406 1697 3462 ille

92 3511 220 3553 mea
253 3495 577 3557 liberalitate
622 3511 815 3551 novem
862 3504 917 3553 et
960 3496 1126 3550 semis
1175 3498 1241 3551 de
1286 3511 1409 3552 meo
1457 3495 1696 3553 habeat?

97 3608 117 3645 ι
147 3587 325 3645 Nolite
345 3603 552 3653 errare,
585 3606 606 3651 ρ
641 3587 817 3659 inquit
839 3586 1133 3661 Apostolus
1158 3583 1359 3660 (Galat.
1379 3587 1480 3660 vr),
1502 3606 1520 3639 ι
1551 3589 1714 3649 Deus,

89 3695 208 3737 non
236 3679 513 3741 irridetur.
541 3698 559 3731 ι
590 3678 939 3753 Respondeat
966 3680 1111 3734 enim
1161 3680 1405 3736 breviter
1431 3679 1590 3736 nobis
1617 3679 1697 3735 fe-

88 3779 320 3829 nerator
346 3771 660 3831 misericors
706 3780 889 3826 utrum
942 3771 1167 3831 habenti
1217 3771 1428 3829 dederit
1476 3786 1545 3826 an
1587 3788 1697 3827 non

88 3865 366 3923 habenti?
400 3864 459 3920 Si
488 3865 710 3931 habenti
753 3865 939 3936 utique
984 3865 1114 3923 dare
1151 3878 1259 3919 non
1289 3865 1570 3932 debuerat,
1601 3866 1698 3920 sed

88 3957 250 4019 dedit
276 3957 431 4026 quasi
456 3970 561 4017 non
590 3956 833 4019 habenti.
858 3957 1001 4027 Ergo
1020 3972 1190 4026 quare
1210 3957 1332 4029 plus
1349 3958 1521 4030 exigit
1540 3959 1698 4028 quasi

82 4051 164 4113 ab
197 4050 472 4113 habente?
524 4049 629 4111 Alii
662 4063 761 4121 pro
791 4049 1019 4121 pecunia
1064 4049 1310 4105 fenerata
1356 4050 1530 4106 solent
1574 4066 1697 4105 mu—

80 4142 325 4205 nuscula
347 4142 595 4210 accipere
635 4141 832 4207 diversi
872 4141 1110 4213 generis,
1150 4150 1206 4196 et
1235 4156 1345 4197 non
1390 4141 1701 4214 intelligunt

78 4248 327 4295 usuram
355 4232 613 4303 appellari
640 4240 696 4288 et
740 4231 1294 4303 superabundantiam
1328 4233 1593 4304 quidquid
1636 4233 1700 4287 il-

83 4325 193 4383 lud
222 4331 328 4389 est,
379 4323 426 4383 si
469 4324 537 4378 ab
582 4337 667 4389 eo,
715 4323 858 4397 quod
907 4323 1157 4379 dederint
1200 4323 1321 4394 plus
1367 4323 1696 4395 acceperint.

88 4418 342 4486 Quartus
376 4415 619 4481 decimus
644 4415 848 4491 gradus
874 4433 886 4470 :
924 4433 943 4466 ι
970 4414 1054 4470 Ab
1078 4416 1382 4486 iniquitate,
1414 4415 1512 4483 ait,
1544 4431 1701 4470 aver—

86 4511 235 4575 terit
258 4524 483 4573 manum
529 4524 715 4575 suam;
749 4529 768 4561 ι
796 4517 855 4563 ιιι
891 4508 1041 4564 omni
1090 4522 1256 4581 opere
1302 4507 1475 4580 fugiat
1500 4508 1721 4578 iniqui-i

92 4612 292 4670 tatem,
324 4618 435 4662 non
460 4603 604 4665 enim
644 4602 817 4666 solum
867 4602 1134 4670 manibus,
1162 4602 1260 4661 sed
1296 4610 1351 4658 et
1381 4602 1501 4657 aliis
1529 4616 1701 4659 mem—

89 4698 219 4757 bris
248 4695 609 4761 committitur
627 4695 908 4771 iniquitas,
940 4694 1154 4755 dicente
1185 4693 1514 4758 Salomone:
1547 4712 1565 4745 ι
1591 4694 1698 4749 lni-

93 4805 210 4862 qua
245 4789 388 4851 labia
417 4804 451 4847 a
507 4796 558 4843 te
602 4787 792 4860 procul
840 4801 1062 4847 remove
1115 4783 1298 4858 (Prov.
1344 4786 1442 4858 ιν).
1469 4807 1489 4840 ι
1543 4786 1611 4847 Ει
1643 4786 1701 4847 in

90 4883 335 4941 Psalmis
360 4901 374 4939 :
410 4902 430 4937 ι
460 4880 805 4951 iniquitatem
844 4880 901 4943 in
928 4879 1144 4939 excelso
1170 4879 1337 4936 locuti
1364 4887 1491 4945 sunt
1521 4877 1696 4952 (Psat.

92 4974 328 5049 mum)»
362 4974 467 5035 Pes
491 4989 707 5047 quoque
726 4972 900 5032 currit
930 4973 997 5028 ad
1026 4971 1389 5047 iniquitatem,
1415 4979 1470 5027 et
1490 4969 1701 5037 oculos,

89 5068 148 5131 si
180 5066 420 5131 aliemm
454 5066 742 5125 mulierem
790 5064 1166 5134 concupiscat,
1214 5078 1315 5119 nec
1341 5062 1412 5121 sit
1436 5060 1556 5133 ejus
1584 5062 1705 5119 imi-

96 5171 272 5229 tator,
316 5161 384 5219 de
417 5175 527 5232 quo
564 5159 800 5221 dicitur:
836 5176 859 5210 ι
912 5156 1263 5228 Iniquitatem
1312 5171 1421 5213 non
1469 5154 1621 5221 fecit,
1652 5162 1707 5209 et

97 5257 262 5317 dolus
315 5271 424 5317 non
471 5257 722 5313 inventus
773 5260 861 5310 est
904 5253 962 5307 in
1014 5266 1110 5308 ore
1165 5252 1282 5323 ejus
1313 5249 1364 5323 (1
1391 5247 1648 5322 Petr.u).
1680 5267 1699 5300 ι

102 5348 267 5406 Unde
302 5356 361 5409 et
390 5348 458 5403 de
479 5346 667 5419 iniquo
691 5359 1001 5409 mammona
1022 5343 1277 5416 jubemur
1327 5341 1505 5403 facere
1547 5339 1705 5399 nobis

101 5441 337 5508 amicos,
385 5439 481 5512 qui
524 5453 626 5499 nos
671 5438 730 5493 in
781 5445 989 5496 aeterna
1042 5435 1306 5507 recipiant
1357 5430 1706 5493 tabernacula

102 5532 266 5605 (Luc.
289 5530 426 5605 xvi).
450 5530 707 5601 Quintum
727 5529 996 5587 decimum
1017 5536 1101 5584 est
1127 5545 1139 5581 :
1175 5544 1194 5577 ι
1227 5524 1497 5591 Judieium
1517 5540 1704 5587 verum

102 5625 306 5682 fecerit
328 5625 471 5680 inter
498 5624 674 5679 virum
702 5630 757 5678 et
781 5622 980 5688 virum,
1002 5640 1019 5671 ι
1049 5619 1163 5673 sive
1184 5618 1491 5687 proximum
1515 5634 1700 5684 suum;

104 5721 261 5792 quod
288 5718 505 5783 videtur
532 5718 675 5774 idem
720 5732 934 5784 sonare,
981 5713 1125 5787 quod
1166 5712 1420 5785 primum,
1453 5713 1544 5768 ubi
1570 5712 1705 5779 scri-

1799 3239 2029 3311 quentes
2074 3229 2413 3285 occidentem
2444 3226 2704 3289 litteram,
2746 3231 2800 3278 et
2834 3222 3017 3277 vivere
3060 3217 3403 3275 Christianos

1799 3310 2165 3393 intelligentes
2216 3321 2466 3393 spiritum
2509 3317 2895 3374 vivificantem.
2944 3314 3191 3387 Longum
3222 3318 3325 3377 est,
3352 3310 3399 3365 si

1796 3416 2131 3475 voluerimus
2173 3415 2406 3494 probare
2455 3411 2800 3477 testimoniis,
2854 3408 2949 3464 ubi
2998 3413 3268 3478 praecepta
3298 3404 3403 3461 Do-

1798 3508 1930 3567 mini
1960 3516 2015 3565 et
2043 3507 2134 3564 ubi
2168 3506 2586 3580 justificationes
2636 3517 2757 3560 esse
2787 3501 3060 3568 dicantur,
3109 3508 3166 3556 et
3194 3498 3396 3570 quibus

1798 3600 2011 3671 singula
2038 3599 2131 3654 vel
2160 3597 2588 3662 diversitatibus,
2638 3595 2723 3651 vel
2754 3592 3178 3649 obscuritatibus
3221 3589 3398 3646 invol-

1798 3697 2021 3744 vantur.
2070 3688 2225 3751 Unde
2274 3697 2331 3743 et
2388 3688 2443 3743 in
2484 3686 2739 3758 prsesenti
2787 3686 2910 3741 loco
2939 3684 3209 3740 infertur:
3245 3700 3265 3734 ι
3298 3682 3399 3739 Hic

1793 3783 1975 3863 justus
1999 3786 2101 3846 est,
2125 3780 2240 3834 vita
2266 3779 2430 3845 vivet,
2480 3780 2556 3834 ait
2596 3779 2857 3834 Dominus
2901 3777 3065 3833 Deus.
3086 3794 3105 3827 ι
3157 3773 3261 3843 Qui
3289 3775 3405 3831 haec

1800 3870 1996 3927 fecerit
2019 3879 2074 3927 ct
2097 3869 2188 3924 illa
2213 3886 2320 3925 non
2355 3870 2569 3936 fecerit,
2611 3883 2953 3939 nequaquam
2980 3867 3238 3939 punietur
3263 3865 3405 3923 deli-

1802 3965 1905 4019 ctis
1930 3964 2120 4033 patris,
2147 3962 2240 4025 sed
2266 3962 2378 4017 suis
2412 3962 2559 4017 vivet
2590 3961 2903 4017 virtutibus.

1877 4075 1896 4105 ι
1926 4054 2080 4122 Quod
2132 4054 2180 4109 si
2217 4054 2466 4126 genuerit
2511 4051 2683 4108 ﬁlium
2732 4053 2999 4109 latronem
3044 4048 3406 4107 effundentem

1808 4166 1826 4198 ι
1858 4147 2199 4215 sanguinem,
2230 4153 2284 4199 et
2319 4145 2514 4199 fecerit
2551 4159 2719 4199 unum
2751 4145 2818 4200 de
2849 4143 2989 4209 istis,
3024 4144 3080 4198 in
3116 4142 3207 4198 via
3232 4141 3406 4214 patris

1809 4258 1828 4290 ι
1858 4237 1940 4293 sui
1980 4238 2114 4311 justi
2142 4253 2249 4292 non
2280 4235 2664 4301 ambulaverit,
2715 4243 2771 4292 et
2802 4237 2922 4292 hazc
2964 4233 3183 4306 quidem
3227 4232 3409 4289 omnia

1810 4348 1829 4382 ‹
1859 4345 1965 4385 non
1999 4328 2311 4395 facientem,
2361 4329 2456 4384 sed
2503 4329 2559 4384 in
2598 4328 2876 4386 montibus
2928 4326 3325 4392 comedentem,
3353 4333 3411 4383 et

1811 4442 1830 4473 ι
1863 4436 2089 4477 uxorem
2135 4420 2373 4495 proximi
2421 4419 2505 4476 sui
2554 4420 2907 4492 poliuent‘em,
2939 4434 3171 4492 egenum
3197 4426 3255 4476 et
3274 4431 3409 4491 pau-

1811 4534 1831 4567 ι
1860 4530 2047 4588 parem
2093 4516 2533 4575 contristantem.
2572 4515 2874 4586 rapientem
2931 4514 3176 4586 rapinas,
3215 4513 3410 4585 pignus

1810 4629 1828 4661 ι
1856 4624 1963 4664 non
2001 4608 2339 4674 reddentem,
2366 4616 2420 4663 et
2454 4609 2521 4665 ad
2546 4606 2689 4669 idola
2726 4606 2997 4663 levantem
3032 4606 3219 4663 oculos
3258 4619 3409 4672 suos,

1810 4719 1829 4752 ‹
1860 4701 2318 4756 abominationem
2362 4699 2679 4764 facientem,
2732 4699 2801 4753 ad
2852 4703 3078 4752 usuram
3114 4698 3332 4753 dantem
3356 4704 3411 4752 et
3501 4725 3507 4731 -

1813 4810 1832 4843 ι
1861 4791 2092 4861 amplius
2136 4789 2515 4860 accipientem.
2563 4788 2826 4860 numquid
2856 4788 3038 4857 vivet}
3084 4802 3195 4842 non
3239 4787 3405 4842 vivet.

1814 4901 1833 4936 ι
1863 4883 1932 4947 Et
1957 4897 2081 4939 cum
2104 4881 2362 4938 universa
2393 4878 2711 4935 detestanda
2732 4880 2849 4934 haec
2874 4877 3082 4947 fecerit,
3100 4884 3277 4941 morte
3300 4890 3412 4932 mo-

1817 4994 1835 5029 ι
1866 4977 2056 5032 rietur.
2090 4973 2323 5046 Sanguis
2346 4973 2462 5052 ejus
2486 4974 2539 5029 in
2560 4973 2681 5045 ipso
2698 4972 2822 5029 erit.
2848 4992 2866 5024 ι
2901 4972 3153 5031 Dicamus
3172 4969 3409 5045 primum

1804 5069 1966 5142 juxta
2012 5067 2323 5135 historiam,
2355 5074 2417 5121 ut
2454 5066 2641 5121 sciatis
2701 5064 3015 5139 iniquitates
3055 5070 3268 5137 patrum
3300 5076 3407 5117 non

1809 5158 2113 5219 redundare
2156 5158 2223 5213 ad
2272 5156 2430 5213 ﬁlios.
2466 5156 2524 5212 Si
2548 5154 2727 5231 justus
2776 5153 2987 5219 fecerit,
3018 5168 3137 5223 qua:
3162 5152 3411 5229 superior

1811 5267 1993 5319 sermo
2022 5266 2122 5323 per
2148 5249 2398 5305 ordinem
2449 5249 2641 5315 texuit,
2694 5248 2805 5301 vita
2851 5244 3016 5303 vivet.
3058 5242 3212 5311 Quod
3250 5243 3296 5299 si
3322 5258 3412 5315 ge-

1810 5345 1994 5405 nuerit
2023 5344 2193 5405 filium
2220 5341 2560 5402 recedentem
2580 5357 2616 5413 ,ει
2636 5338 2850 5404 Domini
2875 5337 3135 5394 servitute
3161 5345 3218 5393 et
3234 5335 3406 5411 patris

1811 5439 2045 5499 virtutes
2065 5438 2213 5499 vitiis
2240 5444 2689 5500 commutantem,
2730 5440 2790 5486 ut
2828 5429 2994 5487 faciat
3027 5446 3146 5503 qua:
3175 5429 3263 5484 ille
3298 5442 3408 5487 non

1812 5529 1964 5597 fecit,
1992 5540 2047 5586 et
2085 5546 2191 5591 non
2230 5529 2398 5585 faciat
2434 5541 2555 5601 quae
2588 5525 2678 5579 ille
2701 5532 2954 5599 operatus
3001 5531 3104 5588 est,
3145 5518 3410 5590 numquid

1813 5622 1997 5678 vivere
2040 5621 2279 5693 poterit?
2319 5621 2479 5675 Certe
2514 5632 2621 5677 non
2664 5617 2828 5684 vivet,
2858 5616 2951 5672 sed
2974 5616 3078 5671 erit
3119 5628 3242 5669 reus
3276 5624 3407 5668 san-

1813 5716 1992 5789 guinis
2027 5716 2129 5777 sui.
2162 5714 2329 5771 Porro
2353 5713 2508 5793 juxta
2546 5709 2949 5785 intelligentiam
2992 5706 3285 5792 spiritalem
3318 5700 3417 5772 ju—‘
