3916 6356
73 399 153 453 H7

837 383 902 410 '
964 369 1314 450 contuear.
1354 373 1426 444 ut
1462 339 1912 444 nzseulELeM.
1951 413 2024 429 -
2056 351 2187 444 tm;
2226 357 2358 445 vui.

3178 386 3281 444 718

73 507 135 565 :6.
157 505 299 562 Hanc
319 514 498 562 autem
514 501 957 562 consuetudinem
984 501 1146 558 fuisse
1162 497 1340 570 populi
1356 497 1540 564 lsra‘el,
1557 491 1625 553 ut'

1731 491 2060 552 haereditario
2091 493 2239 551 mal'o‘
2262 483 2636 569 longissimum
2679 491 2862 552 limem
2902 477 3120 554 trahere
3159 512 3284 568 pec-

73 599 306 670 [uithuid
316 599 392 653 sci
399 615 456 653 re
478 596 764 668 cupiebant
782 611 813 649 a
828 595 1054 650 Domino
1069 599 1484 663 quzererentper
1502 605 1619 660 pro-

74 695 256 755 dictas,
278 690 442 744 multa
464 688 704 760 exempla
722 695 1004 742 testantur.
1023 683 1157 740 Saul
1172 697 1418 754 quaerens
1439 682 1618 738 asinus

79 785 104 836 I
121 783 237 853 Reg.
264 782 359 854 Ix),
388 781 556 852 pergit
583 779 649 835 ad
673 779 910 844 Samuel,
939 777 1250 847 accepitque
1275 773 1555 830 consilium
1584 788 1615 828 a

73 891 245 938 mero,
286 882 346 927 ut
373 871 591 928 offerret
623 872 896 944 propheta:
941 879 1188 942 quartam
1229 877 1436 941 partem
1476 866 1612 922 sicli.

74 967 360 1036 Egrotante
381 961 489 1018 lilio
519 961 801 1018 Jeroboam
829 961 1060 1016 mittitur
1082 961 1135 1014 in
1160 955 1273 1014 Silo
1300 959 1366 1013 ad
1391 957 1614 1013 Achiam

74 1052 289 1126 Abia‘m]
319 1053 633 1126 prophetam
667 1066 802 1107 uxor
837 1050 951 1120 ejus
988 1048 1234 1104 deferens
1277 1047 1612 1112 munuscula,

73 1157 215 1198 mnes
239 1151 293 1197 et
316 1140 619 1213 collyridas,
648 1153 780 1194 uvas
803 1145 857 1192 et
879 1137 1216 1209 lagunculam
1239 1135 1411 1191 mellis
1428 1176 1442 1202 ,
1468 1143 1527 1189 ut
1550 1134 1617 1189 de

73 1239 147 1292 iiii
191 1235 498 1292 infirmitate
545 1241 894 1304 cognosceret
937 1229 1056 1304 (III
1100 1230 1228 1302 Reg.
1268 1230 1402 1299 xw).
1450 1230 1614 1284 David

73 1326 542 1400 lutoqueapropheta
568 1325 730 1380 alium
762 1323 1057 1393 interrogat
1077 1323 1391 1394 prophetam
1407 1319 1616 1374 Nathan

79 1418 138 1470 II
173 1417 293 1488 Reg.
325 1415 422 1491 vn)
453 1425 630 1471 utrum
671 1413 927 1484 templum
961 1413 1189 1467 Domino
1219 1411 1484 1466 aedificare
1521 1412 1615 1465 de—

73 1517 190 1562 »eat.
209 1509 270 1562 Et
290 1507 477 1562 Achab
500 1505 808 1562 sciscitatur
821 1504 1076 1558 ascendat
1097 1518 1286 1556 annon
1310 1502 1361 1555 in
1386 1501 1615 1555 Ramoth

73 1597 254 1652 ialaad
286 1595 404 1669 (ΙΙΙ
429 1595 553 1666 Reg.
578 1593 735 1666 xx").
775 1591 831 1648 In
859 1592 992 1647 Isaia
1021 1605 1231 1662 quoque
1255 1599 1310 1644 ct
1336 1591 1388 1644 in
1410 1589 1614 1661 Regum

73 1688 338 1754 'olumine,
354 1701 472 1757 qua:
495 1685 899 1741 Scnnacberich
924 1692 1150 1738 ventura
1180 1683 1288 1738 sint
1305 1683 1618 1736 nuntiantur

73 1777 155 1832 IV
186 1778 309 1848 Reg.
341 1791 433 1832 xxx
458 1793 472 1843 ;
498 1775 610 1830 Isa.
639 1774 867 1845 xxxvii).
901 1773 1010 1828 Nec
1041 1773 1236 1827 mirum
1279 1773 1324 1827 si
1353 1773 1406 1826 in
1435 1772 1616 1828 Veteri

1717 591 1959 640 satorum
1979 626 1993 652 ,
2018 593 2076 640 ut
2101 589 2329 656 quorum
2373 589 2654 642 imitantur
2679 586 2837 653 vitia,
2870 602 3055 643 eorum
3087 589 3287 660 suppli-

1717 679 1806 734 cia
1827 675 2232 749 pertimescant.
2777 679 2782 684 ’
2861 669 2865 688 ⁵
3249 675 3254 686 “
3305 749 3308 752 _

1791 791 1811 822 ‹
1844 769 1968 826 llaec
1990 771 2122 827 dicit
2141 769 2401 827 Dominus
2425 761 2566 828 Deus
2593 787 2613 826 :'
2627 771 2687 827 lu
2710 771 2796 828 die
2817 787 2919 844 qua
2942 771 3078 844 elegi
3097 763 3308 841 Israel,

1722 875 1746 911 ‹
1786 869 1846 914 et
1859 859 2030 915 levavi
2061 873 2278 915 manum
2306 875 2486 916 meam
2507 874 2606 932 pro
2632 863 2801 934 stirpe
2820 862 3009 918 domus
3030 861 3218 928 Iacob,
3235 857 3289 920 et

1722 969 1745 1004 ‹
1785 952 2014 1023 apparui'
2060 953 2138 1008 eis
2179 953 2234 1006 i'n
2277 960 2418 1008 terra
2460 950 2713 1026 Egthi,
2761 961 2818 1010 et
2855 954 3028 1009 levavi
3065 969 3288 1011 manum

1723 1063 1744 1096 ‹
1788 1061 1958 1101 meam
1990 1057 2086 1116 pro
2125 1035 2225 1112 eis,
2249 1048 2433 1103 dicens
2459 1067 2470 1101 :
2498 1047 2607 1119 Ego
2632 1041 2891 1104 D‘Ominus
2919 1051 3062 1108 Deus
3081 1058 3282 1107 vester.

1722 1156 1741 1188 ‹
1787 1136 1843 1191 ln
1873 1133 1960 1192 die
1990 1138 2076 1192 illa
2100 1138 2272 1192 levavi
2302 1155 2520 1195 manum
2545 1133 2717 1196 meam
2741 1157 2843 1214 pro
2871 1144 2949 1198 eis
2969 1184 2985 1217 ,ι
3007 1151 3068 1198 ut
3095 1143 3289 1200 educe-

1723 1244 1744 1276 ‹
1787 1241 1901 1280 rem
1929 1241 2022 1281 eos
2047 1227 2111 1308 de
2136 1235 2277 1282 terra
2308 1228 2527 1302 Egypti
2567 1231 2622 1288 in
2650 1241 2851 1287 terram
2869 1274 2883 1299 ,
2916 1249 3075 1304 quam
3103 1235 3287 1318 provi-

1725 1333 1743 1365 ι
1787 1315 1969 1370 (ieram
1996 1317 2093 1382 eis,
2125 1313 2378 1373 ﬂuentem
2403 1319 2540 1374 lacte
2562 1329 2616 1374 et
2633 1322 2808 1388 melle,
2832 1339 2950 1392 quae
2971 1332 3055 1379 est
3075 1313 3290 1397 egregia

1723 1425 1745 1460 c
1786 1407 1928 1463 inter
1952 1424 2142 1466 omnes
2157 1418 2352 1477 terras,
2375 1418 2478 1467 etc.
2513 1432 2531 1464 ι
2556 1412 2612 1468 lu
2649 1412 2884 1484 JEgypto
2918 1415 3082 1484 igitur
3115 1403 3286 1473 factus

1718 1507 1801 1555 est
1830 1511 1988 1556 notus
2011 1502 2206 1574 populo
2232 1513 2287 1558 et
2325 1501 2524 1559 semini
2545 1507 2734 1562 domus
2760 1497 2948 1574 Iacob,
2979 1511 3192 1579 quando
3221 1497 3290 1566 le-

1716 1594 1862 1648 vavit
1907 1610 2124 1650 manum
2165 1593 2320 1651 suam
2361 1609 2460 1667 pro
2504 1597 2609 1664 eis,
2661 1607 2849 1655 contra
2880 1599 3185 1673 Egyptios,
3232 1614 3282 1659 et

1719 1682 1890 1740 dixit:
1921 1705 1939 1737 ε
1960 1683 2072 1758 Ego
2093 1684 2353 1742 Dominus
2382 1688 2524 1743 Deus
2555 1698 2759 1756 vester,
2786 1709 2804 1743 ι
2839 1697 2893 1745 et
2929 1691 3088 1763 elegit
3110 1709 3202 1748 eos
3231 1703 3291 1750 ut

1719 1777 1972 1834 educeret
2001 1780 2066 1835 de
2090 1788 2233 1834 terra
2263 1777 2489 1854 Egypti
2522 1781 2590 1835 ad
2617 1789 2818 1836 terram
2860 1781 3110 1840 ﬂuentem
3151 1769 3291 1840 lacte

73 1869 392 1923 iestamento
420 1867 664 1937 singulis,
693 1879 810 1935 qua:
850 1863 1031 1919 futura
1053 1872 1201 1926 sunt,
1228 1865 1500 1934 propheta:
1526 1877 1615 1917 au-
1641 1858 1690 1919 B
1717 1876 1775 1925 et
1824 1868 2019 1936 melle;
2067 1870 2299 1925 necdum
2347 1871 2491 1926 enim
2528 1886 2722 1944 capere
2770 1879 3017 1945 puterant
3063 1874 3290 1932 solidum

74 1963 334 2027 tundent,
382 1973 506 2017 cum
553 1958 792 2030 Agabum
837 1957 1126 2029 legerimus
1162 1957 1462 2028 (Act.xx1),
1502 1967 1621 2024 quae

73 2056 208 2110 'aulo
233 2061 456 2109 ventura
497 2051 603 2107 sint
641 2050 983 2121 prophetare.
1007 2048 1278 2119 Scriptum
1305 2055 1387 2103 est
1402 2048 1542 2102 enim
1565 2047 1621 2102 in

73 2143 501 2199 Ieuteronomio:
536 2161 554 2193 ς
589 2141 790 2196 Gentes
837 2155 971 2210 quas
1011 2140 1271 2194 Dominus
1315 2137 1622 2208 perditurus

77 2245 147 2302 st,
179 2236 230 2290 in
257 2243 556 2305 conspectu
576 2243 669 2288 tuo
689 2233 810 2287 ista:
837 2232 1044 2287 somnia
1068 2238 1121 2285 et
1147 2227 1503 2286 divinationes
1527 2243 1622 2284 au-

74 2330 220 2394 :ient,
267 2327 363 2383 tibi
409 2335 587 2383 autem
617 2339 724 2382 non"
755 2327 834 2383 sic
871 2327 1018 2382 dedit
1045 2323 1302 2380 Dominus
1332 2323 1476 2378 Deus
1498 2333 1620 2378 tuus

73 2419 220 2472 Deut.
260 2416 437 2488 xviri).
475 2434 496 2469 ι
535 2415 786 2472 Gentium
829 2411 974 2470 enim
1017 2421 1100 2470 est
1147 2412 1294 2467 adire
1321 2411 1618 2478 Chaldaeos,

81 2509 260 2573 riolos,
291 2507 584 2578 aruspices,
609 2507 838 2576 divinos,
863 2504 1163 2574 sortilegos,
1189 2501 1404 2557 oracula
1427 2501 1624 2555 da'mo-

73 2617 175 2656 ium
206 2601 398 2670 quibus
427 2599 600 2654 errori
621 2611 805 2654 earum
836 2595 1092 2651 illuditur.
1123 2594 1276 2650 Unde
1300 2600 1355 2647 et
1376 2607 1521 2648 nunc
1546 2607 1624 2647 se-

73 2693 228 2746 .iores
251 2690 420 2745 Israel
439 2689 636 2744 adeunt
665 2688 1008 2759 prophetam,
1031 2695 1092 2739 ut
1117 2685 1510 2754 interregarent
1527 2690 1624 2752 per

75 2797 172 2836 u-m
202 2781 517 2842 Dominum,
564 2785 618 2834 et
655 2786 833 2832 tamen
871 2777 936 2831 de
977 2775 1398 2846 interrogatione
1439 2773 1620 2839 silerit,

73 2886 162 2945 pse
199 2875 289 2944 qui
335 2869 747 2942 interrogandus
777 2879 895 2926 erat
930 2868 1133 2925 sciente
1164 2867 1296 2938 quid
1328 2867 1624 2935 interi-oga-

73 2975 168 3022 ent
183 3005 196 3032 ,
225 2975 286 3021 ut
305 2972 360 3021 et
379 2966 434 3020 in
457 2979 523 3020 eo
543 2963 859 3018 miraculum
884 2963 954 3018 sit
979 2961 1117 3017 seire
1145 2975 1242 3015 cur
1257 2959 1534 3025 venerint,
1571 2965 1628 3014 et

77 3058 114 3110 d
150 3071 210 3111 ea
250 3056 576 3125 respondere
594 3093 609 3119 ,
647 3069 767 3124 qua:
796 3053 990 3108 tacitus
1011 3065 1190 3107 sermo
1215 3051 1270 3105 in
1298 3051 1478 3105 animo
1497 3059 1624 3104 eon-

73 3147 280 3200 inebat.

1721 1963 1935 2027 cibum,
1975 1959 2072 2018 sed
2109 1961 2264 2033 quasi
2297 1965 2508 2034 parvuli
2542 1976 2702 2035 atque
2739 1961 3022 2033 lactentes,
3056 1966 3212 2024 melle
3241 1974 3296 2022 et

1721 2050 1862 2106 lacte
1889 2051 2197 2123 indigebant
2245 2052 2500 2108 infantia.
2534 2053 2692 2110 Juxta
2729 2055 2965 2112 litteram
3001 2071 3166 2124 vero,
3218 2057 3304 2111 in-'

1722 2139 1918 2213 clytam
1947 2156 2068 2197 esse
2099 2150 2302 2197 terram
2335 2143 2483 2198 Judae
2532 2153 2586 2200 et
2629 2147 2836 2201 cunctis
2878 2145 3038 2202 terris
3079 2145 3299 2202 fertilio-

1723 2247 1836 2286 rem
1868 2231 2111 2288 dubitare
2139 2248 2246 2288 non
2269 2233 2485 2306 poterit,
2508 2235 2658 2306 quia
2679 2235 3012 2292 Rinocorura
3037 2253 3207 2308 usque
3230 2239 3298 2294 ad

1723 2322 1961 2379 Taurum
2009 2332 2247 2379 montem
2299 2331 2354 2379 et
2395 2341 2564 2396 usque
2609 2325 2677 2381 ad
2720 2327 3026 2399 Euphraten
3080 2328 3297 2383 ﬂuvium

1723 2421 1971 2469 cunctam
1997 2413 2421 2470 consideraverit
2443 2422 2665 2480 terram,
2682 2423 2735 2469 et
2761 2417 2973 2471 urbium
3000 2419 3298 2487 potentiam

1724 2499 2208 2573 amoenitatemque
2247 2502 2524 2574 regiunum
2548 2545 2563 2568 ,
2593 2504 2933 2561 Palaestinam
2966 2507 3218 2562 videlieet
3246 2516 3302 2563 et

1723 2590 2016 2648 Phoenicen
2035 2634 2049 2660 ,
2079 2592 2330 2648 Arabiam
2351 2635 2363 2659 ,
2417 2593 2629 2664 Syriam
2649 2636 2663 2660 ,
2691 2594 2873 2651 lecn
2900 2637 2914 2661 ,
2952 2595 3219 2662 Ciliciam,
3249 2594 3324 2652 et’

1724 2693 1950 2742 ceteras
1975 2687 2245 2760 regiones,
2278 2701 2411 2757 quas
2446 2687 2652 2752 lsraeii,
2693 2689 2736 2744 si
2758 2688 2852 2743 Dei
2877 2697 3148 2760 praecepta
3181 2703 3296 2742 ser-

1723 2783 1925 2842 vasset,
1952 2765 2588 2846 Dominusrepromisit’:
2615 2793 2751 2848 quas
2781 2763 2904 2850 quia
2931 2795 3034 2834 non
3064 2779 3300 2848 accepit,

1724 2867 1915 2922 vitium
1951 2866 2053 2921 fuit
2081 2867 2470 2924 incredulitatis
2492 2869 2627 2940 ejus.
2654 2865 2787 2923 Nam
2817 2878 2871 2924 et
2898 2870 2951 2922 in
2982 2870 3098 2939 ipsa
3130 2869 3299 2924 Palae-

1727 2959 1868 3014 stina
1895 2957 2183 3027 Judaeaque
2228 2957 2505 3027 provincia
2537 2967 2723 3030 gentes
2759 2959 3000 3030 plurima:
3030 2965 3305 3014 remanse-

1727 3056 1875 3114 runt,
1903 3063 2022 3120 qua:
2062 3061 2169 3103 non
2206 3057 2333 3104 sunt
2358 3049 2558 3119 ejecta.
2586 3048 2767 3120 Neque
2799 3049 2941 3103 enim
2984 3065 3209 3120 sponsor
3247 3043 3326 3104 in'

1729 3139 1956 3196 crimine
1983 3146 2088 3203 est,
2120 3139 2165 3193 si
2209 3139 2300 3194 ille
2349 3139 2435 3194 cui
2479 3140 2904 3208 repromittatur,
2933 3141 3206 3211 indignum
3244 3155 3303 3195 se

122 3255 141 3288 ι
188 3237 256 3290 Et-
295 3235 470 3290 factus
505 3242 588 3290 est
622 3247 800 3288 sermo
827 3232 1038 3287 Domini
1072 3231 1140 3285 ad
1167 3245 1255 3286 me
1274 3230 1498 3285 dicens:
1520 3216 1621 3283 Fili
1649 3208 1698 3273 ε
1727 3231 1918 3289 fecerit
1945 3231 2264 3302 spensione',
2296 3233 2602 3302 prtescrtim
2637 3247 2758 3288 eum
2791 3208 3123 3303 proponatur
3153 3233 3299 3304 Optio

81 3353 84 3356 λ
120 3327 377 3390 immittis,
403 3327 628 3396 loquere
643 3324 946 3380 senioribus
969 3322 1152 3388 Israel,
1169 3331 1224 3376 et
1241 3322 1387 3377 dices
1409 3321 1478 3374 ad
1496 3333 1621 3376 eos:

74 3439 82 3466 μ
127 3417 254 3471 Haec
277 3417 410 3472 dicit
436 3417 694 3470 Dominus
723 3417 890 3468 Deus:
920 3413 1172 3480 Nunquid
1189 3412 1256 3467 ad
1281 3412 1623 3481 interrogan~

113 3510 243 3563 dum
270 3523 358 3562 me
379 3523 477 3562 vos
503 3507 726 3561 venistis
745 3507 768 3556 ?
788 3505 924 3558 Vivo
946 3519 1044 3573 ego
1062 3545 1076 3567 ,
1104 3503 1229 3573 quia
1272 3516 1381 3557 non
1407 3517 1627 3572 respon-

125 3599 264 3653 debo
291 3597 477 3660 vobis,
509 3597 584 3650 ait
626 3596 884 3649 Dominus
923 3593 1080 3649 Deus.
1115 3612 1134 3644 ›
1168 3591 1379 3647 Sanctis
1406 3600 1463 3646 et
1493 3607 1624 3645 em-

73 3704 183 3752 ,rrua
229 3687 692 3758 interrogantibus
737 3685 895 3738 datur
943 3682 1234 3753 promissio
1261 3721 1277 3748 ,
1329 3682 1506 3736 adhuc
1550 3680 1628 3736 lo—

73 3785 252 3847 ruente
267 3786 321 3832 te
337 3778 514 3833 dicam
536 3794 552 3831 :
574 3795 598 3828 ι
617 3776 754 3830 Ecce
773 3775 980 3830 adsum.
994 3793 1013 3825 ι
1031 3772 1406 3830 Peecatorihus
1426 3780 1626 3839 autem,

73 3868 238 3937 malos
265 3868 488 3923 fuerim
515 3867 758 3922 seniores
781 3865 966 3929 Israel,
989 3874 1044 3919 et
1074 3879 1303 3934 quorum
1341 3865 1544 3920 scelera
1572 3865 1628 3919 in

74 3959 506 4029 onsequentibus
522 3959 784 4028 propheta
808 3957 1084 4030 describit,
1102 3972 1208 4011 non
1233 3957 1394 4009 datur
1411 3969 1629 4024 respon-

74 4053 166 4116 io,
199 4053 300 4106 sed
321 4050 618 4120 increpatio
638 4064 738 4117 pro
772 4047 1030 4116 peccatis.
1063 4047 1130 4100 Et
1174 4046 1325 4100 addit
1359 4045 1630 4113 jusjuran-

73 4147 180 4196 tum
204 4160 217 4194 :
240 4140 406 4195 «Vivo
428 4155 546 4209 ego,
569 4158 588 4190 ι
614 4146 674 4192 ut
694 4137 899 4191 ﬁrmior
915 4136 984 4190 sit
1011 4137 1278 4190 sententia
1297 4133 1625 4203 denegautis.

119 4233 182 4286 Si
205 4229 423 4298 iudicas
443 4244 556 4294 eos,
581 4230 624 4283 si
640 4228 872 4295 iudicas,
890 4226 964 4280 illi
988 4224 1236 4280 hominis.
1262 4243 1280 4276 ι
1317 4224 1396 4277 illi
1417 4223 1632 4291 quidem

73 4326 117 4380 uti
146 4320 592 4392 interrogandum
619 4325 900 4382 venerant,
919 4318 1198 4387 cupientes
1222 4317 1288 4370 de
1312 4315 1417 4378 his,
1440 4315 1633 4382 quibus

73 4416 360 4485 imbigunt,
389 4422 444 4468 et
473 4413 649 4466 futura
676 4425 1020 4481 cognoscere.
1051 4429 1069 4461 ‹
1104 4409 1183 4464 Tu
1209 4417 1413 4472 autem,
1436 4406 1510 4461 ﬁli
1534 4407 1634 4461 lto-

1726 3323 2092 3395 promittentis
2120 3341 2130 3375 :
2163 3339 2184 3372 ι
2212 3321 2269 3376 Si
2313 3323 2589 3377 volueritis
2629 3330 2685 3378 et
2730 3324 3009 3378 audieritis
3037 3339 3152 3390 me,
3182 3340 3302 3393 quae

1726 3414 1868 3469 bona
1887 3421 2012 3468 sunt
2037 3423 2194 3467 terra:
2219 3413 2532 3478 comedetis,
2557 3413 2638 3467 sin
2661 3423 2838 3467 autem
2871 3413 3170 3479 nolueritis,
3197 3415 3303 3485 gla-

1729 3505 1848 3560 dius
1859 3503 2138 3560 devorabit
2158 3519 2253 3558 vos
2269 3504 2403 3575 (Isa.
2429 3503 2489 3574 ι).
2515 3523 2533 3555 ι
2555 3504 2833 3575 Eliguntur
2854 3521 2983 3575 ergo
2995 3507 3301 3574 praesentia,

1727 3609 1828 3648 nce
1853 3594 2059 3658 statim,
2083 3593 2174 3662 qui
2203 3594 2418 3664 eiigitur
2446 3594 2650 3648 tentari
2684 3609 2791 3648 non
2819 3602 2994 3663 potest
3047 3609 3144 3650 nec
3185 3611 3331 3666 per--

1729 3683 1829 3750 ire,
1862 3685 1986 3754 quia
2006 3691 2062 3738 et
2092 3681 2220 3738 Saul
2241 3685 2444 3739 electus
2467 3685 2519 3738 in
2548 3697 2727 3755 regem
2757 3693 2810 3739 et
2834 3683 2998 3740 Judas
3024 3685 3076 3739 in
3103 3696 3310 3757 aposto-

1728 3773 1839 3828 lum
1870 3789 1968 3830 suo
1995 3783 2181 3845 postea
2207 3775 2338 3830 vitio
2361 3785 2701 3831 corruerunt.
2726 3775 2964 3830 Elevatio
2986 3785 3164 3831 autem
3196 3793 3308 3831 ma-

1729 3879 1832 3920 nus
1862 3865 1975 3919 sive
2005 3865 2248 3920 extensio
2274 3865 2519 3919 habitum
2558 3865 2912 3934 percutientis
2948 3867 3216 3931 ostendit,
3248 3879 3307 3926 ut

1729 3963 2043 4022 percuteret
2066 3969 2164 4024 pro
2193 3955 2273 4010 eis
2294 3953 2610 4025 lEgyptios,
2650 3963 2705 4009 et
2745 3956 2998 4025 populum
3039 3957 3200 4012 Israel
3241 3957 3307 4011 de

1731 4043 1965 4115 Egypto
1987 4046 2258 4100 liberaret.
3160 4110 3161 4113 η

1809 4153 1837 4186 ‹-
1876 4135 1942 4188 Et
1967 4133 2080 4188 dixi
2105 4135 2178 4188 ad
2197 4150 2293 4189 eos
2318 4152 2332 4186 :
2369 4134 2748 4204 Unusquisque
2771 4135 3094 4191 offensiones
3130 4136 3311 4190 oculo-

1740 4243 1759 4276 ε
1800 4239 1919 4279 rum
1957 4240 2178 4280 suorum
2223 4225 2472 4295 abj-iciat,
2501 4233 2554 4280 et
2589 4226 2644 4280 in
2689 4227 2844 4282 idolis
2885 4226 3102 4299 Egypti
3143 4227 3310 4282 nolite

1740 4337 1760 4371 ι
1803 4319 2104 4390 pollui,ego
2127 4321 2383 4375 Dominus
2400 4321 2540 4376 Deus
2561 4331 2758 4378 vester.
2791 4343 2809 4375 ι
2847 4323 3098 4393 Praecipit
3127 4331 3306 4378 autem

1735 4409 2055 4464 exeuntibus
2079 4411 2314 4479 primum
2337 4413 2401 4467 de
2431 4411 2686 4484 Egypto,
2712 4423 2771 4468 ut
2796 4414 3182 4470 obliviscantur
3202 4415 3321 4468 ido-‘

73 4509 239 4570 uiuis,
258 4507 439 4576 iudica
465 4520 577 4564 eos,
604 4513 666 4558 ut
693 4517 804 4557 non
824 4504 1102 4572 prophetis
1123 4501 1197 4555 sie
1213 4498 1513 4568 responsio,
1541 4497 1636 4552 sed
1661 4550 1713 4576 η
1737 4498 1909 4554 lorum
1926 4540 1940 4563 ,
1972 4500 2168 4569 quibus
2198 4501 2368 4555 multo
2395 4509 2638 4572 tempore
2676 4504 3004 4570 servierant,
3029 4505 3138 4559 imo
3173 4502 3310 4570 abji-

73 4599 343 4656 ententia-
352 4596 642 4666 iudicantis
677 4610 773 4664 pro
804 4594 1178 4664 iniquitatibus
1208 4606 1348 4660 quas
1367 4589 1631 4653 feceram,

73 4699 107 4742 et
130 4697 356 4757 patron
370 4687 540 4742 uenti
566 4693 694 4739 sunt
715 4685 936 4739 scelera.
963 4684 1058 4739 Vel
1078 4691 1224 4739 certe
1248 4702 1267 4734 ι
1304 4683 1350 4737 si
1377 4682 1518 4736 ultus
1542 4697 1636 4736 eos

74 4785 216 4835 'uero-
235 4778 458 4840 ultione;
473 4797 489 4829 ι
509 4787 568 4830 ut
588 4778 863 4831 sitsensus
880 4793 893 4828 ι
910 4775 1081 4828 Tanta
1100 4774 1384 4842 iniquitate
1398 4771 1635 4840 cooperti

73 4878 185 4924 tum
211 4910 227 4934 ,
261 4877 326 4922 ut
373 4883 475 4922 nec
515 4866 892 4921 emendatione
941 4865 1158 4933 quidem
1203 4870 1261 4916 et
1298 4863 1636 4930 correptione

73 4962 166 5014 tint
210 4958 394 5029 digni,
427 4957 722 5013 secundum
752 4956 880 5009 illud
908 4995 922 5020 ,
955 4955 1094 5023 quod
1127 4953 1184 5006 in
1209 4954 1470 5022 propheta
1500 4948 1636 5005 dici-

79 5066 148 5103 ur
190 5068 206 5102 :
252 5067 276 5101 c
321 5047 438 5102 Non
480 5047 706 5101 visitabo
749 5045 887 5098 ultra
939 5044 1078 5098 tilias
1120 5052 1326 5098 vestras
1371 5050 1426 5096 et
1473 5056 1640 5096 nurus

73 5151 272 5196 restras
292 5156 414 5195 cum
442 5140 723 5193 mtechataa
746 5137 945 5191 fuerint
963 5135 1106 5206 (Ose.
1125 5135 1221 5206 ιν).
1242 5154 1264 5187 ι
1281 5135 1434 5192 Unde
1451 5143 1507 5188 et
1522 5148 1644 5204 pec-

73 5241 298 5298 :atores,
327 5231 420 5300 qui
441 5231 495 5283 in
521 5228 848 5300 profundum
879 5242 1076 5282 venere
1101 5226 1312 5297 peccati
1329 5265 1345 5291 ,
1369 5225 1641 5282 dimittun-

74 5339 149 5378 ω·
173 5331 236 5377 ut
255 5321 459 5377 iaciant
480 5319 745 5378 desideria
769 5319 952 5376 cordis.
977 5318 1082 5374 sui.

133 5428 154 5460 ι
199 5410 644 5468 Abominationes
679 5417 897 5479 patrum
939 5423 1164 5463 suorum
1193 5409 1418 5464 ostende
1437 5408 1517 5463 eis
1533 5447 1550 5473 ,
1581 5415 1635 5462 et

73 5520 82 5554 t
127 5501 282 5556 dices
321 5501 392 5556 ad
435 5514 548 5558 eos.
597 5518 620 5553 ι
665 5498 726 5556 Si
776 5506 997 5568 peccata
1040 5506 1256 5566 patrum
1296 5513 1401 5554 non
1444 5500 1637 5555 redun-

73 5595 195 5649 lant
222 5595 292 5650 ad
321 5593 479 5661 ﬁlios,
503 5595 773 5664 quomodo
803 5592 1228 5648 abominationes
1247 5601 1302 5646 et
1330 5592 1640 5662 iniquitates

73 5693 286 5739 nam
331 5700 476 5740 nunc
522 5684 826 5742 senioribus
871 5683 1185 5753 ponuntur?
1239 5681 1352 5737 Hae
1395 5683 1642 5736 videlicet

73 5792 272 5844 causa,
302 5785 364 5833 ut
387 5777 741 5834 ostendantur
774 5778 972 5838 similia
1007 5777 1319 5848 parentibus
1368 5792 1556 5848 agerc.
1589 5786 1644 5830 et

1661 4550 1713 4609 D

1740 4591 1887 4648 ciant
1915 4607 1978 4646 ea
2005 4593 2072 4646 ab
2099 4592 2267 4648 oculis
2291 4595 2403 4648 suis
2424 4635 2438 4659 ,
2470 4605 2630 4648 utne
2656 4603 2874 4664 aspectu
2904 4593 3121 4663 quidem
3151 4594 3308 4662 digna

1742 4682 1996 4747 habeant,
2025 4691 2080 4736 et
2100 4683 2295 4751 quibus
2322 4685 2490 4738 multo
2531 4693 2770 4752 tempore
2799 4685 2982 4753 polluti
3016 4692 3139 4738 sunt
3170 4685 3311 4739 ultra

1740 4788 1847 4826 non
1875 4774 2238 4840 acquiescant.
2271 4791 2290 4820 σ
2329 4774 2461 4844 Ego,
2515 4775 2723 4842 inquit,
2754 4774 3011 4828 Dominus
3043 4773 3186 4828 Deus
3213 4787 3310 4828 ve—

1741 4869 1870 4918 ster.
1895 4879 1914 4913 ›
1934 4861 2049 4914 Non
2075 4869 2322 4931 portenta
2335 4861 2608 4932 Egyptia,
2626 4877 2734 4916 non
2756 4863 3030 4917 variorum
3055 4861 3310 4931 ﬁgmenta

1743 4961 2149 5008 monstrorum:
2191 4953 2285 5007 sed
2329 4962 2382 5009 et
2432 4954 2586 5009 nobis
2634 4955 2846 5024 quando
2896 4954 3186 5008 exierimus
3247 4953 3314 5009 de

1744 5041 1998 5114 Egypto,
2028 5041 2247 5110 jubetur
2275 5051 2335 5096 ut
2362 5042 2686 5098 offensiones
2711 5042 2986 5098 oculorum
3003 5049 3322 5096 nostrorum"

1745 5133 2082 5203 abjiciamus,
2115 5147 2182 5187 ne
2206 5132 2414 5188 scilicet
2453 5133 2537 5188 his
2575 5133 2923 5197 delectemur,
2951 5133 3147 5202 quibus
3187 5142 3314 5188 ante

1741 5225 2144 5281 delectabamur
2165 5225 2219 5278 in
2249 5225 2473 5290 saeculo,
2497 5240 2568 5280 ne
2603 5225 2910 5279 simulacris
2946 5223 3161 5297 IEgypti
3192 5224 3312 5296 pol-

1742 5315 1976 5381 luamur,
1999 5315 2466 5370 adinventionibus
2492 5314 2738 5370 videlicet
2763 5315 3204 5385 philosophorum
3232 5323 3313 5370 at-

1741 5421 1847 5477 que
1881 5405 2290 5471 haereticorum,
2336 5419 2465 5474 quae
2504 5411 2650 5459 recte
2699 5404 2840 5459 idola
2876 5407 3242 5462 nominantur.
3264 5407 3308 5463 Α

1739 5497 2060 5568 spectaculis
2082 5509 2316 5568 quoque,
2343 5494 2851 5551 imeoﬂ‘ensbnibus
2873 5495 3109 5569 ngﬁ,
3138 5512 3305 5553 reme

1739 5605 1959 5646 veamus
1981 5589 2188 5654 oculos,
2209 5603 2410 5654 arente,
2438 5587 2591 5652 circi,
2607 5587 2964 5654 theatrorum,
2987 5599 3041 5644 et
3064 5591 3314 5644 erunibus

1743 5699 1862 5754 quae
1883 5685 2071 5738 animae
2100 5681 2468 5738 contaminant
2512 5679 2834 5750 puritatem,
2887 5690 2941 5736 et
2981 5699 3080 5752 per
3122 5695 3310 5736 sensus

1744 5776 2118 5848 ingrediuntur
2142 5774 2208 5828 ad
2228 5781 2484 5839 mentem,
2511 5771 3027 5844 impleturque-quod
3055 5773 3316 5841 scriptum
