3916 6356
60 406 136 477 t1
748 400 757 433 ⁵
972 390 1323 473 contum.
1363 396 1435 468 1N
1472 382 1634 468 sane

1738 363 2495 470 insul—treﬁt.”
2544 390 2549 401 '
2598 408 2625 423 ·’

3187 376 3305 470 ne"

57 524 115 586 ὁ,
140 527 306 586 Hanc
326 526 513 585 autem
524 524 968 585 consuetudinem
993 522 1156 582 luisse
1172 520 1550 595 popuii'lsra‘el,
1566 510 1639 578 ιιιῐ
1730 514 2071 576 hzerBdita'ri‘o
2100 518 2249 577 maid
2271 506 2647 594 longissimum
2688 502 2872 577 funem
2896 500 3131 579 trahere
3169 534 3305 595 pec:

58 621 313 693 nidquid
323 608 466 677 scire
487 618 775 692 cupiebant
792 633 823 673 a
836 617 1064 674 Domino
1078 622 1495 688 quaererent-per
1510 628 1629 685 pro-

58 716 257 779 ritetas,
283 712 453 767 multa
473 710 715 783 exempla
731 716 1014 766 testantur.
1032 706 1167 764 Saul
1182 718 1428 778 quaerens
1448 698 1631 762 asinas‘

57 806 83 860 1
100 804 236 877 Reg.
265 805 369 877 rx),
397 804 566 876 pergit
592 802 659 859 ad
683 801 921 868 Samuel,
948 800 1260 871 accepitque
1284 796 1565 854 consilium
1593 811 1625 852 a

58 913 210 953 .uero
230 939 246 962 ,
292 904 355 951 ut
382 893 601 951 oﬂ‘erret
632 895 907 968 prephetae
950 901 1197 967 quartam
1238 901 1446 965 partem
1485 888 1622 947 sicli.

57 988 369 1060 Egrotante
390 982 499 1042 lilio
528 982 812 1042 Jeroboam
837 984 1071 1039 mittitur
1091 983 1145 1038 in
1169 976 1283 1039 Silo
1309 982 1377 1037 ad
1400 980 1629 1061 Achiam‘

57 1074 297 1149 Abia‘m]
326 1075 655 1149 prophetam"
675 1088 813 1132 uxor
845 1073 961 1144 ejus
997 1071 1244 1128 deferens
1285 1070 1621 1137 munuscula,

57 1179 213 1221 mnes
238 1172 301 1220 et
323 1162 629 1237 collyridas,
656 1172 791 1217 uvas
812 1167 867 1216 et
888 1158 1227 1232 lagunculam
1248 1158 1421 1215 mellis
1437 1196 1452 1226 ,
1478 1165 1537 1214 ut
1558 1157 1626 1214 de

57 1261 137 1316 iiii
185 1256 508 1315 inﬁrmitate
554 1264 903 1328 cognosceret
946 1252 1067 1329 (III
1110 1253 1238 1326 Reg.
1277 1253 1412 1323 xw).
1458 1253 1624 1309 David

57 1366 275 1423 [neque
289 1348 553 1424 propheta
577 1347 739 1403 alium
771 1346 1066 1417 interrogat
1086 1345 1400 1418 pr0phetam
1416 1341 1639 1399 Nathan'

63 1439 129 1494 II
166 1439 301 1512 Reg.
332 1438 431 1514 vn)
461 1447 639 1494 utrum
680 1435 937 1508 templum
970 1434 1199 1491 Domino
1228 1433 1494 1491 aediﬁcare
1530 1434 1625 1489 de-

57 1540 187 1585 ieat.
208 1530 275 1585 Et
297 1529 486 1585 Achab
508 1528 817 1585 sciscitatur
830 1527 1085 1582 ascendat
1105 1541 1174 1580 an
1190 1540 1296 1579 non
1318 1525 1370 1579 in
1394 1524 1624 1580 Ramoth
1646 1546 1655 1550 ·

57 1618 257 1675 ἶιῖὶῐίὶὲὶᾶ
292 1616 414 1691 (III
437 1617 562 1689 Reg.
587 1615 745 1689 xxtt).
783 1614 841 1672 In
867 1614 1001 1671 lsaia
1029 1628 1241 1685 quoque
1264 1623 1319 1668 et
1345 1613 1398 1668 in
1418 1608 1624 1685 Regum

57 1710 347 1777 'olumine,
362 1720 482 1780 quae
504 1707 908 1764 Sennacherich
932 1715 1160 1762 ventura
1188 1706 1298 1762 sint
1314 1705 1627 1760 nuntiantur

58 1799 150 1855 IV
183 1800 316 1871 Reg.
349 1812 442 1855 xxx
466 1815 482 1866 ;
506 1798 619 1853 Ita.
646 1797 876 1868 xxtvn).
908 1795 1019 1852 Nec
1050 1796 1245 1851 mirum
1288 1796 1333 1852 si
1361 1796 1416 1851 in
1444 1795 1625 1852 Veteri

1727 604 1970 665 caturum'
1988 650 2003 676 ,
2027 617 2086 665 ut
2110 612 2339 681 quorum
2382 612 2665 667 imitantur
2689 610 2847 678 vitia,
2880 620 3065 669 eurum
3097 612 3297 686 suppli-

1726 702 1810 758 cia
1836 700 2242 773 pertinmseaut.
2576 692 2581 713 ⁷
2786 702 2799 709 '
2870 690 2875 715 ⁵
3080 692 3087 703 ³
3257 700 3265 713 '
3314 768 3319 779 ι

1801 812 1822 846 ‹
1853 792 1978 851 Haec
1999 794 2133 851 dicit
2151 794 2412 852 Dominus
2435 784 2576 853 Deus
2602 812 2621 851 τ
2637 790 2697 852 lu
2720 796 2806 854 die
2826 804 2929 869 qua
2952 796 3089 870 elegi
3107 788 3319 867 lsrael,'

1731 898 1755 936 ‹
1795 892 1857 939 et
1868 882 2041 939 levavi
2070 898 2288 939 manum
2316 898 2497 941 meam
2516 898 2616 957 pm
2642 884 2811 963 stirpe
2829 886 3019 943 domus
3040 885 3228 953 Iacob,
3245 882 3300 946 et

1731 984 1759 1028 r
1794 974 2023 1048 apparui‘
2069 976 2148 1032 eis
2188 976 2244 1031 in
2286 984 2428 1033 terra
2469 973 2737 1051 Egipti,‘
2770 986 2829 1035 et
2865 979 3039 1035 levavi
3075 994 3298 1037 manum

1732 1086 1757 1121 ‹
1797 1080 1968 1126 meam
1999 1080 2096 1141 pro
2134 1056 2235 1137 eis,
2258 1071 2443 1128 dicens
2468 1091 2480 1126 :
2507 1071 2618 1144 Ego
2641 1066 2901 1130 Dominus
2928 1074 3072 1137 Deus
3090 1083 3292 1133 vester.

1731 1180 1751 1212 ‹
1796 1160 1853 1216 in
1882 1156 1970 1217 die
1998 1160 2086 1217 illa
2109 1150 2530 1220 levavi'manum
2554 1156 2727 1221 meam
2752 1181 2853 1239 pro
2880 1168 2959 1223 eis
2978 1209 2995 1241 ,
3017 1174 3077 1224 ut
3104 1166 3299 1226 educe-

1732 1267 1753 1301 ε
1796 1264 1911 1347 rem
1937 1265 2032 1306 eos
2056 1251 2121 1333 de
2140 1258 2287 1347 terra
2317 1251 2537 1326 Egypti
2577 1256 2633 1313 in
2659 1264 2893 1324 terram,
2925 1274 3085 1330 quam
3112 1258 3297 1347 provig

1733 1356 1753 1390 ι
1795 1338 1979 1394 deram
2004 1340 2103 1407 eis,
2134 1338 2389 1398 ﬂuentem
2411 1343 2550 1399 laete
2571 1354 2626 1400 et
2642 1346 2818 1413 melle,
2841 1363 2959 1418 qua:
2980 1356 3064 1404 est
3084 1338 3300 1423 egregia

1732 1449 1755 1484 r
1795 1431 1938 1487 inter
1961 1444 2151 1490 omnes
2166 1441 2362 1501 terras,
2384 1442 2488 1492 etc.
2522 1456 2541 1489 ι
2565 1435 2621 1493 In
2659 1436 2894 1509 Egypto
2927 1440 3092 1510 igitur
3124 1428 3296 1499 factus

1727 1530 1811 1580 est
1838 1534 1998 1581 notus
2020 1526 2215 1599 populo
2240 1537 2297 1583 et
2334 1522 2533 1584 semini
2554 1530 2743 1588 domus
2769 1517 2959 1600 Iacob,
2987 1535 3202 1605 quando
3230 1520 3327 1592 le-r

1724 1617 1871 1673 vavit
1915 1628 2133 1674 manum
2173 1634 2331 1677 suam
2370 1637 2469 1692 pro
2513 1622 2619 1689 eis,
2670 1632 2859 1680 contra
2888 1622 3194 1699 Egyptios,
3241 1638 3293 1685 et

1727 1705 1899 1765 dixit:
1929 1704 2082 1785 (Ego
2102 1706 2363 1769 Dominus
2391 1712 2533 1768 Deus
2564 1722 2769 1781 vester,
2794 1700 2813 1768 ι
2848 1722 2902 1770 et
2938 1708 3098 1789 elegit
3119 1733 3212 1774 eos
3240 1728 3301 1775 ut

1728 1800 1981 1859 educeret
2010 1804 2075 1860 de
2099 1812 2242 1859 terra
2272 1798 2499 1879 Egypli
2531 1806 2599 1860 ad
2626 1813 2827 1861 terram
2868 1806 3119 1865 ﬂuentem
3159 1792 3300 1865 lacte

57 1892 402 1947 testamento
429 1889 673 1960 singulis,
701 1902 820 1959 qua:
856 1886 1040 1942 futura
1061 1895 1211 1951 sunt.
1237 1888 1509 1959 prophetat
1535 1898 1625 1941 ωι-
1650 1881 1699 1943 Β
1725 1898 1785 1949 et
1833 1892 2028 1961 melle;
2075 1893 2309 1950 necdum
2356 1896 2500 1950 enim
2537 1910 2731 1969 capere
2778 1906 3026 1971 poterant
3071 1898 3300 1957 solidum

57 1986 342 2050 nuntient,
390 1992 515 2041 cum
561 1980 802 2054 Agabum
846 1979 1135 2052 legerimus
1171 1980 1308 2052 (Act.
1334 1980 1470 2051 ut),
1510 1990 1630 2049 quae

57 2078 209 2132 ’aulo
235 2083 464 2132 ventura
505 2072 612 2131 sint
648 2072 999 2145 prophetare.
1016 2072 1288 2143 Scriptum
1313 2078 1396 2127 est
1411 2071 1552 2126 enim
1574 2070 1630 2126 in

57 2166 510 2222 )enteronomio:
544 2184 563 2217 ς
597 2163 798 2220 Gentes
845 2176 980 2234 quas
1020 2163 1281 2217 Dominus
1323 2161 1631 2231 perditurus

57 2267 145 2325 est,
178 2258 234 2313 in
262 2264 567 2328 conspectu
584 2264 678 2312 tuo
698 2256 819 2311 ista;
845 2256 1052 2311 somnia
1076 2261 1130 2309 et
1156 2251 1512 2310 divinationes
1535 2260 1630 2308 au-

57 2352 224 2417 Iient,
272 2350 372 2406 tibi
417 2358 596 2406 autem
625 2362 731 2406 non
764 2351 843 2407 sic
879 2349 1026 2406 dedit
1052 2340 1313 2404 Dominus
1340 2346 1485 2402 Deus
1506 2356 1629 2403 tuus

63 2441 225 2495 Deut.
265 2438 446 2511 mn).
483 2456 505 2492 ι
543 2438 803 2495 Gentium
838 2432 987 2493 enim
1026 2444 1109 2494 est
1154 2435 1303 2491 adire
1329 2434 1627 2501 Chaldaeos,

57 2532 266 2596 triolos,
298 2529 593 2601 aruspices,
617 2530 846 2599 divinos,
871 2527 1171 2599 wrtimgos,
1197 2524 1412 2581 oracula
1435 2524 1632 2579 dum

57 2638 178 2679 tum
210 2620 408 2693 quibus
435 2621 609 2678 errori
630 2632 815 2677 earum
844 2618 1100 2675 iiinditur.
1131 2616 1285 2674 Unde
1306 2623 1364 2671 et
1384 2628 1531 2672 num:
1554 2628 1632 2672 se«

57 2715 235 2769 tiores
256 2712 429 2768 lsi-sel
446 2712 645 2767 adeunt
673 2711 1016 2782 prophetam,
1038 2717 1100 2762 ut
1124 2708 1519 2778 interrogarent
1534 2713 1634 2776 per

57 2812 175 2861 tum
206 2803 525 2866 Dominum,
572 2808 627 2857 et
662 2808 843 2856 tamen
878 2799 945 2855 de
984 2798 1407 2869 interrogatione
1444 2796 1629 2863 sileat,

57 2898 167 2969 meo
203 2897 313 2968 qui
342 2892 756 2966 interrogandus
784 2901 904 2949 erat
938 2891 1143 2948 sciente
1172 2890 1305 2962 quid
1335 2890 1633 2959 interi-oga-

57 2998 203 3055 rent,
232 2997 295 3044 ut
312 2994 371 3044 et
386 2989 443 3043 in
465 3000 533 3043 eo
550 2984 867 3043 miraculum
891 2986 963 3041 sit
987 2984 1126 3041 scire
1153 2998 1250 3038 cur
1265 2982 1543 3049 venerint,
1577 2989 1636 3038 et

57 3080 121 3134 ad
155 3092 219 3134 ea
257 3078 617 3148 respondere,
654 3090 777 3147 quae
802 3075 998 3132 tacitus
1018 3088 1198 3130 sermo
1222 3074 1278 3129 in
1306 3074 1489 3129 animo
1504 3082 1633 3129 con-

57 3168 288 3223 ﬂuebat.

1729 1985 1943 2052 cibum,
1984 1982 2085 2043 sed
2118 1982 2277 2057 quasi
2305 1988 2711 2060 parvuii‘atque
2744 1986 3031 2058 lactentes,
3064 1990 3221 2049 melle
3249 1998 3305 2047 et

1729 2074 1871 2130 lacte
1897 2075 2207 2148 indigebant
2253 2076 2510 2151 infantiae.
2543 2076 2701 2136 Juxta
2737 2080 2975 2137 litteram
3009 2095 3174 2149 vero,
3226 2078 3327 2153 in-j‘

1730 2162 1926 2237 clytam
1956 2180 2078 2222 esse
2107 2173 2313 2222 terram
2343 2166 2493 2223 Iudae
2540 2177 2596 2225 et
2637 2172 2845 2226 cunctis
2886 2168 3048 2227 terris
3087 2169 3308 2227 fertilio-

1731 2268 1845 2311 rem
1876 2254 2120 2312 dubitare
2148 2272 2254 2313 non
2277 2256 2494 2333 poterit,
2516 2259 2667 2331 quia
2686 2258 3021 2318 Rinocorura
3044 2277 3216 2334 usque
3238 2263 3307 2320 ad

1731 2346 1969 2403 Taurum
2016 2356 2256 2404 montem
2307 2355 2361 2404 et
2404 2364 2573 2422 usque
2618 2350 2686 2407 ad
2728 2351 3035 2425 Euphraten
3088 2352 3306 2409 ﬂuvium

1731 2444 1980 2493 cunctam
2005 2434 2430 2494 consideraverit
2451 2445 2674 2505 terram,
2690 2446 2743 2495 et
2769 2434 2982 2497 urbium
3007 2444 3306 2512 potentiam

1732 2518 2217 2599 amoenitatemque
2255 2526 2533 2599 regionum
2555 2569 2572 2594 ,
2602 2529 2942 2587 Palaestinam
2974 2531 3227 2587 videlicet
3254 2524 3329 2588 et

1712 2613 2058 2684 'Phtenicen,
2088 2616 2339 2672 Arabiam
2358 2658 2372 2683 ,
2425 2616 2638 2689 Syriam
2657 2660 2671 2685 ,
2699 2618 2882 2676 C(elen
2908 2662 2922 2686 ,
2960 2618 3227 2687 Ciliciam,
3257 2618 3332 2677 et’

1732 2717 1959 2767 caeteras
1983 2711 2254 2789 regiones,
2286 2725 2419 2781 quas
2454 2711 2660 2777 l’sraeli,
2701 2712 2744 2769 si
2765 2712 2860 2767 Dei
2884 2721 3156 2785 przecepta
3189 2726 3305 2767 ser-
3332 2718 3337 2727 '

1731 2806 1934 2866 vasset,
1960 2796 2223 2856 Dominus
2244 2790 2596 2871 repromisit“:
2623 2816 2759 2874 quas
2788 2805 2913 2875 quia
2937 2820 3043 2858 non
3072 2803 3308 2874 accepit,

1732 2890 1923 2947 vitium
1959 2889 2062 2945 fuit
2089 2891 2479 2949 incredulitatis
2500 2893 2636 2965 ejus.
2662 2888 2795 2949 Nam
2825 2902 2879 2948 et
2906 2894 2959 2947 iu
2989 2893 3109 2964 ipsa
3137 2893 3308 2949 Palae-

1734 2982 1876 3038 stina
1903 2980 2192 3052 Judmaque
2236 2980 2513 3052 provincia
2545 2991 2731 3055 gentes
2767 2983 3009 3055 plurimm
3037 2982 3313 3040 remande

1735 3080 1883 3139 runt,
1911 3086 2031 3144 qua:
2070 3084 2178 3127 non
2214 3082 2341 3128 sunt
2366 3073 2567 3144 eiectae.
2594 3072 2776 3145 Neque
2806 3073 2949 3128 enim
2991 3089 3217 3144 sponsor
3255 3066 3337 3130 in'

1737 3162 1964 3221 crimine
1990 3169 2097 3228 est,
2127 3162 2174 3218 si
2217 3162 2308 3219 ille
2357 3163 2444 3219 cui
2487 3164 2912 3234 repromittatur,
2940 3165 3214 3237 indignum
3252 3180 3311 3220 se

129 3276 149 3311 ι
196 3259 265 3314 Et
302 3257 481 3314 factus
511 3264 597 3313 est
629 3268 807 3312 sermo
834 3254 1047 3310 Domini
1080 3253 1151 3309 ad
1175 3253 1507 3309 medicans:
1527 3239 1629 3307 Fili
1657 3231 1707 3297 ο
1735 3254 1926 3313 fecerit
1952 3255 2273 3327 sponsione,
2303 3231 2611 3326 prtesertim
2645 3272 2766 3313 cum
2799 3231 3131 3328 proponatur
3160 3257 3307 3328 optio

59 3366 95 3401 s-
129 3349 385 3413 hemitis,
410 3349 637 3419 loquere
649 3346 955 3403 senioribus
976 3345 1160 3411 lsrael,
1176 3353 1233 3399 et
1248 3345 1396 3400 dices
1416 3344 1487 3399 ad
1503 3356 1629 3400 eos:

67 3459 93 3491 ο
137 3439 264 3494 line
284 3439 418 3494 dicit
442 3439 702 3494 Dominus
729 3439 898 3492 Dens:
926 3435 1181 3504 Nunquid
1197 3435 1265 3491 ad
1288 3435 1631 3505 interrogan-

61 3552 81 3583 ς
124 3532 253 3586 dum
278 3545 366 3585 me
387 3545 485 3585 vos
509 3529 734 3584 venistis
752 3528 779 3580 ’ἒ
795 3527 933 3582 Vivo
953 3541 1052 3597 ego
1069 3567 1084 3591 ,
1111 3527 1237 3597 quia
1279 3538 1390 3581 non
1414 3540 1635 3596 respon-

63 3640 85 3673 ‹
137 3621 274 3677 (ιώ.
299 3618 485 3684 vobis,
515 3619 593 3673 ait
632 3618 892 3673 Dominus
929 3616 1087 3674 Deus.
1122 3635 1142 3668 ι
1175 3614 1387 3672 Sanctis
1413 3623 1471 3669 et
1499 3630 1631 3669 eon-

60 3725 196 3782 gruu
238 3708 699 3781 interrogantibus
744 3708 903 3762 datur
950 3705 1242 3777 promissio
1268 3744 1285 3772 ,
1336 3705 1514 3760 adhuc
1557 3703 1636 3761 lo-

62 3807 263 3871 quente
276 3808 329 3855 te
343 3800 522 3856 dicam
542 3816 559 3854 :
581 3817 607 3851 ε
625 3799 762 3853 Ecce
779 3798 1022 3853 adsum.»
1038 3795 1414 3853 Peccatoribus
1433 3802 1634 3862 autem,

62 3890 253 3961 quales
274 3890 495 3946 tuentes
521 3890 765 3945 seniores
788 3888 974 3953 lsrael,
996 3896 1052 3942 et
1081 3902 1311 3957 quorum
1348 3888 1552 3944 scelera
1579 3889 1636 3943 in

62 3982 514 4052 consequentibus
530 3982 792 4051 propheta
815 3979 1092 4053 describit,
1109 3994 1216 4035 non
1240 3979 1403 4033 datm
1416 3992 1637 4048 respon—

61 4075 183 4139 u'o,
213 4073 626 4143 sedincrepatio
645 4086 747 4141 pro
779 4070 1038 4140 peccatis.
1070 4070 1139 4124 Et
1180 4068 1332 4123 addit
1366 4068 1638 4137 jusjuran-

62 4166 196 4221 dum
217 4182 231 4217 :
251 4162 413 4219 «Vivo
434 4177 553 4233 ego,
575 4180 594 4213 ι
620 4168 681 4217 ut
700 4160 907 4215 ﬁrmior
921 4159 992 4213 sit
1016 4160 1289 4214 sententia
1303 4156 1633 4227 denegamus.

64 4274 97 4310 ι
138 4255 205 4310 Si
218 4251 563 4321 iudicantes,
588 4253 632 4307 si
646 4249 972 4319 judieas,ﬁli
994 4247 1244 4304 hominis.
1268 4266 1288 4299 ι
1324 4246 1403 4301 Illi
1423 4245 1639 4315 quidem

66 4348 140 4404 αὖ
164 4343 599 4415 interrogandum
625 4348 907 4405 venerant,
926 4341 1209 4411 cupientes
1228 4339 1297 4395 de
1319 4338 1425 4403 his,
1447 4338 1641 4406 quibus

73 4438 367 4508 ambigunt,
396 4444 452 4492 et
479 4436 657 4490 futura
683 4448 1027 4504 cognoscere.
1058 4452 1077 4485 ι
1111 4432 1191 4489 Tu
1216 4440 1421 4497 autem,
1442 4430 1518 4485 ﬁli
1540 4430 1642 4486 lto-

1733 3346 2101 3420 promittentis
2127 3364 2139 3400 :
2171 3362 2192 3397 ι
2220 3345 2278 3401 Si
2321 3346 2597 3402 volueritis
2636 3353 2693 3402 et
2738 3348 3017 3403 audieritis
3044 3364 3159 3415 me,
3189 3364 3310 3419 quae

1733 3437 1876 3493 bona
1894 3444 2020 3493 sunt
2044 3446 2202 3492 terrm
2227 3436 2540 3503 comedetis,
2564 3437 2646 3492 sin
2668 3446 2847 3492 autem
2878 3438 3178 3504 nolueritis,
3204 3440 3311 3510 gia-

1736 3528 1856 3585 dius
1866 3527 2146 3585 devorabit
2166 3528 2411 3599 vos'(Isa.
2436 3528 2497 3599 ι).
2522 3547 2542 3579 ι
2561 3527 2841 3599 Eliguntur
2861 3545 2991 3600 ergo
3002 3531 3309 3600 praesentia,

1734 3632 1836 3672 nec
1860 3617 2067 3683 statim,
2091 3617 2182 3687 qui
2210 3617 2426 3689 eligitur
2453 3618 2659 3673 tentari
2691 3633 2799 3673 non
2827 3626 3003 3688 potest
3054 3634 3153 3675 nec
3192 3635 3339 3692 per--

1736 3706 1837 3773 ire,
1869 3707 1994 3778 quia
2014 3715 2070 3763 et
2099 3704 2229 3763 Saul
2248 3708 2451 3763 electus
2474 3709 2527 3763 in
2555 3720 2735 3780 regem
2763 3717 2817 3765 et
2841 3706 3006 3765 ludas
3031 3710 3084 3764 in
3110 3720 3318 3782 aposto-

1735 3796 1847 3853 lum
1877 3813 1976 3854 suo
2002 3807 2189 3870 postea
2214 3799 2346 3855 vitio
2367 3808 2709 3855 corruerunt.
2733 3799 2972 3856 Elevatio
2993 3808 3171 3856 autem
3203 3817 3317 3856 ma-

1736 3902 1839 3945 nus
1869 3889 1983 3943 sive
2012 3887 2256 3944 extensio
2281 3889 2527 3943 habitum
2565 3889 2920 3960 percutientis
2954 3891 3224 3957 ostendit,
3255 3904 3315 3951 ut

1735 3987 2050 4046 percuteret
2072 3992 2171 4048 pro
2200 3979 2283 4035 eis
2300 3977 2617 4050 AEgyptios,
2657 3987 2713 4034 et
2752 3981 3006 4051 populum
3044 3981 3208 4036 Israel
3247 3982 3315 4036 de

1738 4065 1973 4139 .egypto
1994 4069 2265 4125 libet-aret
3166 4135 3169 4138 ι

1816 4176 1836 4210 ι
1882 4159 1950 4212 Et
1973 4157 2087 4215 dixi
2111 4159 2185 4213 ad
2204 4173 2301 4214 eos
2325 4176 2341 4212 :
2374 4158 2755 4229 Unusquisque
2778 4159 3101 4216 oﬂ'ensiones
3137 4161 3319 4215 oculo-

1747 4266 1767 4299 ι
1806 4263 1927 4304 rum
1964 4263 2187 4305 suorum
2229 4248 2480 4320 abjiciat,
2508 4257 2563 4305 et
2596 4250 2652 4305 in
2696 4250 2852 4307 idolis
2891 4250 3109 4324 Egypti
3150 4252 3318 4307 nolite

1747 4360 1767 4395 ι
1809 4342 2119 4415 pollui,ego
2133 4344 2391 4400 Dominus
2406 4345 2549 4401 Deus
2567 4355 2766 4403 vester.
2798 4366 2816 4399 ι
2853 4346 3105 4418 Praecipit
3132 4355 3313 4403 autem

1742 4432 2065 4488 exeuntibus
2085 4434 2323 4504 primum
2343 4436 2409 4491 de
2438 4434 2694 4509 Egyptot
2718 4446 2781 4492 ut
2803 4438 3189 4495 obliviscantur
3208 4439 3320 4494 ido-

74 4531 253 4593 minis,
269 4530 447 4600 iudice
470 4543 585 4587 eos.
610 4536 673 4582 ut
699 4527 1109 4595 neepropbeta
1129 4522 1521 4593 siuaponslo,
1548 4521 1647 4577 sed
1667 4573 1720 4600 ἢ
1744 4521 1948 4588 lorum,
1979 4523 2175 4593 quilms
2204 4524 2376 4580 multo
2402 4533 2646 4596 tempore
2682 4527 3011 4595 serviumt,
3035 4529 3145 4584 imo
3179 4526 3317 4595 abji-

1667 4573 1721 4634 Β

78 4619 650 4690 Mai-Gestatio
682 4632 780 4687 pro
810 4616 1187 4687 iniquitatibus
1214 4629 1357 4685 quas
1372 4612 1639 4677 fecerunt.
1668 4612 1719 4634 υ
1746 4615 1894 4672 ciant
1921 4630 1986 4671 ea
2011 4616 2081 4671 ab
2105 4615 2275 4672 oculis
2297 4618 2410 4672 suis
2431 4658 2445 4683 ,
2477 4628 2540 4673 ut
2561 4633 2637 4675 ne
2663 4627 2883 4689 aspectu
2910 4616 3128 4688 quidem
3158 4617 3315 4688 digna

80 4720 134 4768 et
154 4719 365 4780 patrm
376 4709 549 4766 secuti
571 4716 702 4763 sunt
722 4707 1067 4765 scelera..Vei
1084 4715 1231 4763 certe
1254 4725 1275 4759 ι
1310 4707 1358 4762 si
1382 4706 1526 4761 ultus
1549 4720 1643 4761 eos

81 4804 235 4858 ιυω
249 4800 465 4864 ultime;
478 4819 496 4853 ι
515 4809 575 4854 ut
594 4801 667 4854 sit
678 4813 870 4871 sensus
885 4816 900 4852 ι
916 4797 1089 4853 Tanta
1106 4797 1391 4866 iniquitate
1404 4795 1642 4864 cooperti

85 4899 207 4948 sum
228 4932 244 4957 ,
273 4900 333 4945 ut
378 4906 482 4945 nec
521 4889 899 4945 emendatione
946 4887 1166 4957 quidem
1210 4893 1269 4940 et
1304 4887 1643 4955 correptione

84 4984 190 5037 sint
228 4980 401 5052 d'qni,
432 4981 729 5037 secundum
758 4979 887 5033 illud
914 5018 929 5044 ,
961 4978 1101 5048 quod
1134 4976 1191 5031 in
1215 4978 1479 5046 propheta
1505 4970 1643 5029 dici-

88 5080 175 5127 tur
211 5091 227 5126 :
266 5090 287 5125 ε
327 5070 446 5125 Non
486 5069 713 5125 visitabo
754 5068 894 5123 ultra
945 5067 1085 5123 ﬁlias
1126 5075 1332 5122 vestras
1377 5073 1432 5120 et
1478 5079 1647 5121 nurus

86 5173 421 5220 vestrascum
448 5163 730 5218 moechatus
752 5160 951 5215 fuerint
968 5158 1113 5230 (Ore.
1131 5158 1228 5231 ιν).
1248 5177 1270 5211 ι
1286 5158 1441 5215 Unde
1456 5166 1515 5213 et
1528 5172 1651 5227 pec-

87 5263 309 5323 catores,
334 5254 502 5323 quiin
526 5251 854 5324 profundum
884 5265 1082 5307 venere
1107 5248 1319 5323 peccati
1335 5288 1352 5315 ,
1374 5249 1648 5306 dimittun-

90 5354 177 5403 tur
197 5354 254 5401 ut
269 5344 466 5401 iaciant
486 5342 751 5403 desideria
774 5342 957 5399 cordis
983 5341 1089 5398 sui.

162 5450 185 5485 ι
220 5433 651 5493 Abumhationes
684 5439 903 5502 patrum
944 5432 1642 5497 suorumestendee’s,et

95 5520 1644 5591 adiuuandmssSipectatapatrtmuonred-n-

93 5617 218 5673 dant
240 5617 303 5673 ad
327 5615 485 5685 ﬁlios,
509 5617 780 5687 quomodo
809 5616 1234 5672 abmninationes
1253 5623 1309 5670 et
1335 5616 1647 5686 iniquitates

92 5715 301 5778 pm.
337 5723 482 5763 nunc
527 5706 833 5767 senioribus
877 5706 1192 5777 ponuntur?
1245 5705 1358 5761 Hae
1401 5706 1649 5761 videlicet

101 5814 285 5867 causa,
310 5799 748 5859 utostendantur
779 5801 979 5862 similia
1012 5800 1326 5873 parentibus
1374 5815 1563 5872 agere,
1595 5810 1650 5856 et

1747 4705 2005 4771 habeant,
2032 4714 2087 4760 et
2106 4706 2302 4775 quibus
2328 4708 2498 4763 multo
2538 4716 2777 4778 tempore
2805 4708 3146 4778 poiiuti‘sunt
3176 4709 3318 4765 ultra

1746 4811 1854 4850 non
1881 4797 2245 4866 acquiescant.
2278 4815 2297 4844 ι
2336 4798 2469 4869 Ego,
2522 4799 2730 4867 inquit,
2760 4798 3019 4853 Dominus
3049 4797 3193 4853 Deus
3219 4810 3317 4853 ve-

1746 4892 1877 4942 ster.
1900 4903 1922 4938 ι
1940 4885 2059 4939 Non
2078 4893 2329 4955 portenta
2341 4885 2615 4957 Egyptia,
2632 4901 2741 4941 non
2762 4886 3039 4942 variorum
3061 4886 3317 4956 figmenta

1749 4984 2156 5033 monstrorum:
2197 4977 2293 5032 sed
2336 4986 2390 5034 et
2438 4978 2593 5034 nobis
2640 4980 2853 5049 quando
2902 4978 3193 5033 exierimus
3252 4978 3320 5034 de

1750 5065 2005 5139 Egypto,
2034 5065 2255 5134 iubetur
2281 5075 2342 5121 ut
2367 5066 2692 5123 eﬂ'ensiones
2716 5067 2995 5123 oculorum
3009 5073 3329 5122 nostrorum

1751 5157 2089 5227 abjiciomus,
2121 5171 2189 5211 ne
2212 5156 2421 5212 scilicet
2458 5157 2544 5213 his
2582 5158 2930 5223 delectemur,
2957 5157 3153 5227 quibus
3192 5166 3321 5212 ante

1748 5249 2151 5306 delectabantur
2170 5248 2226 5303 in
2256 5248 2481 5316 erratio,
2502 5265 2575 5305 ne
2609 5249 2919 5304 simulacris
2952 5247 3168 5322 Aigypti
3198 5248 3319 5320 pol-

1748 5339 1983 5406 luantur,
2004 5339 2473 5396 adinventionihus
2497 5338 2746 5395 videlicet
2770 5339 3213 5409 philosophum
3238 5348 3320 5394 at-

1746 5444 1855 5501 que
1887 5430 2296 5495 haereticorum,
2341 5444 2473 5499 quae
2509 5436 2657 5484 recte
2705 5429 2846 5484 idola
2882 5431 3249 5487 nominantur.
3270 5430 3315 5488 Α

1745 5521 2067 5592 spectaculis
2087 5532 2323 5592 (neque,
2349 5518 2859 5576 imeeﬂ'enstionibus
2878 5520 3115 5594 .Ggypti,
3143 5536 3311 5579 remo—

1745 5628 1965 5670 veamus
1987 5613 2195 5679 oculos,
2215 5626 2416 5679 areum,
2444 5611 2598 5678 circi,
2612 5612 2970 5680 theatrorum,
2992 5623 3047 5669 et
3069 5614 3321 5669 ontnihus

1749 5723 1868 5779 quae
1888 5708 2078 5763 animae
2106 5705 2475 5763 contaminant
2517 5704 2840 5775 puritatem,
2893 5714 2947 5762 et
2987 5723 3085 5777 per
3127 5719 3316 5763 sensus

1750 5799 2124 5871 ingrediuntur
2148 5798 2213 5853 ad
2234 5805 2491 5864 mentem,
2516 5796 3035 5869 impleturque-quod
3059 5798 3322 5867 scriptum
