3916 6356
112 347 224 402 725

1073 353 1448 414 τροπαίων.
1487 352 1554 412 IN
1583 351 2039 414 ΕΖΕΩΗΙΕΙΑΕΜ.
2073 377 2144 398 -α-
2176 357 2305 414 ΜΒ.
2347 356 2475 414 νω.

3256 357 3357 412 Ἦ

104 463 368 518 habeatis
409 477 613 536 regem.
655 473 711 522 et
751 465 1000 525 sentiatis
1031 481 1214 539 regem
1252 469 1471 536 iratum,
1519 467 1751 538 cuiusA
1777 466 1884 528 erit
1902 467 2224 530 manifestus
2240 483 2400 526 mem
2428 471 2620 528 deum
2642 469 2940 528 Dominiia
2967 472 3174 528 mica
3189 487 3356 529 mou-

98 552 458 612 clemeutiam
488 556 816 627 neglexistis.

1784 555 1941 622 lium,
1963 565 2034 616 et
2085 557 2385 618 oievabitur
2443 573 2605 629 stipat
2627 560 2842 627 colles,
2879 571 2943 623 It
2969 563 3246 622 contulerit
3275 563 3354 620 ad

188 662 206 694 ‹
253 607 819 718 Ειᾶιῇοξῖἶνξῖὲ
865 649 1094 722 populna,
1133 658 1192 706 et
1219 609 1492 724 congrege"
1493 607 1685 710 sese
1785 607 2117 708 343mm;
2143 657 2443 721 θωνα
2461 607 3354 722 manipulis-ultumas»:

107 751 131 783 ι
183 734 252 788 de
292 735 452 789 terris
489 736 542 789 in
582 738 775 806 quibus
809 739 1037 810 dispersi
1080 743 1254 797 estis:
1296 743 1351 798 in
1391 759 1554 799 manu
1591 759 1686 799 va-
1786 739 1978 796 Venite
2007 781 2024 805 ,
2063 742 2419 797 aseendamus
2471 742 2542 797 ad
2596 751 2834 798 montem
2891 745 3144 811 Domini,
3196 753 3251 800 et
3299 747 3354 800 in

105 841 134 874 ο
183 825 294 879 litin
319 833 378 878 et
401 826 624 881 brachio
642 837 944 894 extento,et
969 833 1025 886 in
1051 831 1232 889 furore
1253 833 1422 890 diuiso
1448 837 1681 904 rcg'nabti

104 936 128 968 ‹
177 932 346 986 super
361 933 505 972 vos.)
525 918 634 975 Nec
652 935 767 985 vos,
785 921 878 987 ait,
896 923 1070 991 patiar
1087 938 1207 978 esse
1222 924 1276 978 in
1298 927 1564 995 gentibus,
1581 941 1683 982 nec

93 1018 318 1062 aeterna
342 1011 654 1079 captivitate
677 1012 920 1078 retineri,
975 1016 1070 1069 sed
1099 1017 1322 1070 educam
1357 1017 1428 1071 de
1467 1018 1678 1087 populi!

91 1106 160 1150 ct
182 1100 527 1169 congregabo
549 1099 616 1154 de
643 1101 826 1166 terris,
858 1102 912 1155 in
947 1119 1086 1173 quas—
1109 1120 1202 1159 vos
1231 1106 1297 1159 ad
1335 1106 1681 1163 servientium

90 1186 320 1242 hostilis
342 1191 632 1246 necessitas
662 1192 768 1246 huc
785 1191 1017 1263 illucque
1045 1195 1316 1264 dispersit.
1345 1195 1472 1251 Haec
1495 1207 1676 1254 autem

89 1275 306 1331 faciam
331 1281 391 1332 ut
412 1287 516 1333 non
537 1280 757 1349 perdam
783 1287 878 1338 vos
903 1289 958 1338 et
977 1282 1206 1350 deleam,
1236 1286 1330 1340 sed
1353 1293 1413 1340 ut
1446 1281 1564 1340 ilex
1585 1303 1679 1342 vc-

90 1373 218 1420 ster
241 1366 368 1423 sim.
397 1367 478 1424 Ex
518 1385 623 1440 quo
652 1371 997 1445 intelligimus
1038 1376 1201 1431 etiam
1231 1392 1350 1431 eam
1378 1393 1539 1447 quam
1584 1393 1677 1449 ap-

85 1459 308 1528 pellant
349 1461 589 1520 haeretici
634 1467 897 1521 creatoris
938 1465 1309 1526 crudelitatem
1338 1484 1531 1524 sonare
1568 1459 1676 1525 cle-

87 1555 385 1620 mentiam,
414 1553 543 1610 dum
568 1556 636 1612 ad
659 1557 764 1612 hoc
788 1557 1042 1614 irascitur
1065 1569 1120 1614 et
1141 1559 1380 1627 desaevit,
1424 1569 1478 1615 et
1505 1569 1674 1616 totum

83 1642 333 1699 effundit
360 1643 620 1712 furorem,
649 1655 711 1701 ut
734 1647 975 1704 retrahat
999 1664 1092 1706 eos
1113 1651 1184 1706 ad
1228 1665 1452 1722 regnum
1491 1667 1671 1719 suum,

81 1734 190 1800 qui
235 1735 539 1790 daemonum
597 1735 934 1808 tyrannidem
981 1737 1048 1793 ad
1076 1740 1438 1804 serviendum
1495 1735 1672 1814 elege-

83 1838 161 1876 ru
173 1833 254 1878 ut.

178 1934 198 1964 ‹
248 1915 315 1970 Et
351 1917 613 1976 adducam
639 1936 735 1977 vos
777 1923 830 1978 in
856 1922 1122 1980 desertum
1159 1925 1475 1996 populorum
1511 1936 1565 1982 et
1585 1941 1673 1995 Ju—

88 2022 108 2054 ε
167 2004 394 2060 dicabor
428 2010 704 2066 vobiscum
758 2011 833 2069 ibi
872 2012 1008 2068 facie
1043 2015 1110 2070 ad
1149 2014 1363 2072 faciem.
1408 2016 1559 2073 Sicut
1587 2016 1673 2085 ju-

87 2113 108 2144 ι
165 2093 311 2150 dicio
339 2099 590 2155 contendi
636 2102 922 2158 adversum
955 2115 1138 2175 patres
1177 2107 1230 2160 in
1271 2099 1484 2162 deserto
1513 2116 1672 2163 terrae

85 2204 106 2237 ι
159 2184 416 2258 Ᾱὶεγριὶ,
444 2190 523 2246 sic
543 2191 796 2263 iudicabo
819 2211 934 2264 vos,
963 2197 1094 2252 dicit
1119 2196 1400 2268 Dominus,
1442 2206 1499 2256 et
1543 2202 1670 2256 sub-

86 2296 106 2328 ‹
151 2277 346 2346 jiciam
381 2296 476 2336 vos
519 2292 735 2356 sceptro
765 2299 886 2342 meo
917 2303 929 2340 :
973 2297 1027 2343 et
1068 2289 1316 2344 inducam
1346 2304 1442 2346 vos
1467 2290 1523 2344 in
1548 2291 1668 2346 vin-

84 2386 106 2420 ι
157 2368 301 2424 culis
326 2369 546 2427 foederis
578 2392 591 2426 :
629 2382 683 2430 et
720 2374 915 2449 eligam
945 2373 1014 2433 de
1052 2379 1203 2434 vobis
1239 2387 1667 2452 transgressores

88 2476 112 2511 σ
161 2469 223 2514 et
245 2461 459 2532 impios,
487 2463 552 2519 de
582 2472 728 2520 terra
760 2467 1028 2524 incolatus
1054 2486 1238 2526 eorum
1269 2473 1495 2529 educam
1520 2473 1664 2542 illos,

84 2567 106 2602 ι
157 2561 216 2608 et
242 2553 296 2607 in
321 2561 521 2610 terram
566 2557 732 2615 lsrael
782 2575 891 2616 non
940 2562 1328 2633 ingrediantur,
1381 2576 1435 2622 et
1481 2569 1664 2624 scietis

81 2659 105 2694 ¢
155 2644 288 2713 quia
325 2659 424 2718 ego
461 2646 742 2706 Dominus.
787 2669 807 2704 i
850 2647 1092 2722 Faciam,
1125 2657 1202 2711 ait
1237 2657 1518 2725 Dominus,
1564 2677 1661 2717 vo-

75 2736 166 2792 bis
195 2738 290 2807 qui
312 2740 442 2796 estis
483 2741 537 2795 iu
571 2741 861 2816 Babyldne,
919 2753 976 2802 et
1017 2765 1162 2804 nunc
1208 2752 1431 2807 servitis
1471 2753 1659 2821 idolis,

76 2825 232 2895 quod
283 2827 385 2884 feci
427 2832 673 2901 patribus
709 2835 904 2892 vestris
951 2837 1006 2892 in
1035 2829 1292 2910 Egypto,
1348 2848 1407 2896 ut
1435 2843 1660 2898 educam

72 2928 178 2972 vos
221 2917 274 2971 in
315 2919 588 2976 desertqu
627 2921 966 2996 populerum,
1017 2938 1072 2984 et
1109 2930 1180 2986 ibi
1229 2931 1443 3004 judicer
1479 2933 1661 2990 vobis-

75 3023 204 3061 cum
259 3009 392 3066 facie
442 3011 509 3066 ad
559 3013 752 3071 faciem
782 3019 924 3073 sicut
962 3021 1252 3078 adversum
1293 3025 1418 3081 illos
1448 3011 1657 3094 judicio

1775 839 2019 886 montem
2053 831 2150 886 Dei
2198 829 2404 897 Jacob,
2445 843 2510 889 et
2541 834 2757 890 docebit
2799 843 2898 891 nos
2945 836 3063 890 vias
3109 838 3258 901 snas,
3303 847 3358 892 et

1785 920 2178 976 ambulabimus
2203 923 2270 988 ,in
2303 923 2512 978 semitis
2559 923 2695 992 eius.
2733 925 2811 981 De
2853 923 2985 981 Sion
3025 927 3170 980 enim
3209 928 3354 981 enim

1780 1005 1950 1065 θείω
1997 1005 2082 1065 lex"
2126 1020 2184 1068 et
2221 1015 2444 1068 verbum
2491 1015 2708 1070 Domini
2751 1016 2816 1070 de
2841 1014 3180 1072 Hierusalem
3212 1018 3351 1087 (Isa.

1779 1115 1821 1157 it
1848 1116 1863 1165 ;
1890 1099 2050 1154 Mida.
2088 1101 2186 1172 xv).
2217 1120 2236 1153 ι
2271 1103 2340 1157 Ει
2362 1119 2577 1158 rursum
2602 1105 2769 1161 isaias
2797 1123 2811 1160 :
2843 1125 2862 1156 ι
2900 1105 2960 1161 ln
2986 1115 3244 1172 montem,
3277 1109 3354 1162 iu-

1778 1197 1912 1264 quit,
1942 1197 2214 1254 excelsum
2257 1203 2511 1267 ascende,
2536 1203 2628 1272 qui
2666 1205 2954 1261 annuntias
2978 1205 3109 1260 Sion
3149 1222 3162 1257 :
3201 1202 3354 1258 eleva

1778 1295 1834 1340 et
1879 1288 2058 1341 exalta
2112 1303 2300 1365 vocem
2352 1299 2539 1359 tuam,
2591 1295 2683 1363 qui
2739 1295 3074 1367 evangelizas
3137 1294 3358 1349 Jerusa-

1777 1373 1883 1430 lem
1931 1373 2067 1446 (lea.
2109 1379 2224 1452 XL).
2261 1399 2278 1433 ι
2319 1381 2493 1448 Quem
2540 1393 2778 1439 montem
2827 1383 2956 1441 Sion
3024 1394 3116 1440 aut
3161 1384 3352 1440 Eccle-

1777 1463 1912 1520 siam
1945 1467 2325 1541 intelligimus,
2368 1473 2490 1543 quin
2522 1473 2906 1544 interpretatur
2933 1471 3168 1544 specula,
3217 1482 3270 1528 et
3297 1473 3352 1527 in

1776 1554 2059 1618 altitudine
2090 1571 2398 1619 sanetornm
2442 1565 2752 1636 dogmatum
2790 1562 3082 1622 constituta
3111 1571 3218 1630 est,
3257 1569 3352 1618 aut

1778 1650 1954 1720 ipsum
1999 1653 2301 1709 'Domlnnm‘
2340 1642 2695 1723 Salvator-em,
2755 1658 2809 1711 in
2851 1665 2958 1726 quo
2993 1661 3052 1711 et
3092 1655 3346 1727 primitiae

1775 1745 1834 1796 et
1861 1737 2083 1800 decima:
2109 1749 2162 1799 et
2185 1745 2362 1801 omnis
2390 1747 2601 1801 cultura
2621 1749 2682 1801 .in
2710 1737 2929 1802 odorem
2955 1745 3188 1801 Vertitur
3226 1753 3350 1800 sua-

1700 1827 1754 1892 Β
1779 1834 2000 1889 vitatis”:
2029 1841 2087 1889 ut
2101 1837 2297 1891 omnes
2325 1837 2376 1890 i‘n
2406 1838 2632 1893 eichitu
2660 1838 2928 1903 nationes,
2967 1836 3213 1891 videntes
3251 1847 3348 1906 po—

1770 1922 1956 1992 puloin
2011 1923 2234 1980 Domini
2269 1925 2543 1981 'saiva‘tum
2573 1939 2712 1992 esse,
2753 1918 3053 1997 gloriﬁcent
3078 1921 3247 1982 Deum
3291 1930 3348 1980 et

1773 2017 2120 2085 Cognoscant,
2149 2017 2254 2086 qui
2289 2015 2480 2073 salvati
2514 2017 2736 2085 fuerint,
2787 2013 2929 2088 quod
2971 2017 3086 2088 ipse
3128 2016 3196 2073 sit
3241 2017 3347 2071 Do-

1771 2104 1952 2161 minus
2273 2113 2275 2120 ‘
2347 2123 2350 2128 '

1846 2209 1864 2247 α
1901 2195 2034 2252 Cum
2069 2191 2334 2254 tnduxero
2357 2209 2453 2254 vos
2473 2196 2545 2256 ad
2575 2197 2775 2256 terram
2813 2197 3000 2265 lsrael,
3030 2199 3088 2254 in
3113 2205 3339 2265 terram,

1773 2297 1805 2339 i'
1829 2297 1927 2357 pro
1962 2299 2067 2358 qua
2099 2289 2272 2347 levavi
2311 2300 2536 2350 manum
2569 2303 2769 2361 meam,
2795 2299 2855 2349 ut
2881 2296 3063 2351 darem
3101 2307 3219 2348 eam
3247 2301 3344 2364 pa-

1773 2381 1794 2429 i
1828 2379 2002 2434 tribus
2034 2383 2248 2445 vestris,-
2266 2391 2394 2439 tunc
2409 2386 2595 2440 scietis
2617 2385 2740 2455 quia
2762 2399 2864 2456 ego
2884 2400 3000 2439 sum
3021 2383 3300 2438 Dominus.
3316 2401 3335 2434 ι

1765 2467 1992 2538 Quando
2029 2471 2307 2542 indum-0,
2340 2478 2435 2542 ait,
2461 2489 2555 2533 vos
2588 2478 2868 2532 in'terra'm
2895 2473 3080 2542 israel,
3111 2490 3210 2547 pro
3234 2481 3341 2546 qua

1764 2561 1935 2617 lBVavi
1973 2571 2204 2619 manum‘
2231 2573 2428 2632 meam,
2459 2567 2528 2621 "ut
2571 2568 2884 2622 inducerem
2923 2569 2978 2622 in
3008 2569 3127 2623 eam
3156 2572 3341 2638 patres

1761 2663 1993 2726 vestros,
2021 2665 2180 2730 quam
2219 2661 2295 2716 illi
2315 2669 2430 2719 'suo
2458 2664 2590 2718 vitio
2615 2651 2982 2734 perdiderunt,
3017 2673 3073 2720 et
3097 2679 3192 2719 vos
3234 2676 3340 2718 non

1762 2755 1874 2807 tam
1926 2749 2103 2808 vcsiro
2131 2743 2526 2826 'meritoquam
2561 2769 2680 2811 mea
2707 2755 2992 2812 clementia
3034 2755 3336 2827 recepistis.

1806 2853 1808 2856 ·
1838 2861 1857 2896 ι
1892 2837 1960 2898 Et
1998 2837 2410 2900 recoida‘bimihi
2431 2847 2647 2901 aviarnm
2677 2855 2979 2903 vestrarum
3010 2853 3064 2903 et
3099 2841 3339 2902 omnium

1767 2953 1788 2987 ι
1822 2933 2086 2991 scelerum
2117 2943 2417 2993 vestrorum
2460 2938 2653 3008 quibus
2680 2937 2868 3008 polluti
2899 2933 3030 2992 estis
3061 2936 3114 2992 in
3152 2937 3254 3003 eis,
3285 2946 3340 2990 et

1759 3043 1785 3078 ·‹
1823 3019 2178 3096 dispiiccbitis
2201 3027 2352 3082 Vobis
2378 3028 2430 3082 in
2460 3037 2748 3098 conspectu
2773 3038 2978 3093 vestro,
3011 3017 3063 3082 in
3089 3027 3339 3082 omnibus

74 3099 572 3171 contendi,quando
587 3108 788 3177 egressi
805 3111 1276 3184 suntdeIEgypto.
1294 3115 1655 3189 Etpostquam
1677 3173 1728 3191 ___
1765 3135 1785 3169 ι
1820 3110 2043 3173 malitiis
2085 3118 2281 3175 Vestris
2319 3133 2456 3191 quas
2496 3118 2719 3174 fecistis.
2753 3111 2820 3174 Et;
2853 3120 3036 3174 scietis
3068 3117 3196 3191 quia
3239 3131 3337 3188 ego

73 3203 174 3244 vos
193 3192 526 3264 judicavero,
550 3197 826 3270 subjiciam
852 3217 944 3259 vos
967 3213 1178 3277 sceptro
1203 3209 1323 3264 meo
1351 3218 1404 3264 et
1429 3210 1657 3281 imperio
1683 3181 1729 3246 δ
1765 3233 1784 3267 ι
1821 3211 2099 3282 Dominus,
2132 3231 2252 3272 cum
2286 3203 2626 3272 'beuefecero
2658 3213 2819 3272 vobis
2863 3217 3082 3286 propter
3137 3225 3336 3268 nomen

73 3289 130 3334 et
153 3281 304 3337 inibo
327 3294 540 3353 pactum
560 3288 837 3348 vobiscum
857 3334 871 3360 ,
898 3302 952 3350 et
985 3296 1236 3354 inducam
1256 3313 1355 3356 vos
1375 3300 1429 3356 in
1455 3310 1656 3359 terram

74 3381 321 3426 vestram
363 3375 417 3430 in
457 3377 684 3435 vinculis
729 3383 1029 3453 charitatis,
1057 3395 1114 3442 ut
1157 3387 1306 3462 ligati
1330 3407 1512 3448 amore
1534 3383 1654 3451 meo

76 3467 423 3533 nequaquam
461 3482 489 3522 a
529 3485 617 3524 me
656 3474 876 3542 possitis
937 3477 1206 3535 recedere.
1268 3467 1655 3556 Transgressoi

79 3567 168 3608 res
211 3564 390 3610 autem
438 3567 492 3614 et
527 3561 742 3632 impios,
789 3566 882 3637 qui
933 3569 1114 3626 cordis
1153 3567 1355 3630 duritia
1400 3575 1457 3630 iu
1499 3578 1654 3632 malis

77 3645 336 3711 operibus
355 3661 726 3721 perseverant,
748 3655 944 3727 eligam
965 3660 1031 3715 de
1064 3659 1234 3726 vobis,
1266 3679 1373 3719 non
1412 3664 1478 3719 ad
1522 3681 1653 3738 pos-

77 3735 382 3827 sidendum,
408 3742 499 3796 sed
513 3743 577 3798 ad
603 3745 990 3815 abjicicndum:
1015 3759 1067 3808 et
1083 3753 1304 3809 educam
1321 3735 1542 3827 quidem
1561 3767 1654 3816 eos

78 3824 145 3879 de
173 3833 314 3881 terra
341 3829 604 3889 incolatus
625 3852 830 3905 eorum,
858 3849 918 3896 ut
945 3839 1124 3900 educti
1150 3861 1258 3903 non
1280 3824 1655 3920 ingrediantur

80 3928 286 3977 terram
331 3921 510 3994 lsrael,
549 3931 650 3999 sed.
678 3929 733 3986 in
768 3929 998 3992 diversis
1043 3951 1269 4009 pereant
1317 3943 1651 4018 regionibus,

77 4016 134 4065 et
176 4013 524 4073 distinctione
557 4018 824 4078 bonorum
861 4036 915 4082 et
945 4029 1226 4087 malorum
1277 4013 1651 4108 cognoscatis,

78 4105 212 4175 quia
241 4121 338 4176 ego
383 4127 502 4163 sum
550 4112 829 4183 Dominus,
868 4119 961 4188 qui
1005 4118 1149 4177 facio
1182 4133 1373 4180 cuncta
1424 4105 1650 4195 judicio.

72 4196 164 4251 Ad
209 4194 415 4273 reliqua
441 4199 661 4259 festinat
698 4209 890 4277 Oratio,
921 4211 1264 4288 breviterque
1279 4194 1659 4288 "percurrimus

71 4288 297 4380 singula
324 4329 339 4358 ,
375 4291 429 4348 ui
461 4307 678 4351 sensum
708 4307 912 4358 tantum
959 4291 1262 4378 legentibus
1289 4310 1649 4380 praebeamus.

158 4397 178 4430 ‹
227 4373 290 4449 Et
314 4397 428 4472 vos,
460 4381 862 4468 domuslsrael,
894 4373 1169 4452 haecvdicit
1191 4373 1452 4458 Dominus
1474 4403 1654 4472 Deus,

1765 3311 1802 3361 ι’
1821 3305 2023 3375 meum,
2042 3309 2162 3364 non
2192 3308 2486 3364 secundum
2509 3307 2624 3363 vias
2649 3311 2859 3363 vestras
2877 3305 3070 3372 malas,
3110 3317 3212 3360 nec
3244 3317 3330 3358 se-

1763 3417 1783 3450 c
1820 3398 2052 3452 cundum
2077 3397 2536 3469 scelera'pessimu
2552 3396 2744 3454 domus
2763 3393 2952 3461 ismel,‘
2973 3395 3048 3450 ait
3075 3393 3333 3450 Dominus

1761 3505 1782 3539 ‹
1815 3488 1979 3543 netis.
2013 3503 2040 3540 θ’
2065 3487 2184 3543 Non
2215 3493 2500 3557 possumus
2520 3486 2799 3543 recordari
2826 3484 3090 3542 scelerum
3118 3490 3331 3541 nostro-

1757 3593 1878 3634 rum
1913 3588 2073 3648 atque
2095 3579 2372 3645 vitiorum,
2393 3579 2501 3635 nisi
2525 3578 2735 3634 inducti
2760 3576 3020 3631 Movimus
3043 3575 3099 3632 in
3133 3582 3336 3630 terram

1755 3667 1942 3734 Isiaci,
1960 3667 2145 3737 ibique
2188 3668 2350 3738 positi
2380 3669 2624 3725 dicamus
2669 3675 2790 3723 cum
2817 3665 3120 3738 Apostolo:
3165 3682 3186 3718 ι
3229 3665 3336 3733 Qui

1755 3773 1868 3818 non
1899 3763 2019 3816 sum
2055 3759 2254 3832 dignus
2286 3760 2470 3818 *θωπί
2513 3760 2788 3831 apostolus
2803 3799 2820 3826 ,
2851 3759 2979 3830 quia
3017 3764 3337 3828 persecutus

1755 3867 1876 3910 sum
1909 3853 2203 3910 suam“
2237 3853 2337 3910 Dei
2363 3852 2420 3926 (τ
2443 3853 2565 3910 ατ.
2587 3854 2698 3924 κν).
2733 3873 2750 3904 .
2795 3871 2816 3904 ι
2863 3852 2932 3908 Et
2957 3849 3330 3923 displicemus,

1755 3942 1853 4010 ait,
1895 3944 2050 4000 vobis
2083 3945 2142 4002 in
2167 3951 2464 4014 conspectu
2491 3952 2697 4008 vestio,
2737 3943 2794 3998 in
2819 3943 3079 3998 erunibus
3116 3941 3338 3997 iitiis

1754 4032 1956 4089 vestris
1971 4037 2109 4102 quae
2128 4032 2362 4098 fecistis;
2382 4052 2407 4086 τ
2431 4032 2568 4098 sive,
2591 4031 3056 4102 ut‘luterpretatus
3068 4037 3153 4086 eat
3172 4030 3333 4102 Sym-

1756 4119 1983 4176 machus
1998 4121 2363 4190 rcEt'parv-Ili
2387 4120 2876 4178 nigritiem
2900 4119 3121 4190 propter
3145 4129 3334 4174 omnes

1755 4211 1994 4266 malitias
2021 4219 2233 4266 vestras
2250 4243 2266 4274 δ
2305 4225 2447 4280 quas
2473 4210 2874 4280 estisi'opemti,
2905 4221 2931 4262 ι
2953 4216 3024 4264 ‘ut
3043 4214 3334 4278 postqum

1757 4301 1955 4359 encelsi
1981 4303 2204 4370 fuerim,
2480 4311 2613 4358 esse
2639 4301 2966 4364 see-tedam;
2979 4300 3131 4372 quia
3145 4298 3332 4356 Domi-

1755 4411 1860 4454 nas
1881 4397 2296 4454 humiﬁius'dat
2319 4381 2571 4467 gratiam.
2602 4395 2672 4450 m-
2706 4393 2905 4450 inus
2922 4393 3044 4449 loco
3072 4393 3332 4462 scriptum

87 4487 107 4519 ι
153 4469 346 4540 singuli
399 4483 521 4543 post
568 4475 707 4533 idola
766 4493 944 4538 vestra
998 4487 1305 4561 ambulate,
1351 4501 1408 4548 et
1451 4469 1652 4551 servite
1675 4495 1839 4590 “est
1870 4503 1894 4542 :'
1923 4507 1943 4539 ι
1979 4488 2120 4543 Ante
2143 4485 2946 4543 contritiencmenltaturcor
2974 4483 3093 4547 viri,
3125 4491 3182 4539 et
3201 4490 3335 4539 ante

87 4579 104 4590 Δ
152 4563 231 4590 Αἵ..
292 4564 440 4590 ΠηΑᾹ
485 4567 525 4590 -2
570 4577 616 4590 ,ι
663 4573 708 4590 se
745 4574 758 4590 ι
800 4589 804 4590 ,
1111 4581 1146 4590 η
1216 4583 1227 4590 .
1259 4583 1270 4590 .
1861 4580 1895 4590 ι.
1942 4580 1973 4590 -.
2179 4578 2193 4590 ι
2219 4585 2240 4590 ..
2271 4585 2276 4590 .
2309 4577 2366 4590 ..Α
2402 4585 2444 4590 .-.
2537 4576 2626 4590 l-h-
2874 4574 2892 4590 ι
3013 4573 3046 4590 α
3139 4573 3206 4590 κικι
3225 4573 3322 4590 2-,”

86 4579 118 4646 ¢_
151 4563 250 4618 eis.
291 4564 441 4633 Quod
483 4567 526 4623 si
565 4577 619 4624 et
663 4573 717 4627 in
743 4574 848 4630 hoc
872 4592 981 4633 non
1024 4581 1303 4639 audieritis
1341 4599 1429 4640 me
1458 4595 1513 4642 et
1554 4603 1653 4646 no-

89 4670 107 4704 t
151 4670 276 4709 men
305 4673 482 4712 meum
512 4671 756 4718 sanctum
799 4666 1097 4736 pallueritis
1127 4673 1265 4728 ultra
1317 4676 1372 4730 in
1414 4671 1651 4736 muneri-'-

90 4761 110 4794 ι
151 4744 253 4800 bus
273 4755 326 4802 et
365 4745 419 4802 in
458 4749 613 4807 idolis
643 4756 865 4822 vestris,
896 4758 950 4813 in
979 4771 1165 4817 monte
1187 4775 1374 4821 sancto
1402 4783 1543 4834 meo,
1594 4771 1650 4832 in

85 4852 103 4883 ‹
149 4843 332 4892 monte
359 4839 571 4897 excelso
594 4841 795 4912 Israel,
820 4847 898 4902 ait
935 4849 1194 4908 Dominus
1219 4841 1364 4911 Deus
1381 4896 1397 4923 ,
1429 4855 1503 4914 ibi
1533 4874 1650 4916 ser—

87 4939 104 4972 ‹
153 4925 261 4981 viet
301 4928 434 4984 mihi
473 4933 650 4987 omnis
674 4935 866 4994 domus
893 4937 1079 5007 Israel,
1103 4945 1300 5011 omnis,
1326 4945 1567 5017 inquam,
1592 4951 1648 5006 in

69 5032 104 5096 ,ι
151 5024 293 5112 terra
319 5021 372 5075 in
393 5037 496 5092 qua
533 5025 822 5094 placebunt
849 5031 1003 5101 mihi,
1029 5042 1090 5095 et
1128 5036 1204 5092 ibi
1230 5041 1504 5109 requiram
1539 5041 1653 5112 pri-'-

90 5123 108 5155 ‹
154 5111 331 5166 mitias
357 5122 571 5171 vestras
616 5127 671 5172 et
709 5120 922 5178 initium
965 5124 1293 5183 decimarum
1341 5111 1648 5188 vestrarum

89 5215 109 5249 ‹
153 5201 205 5254 ἰη
225 5204 482 5261 omnibus
496 5207 1012 5272 sanctiﬁcationibus
1023 5219 1218 5276 vestris
1234 5236 1249 5286 ;
1270 5219 1324 5276 in
1340 5221 1504 5278 odore
1523 5239 1652 5280 sua-

93 5303 115 5338 ‹
150 5289 328 5350 vitatis
343 5296 632 5366 suseipiam
652 5315 748 5356 vos
773 5317 897 5358 cum
918 5301 1154 5362 eduxere
1168 5315 1264 5364 vos
1275 5310 1338 5365 de
1355 5312 1565 5382 ponatis
1586 5305 1643 5370 et

97 5397 116 5432 ‹
152 5396 541 5458 congregavero
563 5405 657 5447 vos
681 5392 749 5448 de
782 5397 946 5453 terris
968 5399 1024 5452 in
1052 5415 1186 5469 quas
1207 5402 1438 5473 'disperdi
1477 5408 1607 5462 estis
1626 5449 1641 5473 ,

99 5490 118 5523 ε
157 5482 210 5530 et
243 5477 619 5536 sanetiﬂcabor
662 5483 718 5539 in
747 5485 900 5541 vehis
949 5487 1004 5542 in
1044 5489 1215 5545 oculis
1252 5494 1554 5561 nationum,
1593 5501 1648 5552 et

101 5582 117 5613 ι
158 5568 334 5624 scietis
357 5570 484 5640 quia
511 5586 609 5642 ego
631 5575 906 5633 Dominus.
937 5597 956 5630 ι
989 5578 1066 5635 De
1111 5581 1214 5636 hoc
1240 5591 1424 5639 monte
1462 5585 1515 5640 in
1539 5601 1646 5656 quo

97 5660 349 5714 servitura
377 5669 460 5717 est
487 5663 596 5718 Deo
633 5669 810 5724 omnis
836 5669 1026 5726 domus
1051 5671 1234 5737 lsrael,
1267 5675 1434 5730 lsaias
1464 5687 1518 5733 et
1545 5675 1646 5734 Mi;

99 5751 267 5809 clueas
292 5757 412 5829 pari
439 5773 570 5816 voce
592 5762 904 5820 cecinerunt
932 5782 944 5820 :
978 5773 1000 5819 ·‹
1028 5765 1086 5824 lu
1121 5767 1430 5826 novissimis
1445 5772 1640 5831 diebus

1758 4580 2138 4638 exultationem
2179 4577 2512 4634 “uitiatur
2529 4576 2722 4649 ('Pm‘.
2753 4587 2864 4629 xm
2874 4574 2915 4646 ).
2947 4593 2967 4627 ι
3013 4573 3332 4643 Supeer

1757 4673 1904 4730 enim
1922 4669 2197 4736 contritio,
2223 4677 2282 4726 e‘t
2298 4667 2918 4737 humilitame
2939 4665 3185 4720 altitudo.
3215 4682 3236 4718 ι
3261 4665 3335 4722 Et

1759 4765 1942 4822 scietis
1967 4765 2095 4834 quia
2127 4761 2531 4834 egolioniihua,
2573 4771 2706 4815 eum
2735 4755 3059 4813 benefacere
3099 4755 3274 4812 vobis.
3302 4773 3324 4808 ο

1758 4857 1830 4912 Β·
1871 4855 2156 4912 Dominum
2205 4853 2542 4909 Salvatorem
2761 4850 2942 4921 magis
2983 4847 3333 4920 cognovimus

1759 4947 1979 5018 quando
2017 4941 2290 5001 benefeeit'
2329 4942 2504 5009 nobis,
2534 4945 2812 5015 θινώδης
2853 4949 2940 4998 est
2967 4949 3066 5012 pro
3091 4938 3334 5010 peccatis

1756 5038 1981 5103 nostris,
2017 5037 2338 5107 «portavit
2363 5036 2672 5107 iniquitates
2710 5041 2926 5090 nostris
2959 5043 3016 5088 et
3043 5047 3144 5103 pro
3171 5030 3332 5086 nobis

1758 5129 1944 5195 doluit,
1973 5139 2081 5183 non
2108 5135 2210 5197 prb
2235 5125 2417 5196 aliquo
2445 5125 2644 5181 merito
2691 5139 2878 5180 eorum
2909 5121 2999 5191 qui
3029 5119 3325 5188 salvantur,

1756 5225 1849 5280 sed
1878 5231 2099 5296 propter
2131 5227 2346 5278 nomen
2369 5235 2546 5277 suum.
2575 5213 2826 5290 Alioquin
2857 5219 2980 5274 vitae
3021 5227 3234 5284 nostra,
3273 5225 3331 5275 et

1755 5313 1958 5371 scelera
1980 5323 2166 5368 nom
2191 5313 2447 5383 pessima,
2480 5319 2584 5366 non
2608 5307 3034 5366 misericordiam
3051 5317 3326 5374 meruere,

1755 5407 1850 5465 sed
1897 5419 2136 5479 pcenam.
2185 5405 2464 5475 Quidquid
2509 5409 2687 5460 autem
2738 5405 2806 5460 de
2853 5405 3048 5474 populo
3095 5401 3327 5488 uix-imus

1752 5499 1936 5564 Israel,
1968 5501 2059 5568 qui
2090 5497 2356 5553 liberatus
2386 5497 2452 5552 de
2478 5497 2708 5568 iﬁg‘ypw
2748 5494 2803 5550 lli
2831 5493 3120 5552 solitudine
3157 5489 3327 5555 mum

1754 5589 2044 5652 commisit,
2069 5595 2124 5642 et
2151 5587 2374 5642 otibudit
2393 5589 2587 5653 Deum,
2623 5595 2678 5642 et
2705 5593 2891 5657 postea
2915 5587 2974 5641 in
3009 5595 3208 5641 terram
3235 5593 3325 5638 re-

1751 5679 2125 5751 promissionis
2163 5679 2447 5743 inductus,
2487 5681 2774 5734 veneratus
2803 5673 2944 5732 idola
2987 5675 3240 5747 lignaque
3271 5671 3329 5728 et

1751 5772 1964 5845 lapides
1988 5769 2178 5840 coluit,
2212 5767 2629 5842 ’ct“pmtca‘Dei
2661 5767 2945 5830 ciententia
2973 5765 3329 5829 omiserim:
