3916 6356
492 307 591 387 πει
624 382 632 389 .

1136 299 1198 355 B.
1238 297 1489 354 RABANI
1526 287 1743 351 MAURI
1778 291 2092 349 ABGHIEP.
2133 282 2443 349 MOGUNT.
2481 282 2765 345 OPERUI
2798 283 2981 339 PARS
3015 282 3079 338 ll.

3650 280 3749 335 731

493 420 646 489 Unde
675 434 708 473 ο
736 414 995 490 propheta
1025 413 1196 470 clama
1240 420 1295 467 et
1323 411 1464 467 ulula
1487 404 1589 476 ,“et
1630 406 1772 463 maia
1804 408 2060 463 instantia
2088 408 2149 470 Α.
2166 413 2257 460 tur
2280 404 2421 478 illud
2450 403 2591 473 quod
2620 401 2882 471 scriptum
2913 406 3028 455 est:
3049 396 3380 467 Quidpaleis
3408 394 3479 452 ad
3510 395 3755 451 Bumen-

490 512 637 567 vo'cis
662 507 1047 564 lamentatione
1065 513 1284 560 testare.
1304 503 1405 559 llic
1428 502 1635 573 gladius
1650 499 1781 555 nulli
1800 498 2057 570 pepercit,

490 617 593 660 nec
625 602 856 672 aliquem
883 596 1277 654 imminentium
1316 593 1582 649 malorum
1617 590 1833 660 reliquit
1862 602 2059 658 eriper-

490 700 632 757 tem;
664 689 840 744 factus
882 686 1049 743 estin
1073 683 1287 757 populo,
1320 680 1493 738 factus
1528 682 1587 736 in
1615 679 1840 735 ducibus
1876 675 2060 741 Israel,

490 782 666 836 factus
688 778 743 834 in
774 775 1076 846 hOSpitibus
1103 774 1239 829 meis
1263 786 1329 827 ac
1361 768 1748 832 sacerdotibus,
1786 767 1877 838 qui
1904 765 2062 820 habi-

491 875 674 930 tabant
706 872 761 926 in
785 867 982 940 templo
1009 881 1148 922 meo.
1189 865 1395 921 Idcirco
1427 882 1445 915 ι
1467 862 1695 917 Percute
1734 860 1911 915 femur
1952 858 2067 913 sive

489 972 728 1028 manum,
772 968 827 1015 et
860 958 1100 1014 habitum
1129 953 1432 1025 plangentis
1464 966 1696 1007 assume.
1737 970 1755 1002 δ
1788 948 1889 1003 llic
1921 942 2065 1002 enim

488 1054 698 1124 gladius
716 1049 970 1121 probatus
990 1055 1072 1102 est
1086 1045 1238 1100 mihi.
1255 1044 1324 1098 Et
1340 1043 1442 1098 hoc
1461 1056 1583 1097 cum
1601 1049 1869 1111 sceptrum
1886 1050 2063 1092 meum

486 1158 820 1223 regnumque
850 1140 1195 1204 subverterit,
1234 1136 1377 1206 quod
1416 1136 1557 1190 ultra
1601 1150 1705 1189 non
1747 1134 1871 1197 erit,
1911 1140 1966 1186 et
2012 1132 2064 1184 in

488 1238 713 1294 Sedecia
745 1249 869 1306 rege
897 1232 1128 1287 finietur.
1161 1230 1361 1284 Iterum
1400 1227 1518 1294 tibi,
1547 1227 1836 1296 Propheta,
1876 1225 2061 1294 jubco,

490 1330 660 1400 utqui
706 1328 883 1383 femur
917 1336 1280 1397 percusseras,
1311 1336 1409 1391 pro
1439 1328 1656 1388 stupore
1705 1325 1757 1371 et
1804 1315 2063 1370 miraculo

486 1419 764 1492 percutias
804 1423 861 1473 et
900 1428 1111 1479 manus,
1151 1422 1212 1469 ut
1251 1426 1358 1468 non
1408 1410 1581 1465 solum
1621 1405 1808 1472 semel,
1844 1406 1939 1460 sed
1981 1420 2065 1461 se-

489 1510 664 1568 cundo
711 1523 776 1563 ac
815 1506 974 1561 tertio
1010 1503 1216 1573 gladius
1259 1499 1440 1556 veniat
1479 1500 1547 1555 ad
1592 1497 2018 1553 interﬁciendum
2045 1537 2061 1563 ,

486 1599 661 1672 primo
706 1597 849 1653 enim
885 1600 1110 1651 venerat
1148 1591 1657 1656 Nabuchodonosor,
1705 1588 1918 1660 quando
1946 1587 2065 1643 tulit

486 1688 749 1746 Joachim.
801 1687 869 1742 Et
915 1685 1151 1742 secundo
1208 1683 1424 1753 quando
1497 1681 1756 1752 regnabat
1796 1679 2057 1734 Joaehim.

2163 506 2278 554 tum
2294 499 2320 551 ?
2346 497 2479 553 dicit
2504 495 2785 549 Dominus.

2240 606 2259 651 ι
2301 597 2367 653 Et
2403 596 2578 653 factus
2601 604 2684 650 est
2720 608 2901 650 sermo
2938 591 3153 649 Domini
3184 590 3377 664 adure
3414 588 3622 643 dissatis
3648 606 3665 641 :
3698 585 3761 642 Et

2171 706 2190 741 ι
2225 696 2300 753 ιιι,
2334 688 2403 742 fili
2439 686 2697 751 hominis,
2733 698 2872 754 pone
2900 684 2997 739 tibi
3033 683 3168 738 duas
3187 682 3313 736 vias
3335 688 3400 733 ut
3426 678 3630 733 veniat
3652 676 3763 748 gia-

2172 798 2192 830 ι
2224 778 2343 833 dius
2392 777 2533 847 regis
2577 775 2881 846 Babylonis.
2930 772 3008 828 De
3058 781 3203 828 terra
3248 784 3359 825 una
3407 767 3763 839 egredi-ur

2171 889 2192 924 ι
2224 869 2382 925 ambo
2411 887 2425 923 :
2452 879 2507 923 et
2537 882 2698 921 manu
2723 864 2899 935 capiet
2922 864 3285 933 conjecturam
3314 879 3327 913 :
3356 861 3421 915 in
3450 859 3643 929 meite
3668 856 3761 911 vi:

2172 981 2191 1014 ι
2224 960 2457 1017 civitatis
2488 958 2764 1028 conjiciet,
2791 957 2936 1010 viam
2959 970 3128 1027 pones
3153 962 3214 1008 ut
3238 954 3430 1008 veniat
3458 950 3683 1022 Mus
3700 949 3762 1003 ad

2172 1070 2189 1103 ι
2226 1050 2473 1105 ilahbath
2520 1048 2755 1103 ﬁliorum
2786 1047 3016 1102 Ammon
3044 1053 3099 1099 et
3125 1043 3191 1098 ad
3215 1043 3418 1098 Iudam
3448 1042 3509 1095 in
3546 1038 3763 1095 lerna-

2172 1160 2191 1193 «
2225 1141 2330 1197 lem
2362 1139 2800 1194 munitissimam.
2843 1135 3007 1191 Stetit
3054 1136 3199 1190 enim
3234 1148 3330 1187 rex
3379 1130 3689 1201 Babylo-is
3715 1129 3761 1183 in

2171 1254 2190 1288 ι
2226 1236 2389 1300 bivio,
2407 1234 2460 1287 in
2492 1233 2667 1302 capite
2692 1231 2919 1285 duarum
2945 1228 3157 1282 viarum
3188 1224 3603 1279 divinationem
3622 1236 3761 1289 ςα-

2170 1346 2188 1380 ‹
2224 1324 2742 1392 rens,commiscens
2772 1320 3023 1390 sagittas;
3054 1316 3419 1387 interregavit
3447 1312 3760 1377 tmen:

2169 1439 2187 1472 ι
2221 1417 2506 1476 consuluit.
2557 1415 2639 1471 Ad
2686 1415 2963 1471 dexteram
3010 1410 3127 1482 ejus
3172 1409 3314 1465 facta
3361 1415 3457 1463 est
3506 1405 3763 1461 divinis

2167 1531 2191 1566 ί
2224 1525 2385 1583 super
2421 1509 2755 1573 Jerusalem,
2788 1517 2848 1562 ut
2888 1485 3317 1579 ponat‘arietes,
3358 1507 3428 1555 ut
3469 1498 3761 1570 aperias

2167 1621 2187 1656 ι
2221 1604 2276 1659 in
2324 1602 2491 1670 caede,
2539 1608 2600 1655 ut
2646 1599 2819 1655 elevet
2868 1610 3055 1652 vocem
3106 1594 3162 1649 in
3202 1591 3446 1656 ululatu,
3492 1596 3564 1643 ut
3612 1594 3758 1658 pa

2173 1713 2192 1746 ι
2225 1696 2424 1750 arietes
2466 1702 2653 1748 contra
2697 1700 2904 1762 portas,
2948 1696 3008 1743 ut
3049 1693 3353 1757 comportet
3397 1686 3760 1755 agger-eith

489 1782 672 1839 Tertio
718 1779 931 1849 quando
966 1776 1239 1832 Sedecias.
1292 1774 1359 1828 Et
1393 1772 1482 1827 hic
1522 1780 1605 1827 est
1645 1770 1851 1844 gladius
1895 1769 2057 1841 tripli-

2173 1804 2192 1837 ι
2227 1786 2453 1841 ωόίίίοθῑ
2474 1759 2819 1839 munitiones.
2856 1781 3079 1852 Eritque
3112 1779 3266 1851 quasi
3311 1776 3632 1832 consulens
3664 1774 3757 1828 τηρ

484 1881 660 1941 catus,
696 1869 911 1941 quando
948 1867 1089 1922 facta
1123 1874 1206 1921 est
1228 1879 1422 1936 magna
1450 1863 1671 1929 occisia,
1698 1870 1753 1915 et
1796 1862 2060 1916 intantum

484 1948 857 2034 multiplicavit
878 1960 1079 2023 ruinas,
1098 1959 1609 2028 utobstupescerent
1631 1955 1811 2009 animo
1826 1963 1880 2009 et
1899 1954 2061 2009 corde

484 2056 842 2119 tabescerent,
868 2061 922 2107 et
960 2050 1016 2105 in
1044 2049 1292 2104 omnibus
1329 2048 1501 2119 portis
1529 2061 1713 2101 eorum
1743 2045 1899 2100 daret
1927 2060 2060 2099 con-

484 2143 888 2208 turbationem;
939 2140 1251 2212 praccipitur
1296 2153 1426 2209 ergo
1474 2136 1571 2203 illi,
1601 2137 1704 2192 hoc
1751 2143 1852 2202 est,
1884 2135 2060 2206 gladio

480 2240 641 2307 acuto
658 2242 713 2291 et
736 2234 921 2290 limato
941 2233 1008 2287 ad
1029 2231 1357 2304 fulgendum,
1397 2230 1701 2299 amictoque
1729 2236 1784 2283 et
1810 2229 2061 2299 expedito

479 2333 538 2383 et
564 2333 753 2398 parato
775 2325 844 2380 ad
869 2325 1091 2389 eaedem,
1128 2331 1190 2377 ut
1220 2320 1380 2376 vadat
1418 2320 1532 2375 sive
1563 2320 1632 2374 ad
1662 2319 1946 2374 dexteram
1968 2332 2063 2374 vo-

479 2420 663 2485 luerit,
695 2419 809 2474 sive
834 2417 903 2472 ad
928 2416 1205 2471 sinistram
1229 2431 1243 2467 :
1267 2424 1629 2483 quocumque,
1650 2410 1744 2477 ait,
1766 2409 1923 2465 faciei
1958 2418 2062 2466 tua:

477 2512 763 2584 placuerit,
786 2509 1043 2565 audacter
1064 2508 1371 2578 ingredere,
1394 2518 1481 2558 me
1504 2503 1706 2558 habens
1731 2502 1941 2569 ducem,
1974 2516 2061 2557 me

482 2602 825 2674 adjutorem:
859 2617 878 2651 ι
909 2600 1021 2669 Ego
1054 2597 1304 2669 plaudam
1354 2609 1515 2649 manu
1547 2594 1613 2649 ad
1652 2608 1890 2659 manum,
1940 2612 1959 2645 ι
2000 2599 2063 2673 ut

480 2692 791 2751 saevientem
821 2698 876 2747 te
903 2699 1092 2747 contra
1119 2686 1457 2744 adversarios
1483 2702 1649 2752 meos,
1683 2685 1839 2758 quasi
1880 2668 2060 2740 fautor

478 2793 604 2841 tuus
631 2794 686 2839 et
707 2784 1021 2840 exhortator
1048 2781 1315 2852 instigem.
1332 2778 1410 2833 Ne
1438 2777 1669 2845 dubites,
1687 2792 1755 2833 ne
1780 2776 2055 2843 formides,

478 2885 537 2933 et
580 2876 693 2949 pati
738 2876 931 2931 timeas
970 2874 1110 2944 quod
1152 2886 1344 2944 passus
1393 2879 1476 2927 est
1517 2868 1902 2926 Sennacherib.
1947 2870 2059 2941 Ego

480 2967 740 3025 Dominus
780 2983 898 3023 sum
937 2966 1166 3031 locutus,
1207 2979 1339 3019 mea:
1384 2964 1631 3018 minister
1658 2978 1716 3017 es
1740 2961 2055 3033 voluntatis,

477 3072 651 3133 meam
679 3056 887 3128 comple
908 3055 1251 3119 sententiam,
1278 3067 1568 3123 possumus
1587 3050 1745 3122 juxta
1768 3052 2055 3126 ’Δναγωογήν

476 3150 712 3223 gladium
760 3157 976 3206 acutum
1038 3156 1396 3219 paratumque
1462 3148 1531 3204 ad
1600 3145 1798 3203 caedem
1823 3187 1838 3213 ,
1915 3145 2056 3201 acci-
2081 3145 2128 3173 ’λ

475 3254 625 3312 pere'
652 3239 961 3304 diabolum,
1017 3238 1084 3293 de
1143 3252 1249 3308 quo
1310 3239 1386 3292 ait
1434 3236 1719 3309 Apostolus
1771 3251 1786 3291 :
1852 3255 1871 3289 ι
1924 3235 2056 3292 Tra-

479 3331 608 3387 dere
649 3328 1017 3402 hujuscemodi
1067 3327 1285 3384 Satanae
1333 3330 1387 3383 in
1446 3330 1723 3385 interitum
1755 3327 1956 3394 carnis,
1998 3337 2058 3383 ut

477 3422 703 3495 spiritus
730 3421 934 3501 salvus
972 3420 1065 3476 ﬁat
1103 3419 1166 3493 (Ι
1193 3419 1316 3475 Cor.
1360 3420 1455 3494 v).
1507 3440 1524 3473 ι
1565 3421 1632 3476 Et
1670 3422 1725 3476 in
1756 3421 1861 3476 alio
1892 3421 2052 3475 loco:

482 3535 507 3573 ι
542 3514 863 3589 Hymenaeus
883 3520 940 3572 et
978 3514 1303 3582 Alexander,
1338 3529 1473 3587 quos
1513 3515 1709 3571 tradidi
1752 3510 1967 3570 Satanae
2000 3524 2060 3569 ut

477 3609 688 3667 discant
714 3626 823 3666 non
846 3608 1218 3681 blasphemare
1241 3609 1292 3683 (1
1318 3608 1452 3664 Tim.
1476 3609 1537 3677 ι).
1574 3630 1591 3664 ι
1625 3610 1691 3666 Ει
1741 3611 1795 3665 in
1838 3610 2058 3681 psalmis

474 3702 736 3774 scriptum
761 3709 875 3756 est:
899 3721 918 3753 ι
942 3702 1083 3757 Misit
1108 3701 1436 3769 furorem,et
1463 3702 1621 3768 iram,
1650 3710 1705 3757 et
1735 3703 2054 3773 angustiam,

476 3791 864 3869 immissionem
893 3810 990 3867 per
1024 3792 1242 3867 angelos
1275 3793 1538 3864 pessimos
1570 3790 1741 3862 (Psat.
1768 3791 1995 3864 Lxxvn).
2029 3810 2049 3844 ι

476 3880 632 3941 Hunc
657 3882 875 3961 quidam
902 3890 1090 3963 putant
1128 3880 1362 3954 gladium
1388 3890 1445 3936 et
1482 3882 1536 3935 iu
1566 3896 1729 3937 manu
1754 3877 1924 3935 fuisse
1955 3895 2054 3937 an-

476 3972 581 4047 geli
609 4015 623 4041 ,
663 3976 876 4046 quando
940 3975 1037 4030 sub
1079 3963 1248 4029 David
1293 3972 1695 4046 percutiebatur
1737 3971 2052 4029 Jerusalem.

470 4064 580 4123 Alii
622 4074 800 4125 autem
828 4074 884 4124 et
907 4067 974 4123 de
1000 4066 1091 4143 illo
1120 4067 1222 4123 dici
1260 4065 1438 4143 gladio
1467 4068 1826 4140 suspicantur,
1860 4066 1925 4122 de
1949 4080 2055 4137 quo

477 4156 532 4213 in
561 4156 850 4232 Evangelio
889 4160 1148 4231 scriptum
1174 4166 1259 4217 est
1292 4181 1306 4214 :
1345 4180 1363 4213 ι
1406 4160 1523 4216 Non
1556 4161 1676 4215 veni
1710 4174 1899 4230 pacem
1934 4160 2057 4216 mit-

474 4254 591 4303 tere
612 4240 781 4319 Super
807 4257 1040 4318 terram,
1073 4252 1167 4307 sed
1192 4251 1429 4322 gladium
1462 4249 1676 4323 (Matth.
1708 4251 1764 4323 x)
1784 4290 1800 4318 ,
1838 4268 1857 4303 ι
1898 4259 1954 4307 et
1977 4251 2055 4308 di-

475 4338 662 4405 videre
689 4339 828 4395 inter
854 4356 914 4396 se
940 4356 1154 4397 omnem
1181 4344 1662 4414 consanguinitatis
1689 4343 1968 4411 affectum,
1996 4352 2056 4401 ut

476 4426 603 4484 mali
630 4437 886 4489 corruant
921 4438 978 4487 et
1015 4433 1187 4489 sancti
1219 4438 1521 4505 resurgant.
1553 4433 1659 4490 Sed
1695 4436 1798 4490 hoc
1830 4436 2053 4505 impium
2074 4462 2132 4523 D

476 4526 560 4579 est
605 4520 937 4598 crederede
983 4522 1158 4595 gladio
1202 4518 1500 4583 Salvatoris
1539 4534 1593 4582 et
1633 4534 1738 4582 non
1766 4528 1944 4598 potius
1985 4529 2052 4584 de

477 4612 709 4687 diabolo,
740 4616 833 4689 qui
873 4615 1087 4675 Domini
1128 4618 1182 4673 in
1231 4617 1457 4675 ecclesia
1505 4629 1719 4691 sceptra
1765 4620 2049 4690 subvertit,

477 4704 568 4781 qui
598 4704 871 4763 interfecit
896 4716 1119 4764 cunctos
1146 4709 1201 4765 in
1223 4709 1442 4782 populo,
1470 4719 1524 4766 et
1550 4711 1712 4767 duces
1736 4718 1791 4767 et
1813 4710 2052 4780 hospites

473 4801 591 4859 Dei.
633 4802 699 4859 Et
737 4812 867 4861 tunc
894 4822 926 4860 a
951 4805 1179 4862 Domino
1202 4809 1583 4881 comprobatur
1606 4810 1818 4881 quando
1858 4808 2048 4865 Judam

472 4902 804 4974 proditorem
828 4912 884 4959 et
909 4904 1112 4965 similes
1139 4906 1253 4977 ejus
1275 4910 1619 4977 subverterit,
1647 4913 1739 4983 qui
1767 4921 2051 4984 postquam

475 5002 712 5059 comedit
735 5002 1051 5068 buccellam,
1074 5024 1094 5058 ι
1115 5005 1337 5063 intravit
1354 5009 1412 5063 in
1439 5009 1588 5066 illum
1610 5009 1840 5069 Satanas
1867 5011 2048 5085 (Joan.

476 5101 679 5171 xm)”
720 5100 1141 5175 Duplieaturque
1185 5112 1242 5161 et
1283 5106 1587 5175 triplicatur
1626 5107 1842 5177 gladius
1887 5109 2053 5167 inter-

474 5196 751 5255 factorum
790 5208 854 5256 ut
900 5200 1140 5261 solvatur
1202 5213 1482 5274 peccatum
1543 5205 1869 5273 Jerusalem,
1924 5209 2051 5278 quia

476 5294 723 5366 suscepit
742 5298 810 5355 de
832 5313 995 5355 manu
1023 5300 1234 5357 Domini
1258 5302 1491 5373 duplicia
1515 5313 1737 5373 peccata
1765 5321 1882 5361 sua.
1906 5304 2050 5362 Gau-

480 5397 573 5453 det
602 5406 779 5455 autem
800 5401 1060 5458 Dominus
1086 5411 1143 5459 et
1166 5403 1400 5460 exsultat
1420 5412 1474 5459 et
1502 5406 1745 5463 hortator
1768 5415 1852 5464 est
1885 5406 2050 5478 gladii

2172 1895 2190 1929 ι
2224 1886 2335 1932 stra
2357 1876 2633 1930 oraculum
2660 1874 2714 1929 in
2736 1872 2906 1929 oculis
2927 1887 3111 1928 eorum
3133 1878 3188 1925 et
3207 1867 3584 1924 sabbatorum
3604 1866 3754 1919 otium

2170 1988 2189 2021 ι
2226 1970 2442 2025 imitans
2486 1987 2498 2021 :
2544 1968 2658 2036 ipse
2704 1975 2884 2020 autem
2920 1961 3290 2019 recordabitur
3335 1958 3660 2029 iniquitatis
3696 1954 3753 2009 ad

2168 2076 2188 2112 ι
2224 2056 2563 2127 capiendum.
2609 2053 2814 2110 Idcirco
2844 2054 2960 2109 haec
2989 2052 3119 2108 dicit
3154 2049 3431 2105 Dominus
3468 2047 3638 2113 Deus,
3660 2058 3745 2116 pro

2168 2168 2187 2202 ι
2221 2164 2286 2204 eo
2315 2147 2458 2219 quod
2505 2147 2560 2201 in
2606 2146 2925 2201 memoriam
2969 2142 3265 2199 revocastis
3310 2140 3748 2211 iniquitates“-

2167 2257 2187 2292 ι
2221 2246 2380 2301 stras,
2409 2245 2464 2293 et
2491 2235 2772 2291 revelastis
2797 2233 3274 2307 praavaricationes
3299 2240 3555 2295 vestras,
3582 2241 3639 2285 et
3671 2243 3751 2299 np-

2167 2351 2186 2385 ι
2219 2338 2514 2403 paruerunt
2540 2336 2760 2402 peccata
2790 2336 2971 2385 vestra
3015 2329 3069 2384 in
3107 2329 3363 2384 omnibus
3418 2326 3743 2399 cogitationi-

2167 2440 2187 2475 ‹
2222 2412 2323 2477 bus
2342 2422 2537 2478 vestris
2552 2437 2566 2488 ;
2581 2438 2680 2493 pro
2700 2437 2787 2489 eo,
2806 2421 3049 2491 inquam,
3064 2418 3207 2492 quod
3233 2420 3289 2474 in
3315 2421 3654 2476 memoriam
3675 2432 3745 2473 re-

2167 2531 2187 2566 ι
2221 2515 2474 2581 vocastis,
2511 2528 2672 2568 manu
2708 2513 3012 2585 capiemini.
3051 2531 3071 2565 ι
3107 2511 3385 2584 (Hier-on.)
3436 2511 3573 2567 Scio
3602 2527 3681 2566 me
3703 2512 3746 2565 ἣ

2160 2603 2266 2659 hoc
2303 2603 2423 2659 loco
2456 2603 2610 2673 juxta
2634 2602 2780 2659 LXX
2810 2604 3128 2674 interpretes
3167 2601 3543 2673 multiplicem
3572 2596 3747 2672 legis!

2161 2696 2548 2766 expositionem
2576 2694 2820 2752 Rahbath
2845 2686 3077 2750 filiorum
3105 2692 3341 2748 Ammon
3370 2692 3672 2749 referentis
3691 2690 3747 2748 tl

2160 2788 2398 2858 gentium
2423 2786 2698 2858 populum,
2725 2784 2919 2843 Judam
2947 2800 3078 2841 vero
3117 2791 3172 2840 et
3220 2783 3549 2839 Jerusalem
3583 2784 3747 2837 ades

2161 2880 2253 2950 qui
2291 2880 2392 2935 sub
2419 2878 2620 2934 Christi
2649 2878 2868 2933 nomine
2893 2883 3311 2948 congregantur,
3352 2882 3417 2928 et
3449 2874 3613 2929 [πῶς
3637 2873 3743 2928 δα

2160 2971 2393 3026 nominis
2428 2971 2762 3043 dignitatem,
2797 2984 3084 3041 regemque
3114 2966 3463 3024 confusionis
3493 2965 3742 3023 diabolus

2160 3075 2307 3120 stare
2339 3065 2390 3118 in
2420 3065 2567 3120 omni
2591 3064 2800 3118 viarum
2835 3063 3013 3133 capite
3049 3068 3106 3116 et
3144 3060 3397 3116 insidiari
3440 3061 3497 3115 in
3526 3059 3742 3118 oculis.

2156 3156 2477 3229 implerique
2512 3156 2663 3212 illum
2685 3155 3012 3212 versiculum
3039 3173 3052 3209 :
3085 3173 3105 3206 ι
3134 3150 3298 3209 Juxta
3325 3154 3579 3208 semitm
3601 3166 3746 3207 scu-

2156 3246 2339 3303 dalum
2366 3254 2665 3317 posuerunt
2686 3246 2817 3301 mihi
2842 3243 3014 3319 (Psal.
3035 3244 3279 3316 cxxxrx).
3312 3261 3337 3299 ι
3364 3244 3431 3298 Et
3454 3252 3591 3298 stare
3614 3256 3739 3296 eum

2157 3339 2212 3394 in
2241 3339 2408 3406 bivio,
2438 3339 2520 3394 vel
2548 3354 2660 3407 eos,
2690 3339 2782 3409 qui
2812 3336 2896 3395 sui
2926 3344 3053 3394 sunt
3080 3345 3268 3393 tenere
3306 3337 3634 3406 cupientem,
3655 3326 3745 3407 vel

2158 3446 2361 3488 novum
2391 3431 2493 3486 sibi
2519 3431 2802 3502 acquirere
2838 3430 3153 3493 servitium,
3194 3435 3248 3484 et
3286 3442 3510 3497 semper
3535 3424 3607 3480 ad
3632 3424 3743 3480 dex-

2157 3531 2331 3578 teram
2369 3536 2615 3594 pergere,
2645 3522 2709 3578 ad
2740 3536 2834 3577 eos
2871 3519 3078 3577 scilicet
3103 3518 3195 3589 qui
3231 3519 3290 3573 in
3338 3506 3573 3573 dextera
3606 3520 3744 3586 parte

2157 3628 2283 3673 sunt
2317 3618 2496 3689 positi,
2531 3624 2591 3673 ut
2613 3623 2881 3689 expugnet
2905 3630 3020 3682 eos,
3048 3616 3108 3669 ut
3133 3612 3371 3670 exsultet
3411 3613 3471 3667 in
3504 3611 3664 3674 etde,
3688 3616 3743 3663 ut

2157 3709 2417 3764 arietibus
2447 3716 2501 3763 et
2544 3707 2894 3779 eongestione
2921 3720 3143 3776 operum
3184 3710 3542 3758 terrenarum
3584 3699 3743 3772 capiat

2157 3800 2411 3855 miseram
2458 3798 2781 3855 Jerusalem.
2828 3796 2898 3853 Et
2939 3796 3116 3868 primo
3144 3794 3364 3865 quidem
3400 3800 3471 3848 ut
3510 3792 3743 3848 videatur

2156 3891 2207 3948 ei
2245 3890 2379 3946 nihil
2404 3904 2565 3962 agere
2591 3897 2647 3944 et
2674 3888 2873 3944 frustra
2899 3885 3103 3942 conari.
3139 3883 3240 3940 Illo
3261 3898 3403 3939 vero
3434 3885 3745 3940 recordanti!

2156 3979 2469 4051 iniquitates
2503 3992 2711 4044 eorum,
2729 3976 2821 4048 qui
2844 3976 2899 4031 in
2933 3974 3160 4032 ecclesia
3188 3974 3744 4040 commorantur,ino

2155 4070 2313 4129 malis
2349 4071 2603 4142 operibus
2649 4069 2912 4125 reducunt
2958 4067 3298 4123 adversarius
3342 4074 3659 4137 potantes
3698 4062 3746 4119 ᾖ

2154 4162 2473 4223 memoriam
2518 4160 2781 4217 scelerum
2828 4159 3213 4231 pristinorum,
3255 4158 3537 4228 pateﬁunt
3576 4158 3744 4216 ω

2152 4261 2376 4324 peccata
2400 4251 2582 4325 populi
2610 4259 2667 4306 et
2691 4250 3045 4321 cogitationes
3068 4262 3280 4313 eorum,
3306 4253 3367 4302 et
3425 4248 3641 4305 κείνα
3664 4248 3745 4302 αέ-

2154 4343 2392 4415 piuntur,
2434 4343 2563 4413 quia
2593 4342 2746 4397 novis
2773 4349 2960 4397 vetera
2989 4339 3184 4396 delicta
3219 4339 3601 4396 cunmlanmt.
3634 4338 3750 4395 ﬂat:

2154 4435 2293 4492 alius
2343 4434 2539 4491 dixerit
2585 4434 2742 4492 nobis
2789 4438 2981 4504 emptae
3021 4433 3258 4488 historiae
3310 4434 3527 4489 veritas
3569 4430 3751 4507 ptest;

2157 4525 2369 4598 quenda
2404 4534 2505 4581 est.
2530 4525 2685 4592 Cum,
2717 4524 2909 4595 inquit,
2945 4524 3171 4581 dixisset
3201 4520 3340 4580 mihi
3383 4540 3579 4583 sermo
3620 4527 3751 4582 ﬂvi-

2156 4634 2296 4675 nus:
2327 4636 2346 4671 ι
2376 4615 2664 4689 Propheta,
2689 4615 2761 4671 illi
2786 4616 3041 4682 hominis,
3066 4624 3120 4670 et
3141 4615 3369 4686 loquere
3392 4619 3474 4673 ad
3495 4612 3743 4690 me.

2136 4719 2211 4790 .et
2225 4712 2330 4767 dic:
2349 4710 2573 4765 Gladius
2587 4708 2813 4780 gladius,
2826 4726 2845 4760 ι
2864 4716 2919 4764 et
2934 4715 3129 4763 caetera
3144 4722 3262 4776 qua:
3277 4708 3579 4778 prophetia
3596 4710 3744 4783 glaﬁ

2157 4803 2520 4859 continentur.
2556 4819 2575 4853 ι
2609 4800 2855 4856 Secundo
2885 4798 3059 4855 factus
3095 4807 3180 4854 est
3212 4798 3277 4853 ad
3309 4813 3401 4854 me
3433 4810 3631 4856 seruo
3652 4800 3749 4854 Bo-

2156 4894 2312 4960 mini,
2333 4893 2559 4950 dicens:
2590 4910 2610 4947 i
2643 4889 2758 4955 Vis,
2785 4889 2860 4946 illi
2895 4890 3151 4955 hominis,
3183 4889 3329 4945 scire
3356 4893 3495 4961 quis
3543 4892 3651 4947 iste
3689 4886 3751 4945 ﬂ

2152 4985 2382 5057 gladius,
2414 4993 2468 5040 et
2502 4982 2740 5053 apertius
2764 4994 3049 5052 personam
3079 4978 3290 5036 (iacere
3320 4978 3501 5052 gladii
3535 4982 3753 5038 ste-rien-

2151 5074 2253 5130 tis?
2297 5070 2552 5129 Ausculta
2578 5087 2697 5143 qua:
2724 5069 2846 5127 dico
2873 5090 2885 5125 :
2910 5084 3049 5141 pone
3074 5068 3208 5126 duas
3236 5068 3379 5136 vias,
3409 5078 3479 5126 ut
3508 5084 3618 5144 per
3644 5073 3755 5127 ab:

2151 5164 2359 5236 gladius
2378 5165 2561 5219 veniat
2585 5165 2727 5236 regis
2744 5160 3051 5233 Babylonis,
3072 5160 3162 5233 qui
3184 5160 3517 5231 egredietur
3535 5163 3757 5235 quidem

2150 5271 2258 5311 uno
2285 5256 2476 5310 itinere
2497 5254 2889 5319 Chaldaeorum,
2922 5252 3014 5310 sed
3037 5267 3158 5309 cum
3182 5254 3399 5309 venerit
3429 5270 3536 5326 per
3564 5256 3759 5312 deser-

2149 5355 2263 5403 tum
2293 5354 2348 5402 et
2390 5346 2728 5403 solitudinem
2776 5345 2844 5402 ad
2886 5344 3087 5400 bivium
3126 5353 3288 5400 terra
3333 5344 3584 5415 Ambit,
3630 5354 3764 5419 qua

2152 5437 2447 5510 appellatur
2471 5437 2705 5494 ﬁliorum
2732 5437 2983 5503 Ammon,
3011 5446 3240 5506 quarum
3293 5450 3406 5491 una
3456 5437 3551 5493 via
3595 5430 3761 5496 rei:

2150 5530 2315 5587 salem
2350 5530 2498 5586 ducit
2526 5529 2595 5583 ad
2638 5526 2887 5587 dextram
2927 5534 3138 5599 partem
3178 5539 3196 5581 :
3238 5525 3474 5582 sinistra
3517 5520 3677 5588 vero
3706 5516 3769 5585 ὦ

2151 5624 2394 5679 Rabbath
2430 5622 2662 5677 filiorum
2693 5619 2946 5685 Ammon,
2973 5632 3093 5689 quas
3120 5624 3206 5674 est
3228 5616 3428 5674 civitas
3464 5629 3769 5694 metropo-

2152 5720 2238 5787 lis,
2255 5726 2307 5773 et
2338 5712 2497 5774 hodie
2522 5713 2890 5788 Philadelphia
2918 5713 3248 5774 nominatur.
3272 5710 3511 5787 Humor,

3548 5791 3575 5798 ο

478 5494 749 5554 saavientis
781 5507 843 5556 ut
878 5502 1039 5558 vadat
1075 5504 1188 5561 sive
1228 5505 1295 5561 ad
1321 5506 1617 5576 dexteram,
1648 5510 1763 5566 sive
1806 5512 1874 5567 ad
1919 5510 2052 5566 sini-

475 5588 675 5663 stram,
708 5604 1100 5672 rat-quocunque
1125 5618 1248 5658 eum
1286 5603 1445 5662 faciei
1481 5623 1591 5663 suae
1629 5609 1814 5666 tulerit
1846 5608 2051 5681 appeti-

470 5680 587 5772 σαὶ»
610 5706 673 5761 ιιι
694 5697 995 5766 interfectis
1017 5705 1177 5769 malis
1203 5719 1521 5772 remaneant
1548 5712 1677 5774 boui
1692 5755 1708 5784 ,
1745 5726 1800 5773 et
1828 5716 2051 5789 impiea-
