3916 6356
175 272 272 325 755

1087 276 1434 334 COMMEN’I‘.
1477 275 1543 330 IN
1582 274 2037 335 EZECIIIELEM.
2081 302 2149 312 -ο-
2185 276 2316 332 LIB.
2358 276 2453 332 lX.

3323 274 3423 329 734

167 383 544 439 internecionis
587 399 704 454 qua:
743 385 937 440 accidit
967 386 1080 456 regi
1102 387 1340 456 Assyrio,
1372 389 1584 458 quando
1619 402 1743 442 cen-
1767 387 1823 450 Α
1850 405 1871 436 ι
1906 385 2057 440 aufer
2082 386 2326 452 Cidarim,
2359 386 2482 441 tolle
2505 401 2783 452 coronam,
2818 409 2837 440 ι
2867 388 3159 458 subjtmxit,
3198 410 3216 443 ι
3252 407 3426 462 neque

170 483 276 528 tum
311 472 580 543 octoginta
617 473 854 543 quinque
897 475 1060 530 millia
1088 492 1190 530 una
1237 485 1392 531 nocte
1422 483 1546 530 sunt
1580 492 1739 542 causa,

169 561 471 617 formidabit
515 563 582 616 ad
626 574 837 633 partem
887 566 1158 620 dexteram
1207 566 1502 633 declinare,
1560 576 1615 622 et
1665 568 1744 622 ire

169 663 350 708 contra
377 653 789 709 munitissimam
818 655 1182 720 Hierusalem,
1215 658 1307 712 sed
1344 657 1510 711 stabit
1545 659 1597 712 in
1627 658 1743 726 ipso

168 746 416 815 compito,
451 755 505 802 ct
545 747 649 801 ritu
690 748 866 817 gentis
911 765 1019 803 suae
1063 749 1338 804 oraculum
1381 750 1654 815 consulet,
1686 759 1743 806 ut

170 841 345 894 mittat
370 841 593 912 sagittas
633 843 689 896 in
717 844 1052 914 pharetram,
1081 853 1135 898 et
1160 846 1509 900 commiscent
1537 861 1631 899 eas
1658 845 1741 898 in-

167 931 393 1001 scriptas
421 933 534 987 sive
558 933 797 1002 signatas
826 935 1130 988 nominibus
1155 934 1510 1004 singulorum,
1559 943 1616 987 ut
1661 934 1742 986 vi-

165 1020 287 1075 deat
320 1021 469 1091 cujus
511 1023 705 1092 sagitta
745 1035 934 1088 cxeat,
981 1034 1033 1078 et
1076 1041 1235 1094 quam
1278 1025 1426 1092 prius
1469 1025 1741 1077 civitatem

163 1117 356 1172 debeat
399 1132 727 1188 oppugnare.
782 1117 931 1172 lianc
978 1126 1155 1172 autem
1196 1116 1364 1172 Graeci
1415 1118 1742 1189 βελομαντίαν

160 1209 276 1265 sive
298 1209 666 1282 ῥαϐδομαντίαν
689 1211 985 1264 nominant.
1003 1209 1360 1278 Interrogavit
1389 1209 1552 1277 igitur
1579 1207 1738 1273 idola,

161 1308 287 1354 exta
314 1300 598 1355 consuluit.
630 1300 708 1353 Ad
741 1300 1014 1354 dexteram
1039 1298 1178 1354 facta
1205 1307 1287 1353 est
1320 1297 1578 1352 divinatio
1604 1297 1736 1367 ejus,

161 1398 222 1442 ut
260 1399 508 1460 pergeret
542 1398 732 1443 contra
771 1386 1069 1444 Jerusalem
1112 1396 1168 1440 et
1208 1395 1544 1456 Oppugnaret
1597 1401 1738 1451 eam,

159 1494 384 1549 aggeres
406 1488 790 1550 compar-taret,
815 1479 1011 1533 arietes
1038 1486 1281 1547 poneret,
1307 1477 1599 1532 :edilicaret
1625 1494 1740 1532 mu-

157 1567 416 1634 ultiones,
447 1567 741 1638 urbemque.
768 1567 1126 1622 concluderet.
1156 1567 1224 1621 Et
1253 1568 1303 1620 in
1334 1567 1476 1621 crede
1505 1567 1740 1636 aperiret

155 1676 222 1719 os
258 1677 437 1728 suum,
459 1671 513 1718 et
544 1661 817 1718 fremitum
841 1661 1160 1716 exsultantis
1186 1669 1241 1713 et
1260 1659 1512 1714 ululantis
1535 1660 1740 1715 exerci-

154 1761 251 1811 tus
277 1754 588 1809 concitaret.
620 1753 748 1817 Hoc,
784 1753 974 1822 inquit,
1000 1751 1205 1805 faciens
1225 1750 1493 1806 videbitur
1534 1751 1741 1806 habita-

156 1845 372 1901 toribus
400 1843 694 1900 Jerusalem
741 1843 1017 1897 oraculum
1071 1840 1269 1897 frustra
1318 1842 1630 1906 consulere,
1689 1853 1744 1898 et

154 1937 315 2004 quasi
347 1937 693 1992 sabbatorum
733 1936 902 1990 otium
943 1944 1158 2002 tenere,
1201 1935 1388 1990 ludere
1414 1936 1659 1991 videlicet
1687 1945 1743 1992 et

153 2027 295 2085 nihil
321 2029 498 2096 operis
526 2037 854 2097 perpetrare.
883 2027 998 2081 Rex
1027 2035 1206 2081 autem
1231 2026 1522 2097 Babylonis
1551 2044 1656 2082 non
1686 2029 1742 2083 in

154 2133 261 2174 sua
299 2116 633 2182 fortitudine,
657 2118 748 2172 sed
796 2117 850 2172 in
899 2117 1182 2187 iniquitate
1220 2118 1398 2188 populi
1442 2119 1744 2174 confisurus

152 2218 267 2273 est,
293 2222 397 2277 qua
427 2222 520 2264 cos
544 2209 648 2263 scit
670 2209 955 2263 offendisse
981 2209 1170 2274 Deum,
1199 2218 1253 2263 et
1285 2219 1503 2280 peccata
1530 2218 1743 2280 patrum

149 2297 313 2354 novis
347 2297 648 2354 cumulasse
676 2297 919 2363 delictis,
966 2306 1021 2353 et
1057 2299 1529 2369 praevaricationes
1558 2317 1744 2357 eorum

148 2389 409 2446 omnibus
447 2390 716 2460 patuisse,
761 2401 816 2444 et
863 2390 1062 2446 idcirco
1112 2407 1220 2446 non
1254 2393 1514 2448 dubitavit
1559 2394 1626 2448 de
1659 2395 1742 2448 vi-

147 2480 352 2546 ctoria,
380 2481 505 2550 quia
548 2481 784 2536 confidet
824 2482 890 2537 de
934 2482 1217 2551 iniquitate
1257 2481 1576 2540 Jerusalem.
1618 2482 1745 2540 Haec

142 2570 307 2640 juxta
351 2571 702 2638 Ilebraicum,
741 2589 772 2628 a
811 2590 920 2642 quo
946 2573 1090 2629 LXX
1115 2591 1222 2629 non
1253 2583 1358 2632 tam
1388 2591 1549 2633 sensu
1581 2592 1742 2647 quam

145 2662 337 2718 verbis
368 2664 420 2717 in
448 2663 716 2734 plerisque
740 2663 1066 2720 discordant.

226 2773 248 2806 ι
288 2753 366 2807 Tu
389 2763 590 2820 autem,
618 2754 861 2824 profane,
885 2756 1046 2824 impie
1077 2757 1182 2812 dux
1209 2756 1393 2822 Israel,
1423 2755 1574 2825 cujus
1597 2758 1744 2812 venit

151 2861 169 2891 ι
210 2842 334 2896 dies
371 2843 425 2897 in
463 2852 702 2914 tempore
743 2845 1046 2914 iniquitatis
1092 2847 1387 2916 praeﬁnita,
1450 2848 1564 2901 haec
1613 2848 1744 2904 dicit

150 2951 168 2982 ε
209 2932 479 2988 Dominus
521 2933 665 2988 Deus
714 2952 729 2988 :
779 2933 944 2988 Aufer
994 2936 1242 3002 Cidarim,
1288 2938 1416 2993 tolle
1459 2954 1738 3004 coronam,

149 3042 166 3073 ι
209 3038 394 3078 nonne
436 3024 552 3079 haic
584 3031 666 3078 cst
691 3040 810 3094 quae
847 3026 1102 3082 humilem
1135 3027 1465 3094 sublevabit,
1497 3038 1552 3084 et
1579 3030 1740 3085 subli-

1845 476 1966 543 boc,
2000 491 2171 544 neque
2199 477 2327 531 illud
2354 486 2457 543 est,
2480 498 2498 530 ι
2531 478 2585 532 id
2610 487 2712 544 est,
2737 493 2962 548 regnum
2989 482 3226 538 cessabit
3248 492 3304 538 et
3333 499 3426 538 sa-

1844 566 2160 620 cerdotium.
2213 565 2365 621 Unde
2413 567 2505 636 qui
2559 576 2743 636 postea
2798 583 2967 640 usque
3013 569 3085 624 ad
3136 573 3427 628 adventum

1845 654 2042 711 Christi
2085 673 2237 728 reges
2281 657 2500 713 fuerunt
2547 659 2752 728 pariter
2790 667 2848 714 et
2892 645 3220 720 sacerdotes.
3275 664 3425 731 Quo-

1845 761 1963 799 rmn
2008 761 2146 800 unus
2184 745 2468 816 Hyrcanus
2517 747 2770 804 Pontifex
2821 750 3064 807 diadema
3113 755 3279 824 capiti
3331 770 3428 811 suo

1844 835 2114 904 imposuit,
2162 835 2362 892 frustra
2405 839 2506 894 sibi
2547 848 2603 894 et
2642 841 2743 895 hoc
2781 849 2837 894 et
2876 841 3004 896 illud
3042 845 3210 899 voluit
3250 847 3427 902 vindi-

1846 942 1988 990 care,
2020 943 2141 980 cum
2182 942 2406 998 regnum
2439 930 2488 984 ei
2527 946 2632 984 non
2659 931 2948 985 deberetur
2969 943 3090 1001 post
3123 933 3426 1002 Sedeciam,

1846 1015 1937 1067 sed
1975 1014 2047 1067 illi
2093 1016 2179 1069 cui
2218 1018 2512 1086 repositum
2554 1027 2694 1082 erat,
2736 1028 2792 1074 et
2831 1020 2923 1087 qui
2961 1019 3062 1075 fuit
3099 1025 3430 1092 exspectatio

1844 1107 2116 1176 gentium,
2164 1108 2230 1161 de
2265 1109 2461 1176 quibus
2500 1108 2738 1178 loquitur
2777 1118 2834 1163 et
2873 1110 3161 1168 Malacbias
3201 1132 3213 1166 :
3259 1133 3277 1165 ι
3323 1113 3430 1170 Vos

1845 1198 2174 1263 sacerdotes,
2196 1199 2286 1269 qui
2319 1200 2702 1254 contaminatis
2733 1217 2929 1256 nomen
2965 1219 3144 1258 meum
3168 1204 3429 1275 (Maluit.

1843 1284 1907 1357 ι).
1959 1307 1977 1338 i
2027 1288 2093 1341 Et
2131 1301 2252 1358 post
2288 1289 2564 1360 paululum
2611 1309 2624 1344 :
2682 1311 2700 1342 ί
2749 1291 2866 1346 Non
2905 1303 2990 1348 est
3026 1295 3274 1358 voluntas
3309 1311 3431 1352 mea

1844 1379 1898 1432 in
1950 1380 2132 1446 vobis,
2170 1390 2224 1434 et
2268 1381 2519 1437 victimas
2565 1398 2668 1436 non
2721 1383 3012 1453 suscipiam
3066 1385 3133 1442 de
3179 1388 3434 1442 inanibus

1842 1473 2058 1528 vestris.
2104 1474 2185 1528 Ab
2215 1483 2337 1528 ortu
2371 1475 2516 1528 enim
2547 1475 2676 1529 solis
2710 1490 2883 1544 usque
2924 1477 2992 1530 ad
3028 1493 3279 1534 occasum
3319 1493 3434 1534 ma-

1843 1583 2004 1639 gnum
2046 1558 2128 1620 est
2174 1582 2370 1621 nomen
2424 1582 2601 1622 meum
2651 1567 2709 1620 in
2762 1567 3046 1636 gentibus,
3088 1578 3142 1624 et
3189 1571 3246 1624 in
3283 1571 3432 1627 omni

1843 1655 1962 1738 loco
2011 1658 2370 1724 sacrificatur,
2425 1668 2481 1714 et
2527 1657 2754 1714 offertur
2805 1662 3008 1716 nomini
3058 1677 3180 1718 meo
3231 1663 3433 1718 oblatio

1768 1747 1816 1811 B
1843 1751 2063 1803 munda.
2095 1770 2111 1800 ι
2140 1750 2270 1816 Quae
2307 1751 2506 1804 munda
2543 1750 2744 1805 oblatio
2781 1752 2898 1806 sine
2953 1754 3211 1824 sanguine
3252 1754 3432 1810 hirco-

1849 1855 1989 1905 rum,
2019 1839 2252 1894 arietnm
2300 1848 2462 1909 atque
2503 1847 2779 1894 taurorum
2820 1839 2872 1896 in
2899 1839 3098 1896 Christi
3133 1841 3435 1911 completur

1847 1931 2100 1996 adventu,
2127 1932 2381 2000 quoniam
2409 1932 2556 1987 venit
2580 1932 2918 1987 desideratus
2939 1933 3186 2002 gentibus
3207 1942 3261 1988 et
3282 1943 3435 1990 ortus

1847 2033 1930 2078 est
1959 2023 2037 2078 sol
2059 2023 2304 2094 justitiae,
2336 2023 2387 2076 in
2416 2021 2567 2090 cujus
2597 2024 2786 2091 pennis
2812 2033 2896 2079 est
2923 2024 3146 2079 sanitas.

1922 2134 1940 2166 ‹
1981 2116 2050 2170 Ει
2079 2125 2131 2169 tu
2155 2156 2169 2181 ,
2210 2115 2284 2169 ﬁli
2316 2115 2579 2181 hominis,
2612 2117 2872 2185 propheta
2901 2125 2957 2171 et
2985 2117 3108 2170 dic:
3154 2115 3280 2170 Βαξο
3307 2117 3435 2171 dicit

1851 2229 1871 2263 α
1908 2211 2165 2265 Dominus
2198 2213 2340 2265 Deus
2381 2212 2446 2265 ad
2488 2211 2626 2266 filios
2653 2212 2883 2265 Ammon
2913 2217 2967 2265 et
3003 2209 3070 2264 ad
3116 2193 3433 2279 opprobium

1853 2318 1872 2350 ι
1906 2316 2112 2355 eorum.
2159 2301 2222 2354 Et
2253 2301 2418 2364 dices,
2452 2300 2656 2365 Mucro,
2684 2317 2891 2365 mucro,
2920 2300 3142 2369 evagiua
3175 2307 3227 2353 te
3252 2299 3320 2352 ad
3345 2312 3436 2352 oc-

1850 2410 1869 2444 ι
1908 2392 2221 2456 cidendum;
2267 2392 2390 2445 lima
2425 2401 2495 2456 te,
2525 2400 2583 2446 ut
2627 2391 2922 2446 interlicias
2946 2399 3000 2446 et
3030 2390 3255 2459 fulgeas.
3299 2389 3434 2444 Cum

1849 2502 1869 2537 ι
1909 2483 2004 2537 tibi
2033 2481 2347 2537 viderentur
2373 2498 2511 2537 vana
2541 2490 2597 2536 et
2623 2482 2995 2536 divinarentur
3037 2480 3338 2544 mendacia,
3377 2477 3435 2534 ut

1847 2596 1869 2630 ι
1907 2578 2116 2632 dareris
2149 2592 2311 2646 super
2347 2575 2484 2630 colla
2513 2575 2917 2630 vulneratorum
2955 2574 3270 2641 impiorum,
3301 2571 3439 2641 quoi-

1855 2688 1873 2721 ι
1904 2685 2023 2724 rum
2062 2669 2209 2724 venit
2247 2669 2364 2724 dies
2411 2668 2464 2721 in
2513 2675 2754 2736 tempore
2800 2663 3100 2732 iniquitatis
3143 2661 3430 2730 praeﬁnita.

1847 2779 1868 2814 ‹
1904 2759 2196 2816 Revertere
2219 2761 2287 2814 ad
2312 2759 2559 2828 vaginam
2589 2766 2758 2821 tuam,
2791 2755 2844 2809 in
2868 2755 3046 2808 locmn
3076 2754 3130 2807 in
3153 2769 3261 2822 quo
3285 2767 3437 2807 creas

1847 2872 1867 2906 ι
1905 2863 1992 2909 tus
2013 2869 2094 2919 es,
2121 2854 2174 2907 in
2201 2861 2340 2907 terra
2365 2851 2663 2905 nativitatis
2695 2859 2797 2903 tua:
2836 2847 3090 2918 judicaho
3116 2854 3168 2900 te
3189 2854 3242 2900 et
3265 2844 3435 2900 effun-

1847 2964 1866 2998 ι
1902 2947 2024 3000 dam
2066 2961 2227 3012 super
2257 2954 2306 2998 te
2329 2943 2753 3013 indignationem
2782 2954 2978 3003 meam,
3009 2938 3062 2991 in
3089 2938 3210 3007 igne
3238 2937 3436 2992 furoris

1851 3055 1871 3087 ε
1908 3037 2016 3092 mei
2068 3035 2295 3091 sufflabo
2327 3035 2381 3087 in
2419 3043 2490 3097 te,
2520 3033 2764 3100 daboque
2794 3038 2846 3084 te
2887 3030 2942 3083 in
2973 3029 3222 3082 manibus
3265 3027 3436 3080 homi-

147 3133 167 3167 ‹
207 3131 360 3170 metu
390 3115 724 3171 humiliabit?
755 3115 1126 3186 lniquitatem,
1155 3119 1513 3188 iniquitatem,
1545 3119 1741 3188 iniqui-
1769 3104 1814 3167 (δ
1851 3148 1869 3180 ς
1905 3145 2034 3183 num
2058 3129 2342 3183 stultorum
2361 3136 2414 3181 et
2440 3123 2818 3180 fabricantium
2843 3120 3263 3190 corruptionem.
3291 3118 3436 3189 Ignis

148 3224 169 3258 ι
209 3213 386 3262 tatem
411 3222 608 3277 ponam
649 3224 798 3273 eam,
847 3219 901 3265 et
946 3211 1047 3266 hoc
1093 3228 1200 3266 non
1232 3213 1323 3270 lict
1352 3213 1521 3267 donec
1565 3213 1746 3267 veniat

146 3317 169 3352 ι
210 3297 375 3369 cujus
401 3298 764 3367 estjudicimn
795 3313 850 3358 et
881 3303 1091 3358 tradam
1113 3305 1182 3358 ei.
1218 3325 1237 3362 υ
1280 3303 1410 3360 Post
1459 3304 1607 3360 urbis
1657 3302 1745 3360 Je-

139 3389 391 3446 rusalem
433 3389 834 3448 subversioncm
865 3400 919 3446 et
944 3393 1306 3462 captivitatem
1339 3393 1517 3462 populi
1555 3393 1622 3448 ad
1647 3394 1743 3448 du-

140 3499 277 3540 cem
305 3483 470 3539 Israel
495 3499 674 3540 scrmo
703 3485 969 3555 dirigitur,
1002 3501 1162 3554 quem
1190 3487 1390 3542 nemini
1420 3487 1639 3542 dubium
1661 3495 1747 3541 est

142 3576 449 3648 signiﬁcari
483 3576 763 3633 Sedeciam
806 3578 858 3634 iu
905 3594 1012 3647 quo
1062 3593 1246 3646 regum
1285 3577 1445 3632 Israel
1481 3576 1547 3630 de
1577 3578 1744 3646 stirpe

138 3667 329 3722 David
371 3667 653 3737 imperium
683 3668 891 3724 finitum
922 3677 1022 3730 est.
1052 3669 1228 3733 Venit,
1260 3668 1454 3736 inquit,
1483 3667 1578 3722 tibi
1608 3667 1741 3733 dies,

141 3774 282 3828 qua:
311 3756 468 3828 longo
501 3766 739 3828 tempore
767 3757 1032 3828 praeﬁnita
1061 3767 1145 3813 est
1176 3760 1228 3814 in
1263 3765 1331 3823 te,
1364 3765 1419 3812 et
1444 3767 1664 3827 propter
1693 3765 1746 3812 te

137 3850 524 3907 sacerdotium
571 3860 628 3906 et
670 3866 894 3921 regnum
943 3853 1148 3908 interiit
1189 3851 1369 3921 populi
1414 3849 1739 3907 Judteorum.

138 3941 370 3998 Cidaris
401 3940 544 3995 enim
584 3939 791 4008 insigne
817 3939 1091 4008 pontificis
1120 3945 1202 3994 est
1230 3958 1242 3994 ε
1275 3954 1497 4004 corona,
1530 3938 1632 3994 hoc
1661 3944 1745 3992 est

139 4032 427 4098 diadema,
473 4029 615 4100 regis
641 4029 917 4094 indicium,
959 4044 1138 4083 nonne
1180 4030 1294 4084 haec
1333 4037 1416 4083 est
1454 4027 1653 4084 cidaris
1691 4034 1746 4082 et

134 4123 278 4178 hzec
305 4134 525 4184 corona,
558 4135 676 4188 quae
702 4118 835 4173 nihil
861 4118 989 4175 fecit
1009 4119 1232 4187 judicio,
1263 4118 1358 4174 sed
1385 4119 1452 4173 ad
1481 4117 1742 4172 imitatio-

135 4226 287 4266 nem
315 4210 457 4282 regis
479 4207 781 4280 Babylonii,
810 4224 946 4278 quos
972 4209 1183 4266 volebat
1217 4209 1506 4270 exaltabat,
1538 4217 1593 4262 et
1613 4222 1747 4277 quos

133 4301 376 4360 volebat
401 4300 758 4358 humiliabat?
785 4298 1075 4369 Propterea
1108 4315 1214 4356 non
1257 4299 1443 4363 semel,
1476 4312 1575 4353 nec
1591 4298 1744 4369 juxta

135 4394 307 4452 LXX
343 4395 447 4460 bis,
479 4395 573 4450 sed
603 4395 762 4449 tertio
793 4395 1132 4466 iniquitatem
1163 4410 1356 4463 ponam
1389 4393 1481 4447 tibi
1520 4393 1575 4446 in
1615 4406 1742 4462 per-

1851 3239 1869 3272 ‹
1905 3222 2014 3276 eris
2045 3221 2220 3286 cibus,
2248 3221 2468 3290 sanguis
2506 3226 2627 3272 tuus
2655 3217 2759 3271 erit
2800 3216 2853 3268 in
2885 3215 3063 3268 medio
3091 3223 3270 3277 terrai,
3301 3210 3436 3265 obli-

1852 3331 1872 3366 ί
1906 3312 2052 3367 vioni
2097 3311 2346 3376 traderis,
2392 3311 2517 3379 quia
2561 3323 2660 3378 ego
2689 3308 2946 3362 Dominus
2979 3305 3188 3359 locutus
3232 3317 3370 3358 sum.
3411 3319 3429 3353 ι

1845 3403 2093 3459 Gladium
2124 3402 2268 3472 regis
2315 3399 2604 3471 Babylonis
2631 3398 2849 3453 stetisse
2892 3398 2945 3451 in
2992 3396 3170 3466 capite
3206 3393 3434 3448 duarum

1844 3495 2077 3558 viarum,
2097 3495 2150 3548 in
2183 3493 2420 3563 compito
2451 3492 2685 3546 dextera:
2711 3498 2766 3543 et
2803 3489 3066 3552 sinistrae,
3101 3501 3330 3556 quarum
3359 3482 3436 3536 al-

1845 3593 1960 3640 tera
1991 3585 2218 3639 ducebat
2265 3581 2581 3647 Jerusalem,
2639 3581 2806 3634 altera
2834 3579 2900 3634 ad
2925 3578 3172 3632 Rabbath
3204 3575 3434 3630 ﬁliorum

1843 3680 2100 3744 Ammon,
2140 3687 2195 3733 et
2222 3679 2402 3734 exisse
2443 3684 2644 3731 sortem
2682 3683 2741 3729 ut
2781 3681 3025 3744 pergeret
3064 3673 3216 3740 prius
3247 3678 3434 3725 contra

1844 3770 2140 3826 Jerusalem
2163 3811 2178 3834 ,
2224 3785 2384 3837 supra
2428 3768 2676 3837 legimus,
2703 3766 2834 3835 quia
2861 3770 3168 3834 expugnata
3197 3765 3253 3816 et
3279 3767 3436 3828 capta

1845 3879 2070 3933 regnum
2111 3875 2325 3930 quoque
2347 3868 2404 3914 et
2432 3858 2790 3913 sacerdotium
2816 3856 2932 3925 ejus
2963 3855 3017 3908 in
3055 3860 3316 3907 aeternum
3345 3865 3435 3920 pe-

1846 3955 1982 4010 risse
2004 3953 2346 4024 prienuntiat.
2367 3950 2662 4005 Residuum
2683 3957 2800 4002 erat
2823 3947 2945 4001 [illis
2966 3943 3215 4008 Ammon,
3235 3952 3290 3998 et
3321 3943 3434 4011 ipse

1848 4042 2125 4098 divisionis
2161 4041 2292 4095 ordo
2318 4038 2597 4108 poscebat,
2628 4036 2760 4106 quid
2789 4035 2855 4088 de
2883 4033 3100 4087 sinistra
3130 4033 3215 4085 via
3233 4032 3435 4086 factum

1847 4141 2009 4189 esset.
2039 4132 2189 4186 Unde
2217 4131 2516 4198 imperatur
2533 4127 2810 4197 pr0phetae
2834 4133 2893 4178 ut
2921 4124 3173 4192 loquatur
3203 4121 3272 4175 ad
3298 4119 3434 4180 filios

1849 4223 2079 4278 Ammon
2105 4230 2161 4275 et
2187 4223 2253 4275 ad
2298 4217 2647 4289 opprobrium
2686 4223 2897 4280 eorum,
2935 4213 3077 4284 quod
3118 4221 3171 4267 et
3218 4212 3319 4282 ipsi
3347 4223 3437 4266 ca-

1846 4315 2029 4386 piendi
2057 4315 2185 4378 sint,
2211 4320 2266 4368 et
2291 4312 2357 4366 ad
2385 4311 2631 4364 eumdem
2654 4309 2889 4379 gladium
2905 4317 3210 4363 sermonem
3234 4303 3432 4376 dirigit.

1849 4404 1894 4460 0
1924 4419 2128 4468 mucro,
2153 4401 2467 4471 mucro,qui
2489 4407 2710 4470 paratus
2736 4414 2796 4454 es
2827 4400 2891 4452 ad
2916 4398 3136 4463 eadem,
3167 4398 3257 4468 qui
3289 4397 3432 4451 lima—

134 4498 404 4558 petuum,
431 4501 551 4555 quae
575 4501 682 4540 non
710 4486 892 4540 statim
923 4486 1019 4540 tibi
1049 4495 1290 4556 reputata
1321 4495 1424 4551 est.
1457 4486 1551 4541 50d
1577 4485 1747 4541 donec
1771 4469 1824 4529 Β
1849 4503 1936 4551 tus
1964 4503 2023 4549 ut
2049 4495 2250 4564 fulgeas
2275 4503 2330 4547 et
2360 4469 2655 4547 interficias
2675 4492 2698 4544 ?
2721 4489 2874 4546 Licet
2897 4491 2990 4545 tibi
3033 4489 3173 4544 idola
3216 4503 3432 4558 respon-

135 4578 343 4635 vcniat
367 4577 614 4632 Christus
641 4580 794 4648 cujus
817 4588 896 4634 est
919 4577 1198 4647 judicium,
1219 4587 1273 4634 et
1297 4580 1476 4634 tradat
1503 4580 1551 4634 ei
1582 4579 1745 4634 Pater

134 4687 385 4743 regnum
425 4677 480 4726 et
523 4671 908 4734 sacerdotium,
955 4670 1035 4724 vel
1074 4670 1356 4726 ecclesiam
1396 4671 1462 4725 de
1497 4670 1745 4738 gentibus

137 4775 542 4837 congregatum
568 4781 582 4820 :
617 4784 635 4818 ι
672 4766 788 4822 Non
815 4768 960 4822 enim
989 4767 1148 4822 Pater
1171 4768 1378 4837 judicat
1398 4783 1742 4838 quemquam,

135 4860 255 4918 sed
283 4873 442 4914 omne
462 4857 724 4928 judicium
750 4859 894 4913 dedit
925 4856 1059 4912 Filio
1089 4857 1268 4928 (Joan.
1300 4857 1377 4926 v).
1416 4878 1434 4909 ι
1469 4857 1536 4911 Ει
1563 4858 1616 4911 in
1640 4858 1746 4912 alio

135 4950 316 5005 loco:
342 4967 359 4998 ‹
390 4947 550 5013 Deus,
576 4947 668 5011 ait,
687 4946 946 5016 judicium
978 4956 1126 5002 tuum
1155 4947 1266 5018 regi
1289 4947 1378 5012 da,
1406 4955 1456 5001 et
1480 4946 1747 5014 justitiam

136 5050 315 5097 tuam
347 5035 458 5092 lilio
481 5038 622 5109 regis
653 5037 822 5109 (Psal.
853 5039 1019 5111 LXXI).
1051 5061 1068 5092 ι
1102 5040 1207 5095 Iste
1231 5048 1314 5095 est
1345 5041 1430 5095 cui
1455 5041 1749 5109 repositum

134 5139 240 5186 est
285 5127 571 5199 imperium
598 5137 653 5184 et
683 5130 1042 5184 sacerdotium
1088 5131 1494 5200 sempiternum.
1542 5130 1617 5184 De
1645 5146 1750 5199 quo

135 5221 484 5292 loquebatur
505 5228 561 5278 et
579 5219 746 5277 Jacob
775 5241 785 5275 :
822 5243 839 5272 ι
867 5220 984 5278 Non
1007 5223 1214 5278 deficiet
1234 5223 1483 5293 princeps
1503 5239 1571 5277 ex
1590 5220 1745 5289 Juda,

138 5329 345 5383 neque
378 5315 484 5367 dux
519 5314 586 5369 de
620 5313 911 5370 femoribus
940 5313 1073 5384 ejus,
1113 5316 1279 5371 donec
1305 5317 1485 5372 veniat
1529 5318 1614 5371 cui
1658 5331 1744 5370 re-

138 5403 405 5478 positum
441 5412 554 5468 est,
592 5413 648 5458 et
681 5405 794 5474 ipse
825 5406 930 5460 erit
963 5407 1292 5474 exspectatio
1317 5409 1556 5477 gentium
1595 5406 1748 5480 (Gen.

137 5493 343 5567 max).
396 5514 415 5548 ι
475 5495 536 5550 In
582 5511 648 5550 eo
696 5496 814 5551 loco
859 5497 948 5550 ubi
1005 5513 1102 5551 nos
1155 5498 1494 5567 interpretati
1545 5516 1748 5566 smnus,

151 5607 176 5642 ι
215 5585 417 5642 Nonne
454 5588 568 5644 Inec
593 5598 703 5653 est,
744 5609 761 5640 ›
807 5589 1025 5659 pulchre
1062 5589 1336 5644 transtulit
1376 5591 1745 5660 Symmachus,

151 5703 180 5742 ς
227 5696 414 5753 neque
459 5682 595 5752 hoc,
643 5697 818 5754 neque
861 5682 1008 5737 illud.
1063 5703 1080 5734 ι
1143 5681 1279 5750 Quia
1325 5683 1468 5738 enim
1513 5687 1750 5754 dixerat,

1849 4587 2027 4644 derint
2044 4595 2097 4641 et
2119 4601 2317 4641 vanum
2339 4585 2410 4639 sit
2440 4598 2600 4638 omne
2641 4583 2781 4652 quod
2804 4599 2833 4636 a
2859 4582 3190 4636 dmmonibus
3215 4593 3437 4650 respon-

1848 4683 2025 4744 detur,
2040 4687 2097 4731 nt
2113 4677 2358 4732 videlicet
2369 4676 2771 4729 vulneratorum
2788 4671 3087 4726 cervicibus
3100 4669 3434 4736 immincres,

1849 4782 1902 4827 et
1926 4788 2021 4843 per
2053 4779 2104 4824 te
2133 4767 2497 4837 compleretur
2542 4765 2685 4833 quod
2713 4763 2881 4817 multo
2907 4761 3164 4816 Dominus
3196 4769 3437 4830 tempore

1849 4863 2025 4918 fuerat
2055 4861 2436 4923 comminatus,
2479 4865 2658 4911 tamen
2698 4853 2924 4924 expleto
2954 4867 3117 4923 Opere
3162 4853 3436 4921 tuo,qu'od

1855 4957 2010 5027 egisti
2056 4961 2244 5008 contra
2289 4951 2429 5005 ﬁlios
2475 4949 2724 5015 Ammon,
2759 4955 3029 5002 revertere
3077 4945 3144 4999 ad
3185 4944 3436 5014 vaginam

1857 5055 2026 5111 tuam,
2058 5045 2110 5100 id
2141 5052 2223 5099 est
2253 5045 2308 5097 in
2338 5040 2683 5112 Irabylonem,
2717 5040 2785 5094 ad
2812 5038 2991 5092 locum
3036 5036 3092 5090 in
3131 5051 3237 5106 quo
3261 5034 3437 5090 factus

1857 5152 1917 5193 es
1945 5146 1998 5191 et
2027 5144 2260 5201 creatus,
2299 5141 2358 5188 ut
2388 5135 2441 5188 in
2479 5141 2621 5189 terra
2650 5131 2950 5186 nativitatis
2985 5138 3090 5184 tua:
3118 5127 3354 5199 judicem
3381 5136 3436 5205 te

1856 5239 1913 5285 et
1939 5229 2207 5285 effundam
2234 5244 2396 5298 super
2421 5237 2473 5283 te
2503 5227 2920 5297 indignationem
2949 5237 3146 5288 meam,
3176 5228 3232 5276 et
3257 5217 3438 5274 Medo-

1853 5337 1973 5375 rum
2011 5329 2170 5390 atque
2215 5320 2504 5375 Persarum
2528 5319 2729 5371 virtute
2755 5312 3005 5396 capiaris.
3035 5310 3184 5378 Quod
3225 5309 3436 5380 plenius

1852 5413 1908 5467 in
1936 5413 2086 5466 Isaiae
2119 5413 2390 5468 volumine
2422 5411 2638 5473 dicitur,
2671 5408 2727 5462 in
2759 5405 2962 5464 visione
2985 5414 3171 5460 contra
3201 5403 3435 5474 Babylo-

1854 5518 2007 5557 nem:
2031 5521 2048 5553 ι
2076 5504 2211 5557 Ecce
2236 5516 2334 5573 ego
2361 5500 2633 5556 suscitabo
2661 5513 2822 5568 super
2845 5512 2937 5552 eos
2963 5495 3193 5550 Medos.»
3227 5495 3293 5550 Et
3320 5503 3438 5564 post

1855 5598 2158 5667 paululum:
2184 5596 2277 5649 tEl
2299 5593 2649 5662 critBabylon
2681 5589 2767 5643 illa
2794 5590 3024 5662 gloriosa
3053 5589 3102 5642 in
3131 5587 3328 5657 regnis,
3354 5587 3436 5640 in—

1856 5686 1998 5762 clyta
2029 5687 2082 5739 in
2115 5685 2361 5756 superbia
2387 5682 2784 5753 Cltaltltt‘orum,
2825 5682 2964 5739 sicut
2989 5679 3251 5739 subvertit
3292 5678 3433 5738 Deus
