3916 6356
129 386 227 458 1H

1069 374 1420 439 conum.
1458 373 1529 431 ibi
1562 368 2016 429 sesamum.
2054 396 2125 413 --
2160 368 2290 427 LIB.
2325 366 2425 426 II.

3255 369 3361 427 742

130 516 310 572 cuncta
354 498 617 564 faciebat.
641 510 751 553 non
795 488 1007 559 divitiis,
1059 491 1157 547 sed
1190 500 1455 561 pauperes
1502 483 1683 554 oppri-
1708 488 1763 546 Αί
1785 488 1897 536 stra
1922 487 2080 572 sonat
2103 478 2542 572 tabernaculum.
2557 476 2859 572 Jerusalem
2880 492 3014 572 vero
3026 477 3241 545 Ooliba,
3257 480 3361 539 hoc

130 615 291 659 mens.
348 596 427 650 De
470 591 665 662 quibus
713 588 973 656 scriptum
1025 592 1153 639 est:
1189 601 1208 632 ι
1238 580 1532 649 Paupertas
1574 591 1682 630 non

130 691 347 749 sustinet
372 681 877 743 comminationem,
919 683 974 733 et
998 672 1313 743 Redemptio
1351 671 1543 727 animae
1580 668 1683 725 viri

126 781 347 856 propria
369 774 566 831 divitia
588 772 780 845 (Prae.
809 784 905 824 xm
1002 786 1021 819 ι
1053 765 1329 821 Advenam
1360 774 1574 856 quoque
1603 767 1686 814 at-

125 852 222 944 que
267 865 633 940 peregrinum,
671 861 763 931 qui
810 859 1041 917 necdum
1093 856 1227 912 civis
1275 852 1541 944 ecclesim‘
1569 863 1685 907 sum

124 941 544 1018 fuerateﬂeotus,
580 951 675 1008 sed
701 956 915 1007 tantum
947 946 1180 1010 auditor,
1208 953 1264 1001 et
1290 943 1494 999 habeas
1529 941 1685 1001 initia

123 1052 258 1115 ﬁdei,
286 1044 655 1118 opprimebant
691 1039 986 1103 calumnia,
1028 1046 1089 1093 ut
1124 1042 1414 1106 postquam
1460 1030 1685 1089 circuis-

121 1149 235 1198 sent
262 1140 407 1193 mare
451 1143 507 1191 et
557 1132 763 1189 aridam
789 1171 805 1195 ,
852 1129 1097 1187 facerent
1131 1141 1296 1183 unum
1326 1123 1683 1195 proselytum,

120 1232 353 1288 facerent
373 1241 499 1283 eum
536 1224 702 1281 ﬁlium
729 1222 1004 1294 gehemat.
1036 1219 1183 1273 inter
1216 1225 1365 1271 tanta
1390 1220 1570 1269 autem
1595 1211 1683 1267 vi-

121 1329 190 1384 tia
212 1336 267 1383 et
288 1325 551 1381 scelerum
590 1319 1011 1381 multitudinem,
1039 1314 1252 1387 quasivi
1287 1312 1352 1366 de
1377 1310 1451 1365 eia
1492 1310 1683 1375 virum,

118 1421 205 1491 qui
248 1421 347 1474 ira
390 1433 527 1473 mea)
569 1424 752 1488 posset
795 1413 1067 1475 resistere,
1115 1416 1170 1465 et
1211 1409 1383 1462 instar
1428 1404 1594 1475 Moysi
1626 1410 1687 1458 et

116 1513 312 1577 Aaron,
342 1518 397 1567 et
427 1506 694 1564 Samuelis
723 1505 833 1575 igni
866 1517 1007 1566 meo,
1041 1508 1095 1556 et
1132 1498 1383 1555 incendio
1416 1511 1473 1551 se
1518 1508 1684 1565 oppo-

116 1615 259 1667 nere,
291 1610 347 1659 et
386 1614 495 1655 non
517 1598 669 1668 potui
706 1595 961 1666 reperire.
995 1592 1289 1661 Propterea
1325 1597 1493 1643 totam
1521 1599 1686 1656 super

115 1709 208 1749 eos
243 1691 408 1748 etl‘udi
452 1689 867 1763 indgntienem
915 1700 1089 1741 meam
1124 1692 1178 1741 et
1210 1682 1515 1752 consumpsi
1565 1695 1683 1744 eos,

1784 579 1871 628 est
1898 568 2302 624 tabernaculum
2328 583 2506 624 meum
2529 568 2581 623 in
2604 582 2689 633 ea,
2721 567 2983 637 siquidem
3014 573 3069 621 et
3090 567 3143 621 in
3174 566 3358 623 decem

1781 662 2027 717 tribubus
2048 668 2166 715 erat
2186 658 2615 725 tabernaculum,
2643 671 2750 715 non
2797 657 2893 712 Dei
2937 656 3035 712 sed
3073 656 3355 713 idolorum.

1780 749 1988 806 Aureus
2014 749 2169 806 enim
2184 747 2470 807 JerobOam
2498 757 2561 802 ut
2586 745 2843 818 populum
2868 754 3137 807 averteret
3156 763 3187 801 a
3211 748 3356 801 cultu

1782 839 1905 908 Dei,
1950 840 2151 899 vitulos
2178 838 2471 899 collocarat
2519 838 2575 892 in
2610 835 2727 891 Dan
2770 844 2826 892 et
2856 836 3059 893 Bethel.
3104 836 3361 893 Dicamus

1782 946 1909 1003 ergo
1936 932 2009 986 de
2032 930 2275 1001 singulis.
2306 930 2433 987 Duas
2470 927 2587 985 istae
2606 926 2883 992 mulieres,
2915 925 3159 983 Samaria
3198 935 3253 981 et
3276 925 3362 980 Je-

1782 1022 2037 1088 rusalem,
2064 1021 2187 1076 ﬁliae
2218 1020 2435 1079 fuerunt
2461 1016 2654 1077 matris
2685 1017 2847 1072 unius
2889 1014 2955 1072 de
2992 1014 3156 1073 Israel
3193 1018 3360 1087 stirpe

1782 1120 2075 1186 generatae.
2094 1119 2149 1167 et
2175 1111 2455 1169 fornicata:
2481 1117 2605 1167 sunt
2624 1108 2678 1167 in
2704 1107 2943 1181 Egypto
2967 1107 3020 1162 in
3050 1106 3361 1163 adulescen-

1782 1204 1857 1261 tia
1898 1218 2017 1258 sua.
2063 1201 2249 1273 Neque
2277 1200 2421 1259 enim
2462 1199 2798 1271 accepissent
2842 1198 3014 1271 legem
3052 1198 3257 1255 OdiIClt’B
3294 1198 3360 1253 de

1781 1292 2014 1364 .‘Egypto
2062 1293 2120 1347 in
2157 1299 2339 1347 monte
2381 1290 2533 1356 Sina,
2557 1289 2936 1359 prohibentem
2985 1304 3079 1351 eos
3112 1288 3361 1347 venerari

1782 1383 1924 1441 idola
1955 1383 2057 1438 nisi
2096 1383 2152 1439 in
2178 1382 2410 1455 Egypto
2438 1379 2668 1437 fuissent
2701 1379 2954 1453 Egyptia
2983 1386 3230 1450 portenta
3262 1393 3359 1433 ve-

1785 1483 2004 1533 neratae.
2030 1475 2215 1531 Potest
2238 1484 2421 1529 autem
2448 1482 2625 1529 mater
2667 1474 2951 1531 ambarum
2975 1488 3097 1529 esse
3122 1472 3356 1539 Cethaea,

1783 1568 1850 1624 de
1883 1583 1987 1638 qua
2011 1582 2173 1638 supra
2200 1564 2458 1638 legimus:
2479 1583 2497 1615 α
2520 1562 2682 1621 Pater
2711 1573 2894 1619 vester
2924 1562 3293 1632 Amorrhaaus,
3307 1571 3363 1620 et

1784 1668 1957 1715 mater
1986 1666 2166 1713 vestra
2194 1656 2411 1712 (lethaea
2442 1654 2677 1727 (Ezech.
2712 1653 2886 1726 XVI).)
2917 1653 3023 1713 Sed
3056 1660 3113 1709 et
3148 1655 3363 1726 quando

114 1740 221 1839 ἐξ,
994 1775 1220 1846 judicio.
1267 1772 1359 1829 sed
1391 1740 1451 1827 υί
1496 1740 1685 1829 redde;
1786 1748 2010 1851 dicitur:
2034 1768 2052 1801 ι
2077 1747 2458 1851 Unusquisque
2473 1741 3133 1851 abominationcsdfypti
3153 1740 3365 1851 auferat

114 1889 229 1930 rem
250 1837 581 1929 vlaa‘eoeum
614 1838 673 1926 in
703 1837 885 1939 capita
924 1837 1155 1929 illorum,
1190 1864 1277 1921 vel
1311 1862 1533 1933 propria
1555 1874 1682 1931 pec.
1707 1848 1761 1913 Β
1874 1838 2044 1939 200135
2072 1837 2209 1939 Silis?

115 1973 233 2021 cata
251 1978 372 2034 quae
418 1963 677 2025 feceram,
717 1958 1029 2014 auctoribus
1057 1957 1319 2021 tribuens,
1342 1953 1427 2011 vel
1448 1960 1595 2010 certe
1624 1953 1680 2007 in

116 2055 285 2125 capita
337 2053 519 2123 populi
541 2093 556 2119 ,
614 2051 795 2117 civicis,
846 2048 1107 2120 principis
1151 2063 1216 2104 ac
1264 2044 1685 2116 Prophetarum,

117 2161 337 2218 quorum
363 2144 543 2199 nullus
570 2142 672 2197 fuit
697 2142 791 2212 qui
830 2141 1084 2196 irascenti
1106 2138 1333 2194 Domino
1353 2136 1581 2191 auderet
1598 2148 1688 2189 re-

117 2238 316 2300 sistere,
366 2243 424 2289 et
447 2247 681 2305 quorum
712 2246 877 2286 causa
924 2240 1069 2285 terra
1116 2227 1365 2306 squalida
1398 2235 1562 2294 atque
1592 2224 1684 2281 de-

117 2336 255 2384 serta
282 2326 513 2385 imbrem
546 2323 760 2379 Domini
780 2323 1057 2393 suscipere
1072 2335 1183 2381 non
1203 2318 1420 2375 meruit.

670 2432 895 2492 CAPUT
921 2432 1106 2488 XXIII.

118 2525 288 2582 Sermo
315 2525 529 2580 Domini
555 2535 735 2579 contra
768 2524 971 2579 Oollam
1004 2533 1049 2578 et
1077 2521 1318 2576 Golth
1346 2535 1549 2574 sorores
1576 2534 1683 2574 me-

180 2597 396 2658 retricis,
420 2597 490 2651 de
511 2595 861 2650 bnmunditiis
885 2596 1120 2666 ipsarum
1142 2609 1160 2648 :
1187 2593 1256 2646 de
1270 2591 1465 2647 ultione
1495 2590 1674 2646 Deliis

179 2667 296 2727 illas
321 2683 416 2738 pro
438 2666 621 2725 idolis.

182 2795 203 2830 ι
229 2778 295 2834 Et
325 2777 509 2833 factus
542 2785 825 2831 cataermo
850 2776 1065 2833 Domini
1107 2776 1177 2831 ad
1206 2788 1294 2834 me
1327 2774 1515 2832 dicens
1540 2792 1555 2833 :
1579 2774 1687 2833 Fili

120 2889 139 2922 ι
160 2869 407 2935 hominis,
440 2868 567 2931 dua
590 2867 843 2925 mulieres
878 2865 1003 2925 ﬁliae
1026 2865 1219 2925 matris
1239 2866 1401 2924 unius
1439 2866 1681 2931 luerunt,

120 2982 139 3015 ι
168 2973 220 3019 et
257 2963 545 3019 fornicata:
567 2971 697 3018 sunt
731 2963 785 3017 in
815 2960 1074 3031 Egypto,
1099 2961 1155 3016 in
1182 2958 1541 3016 adolescentia
1584 2973 1683 3016 sua

121 3074 142 3108 ο
170 3056 443 3114 fornicata:
491 3066 653 3122 sunt,
690 3055 765 3110 ibi
814 3055 1040 3109 subacta
1069 3060 1196 3109 sunt
1234 3052 1401 3108 ubera
1442 3066 1630 3109 earum
1663 3069 1677 3105 :

120 3167 137 3201 ι
169 3159 220 3203 et
245 3149 431 3205 fractae
457 3156 585 3203 sunt
608 3161 856 3202 mammae
880 3144 1180 3216 pubertatis
1207 3158 1427 3208 earum;
1457 3141 1679 3199 nautica

122 3255 346 3296 «earum
376 3239 535 3297 Oolla
585 3239 778 3308 major,
817 3246 873 3292 et
900 3236 1091 3291 Ooliba
1119 3249 1274 3290 soror
1298 3234 1434 3307 ejus.
1479 3231 1547 3291 Et
1576 3231 1678 3291 ba—

121 3331 251 3387 thoi
292 3347 385 3387 eas
429 3339 488 3386 et
514 3336 839 3400 pepererunt
881 3326 1023 3382 ﬁlios
1055 3337 1110 3380 et
1152 3326 1313 3391 ﬁlias,
1360 3333 1417 3381 et
1460 3324 1683 3381 nomina

123 3439 143 3473 ι
174 3436 353 3477 earum
395 3419 649 3479 Samaria
675 3417 846 3481 (iolla,
885 3423 942 3471 et
974 3414 1274 3471 Jerusalem
1297 3412 1508 3469 Ooliba.
1542 3411 1681 3467 For-

121 3528 141 3562 t
170 3512 339 3567 nicata
389 3521 481 3566 est
514 3509 678 3579 igitur
705 3520 869 3576 super
899 3520 991 3561 me
1025 3503 1200 3568 Oolla,
1242 3512 1298 3559 et
1331 3501 1586 3559 insanivit
1611 3500 1684 3557 ad

121 3619 141 3654 ι
169 3611 437 3657 amatores
471 3615 596 3656 suos
635 3598 692 3653 in
730 3597 1000 3667 Assyrios,
1052 3595 1145 3665 qui
1181 3592 1683 3663 appropinquabant

121 3710 140 3743 ο
174 3693 223 3747 ei
250 3694 475 3751 vestitos
516 3687 897 3762 hyacinthinis,
925 3687 1194 3758 principes
1221 3693 1277 3741 et
1313 3684 1683 3754 magistratus,

121 3802 139 3836 ι
168 3785 394 3855 juvenes
444 3782 730 3854 cupidinis,
764 3781 1047 3837 universos
1104 3778 1314 3849 equites
1367 3790 1685 3835 ascensores

119 3891 139 3925 ι
170 3886 468 3944 equorum;
515 3882 571 3928 et
609 3872 753 3927 dedit
778 3870 1167 3927 fornicationes
1206 3884 1332 3928 suae
1370 3881 1533 3937 super
1566 3882 1682 3933 eos,

116 3980 139 4013 ι
173 3963 374 4019 electos
399 3962 539 4017 ﬁlios
563 3960 905 4031 Assyriorum
930 3960 1230 4023 universos,
1266 3966 1322 4015 et
1353 3959 1415 4015 in
1433 3957 1684 4017 munibus

111 4072 136 4106 4
162 4068 325 4123 super
359 4068 501 4123 quos
541 4052 795 4109 iasanivit
840 4052 896 4107 in
940 4049 1303 4109 immunditiis
1342 4050 1544 4120 polluta
1580 4059 1682 4107 est.

114 4163 141 4199 ι
164 4145 393 4211 Insuper
431 4150 489 4201 et
530 4141 911 4201 fornicationes
960 4156 1088 4199 suas
1136 4156 1271 4211 quas
1314 4141 1580 4201 habuerat
1629 4138 1686 4199 in

117 4252 141 4287 ε
169 4234 404 4306 Λεωτριο
430 4247 541 4291 non
571 4232 808 4302 reliquit.
837 4231 973 4289 Nam
996 4241 1053 4293 et
1087 4231 1163 4289 illi
1192 4232 1525 4289 dormiesant
1563 4245 1685 4289 cum

116 4346 137 4381 ι
168 4342 233 4384 ea
251 4327 311 4382 in
337 4325 696 4384 adolescentia
734 4324 873 4393 ejus,
901 4332 957 4380 et
984 4323 1360 4394 confregerant
1384 4324 1549 4379 ubera
1589 4338 1687 4392 pu-

118 4436 138 4471 ι
178 4417 409 4475 bertatis
445 4416 606 4483 illius,
637 4422 694 4472 et
731 4414 1037 4473 eﬂuderuut
1077 4412 1488 4471 fornicationem
1532 4428 1687 4469 suam

121 4529 141 4565 ι
169 4523 329 4583 super
358 4506 831 4577 illam.Propterea
855 4505 1052 4565 tradidi
1075 4504 1219 4561 illam
1244 4506 1301 4561 in
1327 4520 1520 4563 manus
1539 4519 1686 4559 ama-

123 4616 142 4655 t
174 4608 349 4659 torum
391 4612 631 4663 auorum,
678 4598 733 4657 in
778 4612 971 4655 manus
1006 4595 1240 4653 ﬁliorum
1283 4594 1475 4661 Assur,
1523 4610 1686 4665 super

122 4710 141 4745 ι
170 4704 403 4761 quorum
468 4686 723 4747 iusanivit
777 4685 1019 4741 libidine.
1048 4684 1155 4756 Ipsi
1204 4686 1687 4755 discoopcruerunt

123 4799 143 4835 ι
176 4780 522 4852 ignominiam
555 4777 693 4846 ejus,
734 4774 875 4835 ﬁlios
901 4784 954 4831 et
983 4775 1122 4835 ﬁlias
1159 4774 1305 4830 illius
1338 4774 1599 4841 tulerunt,
1635 4781 1689 4831 et

122 4893 143 4929 ο
174 4874 347 4944 ipsam
394 4871 706 4929 occiderunt
753 4866 951 4939 gladio.
994 4864 1062 4923 Et
1096 4865 1252 4923 factae
1301 4872 1426 4920 sunt
1467 4864 1690 4922 famosae

125 4985 145 5020 ι
174 4966 450 5032 mulieres,
471 4971 527 5021 et
545 4961 748 5032 judicia
786 4961 1031 5017 fecerunt
1058 4958 1112 5017 in
1133 4973 1251 5025 ea,»
1280 4966 1384 5014 etc.
1420 4955 1689 5029 (Ηῆατοη.)

119 5056 408 5115 Duodecim
446 5054 625 5113 tribus
663 5051 826 5111 Israel
1011 5050 1229 5107 fuerunt
1260 5049 1460 5119 juncta
1506 5050 1564 5107 in
1589 5047 1689 5105 2E-

120 5156 277 5217 gypto
303 5154 492 5217 postea
513 5158 639 5203 esse
661 5142 861 5199 divisas
894 5142 949 5197 in
996 5141 1150 5207 duas,
1198 5149 1255 5196 et
1300 5140 1491 5198 decem
1513 5141 1688 5201 tribus

120 5239 519 5308 appellatasque
544 5233 739 5295 ludam
766 5242 824 5290 et
862 5233 1020 5293 Israel
1050 5231 1259 5305 Regum
1301 5240 1358 5291 et
1401 5231 1686 5305 Παροιλιπὸ-

112 5352 269 5400 mm
318 5332 598 5400 Scriptura
631 5334 883 5387 testatur.
934 5326 1086 5383 Iudae
1125 5326 1368 5397 regnavit
1413 5324 1480 5381 de
1522 5324 1689 5392 stirpe

122 5421 317 5489 David,
365 5422 608 5487 Roboam
640 5420 782 5477 ﬁlius
828 5419 1082 5476 Salomon
1124 5418 1180 5477 in
1218 5416 1555 5485 Jerusalem,
1598 5415 1689 5475 ubi

122 5522 234 5571 erat
272 5515 529 5586 templum
565 5523 623 5571 et
646 5514 974 5578 sacerdotes,
1022 5520 1081 5568 et
1117 5525 1311 5581 magna
1355 5524 1486 5579 pars
1519 5508 1691 5566 tribus

123 5605 268 5665 Levi.
318 5607 521 5663 Decem
568 5614 755 5661 autem
792 5604 963 5659 tribus
1010 5603 1067 5658 in
1114 5601 1361 5657 Samaria
1405 5599 1691 5659 Jero‘uoam

128 5698 262 5755 illius
301 5699 534 5766 Nahadi,
575 5699 642 5754 de
666 5698 809 5752 tribu
847 5694 1101 5771 Ephraim
1128 5701 1182 5748 et
1210 5690 1425 5762 Josepb,
1462 5707 1689 5761 quarum

131 5788 371 5847 Samaria
396 5806 539 5847 nunc
574 5788 871 5859 appellatur
900 5785 1089 5853 (iolla,
1120 5784 1263 5855 quod
1292 5783 1345 5839 in
1378 5782 1561 5851 lingua
1592 5798 1693 5839 no-

2230 1856 2249 1888 ι
2276 1836 2380 1892 hoc
2403 1834 2673 1905 signiﬁcat
2692 1835 2834 1905 quod
2858 1834 2919 1893 in
2941 1833 3179 1905 Egypto
3201 1832 3367 1888 lsrael

1784 1930 1942 1989 idolis
1985 1930 2255 1996 servierit,
2301 1938 2358 1985 et
2395 1928 2470 1984 ibi
2517 1927 2833 1994 ceciderint,
2884 1928 2998 1983 sive
3044 1926 3212 1983 fracta
3257 1928 3369 1983 sint

1782 2023 1951 2082 ubera
1980 2021 2302 2094 virginitatis
2329 2018 2464 2089 ejus.
2494 2018 2770 2090 Maiorque
2801 2017 3045 2075 Samaria
3084 2017 3284 2073 dicitur
3312 2023 3369 2073 et

1783 2116 1985 2181 senior,
2025 2114 2108 2169 vel
2141 2121 2364 2189 propter
2409 2111 2810 2170 multitudinem
2849 2112 3034 2167 decem
3075 2110 3358 2175 tribuum;

1780 2194 1865 2261 vel
1899 2206 2026 2275 quia
2057 2212 2179 2275 post
2214 2212 2442 2261 mortem
2469 2201 2640 2275 Moysi
2673 2203 2738 2258 de
2772 2202 3035 2275 Ephraim
3066 2200 3213 2256 tribu
3235 2198 3363 2261 Iesu

1782 2297 1927 2353 ﬁlius
1968 2296 2117 2355 Nave
2150 2296 2349 2371 popqu
2376 2292 2606 2369 praefuit.
2660 2293 2811 2350 Unde
2848 2302 2904 2349 et
2931 2292 3247 2358 Jeroboam,
3269 2293 3363 2363 qui

1782 2388 1942 2445 scidit
1977 2402 2093 2453 cas,
2129 2402 2160 2445 ιι
2186 2387 2357 2440 domo
2393 2383 2564 2441 David
2597 2383 2765 2440 fuisse
2799 2384 3044 2457 legimus,
3085 2392 3141 2440 et
3179 2384 3370 2447 habuit

1781 2495 1874 2537 eas
1904 2480 2065 2546 Deus,
2091 2479 2202 2535 sive
2235 2477 2391 2534 factae
2425 2486 2550 2533 sunt
2578 2474 2695 2547 ejus
2736 2477 2953 2546 quando
2984 2477 3369 2551 ingemuerunt

1784 2574 1851 2631 ab
1876 2571 2133 2643 operibus
2167 2571 2380 2643 Egypti
2401 2612 2415 2637 ,
2455 2570 2569 2625 luto
2597 2568 2747 2641 prius
2776 2577 2832 2627 et
2855 2568 3011 2625 lateri
3040 2568 3362 2633 servientes,

1783 2681 1905 2737 qum
1933 2673 2120 2739 postea
2144 2663 2223 2721 illi
2254 2662 2390 2717 ﬁlios
2418 2670 2475 2719 ct
2502 2660 2640 2721 ﬁlias
2664 2659 2749 2718 vel
2787 2661 2843 2715 in
2871 2659 3180 2727 solitudine,
3204 2659 3292 2727 vel
3311 2658 3368 2716 in

1784 2753 2221 2828 repromissionis
2261 2762 2413 2810 terra
2446 2760 2765 2824 genuerunt.
2803 2750 3155 2823 Primumque
3198 2750 3369 2808 forni-

1785 2857 1905 2903 cata
1938 2853 2020 2901 est
2043 2844 2217 2911 Oolla,
2246 2844 2300 2898 id
2326 2851 2409 2898 est
2440 2841 2708 2909 Samaria,
2732 2857 2894 2917 super
2919 2842 3120 2908 Deum,
3152 2841 3367 2913 quando

1785 2936 2041 2991 insanivit
2072 2935 2125 2992 in
2158 2933 2412 3007 Assyrios
2438 2933 2532 3007 qui
2564 2932 2742 2988 vestiti
2774 2934 2929 2991 erant
2970 2931 3367 3006 lryacinthinis,

1784 3036 1841 3085 et
1869 3043 1979 3085 non
2003 3025 2271 3099 quoslibet
2308 3025 2374 3081 de
2398 3024 2625 3097 populo,
2665 3025 2759 3080 sed
2798 3026 2964 3080 doces
2990 3032 3046 3083 et
3081 3024 3368 3096 magistra-

1786 3127 1894 3183 tus,
1924 3132 2025 3175 nec
2052 3123 2210 3175 aetate
2240 3113 2537 3183 confectos,
2560 3114 2653 3171 sed
2675 3113 2904 3185 juvenes
2932 3129 3138 3180 omnes,
3158 3116 3368 3184 equites

1706 3200 1761 3271 (ἒ
1783 3210 2001 3275 electos,
2050 3222 2281 3280 quorum
2322 3216 2509 3267 secuta
2537 3213 2623 3265 est
2647 3204 2809 3273 idola,
2857 3215 2912 3261 et
2945 3221 2976 3261 a
3012 3205 3207 3276 quibus
3235 3218 3366 3261 con-

1783 3310 1866 3357 tra
1889 3299 2188 3371 jussionem
2220 3297 2317 3354 Dei
2344 3297 2638 3371 postulavit
2664 3296 2920 3353 auxilium
2939 3295 3073 3366 ;rqui
3102 3303 3367 3353 venerunt

1781 3403 1836 3450 et
1863 3394 2175 3469 polluerunt
2203 3406 2345 3457 eam,
2372 3399 2434 3446 ut
2460 3390 2721 3463 quidquid
2752 3390 2806 3445 in
2838 3388 3200 3451 adolescentia
3231 3387 3374 3444 fece-

1783 3497 1870 3545 rat
1897 3489 1951 3545 in
1983 3485 2374 3559 Egypto,_non
2404 3483 2755 3554 relinqueret.
2804 3478 2938 3539 Nam
2979 3480 3375 3559 Egyptiicou-

1783 3578 2083 3633 cubuerant
2113 3558 2245 3633 cum
2262 3589 2326 3630 ea
2356 3574 2413 3631 in
2440 3570 2977 3641 adolescentia-ejus,
3025 3558 3257 3643 quorum
3294 3568 3340 3624 si

1784 3668 2026 3726 mulacra
2069 3673 2324 3721 venerata
2370 3673 2471 3731 est,
2530 3664 2710 3737 ibique
2759 3663 3094 3735 devirginata
3138 3669 3191 3716 et
3236 3674 3366 3717 con-

1766 3756 1957 3814 fracta
1981 3766 2106 3819 sunt
2129 3756 2295 3813 ubera
2327 3754 2497 3821 illius,
2515 3762 2737 3817 ettanta
2770 3752 2873 3817 fuit
2896 3753 3223 3813 abundantia
3249 3751 3363 3807 for-

1785 3848 2087 3911 nicationis,
2109 3854 2168 3901 ut
2192 3861 2298 3901 non
2324 3844 2575 3903 fornicati
2593 3861 2716 3900 eum
2737 3860 2821 3911 ea,
2845 3845 2939 3901 sed
2962 3843 3371 3911 fornicationem

1786 3954 1941 4003 suam
1961 3953 2120 4012 super
2141 3936 2286 3999 illam
2301 3935 2556 3992 elfudisse
2576 3936 2841 3991 dicantur.
2862 3935 3152 4006 Propterea
3164 3926 3374 3990 dedita

1786 4039 1871 4087 est
1897 4030 2028 4105 ipsis
2050 4029 2380 4087 amatoribus
2402 4028 2515 4082 suis
2541 4027 2671 4102 pbul
2702 4035 2759 4083 et
2780 4022 3290 4098 TeglathpltalasSar
3316 4033 3373 4080 et

1789 4118 2156 4184 Salmanasar,
2206 4118 2259 4172 in
2303 4133 2530 4187 quorum
2563 4115 2820 4181 insanivit
2849 4114 3160 4181 libidinem,
3190 4124 3247 4169 et
3268 4115 3372 4186 ipsi

1790 4210 2269 4281 discooperucrunt
2290 4208 2639 4280 ignominiam
2659 4207 2799 4277 ejus,
2814 4209 3201 4285 τροποληικώς,
3217 4208 3374 4277 quasi

1790 4303 2033 4367 mulieris
2057 4301 2379 4357 meretricis.
2433 4300 2712 4359 Revelatio
2743 4309 2924 4357 autem
2970 4300 3121 4367 urbis
3149 4299 3377 4371 captivi-

1791 4404 1875 4453 tas
1903 4401 2011 4459 est,
2039 4393 2131 4465 qui
2157 4391 2294 4449 ﬁlios
2315 4401 2371 4449 et
2400 4392 2539 4450 ﬁlias
2563 4408 2750 4453 earum
2779 4393 2981 4455 duxere
3022 4393 3287 4463 captivas,
3315 4397 3383 4448 et

1790 4483 1964 4557 ipsam
2003 4482 2180 4556 gladio
2213 4482 2572 4549 trucidarunt,
2616 4484 2692 4539 ita
2719 4490 2778 4539 ut
2804 4484 2859 4541 in
2890 4483 3131 4539 omnium
3181 4482 3375 4538 mulie-

1710 4553 1910 4631 Drium
1953 4553 2257 4646 exemplum
2299 4575 2541 4646 iugulata
2589 4575 2682 4642 sit,
2727 4582 2789 4639 et
2819 4575 2874 4628 in
2914 4575 3113 4629 malam
3161 4586 3374 4644 partem

1790 4672 2107 4720 cunctarum
2133 4679 2385 4719 sermone
2415 4663 2719 4719 celebretur
2741 4678 2759 4727 ;
2781 4663 2872 4732 qui
2893 4660 3098 4729 judicia
3137 4671 3192 4715 et
3214 4661 3378 4716 ultio-

1788 4773 1888 4813 nes
1918 4755 2165 4812 fecerunt
2191 4756 2245 4809 in
2270 4771 2356 4819 ea,
2396 4763 2458 4808 ut
2492 4753 2627 4809 nihil
2664 4753 2720 4810 in
2752 4751 2840 4806 illa
2868 4752 3060 4806 salutis
3104 4752 3376 4821 relinque-

1790 4856 1931 4911 rent,
1975 4846 2071 4901 sed
2098 4860 2271 4913 usque
2316 4843 2476 4899 hodie
2524 4843 2709 4909 decem
2740 4842 2916 4897 tribus
2957 4840 3269 4915 captivitate
3294 4848 3377 4895 te-

1791 4949 2025 5007 neantur
2049 4940 2105 4997 in.
2130 4940 2404 4995 montibus
2442 4936 2772 5011 urbibusque
2811 4934 3110 4998 Medorum,
3139 4936 3206 4989 ad
3237 4949 3374 5007 quas

1796 5034 2070 5095 translatm
2112 5040 2255 5089 sunt.
2309 5030 2473 5109 Juxta
2525 5034 2767 5106 ἀνα-γογήν
2814 5030 2868 5083 in
2926 5026 3064 5084 Osee
3111 5028 3373 5098 propheta

1796 5124 1926 5199 quid
1980 5123 2245 5199 signiﬁcet
2287 5121 2485 5197 Joseph
2530 5121 2786 5191 Ephraim
2836 5116 3083 5175 Samaria
3108 5158 3122 5183 ,
3167 5115 3379 5179 Jezrael

1795 5223 1850 5273 et
1870 5214 2049 5277 Israel,
2094 5221 2148 5270 et
2172 5213 2440 5282 quomodo
2465 5211 2750 5269 contrariae
2773 5210 2882 5265 sint
2906 5208 3087 5267 domui
3113 5207 3285 5264 David
3316 5216 3376 5265 et

1794 5306 2115 5371 Jerusalem,
2151 5320 2271 5377 quae
2310 5303 2580 5377 signiﬁcat
2618 5300 2923 5365 ecclesiam,
2958 5300 3170 5371 plenius
3208 5300 3378 5363 disse-

1796 5397 2043 5454 ruimus:
2075 5397 2142 5452 de
2176 5397 2374 5469 quibus
2400 5403 2457 5451 et
2479 5392 2906 5464 septuagesimus
2933 5391 3192 5465 septimus
3233 5391 3378 5462 psal-

1798 5504 1920 5549 mus
1945 5495 2102 5551 senat
2132 5506 2144 5543 :
2179 5506 2200 5542 ι
2234 5487 2361 5545 Filii
2396 5485 2654 5557 Ephraim
2686 5485 3024 5547 intendentes
3069 5494 3125 5540 et
3152 5484 3375 5543 mitten-

1800 5589 1882 5639 tes
1908 5596 2119 5647 arcum,
2171 5580 2419 5637 conversi
2444 5585 2569 5634 sunt
2612 5584 2910 5635 retrorsum
2954 5578 3009 5633 in
3050 5577 3137 5633 die
3169 5576 3315 5632 belli.
3350 5593 3369 5626 ι

1798 5672 1866 5733 Et
1896 5674 2091 5727 iterum
2122 5690 2134 5724 :
2170 5689 2188 5723 ‹
2221 5662 2435 5741 Repulit
2474 5669 2879 5726 tabernaculum
2907 5668 3126 5739 Josepb,
3176 5677 3232 5721 et
3268 5666 3375 5721 ele-

1799 5765 1877 5839 git
1916 5763 2115 5823 tribum
2146 5760 2301 5823 Juda.
2337 5781 2354 5813 ι
2409 5759 2581 5831 Elegit
2624 5760 2769 5825 enim
2792 5760 2931 5815 Deus
2960 5756 3193 5814 domum
3246 5772 3375 5813 con-
