3916 6356
548 339 651 429 ns
1193 367 1252 421 Β.
1293 366 1548 422 RABANI
1573 345 1805 423 suum
1845 364 2162 422 ARCHlEP.
2203 363 2510 421 uocum.
2547 361 2832 422 OPERUM
2866 361 3045 419 PARS
3079 363 3146 420 ιι.

3741 364 3826 418 744

547 486 795 544 fessionis
820 481 1122 544 ecclesiam,
1150 488 1204 535 et
1234 480 1431 550 repulit
1457 480 1865 536 tabernaculum
1898 480 2114 550 Ioseph,
2145 483 2195 542 Α
2228 496 2246 528 ι
2295 486 2413 540 tua,
2439 479 2651 548 quando
2701 477 2922 535 subacta
2949 488 3075 535 sunt
3117 481 3172 535 in
3195 479 3444 552 Egypto
3487 481 3680 537 ubera
3728 493 3818 546 tua,

543 578 682 649 quod
708 578 1092 646 interpretatur
1115 582 1485 643 augmentum;
1507 574 1597 642 qui
1620 575 1979 644 pratermissa
2003 573 2118 644 lege

542 666 636 721 Dei
665 680 860 719 aureos
902 663 1125 718 cultura
1156 677 1265 717 sua
1302 661 1499 716 vitulos
1547 663 1885 727 addiderunt,
1934 671 1990 717 et
2018 677 2104 731 ap-

540 758 810 828 pellantur
835 753 1010 820 Oolla,
1061 754 1116 810 id
1145 763 1248 819 est,
1281 753 1686 808 tabernaculum
1725 753 1833 808 nun
1873 754 1989 819 Dei,
2023 754 2116 809 sed

542 849 743 905 erroris
792 856 848 903 et
890 848 1228 910 damonum,
1286 852 1342 899 et
1397 859 1552 899 soror
1604 844 1776 915 major
1827 860 1890 899 ac
1935 844 2118 899 senior

539 948 762 1010 propter
802 936 1199 992 multitudinem
1250 942 1306 991 et
1352 935 1718 1004 captivitatem
1767 935 1835 990 ab
1878 934 2116 1006 Assyriis

542 1030 809 1086 fornicata
830 1036 916 1085 est
944 1016 1132 1083 contra
1174 1027 1364 1093 Deum,
1397 1026 1522 1094 quia
1547 1024 1835 1094 dereliquit
1874 1024 1995 1078 ﬁdei
2024 1039 2116 1080 ve-

541 1107 780 1184 ritatem,
811 1127 866 1174 et
887 1117 1144 1174 insanivit
1171 1116 1224 1170 in
1264 1116 1641 1171 haereticorum
1671 1115 1943 1185 principes
1969 1130 2117 1169 ama-

540 1219 687 1266 tores
727 1225 872 1276 suos,
921 1210 1012 1279 qui
1039 1209 1221 1264 vestiti
1266 1216 1422 1263 erant
1467 1206 1853 1279 hyacinthinis,
1901 1206 2116 1261 excelsa

539 1306 641 1361 sibi
672 1313 726 1361 et
753 1305 992 1360 cmlestia
1030 1303 1423 1374 promittentes,
1465 1314 1519 1358 et
1552 1317 1867 1357 ascensores
1892 1302 1958 1356 de
1988 1301 2113 1370 qui-

537 1399 637 1453 bus
690 1398 893 1452 dictum
945 1405 1065 1450 est:
1100 1415 1118 1447 ι
1149 1395 1212 1451 lli
1266 1396 1322 1450 in
1368 1394 1616 1450 curribus
1661 1401 1717 1448 et
1763 1393 1820 1447 bi
1861 1393 1912 1447 in
1958 1393 2112 1462 equis

539 1485 559 1559 (
584 1485 730 1542 Psal.
759 1504 851 1542 xix
875 1486 914 1559 ).
942 1487 1150 1542 Eiectos
1173 1485 1317 1542 ﬁlios
1353 1486 1724 1558 Assyriorum,
1769 1492 1825 1541 et
1853 1484 2020 1540 duces
2049 1473 2119 1539 ac

537 1581 882 1651 magistratus
913 1580 1004 1650 qui
1051 1580 1328 1635 scientiam
1385 1579 1488 1634 sibi
1527 1587 1583 1633 et
1631 1575 1993 1647 eloquentiam
2021 1583 2120 1632 re-'

462 1698 468 1703 -
533 1672 873 1743 promittunt.
921 1670 1035 1726 Hoc
1062 1678 1239 1725 autem
1277 1678 1561 1740 propterea
1600 1667 1757 1732 fecit,
1806 1668 1950 1737 quod
1994 1681 2112 1722 eas-

533 1762 653 1818 dem
682 1760 1062 1818 fornicationes
1085 1777 1221 1832 quas
1245 1761 1507 1814 habuerat
1534 1757 1588 1812 in
1619 1758 1875 1828 IEgypto,
1922 1757 1975 1812 id
2000 1765 2106 1824 est,

2231 586 2249 619 ε
2294 577 2350 623 et
2377 568 2666 624 confracta
2697 578 2824 625 sunt
2849 585 3094 626 mamma
3133 573 3444 642 pubertatis
3476 581 3621 638 tua,
3659 593 3678 625 ι
3728 585 3816 630 etc.

2219 655 2378 714 Juxta
2415 659 2650 714 litteram
2691 659 2865 715 facilis
2912 663 3283 732 interpretatio
3308 673 3420 729 est,
3455 665 3622 734 quod
3649 667 3815 723 videns

2219 748 2427 816 Ooliba,
2460 749 2514 806 id
2542 759 2643 815 est,
2677 749 2976 806 Jerusalem
3013 753 3068 807 in
3094 769 3202 824 qua
3247 762 3373 809 erat
3407 755 3514 809 Dei
3575 757 3810 812 taberna-

2218 842 2416 910 culum,
2446 843 2630 914 plagas
2656 844 2880 910 sororis,
2912 860 3019 900 non
3054 855 3138 901 est
3173 833 3429 917 exemplo
3461 851 3805 913 commonita,

2217 942 2276 987 ut
2303 934 2607 988 retraheret
2635 934 2704 988 ab
2729 947 2915 988 errore
2941 935 3132 1004 pedem
3167 950 3346 1002 suum,
3382 937 3487 992 sed
3520 938 3685 991 auxit
3705 955 3805 1008 ger-

2217 1037 2390 1079 mana
2433 1022 2878 1080 fornicationem.‘
2918 1024 3011 1080 Illa
3039 1026 3182 1081 enim
3213 1028 3386 1082 semel
3417 1036 3478 1081 et
3511 1027 3659 1082 foris
3692 1029 3800 1083 inluta

2215 1113 2476 1170 fabricata
2501 1126 2586 1171 est
2623 1116 2677 1170 in
2703 1115 2818 1171 Dan
2853 1124 2908 1172 et
2948 1118 3158 1184 Bethel,
3189 1119 3292 1174 ista
3316 1129 3515 1174 autem
3550 1122 3799 1177 crebmia

2215 1205 2468 1271 excelsis,
2499 1214 2556 1260 et
2597 1207 2654 1260 in
2695 1206 2893 1277 templo
2918 1206 3014 1262 Dei
3045 1207 3291 1262 adoravit
3333 1217 3601 1264 statuam
3627 1209 3796 1276 Baiis,

2215 1307 2269 1353 et
2302 1313 2424 1352 cum
2459 1297 2696 1370 Assyriis
2740 1299 3004 1354 fornicata
3043 1309 3144 1355 est.
3191 1299 3406 1356 [dorum
3443 1311 3648 1357 autem
3694 1304 3795 1361 Bal

2213 1391 2328 1446 sive
2373 1391 2488 1459 Bel,
2531 1399 2587 1448 et
2631 1401 2692 1446 nt
2736 1393 2976 1462 apertius
3023 1393 3198 1447 dicam
3247 1392 3418 1458 Belis,
3460 1393 3792 1465 Assyria-ﬂ

2212 1483 2402 1552 religio
2454 1491 2558 1550 est,
2605 1492 2921 1539 consecrata
2964 1485 3020 1538 in
3067 1484 3332 1540 honorem
3375 1485 3568 1555 patris
3624 1503 3655 1540 a
3682 1488 3788 1543 Ni.

2209 1571 2353 1627 Belis
2388 1572 2536 1628 ﬁlio:
2571 1582 2627 1628 et
2661 1573 3070 1628 fornicationem
3115 1589 3268 1629 suam
3299 1573 3559 1646 Assyriis
3591 1579 3788 1647 przbuit

2212 1665 2551 1736 impudenter
2619 1667 2843 1723 ducibus
2897 1675 2954 1722 et
3003 1669 3418 1737 magistratibus
3485 1671 3585 1740 qui
3647 1671 3785 1725 induti

2211 1766 2367 1812 erant
2392 1765 2541 1812 veste
2567 1758 2718 1812 varia
2748 1768 2804 1815 et
2841 1758 3162 1814 multicolori
3182 1800 3197 1825 ,
3234 1761 3527 1830 equitibus
3558 1769 3617 1816 et
3639 1761 3784 1815 adnit-

533 1861 822 1922 antequam
841 1851 1111 1916 crederet,
1155 1860 1211 1906 et
1249 1851 1425 1905 adhuc
1452 1850 1507 1904 in
1535 1848 1731 1904 saeculo
1764 1849 2104 1914 versabatur,
2135 1833 2183 1892 Β
2210 1847 2485 1902 scentibus
2533 1847 2706 1903 forma
2763 1849 2974 1905 cunctis
3006 1850 3242 1921 egregia,
3302 1851 3382 1906 ita
3429 1860 3498 1906 ut
3534 1852 3784 1907 ambarum

533 1945 696 2000 etiam
720 1943 775 1997 in
799 1942 990 1997 haresi
1014 1941 1278 2006 exercuit,
1313 1949 1368 1995 et
1399 1939 1745 2010 devirginata
1770 1945 1896 1993 sunt
1921 1953 1950 1992 a
1977 1939 2112 1994 viris

531 2035 769 2106 Assyriis
796 2034 886 2105 qui
916 2033 972 2088 in
1002 2033 1202 2087 malitia
1244 2039 1615 2104 perseverant,
1644 2031 1759 2086 sive
1793 2030 2060 2086 ultoribus
2090 2025 2116 2084 εί

531 2124 885 2180 Adversarius
911 2125 1058 2180 enim
1099 2132 1286 2180 noster
1312 2122 1557 2179 diabolus
1593 2123 1708 2193 ipse
1733 2132 1817 2177 est
1856 2121 2109 2177 inimicus

529 2213 584 2272 et
612 2216 774 2283 ultor.
814 2214 893 2270 llli
923 2214 1304 2286 confregcrunt
1341 2215 1504 2270 ubera
1546 2211 1824 2277 Samaria,
1870 2219 1925 2266 et
1950 2203 2116 2282 virgis

529 2305 752 2376 nitatem
780 2305 897 2377 ejus
923 2321 1083 2376 quam
1111 2306 1378 2361 habuerat
1399 2305 1453 2359 in
1476 2303 1706 2360 ecclesia
1734 2302 2102 2385 perdiderunt.

528 2398 822 2468 Propterea
850 2398 1043 2453 tradita
1072 2407 1156 2454 est
1187 2398 1519 2452 amatoribus
1557 2397 1670 2452 suis
1697 2390 1851 2464 juxta
1877 2395 2108 2464 Aposto-

528 2491 658 2558 lum,
694 2491 785 2561 qui
827 2491 1015 2546 scribit
1046 2507 1060 2545 :
1094 2510 1112 2542 ι
1143 2489 1361 2544 Tradidi
1403 2503 1496 2544 eos
1523 2487 1759 2553 Satana,
1800 2496 1862 2542 ut
1897 2488 2106 2544 discant

530 2579 636 2638 non
685 2582 1062 2652 blasphemare
1093 2580 1168 2653 (1
1202 2580 1336 2634 Tim.
1379 2581 1452 2653 ι).
1491 2599 1509 2632 ι
1543 2580 1612 2635 Ει
1643 2597 1658 2635 :
1696 2601 1714 2633 ‹
1751 2578 1970 2636 Tradidi
2011 2593 2106 2635 eos

530 2671 585 2725 in
623 2671 901 2725 interitum
930 2670 1111 2725 carnis
1159 2669 1222 2742 (Ι
1251 2668 1374 2724 Cor.
1397 2670 1466 2742 ν)
1494 2711 1510 2736 ,
1551 2679 1610 2725 ut
1657 2671 1881 2742 spiritus
1925 2668 2104 2725 salvus

528 2761 642 2816 ﬁat.
675 2759 755 2815 llli
785 2760 1265 2832 discooperuerunt
1292 2760 1645 2831 ignominiam
1679 2761 1890 2815 misera
1915 2759 2105 2816 Sama-

528 2854 642 2918 ria,
685 2861 740 2908 et
762 2867 976 2908 omnem
1005 2852 1148 2910 illius
1175 2853 1528 2910 ostenderunt
1571 2851 1981 2924 turpitudinem.
2013 2852 2103 2908 Fi-

526 2941 732 3015 liosque
771 2954 828 3001 et
865 2945 1005 3002 ﬁlias
1035 2947 1128 3018 qui
1163 2947 1228 3002 de
1265 2946 1354 3001 illa
1389 2948 1629 3017 generati
1672 2953 1826 3013 sunt,
1875 2945 2102 3002 scientia

523 3033 801 3104 praeditos,
833 3039 890 3088 et
917 3033 1188 3103 simplices
1229 3041 1394 3104 atque
1433 3034 1735 3104 imperitos,
1767 3035 1970 3090 duxere
2014 3049 2103 3090 ca-

521 3124 718 3195 ptivos,
735 3131 791 3180 et
820 3124 989 3196 ipsam
1022 3123 1412 3182 interfecerunt
1439 3125 1618 3197 gladio
1645 3126 1891 3196 spiritali,
1909 3125 2102 3182 totius-

527 3205 633 3285 que
654 3215 840 3271 mundi
865 3216 922 3271 in
952 3216 1150 3272 malam
1163 3224 1370 3288 partem
1387 3232 1637 3273 sermone
1652 3218 2015 3285 celebrantur,
2045 3225 2101 3275 et
2126 3184 2172 3249 δ

527 3305 663 3361 ﬁunt
679 3305 898 3362 famosae
918 3307 1062 3363 inter
1081 3318 1277 3364 cuncta
1294 3308 1472 3364 saculi
1489 3309 1761 3380 dogmata,
1776 3318 1837 3364 ut
1858 3310 1912 3365 in
1925 3326 2106 3367 exem-

526 3394 676 3464 plum
705 3397 947 3451 omnium
980 3397 1304 3454 feminarum
1336 3401 1614 3470 turpitudo
1650 3401 1794 3456 illius
1825 3402 2100 3472 puniatur.

601 3503 619 3534 ι
650 3484 803 3550 Quod
838 3499 961 3540 cum
989 3486 1211 3542 vidisset
1234 3503 1391 3544 soror
1413 3487 1528 3557 ejus
1553 3489 1764 3556 Ooliba,
1794 3491 1914 3561 plus
1937 3506 2101 3561 quam

526 3591 545 3626 ι
590 3573 682 3628 illa
724 3573 979 3630 insanivit
1016 3575 1258 3645 libidine,
1303 3588 1358 3634 et
1384 3578 1799 3640 fornicationem
1837 3598 1990 3638 suam
2017 3599 2106 3639 su-

527 3683 546 3717 ι
585 3681 681 3736 per
724 3664 1138 3722 fornicationem
1174 3671 1377 3726 sororis
1420 3686 1530 3727 sua
1577 3675 1646 3727 ad
1687 3673 1824 3729 ﬁlios
1857 3674 2106 3746 Assyrio-

525 3777 544 3808 ι
591 3773 709 3812 rum
747 3757 976 3827 prabuit
1024 3759 1363 3830 impudenter
1389 3779 1402 3813 :
1427 3762 1654 3819 ducibus
1687 3775 1742 3820 et
1777 3766 2106 3836 magistrati-

525 3866 546 3899 ι
586 3850 688 3904 bus
707 3849 772 3904 ad
796 3865 854 3906 se
875 3851 1218 3908 venientibus
1240 3853 1444 3912 indutis
1462 3866 1613 3912 veste
1632 3858 1801 3926 varia,
1830 3861 2106 3930 equitibus

526 3960 545 3992 ι
579 3941 672 4011 qui
707 3943 1059 3999 vectabantur
1097 3946 1284 4017 equis,
1335 3955 1390 4002 et
1434 3946 1884 4014 adolescentibus,
1930 3949 2104 4008 forma

523 4051 544 4084 ι
580 4033 789 4089 cunctis
807 4036 1040 4108 egregia.
1074 4036 1143 4091 Et
1167 4037 1278 4093 vidi
1308 4038 1453 4110 quod
1479 4039 1682 4109 polluta
1713 4049 1860 4097 esset
1883 4041 1972 4096 via
1994 4059 2105 4099 una

525 4142 543 4175 ‹
573 4125 851 4180 ambarum
869 4167 884 4193 ,
911 4135 966 4182 et
989 4129 1135 4183 auxit
1170 4128 1557 4187 fornicationes
1579 4148 1725 4188 suas.
1752 4132 1996 4205 Cumque
2020 4135 2105 4191 vi-

525 4233 544 4265 c
592 4215 931 4273 uisset-vicos
952 4219 1191 4290 depictos
1213 4222 1266 4275 in
1291 4223 1516 4292 pariete,
1545 4225 1808 4296 imagines
1831 4225 2108 4283 Chaldae-

527 4324 545 4355 ι
591 4321 710 4360 rum
733 4321 1015 4376 expressas
1035 4311 1322 4379 coloribus,
1341 4323 1397 4369 et
1415 4315 1685 4371 accinctos
1711 4317 1905 4373 balteis
1927 4332 2104 4383 renes,

529 4410 548 4444 ι
594 4403 648 4447 et
676 4395 842 4449 tiaras
863 4396 1062 4452 tinctas
1088 4399 1143 4453 in
1169 4401 1431 4471 capitibus
1456 4419 1641 4458 eorum
1668 4419 1682 4458 :
1713 4403 1886 4460 forma
1913 4408 2107 4462 ducum

529 4502 549 4536 ί
593 4485 835 4540 omnium
879 4487 1231 4570 similitudine
1259 4492 1493 4548 ﬁliorum
1521 4495 1808 4568 Babylonis
1839 4507 2104 4569 terraeque

512 4595 548 4661 _¢
594 4568 967 4635 Chaldaorum
1005 4568 1062 4636 in
1087 4597 1192 4653 qua
1218 4585 1324 4639 orti
1359 4593 1502 4640 sunt.
1554 4586 1622 4641 Et
1656 4587 1912 4643 insanivit
1943 4568 2104 4660 super

527 4689 546 4724 ι
591 4687 686 4728 eos
731 4674 1171 4745 concupiscentia
1221 4677 1502 4734 oculorum
1545 4695 1792 4746 suorum,
1850 4689 1905 4735 et
1958 4682 2105 4736 misit

527 4781 550 4818 ο
591 4765 809 4820 nuntios
843 4767 912 4821 ad
952 4782 1046 4823 eos
1082 4767 1137 4822 in
1167 4766 1493 4824 Chaldaam.
1549 4769 1792 4840 Cumque
1830 4771 2107 4826 venissent

528 4872 550 4909 ι
594 4856 662 4909 ad
688 4871 809 4911 eam
837 4855 932 4910 ﬁlii
957 4856 1243 4928 Babylonis
1273 4861 1336 4914 ad
1368 4859 1542 4916 cubile
1571 4877 1956 4929 mammarum,
1985 4861 2104 4933 pol-

527 4963 548 4998 ι
591 4945 808 5000 luerunt
845 4959 965 5000 eam
1006 4948 1206 5016 stupris
1239 4951 1371 5016 suis,
1398 4961 1453 5006 et
1477 4952 1680 5021 polluta
1706 4964 1790 5009 est
1830 4954 1885 5009 in
1914 4953 2018 5021 eis,
2047 4961 2104 5009 et

527 5053 548 5089 ‹
591 5023 837 5092 saturata
887 5043 965 5089 cst
1013 5037 1194 5090 anima
1245 5038 1362 5108 ejus
1411 5042 1478 5095 ab
1525 5042 1648 5098 illis.
1696 5044 2100 5113 Denudavitque

527 5141 548 5176 ι
593 5123 978 5180 fornicationes
1024 5141 1173 5191 suas,
1231 5137 1285 5182 et
1335 5128 1698 5199 discooperuit
1749 5131 2100 5198 ignominiam

529 5233 547 5266 ι
600 5229 774 5268 suam.
803 5215 871 5270 Et
899 5217 1121 5272 recessit
1155 5218 1337 5272 anima
1363 5235 1482 5273 mea
1509 5219 1576 5274 ab
1597 5235 1682 5286 ea,
1711 5221 1852 5276 sicut
1882 5221 2104 5277 recessit

530 5324 551 5359 ι
595 5305 773 5360 anima
803 5322 920 5362 mea
954 5324 984 5362 a
1011 5324 1198 5365 sorore
1223 5311 1357 5382 ejus.
1383 5310 1752 5381 Multiplicavit
1775 5313 1918 5367 enim
1934 5312 2103 5370 forni-

528 5415 548 5452 ε
593 5397 834 5453 cationes
859 5414 1008 5465 suas,
1032 5401 1321 5456 recordans
1346 5401 1554 5456 dierum
1577 5401 1948 5459 adolescentia
1969 5418 2100 5471 sua,

529 5505 548 5537 ι
593 5487 788 5556 quibus
817 5486 1079 5544 fornicata
1106 5499 1190 5545 est
1225 5491 1280 5545 in
1311 5501 1455 5546 terra
1475 5489 1692 5562 Egypti
1712 5531 1727 5556 ,
1765 5501 1820 5547 et
1847 5493 2104 5549 insanivit

529 5599 547 5630 ι
588 5579 810 5634 libidine
850 5595 1010 5648 super
1054 5584 1341 5638 concubitu
1375 5598 1594 5651 eorum,
1646 5600 1874 5654 quorum
1911 5600 2104 5642 carnes

530 5691 549 5734 ς
595 5682 720 5727 sunt
743 5680 800 5727 ut
821 5689 1011 5728 carnes
1031 5677 1324 5741 asinorum,
1355 5685 1410 5730 et
1433 5677 1574 5732 sicut
1599 5676 1774 5733 ﬂuxus
1811 5694 2099 5748 equorum,

530 5783 546 5820 ί
593 5764 768 5828 fluxus
819 5777 1027 5822 eorum.
1104 5764 1171 5822 Et
1222 5766 1454 5824 visitasti
1503 5766 1681 5825 scelus
1722 5767 2100 5824 adolescentia:

2211 1952 2457 1993 sororum
2507 1954 2618 1993 una
2667 1938 2821 1995 ﬁeret
2866 1939 3173 1996 fornicatio.
3219 1941 3279 1995 In
3322 1956 3397 1997 eo
3442 1953 3622 1998 autem
3655 1947 3784 1997 auxit

2207 2026 2506 2085 Jerusalem
2555 2030 2941 2088 fornicationes
2988 2048 3135 2098 suas,
3190 2033 3336 2102 quod
3368 2035 3568 2089 videns
3604 2035 3654 2088 in
3690 2051 3777 2104 pa-

2207 2117 2433 2174 rietibus
2474 2119 2738 2191 imagines
2778 2119 3153 2177 Chaldaorum
3180 2161 3196 2188 ,
3244 2121 3520 2177 insanivit
3565 2122 3778 2188 mitium,

2206 2218 2264 2266 et
2307 2211 2479 2266 forma
2531 2227 2720 2268 eorum
2755 2214 3073 2284 vestituque
3118 2213 3370 2284 decepta,
3408 2214 3568 2268 misit
3606 2215 3669 2267 ad
3708 2229 3780 2268 eos

2207 2300 2428 2356 nuntios
2463 2301 2722 2357 auxilium
2753 2303 3052 2374 postulans,
3081 2303 3175 2374 qui
3202 2313 3490 2360 venerunt
3529 2311 3589 2358 et
3613 2302 3779 2374 polin:-

2205 2401 2333 2446 runt
2376 2407 2516 2447 eam.
2551 2392 2619 2447 Et
2665 2393 2791 2464 quia
2819 2392 3065 2464 voluptas
3098 2408 3207 2449 non
3245 2402 3335 2448 est
3379 2401 3677 2464 perpetua,
3708 2396 3776 2448 sed

2205 2481 2318 2538 cito
2367 2481 2526 2538 affert
2563 2481 2889 2548 satietatem,
2940 2482 3142 2553 polluta
3197 2492 3251 2540 et
3298 2492 3568 2540 saturata
3597 2486 3651 2540 in
3690 2501 3776 2548 ets,

2205 2574 2442 2629 recessit
2473 2573 2542 2629 ab
2589 2589 2777 2629 eorum
2825 2573 3048 2631 fadere.
3135 2574 3290 2631 Unde
3327 2584 3385 2631 et
3433 2592 3544 2649 ego
3591 2593 3776 2644 cernere

2205 2665 2566 2734 turpitudines
2613 2673 2670 2720 et
2717 2664 3108 2720 fornicationes
3157 2668 3424 2723 omnibus
3484 2670 3775 2738 publicani.

2204 2759 2434 2815 recessit
2475 2760 2542 2815 ab
2571 2773 2657 2826 ea,
2702 2767 2762 2814 ut
2793 2774 2913 2830 qua
2954 2760 3162 2816 sororis
3193 2761 3405 2816 scelera
3437 2763 3668 2826 vicerat,
3693 2776 3776 2832 με

2205 2871 2398 2910 narum
2419 2871 2634 2926 quoque
2656 2870 2897 2911 sororem
2924 2855 3300 2927 magnitudine
3325 2866 3660 2926 superaret;
3689 2871 3777 2925 qn

2204 2952 2367 3000 tanta
2383 2946 2724 3014 procacitatis
2738 2946 2858 3012 fuit,
2876 2955 2936 3000 ut
2950 2953 3172 3001 cunctos
3187 2960 3411 3000 errores
3426 2946 3777 3000 adolescentia

2203 3052 2314 3091 sua
2351 3037 2405 3092 in
2431 3037 2664 3108 graviori
2691 3035 2805 3106 jam
2832 3046 2990 3094 atate
3034 3037 3438 3101 committeret,
3482 3048 3542 3092 et
3555 3037 3775 3109 ,ἱεῖΡὼ

2203 3127 2334 3183 vitia
2353 3127 2405 3181 in
2419 3127 2790 3184 Chaldaorum
2811 3142 3023 3198 quoque
3045 3125 3267 3182 libidine
3296 3136 3628 3183 sectaretur.
3651 3127 3778 3181 liis:-

2203 3219 2337 3274 nivit
2365 3219 2509 3274 enim
2537 3220 2807 3290 quondam
2834 3220 2888 3274 in
2913 3217 3198 3274 concubitu
3221 3217 3620 3290 Egyptiorum,
3646 3233 3780 3287 quo-

2203 3327 2323 3366 rum
2351 3325 2544 3366 carnes
2578 3319 2702 3365 sunt
2731 3309 2798 3364 ad
2833 3309 3240 3364 similitudinem
3269 3311 3564 3374 asinorum,
3589 3318 3644 3364 et
3668 3318 3779 3365 tam

2203 3401 2385 3472 largus
2420 3401 2685 3456 seminum
2708 3399 2902 3467 ﬂuxus,
2922 3401 3033 3455 sive
3059 3400 3300 3455 verenda
3331 3410 3444 3456 tam
3473 3402 3710 3472 grandia,
3733 3412 3782 3455 ut

2205 3506 2467 3562 equorum
2502 3501 2763 3561 superent
2788 3490 3202 3548 deformitatem.
3228 3491 3346 3548 Nec
3367 3493 3612 3547 cessavit
3633 3492 3778 3547 scelus

2205 3583 2578 3639 adolescentia
2610 3581 2747 3652 ejus,
2779 3583 2888 3638 imo
2917 3599 3133 3651 reversa
3178 3593 3265 3640 est
3310 3596 3618 3656 postquam
3659 3585 3774 3638 facta

2205 3683 2290 3730 est
2318 3675 2474 3741 mihi,
2503 3683 2562 3728 ut
2602 3683 2659 3730 et
2703 3674 2757 3729 in
2787 3689 2988 3738 eremo,
3018 3684 3074 3729 et
3100 3675 3154 3730 in
3181 3685 3330 3730 terra
3361 3678 3776 3748 repromissionis

2205 3766 2504 3838 suspiraret
2555 3767 2834 3836 antiquam
2874 3765 3171 3831 libidinem,
3205 3765 3259 3820 in
3305 3782 3420 3836 qua
3468 3770 3772 3839 devirginata

2206 3865 2311 3922 est,
2340 3865 2394 3911 et
2422 3855 2595 3912 fracta
2635 3863 2760 3911 sunt
2786 3857 2952 3912 ubera
2979 3854 3118 3926 ejus,
3144 3864 3200 3911 et
3231 3857 3420 3911 omnis
3450 3859 3628 3914 decor
3650 3860 3776 3930 pta-iit

2205 3947 2504 4019 virginalis.
2545 3945 2747 4020 (Greg.)
2777 3946 2915 4014 Quia
2937 3949 3081 4004 enim
3109 3947 3536 4006 luxuriosorum
3566 3951 3775 4021 petula-

2208 4040 2284 4096 tia
2317 4041 2595 4096 asinorum
2647 4041 3009 4110 appellatione
3034 4057 3132 4112 per
3182 4046 3665 4114 comparationem
3705 4062 3775 4100 et-

2206 4133 2477 4203 primitur,
2506 4141 2631 4204 apte
2657 4133 3132 4201 declaratur,’cum
3172 4152 3272 4208 per
3296 4137 3649 4210 Prophetam
3679 4143 3776 4197 (ici-

2212 4232 2319 4291 tur,
2347 4239 2576 4295 quorum
2615 4239 2806 4282 carnes
2843 4235 2969 4282 sunt
2996 4238 3056 4283 ut
3080 4243 3272 4285 carnes
3300 4232 3626 4288 asinorum.
3658 4232 3760 4305 (Et:

2211 4313 2352 4386 ron.)
2382 4314 2552 4371 Porro
2595 4316 2890 4372 secundum
2916 4318 3266 4389 tropologiam
3313 4319 3573 4380 difficilis
3613 4324 3773 4380 intelli-

2211 4408 2410 4476 gentia,
2441 4409 2711 4480 quomodo
2753 4409 2993 4466 Ecclesia
3045 4411 3359 4468 hareticam
3389 4417 3592 4473 vincat

2129 4540 2182 4600 Ι)
2209 4516 2358 4566 nem,
2388 4503 2490 4556 nisi
2516 4500 2656 4557 forte
2682 4503 2951 4572 possimus
2984 4503 3085 4560 hoc
3117 4503 3317 4573 dicere,
3350 4510 3515 4578 quod
3579 4531 3598 4562 ι
3629 4526 3778 4566 servus

2207 4593 2300 4661 qui
2345 4593 2446 4647 scit
2474 4593 2802 4650 voluntatem
2836 4596 3037 4650 demitti
3085 4597 3188 4664 sui,
3217 4606 3274 4652 et
3309 4613 3432 4653 non
3484 4599 3627 4657 facit
3667 4615 3774 4658 eam.

2205 4683 2480 4752 vapulabit
2520 4685 2702 4740 multis
2751 4684 2903 4756 (Luc.
2931 4685 3056 4756 xu),
3089 4696 3144 4742 et
3176 4677 3318 4758 quod
3371 4691 3634 4748 haretiei
3672 4693 3773 4748 fuit

2207 4772 2436 4828 nefanda
2467 4776 2828 4841 committant,
2856 4785 2911 4832 et
2953 4786 3106 4833 extra
3153 4793 3336 4834 arcam
3369 4780 3496 4838 Noe
3529 4785 3776 4855 naufragi:

2205 4873 2451 4934 pereant.
2505 4865 2868 4922 Ecclesiastici
2921 4878 3131 4936 autem,
3181 4870 3226 4925 si
3273 4885 3470 4927 veram
3517 4875 3676 4931 fidem
3715 4890 3778 4930 se

2205 4964 2451 5024 quentes,
2495 4956 2718 5028 Assyria
2775 4966 2938 5029 atque
2985 4959 3232 5015 Chaldaa
3293 4961 3601 5020 imitentur
3653 4966 3776 5026 vim,

2205 5054 2261 5101 et
2288 5045 2580 5101 discolores
2611 5057 2908 5118 sequantur
2935 5050 3192 5120 imagines
3216 5062 3608 5119 peccatorum,
3639 5054 3778 5123 maio-

2205 5136 2356 5190 ribus
2384 5136 2529 5205 digni
2575 5138 2684 5192 sint
2716 5140 3062 5195 cruciatibus.
3108 5140 3190 5193 An
3215 5157 3324 5196 non
3351 5145 3642 5200 mittimus
3669 5160 3782 5200 am-

2207 5229 2311 5284 tios
2337 5228 2406 5283 ad
2425 5228 2726 5297 Chaldaeos,
2748 5232 2838 5301 qui
2869 5233 3290 5302 interpretantur
3311 5236 3479 5302 quasi
3508 5237 3782 5307 dum

2207 5319 2420 5388 quando
2446 5320 2726 5389 pandimus
2750 5323 2829 5376 eis
2858 5329 3017 5391 atque
3046 5323 3352 5392 prabemus
3392 5325 3691 5398 frangenda
3729 5326 3784 5380 in

2209 5416 2425 5477 pectore
2462 5409 2650 5473 ubera,
2699 5410 2788 5464 ubi
2838 5411 3036 5467 mentis
3075 5412 3367 5481 hospitium
3410 5425 3526 5479 est,
3571 5428 3625 5471 et
3650 5426 3786 5471 satu-

2209 5497 2310 5550 rati
2357 5495 2738 5566 voluptatibus,
2796 5499 2864 5555 ab
2917 5500 3037 5555 aliis
3089 5501 3385 5558 transimus
3446 5505 3518 5560 ad
3557 5509 3788 5570 alias,u

2206 5601 2314 5642 non
2349 5596 2457 5642 tam
2486 5587 2893 5645 fomicationem
2922 5606 3084 5662 quam
3116 5593 3474 5648 meretricum
3506 5611 3787 5651 nutriet-un

2207 5677 2591 5744 desideramus,
2621 5689 2676 5736 et
2703 5681 2770 5735 ad
2801 5690 3005 5736 tantam
3032 5683 3278 5738 venimus
3320 5683 3566 5748 rabiem,
3599 5697 3661 5740 ut
3683 5694 3788 5755 post

2207 5768 2372 5824 multa
2412 5779 2652 5841 tempora
2681 5769 2971 5829 Dominica
3004 5772 3311 5840 servitutis,
3355 5782 3710 5830 revertamur
3733 5771 3793 5828 ad
