3916 6356
77 1619 90 1637 \

77 5625 87 5717 l

148 340 247 398 τις)

1038 386 1047 396 .
1082 305 1431 398 conuerti“.
1466 337 1534 392 lN
1571 332 2019 391 suamsuam.
2057 362 2129 409 -ε
2165 332 2293 388 us.
2334 330 2429 408 rx.

3258 330 3365 387 750

144 458 264 513 dine
290 456 613 511 rusticorum
645 465 702 512 et
739 454 1009 511 latronum
1050 454 1293 510 habitum
1332 449 1697 522 prtel‘erentes.
1726 450 1775 510 Α
1808 463 1827 496 ι
1863 458 2026 509 nono,
2042 443 2097 498 in
2120 459 2303 498 mense
2320 443 2548 508 decimo,
2573 443 2778 500 decima
2795 445 2881 500 die
2900 445 3122 511 mensis,
3143 443 3364 524 dicens:

142 544 209 603 Et
244 546 299 601 in
342 553 545 623 tantam
590 546 893 615 exarsistis,
927 560 960 600 ο
994 559 1207 600 sorores
1240 543 1508 613 pessimae,
1554 542 1701 597 insa-

141 637 281 694 niam
327 636 680 707 voluptatum,
730 644 793 691 ut
838 634 1076 692 armillas
1114 643 1325 690 vestras
1348 643 1405 688 et
1429 633 1699 689 discrimi-

140 726 277 783 nalia
320 724 665 796 imponeretis
707 724 1068 795 manibus,.et
1094 723 1359 794 capitibus
1397 730 1698 785 amatorum

138 824 468 883 vestrorum,
494 816 610 872 sive
639 815 791 872 vobis
821 815 972 886 ipsis,
997 823 1059 869 ut
1087 814 1258 886 plenae
1287 822 1482 869 ornatu
1511 821 1696 882 turpa-

138 903 347 960 remini.
395 902 752 971 Quamobrem
788 905 898 961 dixi
931 903 982 960 ei
1015 904 1100 959 vel
1144 903 1458 969 Jerusalem,
1484 903 1567 957 vel
1594 903 1696 958 Sa—

136 996 346 1063 mariae,
386 996 472 1053 vel
502 997 718 1069 utrique
749 1016 764 1053 :
797 997 891 1053 Sic
926 997 1150 1054 trivistis
1189 998 1418 1052 frontem
1443 1038 1459 1063 ,
1499 1006 1561 1053 ul.
1605 1014 1700 1053 ne-

135 1104 400 1162 quaquam
440 1098 653 1148 secreto
682 1091 1049 1163 polluamini,
1104 1091 1190 1147 vel
1228 1091 1429 1157 mariti,
1479 1090 1564 1146 vel
1603 1089 1699 1145 bo-

134 1180 335 1234 minum
373 1181 558 1237 vitetis
612 1190 888 1254 aspectum
915 1223 933 1248 ,
984 1182 1081 1238 sed
1132 1182 1307 1237 instar
1347 1181 1698 1237 meretricum

134 1268 347 1337 publice
390 1272 790 1340 prostituamini
816 1312 833 1340 ,
878 1273 975 1343 qui
1019 1272 1247 1344 ingressi
1290 1272 1523 1327 suntrad
1564 1285 1694 1336 vos,

131 1363 283 1432 quasi
321 1362 390 1417 ad
426 1364 762 1431 meretrices,
800 1364 1441 1435 certatimvospolluere
1472 1363 1695 1434 cupien—

129 1457 228 1507 tes.
271 1448 506 1508 Tradam
552 1454 717 1527 igitur
749 1470 846 1511 vos
883 1455 970 1511 his
1012 1455 1080 1510 ad
1113 1453 1464 1524 puniendum,
1502 1453 1697 1523 quibus

127 1542 268 1599 ultro
296 1545 512 1602 traditae
540 1546 674 1602 estis
698 1546 769 1605 ad
792 1544 1209 1616 deturpandum.
1244 1543 1384 1600 Justi
1411 1543 1555 1600 enim
1590 1542 1695 1598 viri

122 1642 251 1689 sunt
288 1634 345 1691 in
382 1649 451 1690 eo
490 1635 635 1705 quod
676 1634 975 1691 adulteram
1012 1643 1068 1690 et
1102 1633 1448 1704 parricidam,
1488 1646 1576 1687 me
1608 1631 1693 1702 ju-

123 1723 284 1780 beute
316 1744 330 1781 :
380 1726 727 1801 discruciant.
761 1727 886 1783 Haec
929 1726 1073 1782 enim
1099 1726 1229 1781 dicit
1268 1723 1527 1780 Dominus
1554 1726 1695 1780 Deus

1796 555 1825 609 _«
1857 534 1958 589 Fili
1984 534 2238 599 hominis,
2264 534 2440 589 scribe
2484 533 2581 605 tibi
2608 549 2803 591 nomen
2832 534 2938 588 diei
2966 535 3146 605 hujus,
3178 526 3233 592 in
3260 551 3367 607 qua

1805 641 1823 674 ι
1861 623 2207 679 confirmatus
2226 634 2310 677 est
2330 638 2425 678 rex
2447 622 2736 691 Babylonis
2759 625 3043 681 adversum
3068 623 3369 685 Jerusalem

1803 732 1823 766 ι
1860 714 2041 781 hodie,
2070 721 2124 769 et
2161 714 2307 770 dices
2342 729 2440 785 per
2467 715 2809 784 proverbium
2839 715 2905 769 ad
2932 716 3149 770 domum
3190 716 3372 771 irrita-

1803 823 1823 857 ι
1861 805 2049 861 tricem
2076 805 2411 877 parabolam,
2445 812 2500 860 et
2545 803 2782 874 loqueris
2811 804 2878 859 ad
2902 820 2997 860 eos
3025 824 3038 859 :
3072 805 3198 861 Haec
3237 806 3369 861 dicit

1794 916 1821 965 _¢
1859 896 2119 953 Dominus
2139 895 2282 951 Deus
2307 913 2320 950 :
2344 895 2490 951 Pone
2505 894 2688 963 ollam,
2703 909 2862 964 pone,
2878 895 3125 964 inquam,
3140 905 3195 961 et
3215 896 3368 951 mitte

1800 1007 1822 1041 ι
1860 989 1913 1042 in
1939 1001 2058 1042 eam
2078 1002 2294 1058 aquam.
2318 985 2559 1056 Congere
2581 984 2749 1042 frusta
2769 984 2886 1054 ejus
2908 986 2960 1040 in
2981 1001 3122 1050 eam,
3149 1000 3367 1043 omnem

1804 1096 1823 1130 ι
1858 1085 2070 1148 partem
2091 1078 2310 1142 bonam,
2338 1075 2511 1132 femur
2534 1085 2590 1131 et
2615 1091 2845 1143 armum,
2874 1075 3046 1132 electa
3074 1085 3128 1130 et
3154 1075 3368 1131 ossibus

1801 1189 1821 1221 ι
1850 1170 2029 1239 plena.
2097 1168 2515 1241 Pinguissimum
2573 1182 2736 1238 pecus
2795 1181 3048 1234 assume,
3106 1177 3369 1234 compone

1801 1280 1822 1313 ι
1858 1275 2069 1331 quoque
2090 1269 2267 1317 strues
2294 1260 2494 1316 ossium
2525 1259 2626 1314 sub
2643 1273 2724 1323 ea.
2756 1257 3014 1313 Ell‘erbuit
3039 1255 3210 1313 coctio
3227 1252 3365 1324 ejus,

1801 1368 1821 1401 ι
1856 1351 2161 1406 etdiscocta
2187 1358 2313 1405 sunt
2333 1348 2609 1404 ossaillius
2634 1334 2689 1402 in
2719 1348 2897 1403 medio
2923 1344 3058 1415 ejus,
3084 1354 3367 1416 propterea

1801 1456 1823 1489 ι
1858 1437 1975 1493 ιιωο
2000 1439 2126 1494 dicit
2156 1438 2415 1493 Dominus
2452 1438 2635 1493 Deus:
2668 1436 2760 1493 Vte
2803 1434 3006 1491 civitati
3041 1434 3367 1505 sanguinum

1801 1549 1821 1583 ι
1853 1528 2035 1593 ΟοΙΙω,
2077 1527 2231 1598 cujus
2279 1528 2470 1599 rubigo
2494 1527 2548 1581 in
2591 1540 2655 1582 ea
2676 1533 2779 1592 est,
2806 1532 2861 1579 et
2896 1525 3086 1595 rubigo
3111 1523 3228 1593 ejus
3256 1539 3363 1579 non

1799 1634 1823 1671 ι
1857 1619 2025 1674 exivit
2060 1618 2127 1673 de
2151 1633 2236 1674 ea.
2280 1616 2387 1674 Per
2414 1623 2594 1688 partes
2619 1623 2676 1671 et
2719 1629 2818 1686 per
2843 1622 3027 1685 partes
3058 1629 3185 1668 suas
3232 1613 3369 1684 ejice

1803 1730 1823 1761 ι
1868 1726 2009 1768 eam.
2048 1710 2166 1767 Non
2200 1711 2399 1767 cecidit
2446 1724 2609 1780 super
2648 1722 2769 1765 eam
2803 1721 2957 1763 sors-
2984 1704 3214 1775 Sanguis
3252 1702 3371 1773 ejus

122 1813 328 1872 Monitu
376 1815 526 1873 vocis
558 1792 707 1873 ωωξ
745 1830 1010 1887 εοηςιορεει
1055 1814 1124 1870 ad
1171 1829 1286 1881 eas,
1319 1829 1354 1869 ο
1399 1813 1689 1883 propheta,
1723 1792 1769 1851 B
1800 1821 1818 1853 ι
1853 1802 1998 1857 enim
2036 1800 2093 1887 in
2116 1800 2295 1857 medio
2327 1798 2601 1887 ejusuest,
2625 1795 3248 1887 superlimpidissimam
3277 1808 3371 1862 pe-

124 1905 522 1961 multitudinem
554 1905 895 1977 populorum,
933 1913 989 1961 et
1019 1904 1253 1976 primum
1279 1903 1565 1973 diripiatur
1602 1918 1695 1974 ea-

127 2009 243 2049 rum
273 1996 522 2053 universa
548 1997 871 2061 substantia,
913 1996 1106 2053 deinde
1149 1995 1453 2067 lapidcntur
1475 2002 1530 2049 et
1556 2009 1695 2050 con-,

125 2082 395 2141 fodiantur
417 2086 632 2157 gladiis,
663 2096 720 2143 et
756 2086 851 2142 filii
876 2102 1062 2143 earum
1089 2096 1145 2143 et
1176 2086 1299 2142 filia:
1336 2084 1691 2149 trucidentur,

124 2183 179 2229 et
195 2175 384 2232 domus
410 2176 657 2233 ardeant.
688 2177 757 2232 Et
784 2178 900 2234 ιιωο
926 2178 1110 2233 omnia
1139 2177 1289 2242 fient,
1329 2183 1391 2231 ut
1416 2173 1694 2230 auferatur

123 2266 189 2320 de
216 2274 358 2322 terra
399 2266 669 2338 impietas,
706 2276 763 2323 et
791 2267 1002 2324 discant
1034 2282 1227 2323 omnes
1263 2266 1540 2331 mulieres,
1568 2265 1693 2320 uni-

124 2370 393 2427 versaque
436 2358 730 2428 provincia:
753 2358 930 2429 poenis
971 2372 1161 2414 earum
1198 2355 1396 2413 similia
1430 2356 1688 2422 devitare,

123 2455 180 2519 ut
200 2456 486 2519 postquam
517 2449 834 2520 receperitis
859 2466 978 2521 quas
1000 2448 1318 2515 meremini,
1349 2456 1405 2505 et
1438 2458 1693 2519 portave-

126 2537 238 2591 ritis
281 2537 495 2595 scelera
537 2530 799 2594 idolorum
831 2548 1154 2604 vestrorum,
1194 2547 1319 2593 tunc
1357 2536 1693 2608 cognoscatis

124 2631 260 2701 quod
286 2647 385 2701 ego
419 2632 525 2687 sim
553 2633 829 2691 Dominus.
867 2632 996 2690 Haec
1020 2641 1200 2691 autem
1226 2632 1409 2688 omnia
1434 2640 1697 2702 τροπικῶς.

118 2730 175 2778 ct
196 2723 294 2779 sub
320 2732 452 2794 typo
474 2718 844 2783 adulterarum
866 2723 1012 2780 dicta
1033 2733 1159 2780 sunt
1179 2731 1367 2780 contra
1388 2722 1690 2778 Samariam

117 2825 177 2871 et
197 2804 527 2883 Jerusalem,
553 2816 697 2888 quod
717 2817 954 2888 Assyriis
976 2816 1186 2873 traditae
1209 2824 1373 2886 atque
1403 2814 1688 2881 Chaldaeis,

122 2906 287 2962 ductae
326 2898 545 2969 sint-in
564 2909 964 2979 captivitatem,
990 2918 1047 2965 et
1080 2909 1241 2964 urbes
1283 2923 1470 2963 earum
1501 2908 1689 2963 incen-

118 2994 204 3049 dio
227 2997 653 3058 concremarint,
678 2996 947 3055 interfecti
975 3006 1106 3057 sunt
1124 2997 1307 3070 populi
1342 2998 1433 3067 qui
1454 3012 1553 3068 pro
1580 2997 1691 3054 Deo

120 3084 416 3142 daemonum
459 3086 751 3142 simulacra
779 3088 1022 3144 venerati
1056 3096 1201 3145 sunt.
1230 3086 1461 3145 Possunt
1492 3088 1608 3144 llth
1635 3096 1693 3144 et

1800 1907 1819 1940 ι
1859 1896 1997 1943 tram
2022 1885 2211 1943 ell'udit
2244 1887 2413 1942 illum.
2442 1885 2558 1942 Non
2583 1884 2773 1941 eli'udit
2800 1884 2949 1938 illum
2974 1899 3137 1953 super
3165 1892 3368 1939 terram

1800 1998 1820 2031 ι
1850 1989 1911 2035 ut
1937 1981 2108 2051 possit
2127 1979 2325 2051 operiri
2352 1978 2593 2050 pulvere,
2622 1976 3367 2049 utsuperduceremindigna—

1799 2090 1819 2124 ι
1856 2071 2130 2129 nationem
2155 2084 2353 2135 meam,
2377 2077 2435 2124 et
2462 2068 2696 2124 vindicta
2736 2067 3048 2123 ulciscerer.
3079 2064 3208 2121 Dedi
3239 2080 3366 2120 san-

1800 2180 1821 2213 ι
1869 2162 2083 2233 guinem
2107 2159 2225 2230 ejus
2254 2175 2417 2231 super
2441 2168 2649 2230 petram
2678 2158 3111 2229 limpidissimam
3139 2173 3207 2212 ne
3235 2172 3367 2226 ope-

1799 2273 1819 2307 ι
1857 2254 2078 2310 riretur.
2122 2252 2416 2323 Propterea
2452 2253 2566 2307 haec
2601 2250 2734 2319 dicit
2758 2250 3016 2306 Dominus
3055 2248 3240 2303 Deus:
3274 2248 3368 2304 Vae

1800 2363 1821 2397 ι
1855 2344 2065 2400 civitati
2113 2345 2435 2415 sanguinum
2467 2384 2484 2411 ,
2525 2342 2677 2413 cujus
2722 2356 2823 2412 ego
2863 2340 3121 2412 grandem
3172 2337 3370 2394 faciam

1798 2453 1833 2493 ι,
1856 2450 2067 2507 pyram.
2096 2434 2341 2506 Congere
2359 2449 2504 2500 ossa,
2534 2449 2656 2504 qua:
2683 2432 2807 2503 igne
2834 2431 3176 2487 suecendam.
3226 2429 3371 2485 Con-

1799 2548 1820 2582 ι
1854 2536 2136 2586 sumentur
2171 2541 2385 2592 carnes,
2425 2537 2482 2582 et
2507 2533 2876 2594 concoquetur
2930 2523 3180 2578 universa
3219 2537 3365 2577 com-

1799 2641 1821 2689 ι
1853 2621 2068 2692 positio,
2094 2628 2150 2677 et
2170 2633 2296 2675 ossa
2318 2619 2620 2675 tabescent.
2649 2615 2796 2671 Pone
2822 2629 3036 2685 quoque
3059 2627 3180 2668 eam
3205 2626 3369 2682 super

1800 2734 1819 2768 ι
1854 2729 2056 2786 prunas
2084 2728 2332 2777 vacuam,
2359 2719 2421 2769 ut
2456 2710 2748 2768 incalescat
2777 2716 2834 2765 et
2859 2697 3098 2778 liquetiat
3130 2720 3205 2766 ms
3228 2703 3368 2775 ejus,

1800 2824 1825 2859 ι
1854 2813 1910 2861 et
1936 2803 2197 2860 conlletur
2218 2804 2273 2859 in
2300 2802 2478 2859 medio
2501 2801 2965 2871 inquinamentum
2992 2797 3216 2867 ejus,.et
3234 2812 3368 2854 con-

1800 2916 1823 2953 ι
1850 2906 2101 2954 sumatur
2133 2898 2323 2968 rubigo
2374 2893 2510 2964 ejus.
2551 2893 2716 2950 Multo
2742 2892 2926 2949 labore
2963 2893 3213 2948 sudatum
3256 2900 3362 2957 est,

1801 3009 1823 3042 ι
1852 2995 1909 3045 et
1950 3004 2058 3044 non
2085 2988 2256 3044 exivit
2295 2988 2360 3044 de
2390 3001 2453 3042 ea
2494 2985 2659 3049 nimia
2694 2985 2886 3054 rubigo
2907 2982 3042 3052 ejus,
3069 2996 3244 3054 neque
3268 2997 3370 3052 per

1802 3096 1823 3131 ι
1852 3079 2050 3150 ignem.
2078 3077 2421 3132 lmmunditia
2436 3085 2526 3130 tua
2539 3074 2908 3140 exsecrabilis,
2924 3074 3050 3142 quia
3072 3072 3366 3128 emundare

121 3185 238 3246 post
273 3178 566 3233 adventum
608 3176 808 3232 Christi
851 3177 1072 3249 intelligi
1098 3218 1113 3243 ,
1144 3177 1287 3248 quod
1329 3177 1433 3233 viri
1459 3175 1591 3247 justi
1626 3180 1693 3234 de

1802 3187 1822 3225 ι
1856 3177 1910 3225 te
1932 3169 2096 3234 volui,
2139 3176 2196 3224 et
2240 3183 2349 3223 non
2374 3180 2434 3221 es
2472 3164 2728 3219 mundata
2758 3179 2788 3218 a
2813 3162 3061 3219 sordibus
3105 3162 3228 3217 tuis.
3259 3160 3365 3217 Sed

117 3269 320 3339 populis
340 3268 626 3325 nationum
646 3269 749 3339 ipsi
773 3268 1144 3324 Samaritanos
1167 3277 1221 3324 et
1240 3266 1456 3325 Judteos
1477 3284 1695 3341 compa-

122 3361 324 3416 ratione
348 3361 433 3417 sui
459 3358 720 3430 judicent,
749 3371 803 3416 et
835 3360 1056 3416 tradant
1084 3375 1179 3416 eos
1208 3361 1276 3415 ad
1306 3360 1695 3428 devorandum,

123 3452 310 3521 quibus
334 3453 596 3508 Dominus
621 3452 832 3506 dixerat
856 3470 871 3507 :
904 3470 921 3502 ι
951 3452 1307 3522 Relinquetur
1331 3453 1481 3508 vobis
1503 3453 1694 3509 domus

124 3552 292 3599 vestra
323 3545 540 3601 deserta
566 3543 785 3616 (Matth.
812 3543 990 3616 χχιιι).
1023 3563 1042 3595 ι
1078 3544 1147 3598 Et
1169 3563 1186 3595 ι
1214 3545 1428 3613 quando
1450 3544 1699 3601 videritis

122 3634 443 3691 circumdari
473 3636 542 3690 ab
566 3634 811 3691 exercitu
836 3633 1157 3700 Jerusalem,
1201 3634 1393 3689 scitote
1440 3634 1564 3703 quia
1599 3648 1694 3703 ap-

120 3728 445 3798 propinquat
461 3727 722 3783 desolatio
741 3726 878 3798 ejus.
903 3747 921 3780 ι
945 3725 1125 3797 Usque
1141 3726 1300 3782 hodie
1320 3725 1462 3782 enim
1486 3725 1691 3781 adulte-

124 3829 252 3875 rata
292 3827 441 3885 sunt,
477 3827 533 3874 et
573 3820 737 3876 totius
778 3820 929 3876 orbis
974 3819 1244 3890 lapidibus
1293 3819 1690 3890 opprimuntur.

120 3905 385 3974 Quoniam
410 3909 676 3965 miserunt
711 3910 927 3963 nuntios
955 3908 1021 3963 ad
1046 3923 1140 3964 eos
1183 3909 1274 3979 qui
1304 3917 1459 3964 erant
1484 3908 1692 3979 procul,

120 4008 176 4053 et
213 3999 397 4055 dicere
426 4014 531 4055 non
560 4008 830 4069 poterant,
861 4018 880 4050 ι
923 4000 1034 4069 Ego
1073 4001 1214 4055 Deus
1238 4000 1693 4070 appropinquans,

116 4097 176 4145 et
203 4104 311 4145 non
334 4091 404 4146 de
432 4090 609 4161 longe,
632 4090 763 4146 dicit
787 4091 1064 4156 Dominus,
1099 4109 1118 4142 ι
1169 4098 1226 4145 et
1256 4098 1713 4160 pneparaverunt.

118 4196 182 4237 se
225 4181 559 4237 amatoribus
601 4181 715 4236 suis
758 4180 1112 4247 daemonibus,
1146 4189 1203 4235 et
1232 4195 1449 4235 omnem
1490 4180 1693 4235 cultum

118 4276 288 4340 atque
342 4278 616 4335 ornatum,
663 4284 823 4340 quem
876 4284 909 4324 a
956 4269 1069 4325 Deo
1094 4277 1419 4340 acceperant
1462 4268 1695 4324 naturali

119 4361 283 4426 bono,
315 4368 594 4416 verterunt
622 4360 675 4416 in
710 4360 912 4416 cultum
943 4361 1266 4416 dtemonum.
1309 4359 1377 4414 Et
1402 4375 1567 4430 opera
1595 4373 1695 4415 sua

119 4453 481 4522 decoremque
512 4467 672 4523 quem
706 4453 761 4507 in
791 4452 1021 4508 armillis
1057 4459 1112 4506 et
1147 4451 1447 4507 diademate
1489 4450 1695 4507 intelli-

1800 3278 1821 3312 ι
1853 3274 1955 3315 nec
2001 3258 2347 3314 mundaberis
2396 3256 2569 3327 prius,
2620 3255 2791 3310 donec
2842 3254 3122 3323 quiescere
3172 3252 3367 3307 faciam

1799 3369 1825 3404 ι
1861 3349 2283 3421 indignationem
2313 3362 2490 3403 meam
2538 3347 2592 3401 in
2632 3354 2700 3405 te-
2730 3345 2844 3416 Ego
2869 3344 3127 3417 Dominus
3156 3344 3371 3399 locutus

1799 3459 1823 3495 ι
1860 3456 2001 3497 sum.
2043 3439 2202 3505 Venit
2240 3448 2297 3494 et
2323 3438 2539 3504 faciam,
2562 3452 2668 3492 non
2698 3435 2963 3501 transibo,
2984 3448 3086 3490 nec
3122 3448 3363 3505 paream,

1800 3550 1825 3585 ι
1857 3545 1958 3588 nec
1990 3530 2264 3601 placabor.
2291 3528 2454 3583 Juxta
2499 3527 2616 3583 vias
2649 3535 2788 3592 tuas,
2837 3534 2894 3582 et
2923 3524 3077 3595 juxta
3101 3524 3363 3579 adiuven-

1800 3641 1819 3675 ι
1863 3622 2038 3678 tiones
2067 3629 2188 3677 tuas
2221 3619 2457 3689 iudicavi
2484 3627 2557 3685 te,
2591 3619 2720 3675 dicit
2749 3617 3029 3680 Dominus,
3066 3634 3086 3668 ›
3121 3621 3224 3670 etc.
3275 3612 3373 3668 Di—

1794 3727 1982 3777 camus
2024 3727 2157 3783 ergo
2210 3712 2276 3768 de
2325 3711 2552 3782 singulis
2590 3729 2604 3766 :
2641 3709 2793 3767 Nono
2849 3723 2992 3764 anno
3026 3704 3372 3777 captivitatis

1796 3805 1940 3875 regis
1962 3802 2228 3872 Joacbim,
2267 3804 2456 3875 quinto
2481 3803 2625 3858 enim
2646 3816 2874 3858 exorsus
2896 3808 2982 3856 est
3017 3799 3364 3869 prophetare,

1795 3903 1851 3950 et
1879 3894 2088 3949 decimo
2141 3908 2326 3953 mense
2374 3891 2613 3961 ejusdem
2666 3891 2795 3947 noni
2833 3890 2982 3955 anni,
3023 3887 3371 3955 decium-,die

1797 3985 2000 4049 mensis
2037 3983 2256 4049 decimi,
2285 3983 2487 4041 factum
2522 3990 2608 4039 est
2642 3982 2866 4037 verbum
2897 3979 3107 4035 Domini
3138 3978 3371 4039 atl..Eze-

1796 4075 1938 4143 chiel
1975 4074 2293 4143 prophetam
2341 4073 2395 4127 in
2425 4070 2711 4142 Babylonis
2749 4069 3058 4138 regionibus
3103 4062 3367 4123 constitué

1799 4173 1934 4229 tum.
1959 4164 2028 4216 Et
2053 4162 2191 4217 dixit
2212 4161 2287 4225 ei,
2318 4159 2418 4215 Fili
2439 4158 2696 4223 hominis,
2724 4157 2901 4214 scribe
2929 4156 3028 4211 tibi
3050 4155 3189 4210 hanc
3215 4169 3369 4217 eamc

1798 4253 1919 4308 dem
1943 4251 2111 4318 diem,
2151 4259 2208 4307 et
2235 4251 2371 4307 scito
2392 4249 2534 4320 quod
2561 4262 2658 4303 rex
2700 4245 2987 4317 Babylonis
3016 4244 3176 4300 hodie
3202 4243 3256 4298 in
3284 4257 3374 4298 re-

1797 4346 1955 4416 gione
1973 4342 2160 4399 Judaea
2185 4343 2466 4399 obsidione
2505 4340 2710 4412 ceperit
2734 4337 3065 4404 Jerusalem,
3088 4344 3144 4392 et
3167 4335 3373 4396 vallare

1797 4452 1919 4494 eam
1946 4434 2211 4492 exercitu.
2252 4432 2322 4487 Et
2357 4431 2695 4488 obsidionem
2722 4430 2881 4484 istam
2913 4441 3012 4497 per
3054 4425 3370 4499 parabolas!

122 4543 316 4614 gimus,
362 4514 621 4599 adulteris
666 4543 999 4598 amatoribus
1042 4541 1417 4612 praebuerunt,
1464 4556 1695 4610 quorum
1720 4514 1773 4575 Β
1799 4527 2046 4586 describe
2077 4533 2241 4597 atque
2286 4523 2653 4597 proverbium.
2704 4535 2825 4592 qua!
2869 4520 2924 4614 in
2954 4518 3224 4614 praesenti,
3252 4517 3385 4574 loco

122 4647 281 4702 ptena
328 4633 577 4705 gentibus
626 4633 907 4699 timorem,
952 4632 1063 4687 imo
1104 4632 1188 4688 bis
1220 4633 1313 4701 qui
1353 4648 1417 4687 ex
1448 4632 1696 4702 gentibus

124 4727 485 4793 crediderunt,
513 4740 582 4782 ne
609 4725 805 4781 similia
834 4724 1129 4794 patiantur,
1154 4723 1200 4778 si
1227 4738 1291 4777 ea
1331 4722 1555 4778 fecerint
1576 4738 1697 4791 quae

124 4816 372 4875 Samaria
419 4820 549 4876 fecit
581 4828 638 4876 et
670 4818 1037 4887 Hierusalem;
1090 4833 1121 4872 a
1150 4819 1348 4887 quibus
1391 4826 1519 4873 tunc
1548 4816 1698 4872 aufe-

128 4919 313 4965 rentur
350 4911 681 4984 impietates,
730 4926 854 4966 cum
901 4911 1210 4981 receperint
1251 4908 1456 4964 scelera
1490 4922 1609 4971 sua,
1640 4915 1697 4962 et

125 5000 365 5056 velamen
393 5001 537 5072 quod
560 5002 795 5072 positum
818 5009 902 5056 est
922 5009 1048 5056 ante
1072 5001 1280 5056 vultum
1309 4999 1477 5071 Moysi
1499 5001 1699 5072 (Exod.

130 5090 313 5164 xxxiv)
367 5091 691 5148 abstulerint
732 5092 801 5147 ab
847 5091 1021 5148 oculis
1073 5092 1225 5159 suis,
1268 5098 1330 5145 ut
1374 5099 1703 5160 cognoscant

129 5185 267 5254 quod
305 5185 424 5257 ipse
450 5185 524 5241 sit
545 5184 804 5242 Dominus
838 5184 999 5241 Jesus
1020 5184 1273 5241 Christus
1304 5197 1463 5254 quem
1491 5182 1590 5238 Dei
1613 5182 1703 5238 Fi-

131 5273 258 5333 lium
292 5284 627 5347 negaverunt
654 5275 743 5347 (II
769 5274 894 5331 Cor.
925 5275 1028 5347 ιιι).

694 5391 921 5451 CAPUT
951 5390 1137 5446 XXIV.

135 5482 241 5543 Per
267 5489 428 5545 ollam
457 5488 790 5559 liquefactam
843 5486 1091 5559 probatur
1137 5481 1433 5559 incendium
1479 5479 1704 5559 lcruma

203 5558 340 5614 lem:
376 5551 623 5632 prnfdictit
666 5551 869 5632 quoque
918 5554 1165 5632 populum
1203 5551 1615 5619 interﬁciendum
1655 5558 1705 5603 et

202 5626 572 5701 captivhndum
600 5626 692 5701 per
722 5626 1223 5682 Nabuchodonosor.

210 5761 233 5795 ι
258 5742 325 5797 Ει
362 5742 559 5800 factum
606 5752 691 5800 est
728 5742 949 5800 verbum
982 5736 1189 5795 Domini
1219 5735 1288 5792 ad
1332 5748 1419 5788 me
1459 5732 1512 5788 in
1563 5747 1707 5789 anno

1800 4623 2174 4693 metaphoram
2202 4660 2217 4685 ,
2277 4616 2792 4684 translationemque
2847 4611 3139 4682 significat.
3190 4609 3372 4674 Pone,

1800 4713 1996 4783 inquit,
2031 4711 2194 4766 ollam
2215 4722 2442 4772 teneam,
2460 4706 2514 4761 id
2539 4713 2624 4760 est
2636 4703 2888 4765 lebetem,
2906 4707 2970 4752 et
2999 4699 3152 4753 mitte
3174 4697 3229 4751 in
3251 4711 3374 4752 eam

1801 4819 2019 4874 aquam,
2051 4813 2105 4857 et
2137 4799 2611 4871 pinguissimorum
2654 4790 3012 4848 animantium
3055 4803 3216 4844 omne
3248 4801 3372 4843 cor-

1796 4919 1898 4976 pus
1921 4903 1975 4956 in
2009 4900 2180 4955 frusta
2209 4898 2455 4962 concide,
2486 4904 2596 4950 tam
2624 4893 2822 4957 femur,
2865 4905 3029 4962 quam
3053 4904 3180 4944 crus
3202 4896 3260 4943 et
3277 4903 3367 4943 ar-

1804 5009 1972 5057 mum,
2022 5005 2320 5060 carncsque
2367 4988 2652 5057 diligenter
2696 4985 2764 5040 ab
2809 4984 3025 5039 ossibus
3064 4995 3275 5050 separa.
3305 4978 3376 5034 Et

1801 5085 2058 5141 carnibus
2081 5082 2260 5137 missis
2304 5081 2360 5136 in
2404 5079 2635 5135 lebetem
2664 5090 2788 5132 ossa
2826 5088 2966 5144 pone
3000 5072 3084 5127 vel
3112 5086 3393 5139 compone

1803 5177 1902 5233 sub
1930 5175 2124 5241 lebete,
2141 5181 2198 5228 et
2217 5172 2302 5227 fac
2330 5179 2509 5226 strues
2537 5176 2594 5224 et
2619 5166 2863 5223 cumulos
2886 5163 3109 5226 ossium,
3134 5169 3193 5216 ut
3216 5159 3373 5216 etl‘er-

1804 5275 1991 5324 vescat
2036 5280 2143 5320 non
2174 5261 2362 5327 semel,
2396 5261 2492 5317 sed
2529 5259 2842 5329 frequenter
2869 5254 3046 5311 coctio
3071 5251 3283 5317 lebetis,
3316 5259 3378 5307 et

1806 5363 2195 5429 (ﬁscoquantur
2228 5366 2421 5410 carnes
2445 5349 2788 5411 intrinsecus,
2830 5352 2887 5401 et
2911 5358 3033 5400 ossa
3059 5343 3244 5398 subter
3291 5339 3399 5394 ιιι--

1809 5451 2442 5508 eendioconcrementur.
2464 5440 2558 5495 Vis
2573 5446 2772 5503 autem,
2797 5436 3086 5506 Propheta,
3101 5430 3395 5501 scirequis

1810 5544 1881 5599 sit
1917 5543 2021 5596 iste
2048 5539 2218 5600 lebes,
2261 5535 2345 5590 vel
2389 5547 2508 5602 quae
2555 5544 2765 5594 carnes,
2817 5535 2909 5582 aut
2945 5525 3103 5583 ossa?
3128 5524 3393 5592 Loquere

1816 5656 1836 5689 ι
1867 5636 2004 5699 lucc,
2037 5631 2168 5687 dicit
2189 5627 2477 5687 Dominus,
2523 5622 2612 5678 Vm
2650 5620 2853 5677 civitati
2900 5617 3241 5689 sanguinum,
3271 5633 3290 5665 ι
3322 5611 3377 5668 id

1811 5737 1916 5791 est,
1942 5698 2260 5784 Jerusalem,
2310 5712 2512 5791 leb_cti,j
2535 5710 2686 5782 cujus
2715 5711 2926 5783 rubigo,
2957 5709 3138 5771 idest,
3170 5698 3376 5756 malitia
