3916 6356
499 349 594 404 75l
1129 348 1190 402 Β.
1230 347 1477 403 RABANl
1517 348 1732 404 MAURI
1767 346 2082 405 ARClllEP.
2126 344 2431 402 MOGUNT.
2474 343 2755 400 OPERUM
2795 343 2972 400 PARS
3008 344 3072 399 ll.

496 461 660 516 nimia
681 469 781 523 est,
804 468 858 516 et
884 460 1007 515 licet
1028 460 1166 532 ignis
1191 461 1497 529 suppositus
1533 460 1625 522 sit,
1658 469 1835 514 tamen
1866 458 2055 529 rubigo
2085 461 2129 518 Δ
2158 471 2266 511 non
2291 456 2631 525 compluitur,
2662 455 2756 511 sed
2791 456 3033 511 sentibus
3065 463 3377 525 occupatur.
3410 454 3627 508 Postea
3651 455 3749 511 sub

495 551 611 621 eius
633 564 739 605 non
780 548 947 605 exivit
975 549 1041 604 de
1090 564 1175 604 ea.
1212 548 1700 605 Perseveraverunt
1726 550 1870 605 enim
1894 549 2059 603 etiam

494 639 636 710 capti
679 646 839 709 atque
870 638 1098 694 cruciati
1145 639 1197 692 in
1224 638 1453 708 pristino
1499 637 1722 694 scelere.
1751 637 1855 693 Per
1875 645 2060 709 partes

493 737 552 785 et
573 728 882 799 singillatim
896 728 1195 783 consumite
1221 742 1360 792 eam,
1390 742 1550 783 nemo
1579 735 1855 784 remaneat
1885 729 1939 782 in
1968 743 2059 783 sa-

497 818 682 873 lutem.
715 837 732 869 ε
769 816 884 873 Non
916 818 1109 873 cecidit
1157 834 1318 888 super
1349 834 1468 874 eam
1507 835 1642 881 sors,
1676 837 1694 871 ι
1722 826 1781 873 ut
1805 819 1894 874 alii
1936 835 2061 890 per-

495 907 637 963 irent
665 915 761 975 ,et
802 907 892 962 alii
952 907 1308 972 salvarentur,
1366 907 1458 962 sed
1507 908 1715 963 cunctis
1761 909 2061 965 communis

494 1001 645 1058 venit
689 1001 957 1065 interitus,
994 1020 1013 1052 ι
1039 1001 1255 1071 sanguis
1301 1000 1443 1054 enim
1476 999 1611 1069 ejus,
1655 1019 1673 1053 ι
1727 1000 1779 1054 id
1810 1009 1915 1066 est,
1964 1000 2062 1056 ho-

494 1090 712 1145 micidia
747 1130 762 1156 ,
796 1098 849 1146 et
880 1089 1111 1145 filiorum
1154 1103 1313 1144 neces
1347 1107 1363 1139 ι
1402 1089 1454 1143 in
1479 1089 1654 1144 medio
1682 1088 1830 1144 illius
1857 1099 2001 1145 sunt.
2035 1109 2056 1142 ι

497 1178 668 1245 Quem
691 1178 1002 1250 sanguinem
1040 1197 1058 1228 ι
1093 1175 1277 1232 effudit
1306 1191 1468 1245 super
1502 1175 1930 1245 limpidissimam
1965 1192 2058 1247 pe-

497 1274 635 1322 tram
661 1309 675 1332 ,
714 1288 733 1321 ι
769 1276 829 1322 ut
870 1276 1077 1338 pateret
1129 1265 1375 1321 omnibus
1424 1279 1523 1319 nec
1576 1273 1716 1320 terra
1759 1266 2064 1335 operiretur

498 1365 590 1411 aut
613 1356 851 1427 pulvere,
874 1373 941 1412 ne
986 1357 1263 1421 transiret,
1299 1355 1550 1411 videlicet
1592 1356 1892 1425 indignatio
1918 1372 2058 1424 mea,

495 1448 591 1503 sed
621 1463 782 1518 super
805 1447 1198 1519 apertissimum
1226 1445 1543 1515 sanguinem
1567 1445 1699 1500 ultio
1727 1456 2057 1517 properaret.

494 1535 712 1592 Natura:
742 1546 827 1592 est
868 1537 1010 1591 enim
1038 1544 1096 1590 ut
1128 1536 1173 1591 si
1203 1536 1423 1606 sanguis
1450 1534 1707 1589 fundatur
1735 1536 1788 1590 in
1838 1544 2058 1600 terram,

495 1628 764 1685 combibat
797 1630 992 1684 humus
1027 1629 1304 1683 humorem
1337 1624 1642 1698 sanguinis,
1696 1627 1778 1682 vel
1804 1627 2062 1698 paulatim

495 1730 640 1776 terra
685 1721 960 1790 operiatur
992 1728 1047 1775 et
1097 1719 1335 1789 pulvere.
1371 1718 1502 1774 Cum
1533 1726 1712 1774 autem
1738 1735 1900 1790 super
1935 1721 2060 1775 lim-

2158 544 2377 600 nomine
2402 545 2626 600 duarum
2655 560 2899 600 sororqu
2924 544 3088 600 Oollae
3108 552 3164 599 et
3198 544 3431 611 Oolibaa,
3477 544 3750 601 Samaria

2158 643 2215 690 et
2259 634 2558 691 Jerusalem
2610 643 2825 705 peccata
2879 644 3193 702 narrantur,
3219 636 3509 706 quomodo
3542 636 3643 691 illa
3685 640 3751 693 ﬁt

2158 734 2312 795 capta
2339 733 2394 782 et
2442 726 2544 780 ista
2593 726 2869 796 capienda.
2909 726 2989 780 Ad
3026 736 3332 782 extremum
3382 740 3545 781 nono
3582 742 3745 793 anno,

2161 815 2367 871 decimo
2416 830 2601 871 mense
2631 854 2645 882 ,
2677 816 2885 871 decima
2919 816 3009 871 die
3037 816 3242 872 mensis
3265 857 3281 882 ,
3314 816 3374 870 in
3420 817 3747 886 captivitate

2159 907 2335 976 posito
2355 906 2623 971 Ezechiel,
2650 915 2704 961 et
2732 907 2814 963 his
2834 907 2925 978 qui
2953 923 3075 964 cum
3101 923 3167 963 eo
3191 917 3375 974 erant,
3400 909 3746 965 tradideth

2161 1011 2221 1051 se
2265 1011 2387 1051 cum
2436 1012 2560 1067 rege
2601 994 2897 1062 Jecbonia,
2948 998 3250 1053 ostenditur
3294 1013 3411 1068 qua
3476 997 3577 1053 die
3626 998 3745 1056 Ini

2160 1086 2384 1155 cmperit
2425 1086 2679 1151 obsideri,
2723 1096 2779 1142 et
2818 1088 3112 1143 similitudo
3160 1088 3356 1144 lebetis
3394 1089 3656 1159 ponitur,
3692 1099 3743 1145 κ

2161 1175 2424 1246 quomodo
2469 1191 2665 1231 carnes
2702 1184 2758 1230 et
2799 1191 2921 1232 ossa
2957 1184 3209 1247 congesta
3255 1178 3312 1232 in
3368 1177 3623 1234 lebetem
3667 1179 3738 1234 in.

2162 1265 2352 1321 cendio
2396 1274 2835 1331 concremantur,
2877 1267 2956 1321 sic
2988 1275 3181 1322 cuncta
3237 1268 3445 1323 civitas
3482 1283 3620 1323 cum
3647 1268 3741 1324 suis

2163 1355 2444 1410 interitura
2468 1354 2541 1410 sit
2573 1355 2797 1420 civibus,
2819 1364 2876 1409 et
2905 1355 3079 1410 nullus
3116 1365 3413 1410 remaneat
3435 1370 3645 1411 eorum
3666 1358 3741 1427 qui

2162 1444 2364 1499 obsessi
2410 1453 2556 1510 sunt,
2584 1444 2675 1514 qui
2711 1444 2765 1498 in
2796 1445 2957 1511 fame,
3002 1444 3200 1516 gladio,
3250 1445 3592 1515 pestilentia
3635 1461 3740 1501 om-

2163 1541 2462 1600 sumantur,
2485 1541 2540 1589 et
2568 1549 2693 1604 pars
2717 1534 2923 1604 reliqua
2947 1536 3156 1606 captiva
3195 1536 3445 1591 ducatur
3475 1538 3540 1590 in
3589 1535 3737 1607 Baby-

2162 1627 2357 1682 lonem.
2384 1627 2569 1683 Potest
2611 1629 2727 1683 haec
2751 1629 2938 1683 eadem
2974 1630 3278 1701 prophetia,
3308 1638 3377 1684 et
3429 1629 3507 1683 ad
3552 1637 3737 1698 tam

2161 1716 2433 1784 pertinere
2480 1716 2768 1772 Dominicm
2804 1719 3092 1787 passionis,
3122 1727 3355 1789 propter
3396 1734 3576 1789 quam
3602 1734 3738 1773 exer-

490 1809 825 1880 pidissimam
868 1816 1112 1880 petram,
1149 1815 1203 1862 et
1249 1806 1447 1861 nullam
1486 1807 1771 1862 habentem
1824 1807 2056 1875 foveam,
2088 1795 2134 1855 Β
2162 1805 2269 1860 ritu
2314 1807 2645 1861 circumdata
2698 1816 2781 1863 est
2835 1808 3156 1876 Jerusalem,
3208 1819 3265 1864 et
3322 1809 3613 1865 interfecti
3658 1810 3734 1864 Ei

492 1905 709 1977 sanguis
754 1904 918 1959 fuerit
960 1902 1178 1967 effusus,
1212 1900 1410 1956 labitur
1442 1909 1496 1956 et
1529 1900 1690 1955 latam
1722 1901 1929 1957 obtinet
1976 1916 2060 1957 se-

493 1999 635 2053 dem.
663 1995 776 2052 lloc
801 2002 981 2050 autem
1026 1995 1228 2049 indicat
1251 1993 1392 2062 quod
1433 2008 1542 2049 non
1589 1992 1818 2059 occulta,
1848 1994 1941 2047 sed
1970 2009 2062 2062 pu-

493 2086 629 2142 blica
660 2083 846 2140 fecerit
872 2084 1180 2148 homicidia,
1209 2083 1507 2138 secundum
1540 2082 1668 2137 illud
1694 2084 1835 2155 quod
1865 2083 2061 2139 dicitur

492 2177 559 2230 ad
594 2175 723 2231 Cain
756 2191 817 2228 :c
856 2160 1085 2244 Sanguis
1124 2172 1310 2227 fratris
1340 2173 1417 2228 tui
1453 2172 1652 2227 clamat
1686 2176 1753 2229 ad
1786 2188 1872 2228 me
1905 2170 2056 2245 (Gen.

493 2267 589 2336 Iv).
626 2285 644 2316 ι
669 2264 963 2336 Propterea
986 2264 1074 2320 dic
1094 2263 1299 2319 civitati
1323 2264 1622 2332 sanguinis,
1648 2263 1741 2319 sed
1768 2278 1874 2318 non
1900 2264 2059 2320 unius

489 2355 786 2426 sanguinis,
816 2354 909 2410 sed
958 2353 1287 2408 multorum:
1324 2371 1342 2403 σ
1379 2352 1520 2407 Ecce
1560 2367 1660 2422 ego
1714 2353 1972 2424 grandem
2002 2354 2057 2407 in

489 2454 546 2501 te
574 2460 759 2517 pyram
784 2444 997 2509 faciam,
1031 2463 1049 2497 ι
1075 2443 1208 2507 sive,
1233 2441 1457 2497 educam
1494 2449 1716 2507 torrem,
1741 2456 1899 2511 quem
1929 2441 2050 2496 vul-

491 2554 589 2610 gus
612 2538 854 2593 titionem
882 2543 1058 2600 vocat,
1080 2543 1135 2588 et
1154 2548 1261 2589 non
1292 2533 1462 2589 solum
1487 2547 1681 2588 carnes
1705 2533 1758 2587 in
1787 2540 1839 2589 te
1869 2533 2057 2590 molles

488 2635 545 2682 et
565 2635 802 2691 teneras,
818 2625 922 2705 sub
939 2623 1224 2679 durissima
1244 2637 1365 2677 ossa
1386 2638 1597 2693 quoque
1616 2623 1694 2678 sic
1715 2623 2055 2692 suceendam,

492 2721 555 2771 ut
574 2715 705 2769 nihil
737 2715 788 2768 in
818 2722 868 2769 te
899 2720 1175 2768 remaneat
1195 2714 1334 2782 quod
1356 2728 1462 2768 non
1492 2722 1762 2769 cremetur
1790 2715 2054 2771 incendio.

437 2856 448 2865 ,
492 2804 734 2876 Cumque
761 2815 817 2860 et
838 2818 1031 2859 carnes
1055 2812 1110 2859 et
1136 2817 1257 2859 ossa
1291 2812 1603 2874 consumpta
1635 2803 1834 2860 fuerint
1860 2814 1910 2860 et
1940 2821 2058 2862 cre—

491 2906 658 2964 mata,
700 2898 872 2969 ipsum
900 2896 1129 2952 lebetem
1154 2911 1381 2952 vacuum
1406 2911 1548 2966 pone
1569 2911 1730 2968 super
1750 2912 1969 2968 prunas,
1999 2907 2061 2955 ut

492 3004 567 3044 ars
594 3003 807 3060 quoque
855 2987 997 3042 illius
1043 2986 1281 3042 tabescat
1336 2994 1390 3041 et
1442 2996 1790 3043 consumatur
1824 3007 1836 3043 :
1866 2999 1921 3045 et
1948 3006 2059 3047 tere

491 3088 809 3151 consumpto
866 3080 1059 3149 rubigo
1109 3094 1321 3150 quoque
1377 3080 1515 3135 illius
1565 3090 1786 3150 pereat,
1844 3082 1897 3138 id
1939 3091 2054 3151 cst,

494 3173 712 3227 civitate
737 3171 984 3227 incendio
1029 3183 1390 3235 concremata,
1417 3172 1619 3227 malitia
1647 3190 1769 3228 cum
1801 3175 1932 3231 urbe
1952 3176 2057 3232 dis-

489 3270 695 3332 pereat.
729 3260 835 3316 Sed
879 3260 1009 3330 quid
1053 3262 1271 3330 prodest
1325 3261 1517 3317 fecisse
1555 3264 1696 3333 quod
1715 3262 1922 3331 iussum
1954 3274 2058 3332 est,

493 3364 562 3407 ne
581 3365 679 3419 per
706 3351 885 3420 ignem
930 3350 1150 3419 quidem
1186 3350 1376 3421 rubigo
1427 3359 1589 3422 atque
1632 3353 1834 3408 malitia
1874 3353 2063 3411 lebetis

494 3448 550 3495 et
566 3441 725 3495 urbis
774 3440 948 3510 potuit
973 3438 1196 3504 auferri,
1227 3448 1283 3495 et
1328 3452 1607 3511 permanet
1633 3442 1687 3497 in
1718 3457 1780 3497 ea
1831 3443 2061 3499 immun-

494 3532 625 3587 ditia
662 3531 889 3587 scelesta
917 3539 972 3585 et
1008 3531 1374 3586 exsecrabilis.
1406 3531 1519 3589 Hoc
1546 3533 1690 3588 enim
1724 3534 1943 3589 Zemma
1983 3535 2059 3591 si-

491 3621 731 3692 gniﬁcat,
761 3629 819 3676 et
855 3621 1234 3690 apostropham
1263 3622 1329 3676 ad
1359 3622 1533 3692 ipsum
1566 3622 1819 3690 lebetem,
1858 3626 1911 3680 id
1954 3634 2058 3694 est,

492 3710 557 3766 ad
597 3712 767 3781 ipsam
820 3712 1029 3777 urbem,
1061 3709 1191 3766 facit
1218 3729 1237 3762 ι
1272 3712 1534 3768 mundare
1563 3721 1614 3768 te
1657 3715 1825 3782 volui,
1873 3723 1927 3771 et
1951 3730 2059 3771 non

488 3818 548 3859 es
576 3803 828 3857 mundata
853 3804 1102 3859 sordibus
1132 3804 1260 3869 tuis,
1296 3821 1316 3857 ι
1345 3817 1445 3860 nec
1471 3804 1609 3859 ultra
1650 3807 1854 3875 poteris
1873 3822 2062 3863 emun-

489 3896 628 3961 dari,
668 3896 841 3951 donec
870 3896 924 3950 in
968 3906 1019 3951 te
1064 3895 1360 3965 compleam
1387 3896 1805 3966 indignationem
1835 3914 2009 3953 meam
2041 3913 2057 3953 :

488 4002 587 4058 ego
635 3987 891 4042 Dominus
943 4000 1063 4041 sum
1117 3986 1347 4051 locutus,
1370 3994 1426 4041 et
1472 3987 1737 4042 sententia
1777 4003 1896 4044 mea
1949 4003 2057 4044 non

486 4062 667 4148 potest
712 4078 1010 4148 przeterire.
1050 4077 1209 4133 Venit
1238 4075 1351 4145 jam
1381 4078 1536 4134 urbis
1584 4079 1808 4142 obsidio,
1862 4079 2059 4135 faciam

486 4170 629 4239 quod
673 4169 909 4224 minatus
937 4184 1076 4233 sum,
1130 4182 1231 4222 nec
1268 4168 1532 4234 transibo,
1563 4169 1704 4224 sicut
1735 4184 1877 4239 smpe
1930 4168 2057 4234 feci,

487 4260 691 4315 scelera
721 4267 833 4324 tua,
868 4268 922 4314 et
957 4259 1098 4313 ultra
1137 4275 1244 4313 non
1273 4274 1492 4329 parcam
1515 4301 1530 4326 ,
1561 4276 1663 4317 nec
1686 4260 1941 4332 placabor
1963 4262 2058 4317 tibi

488 4350 649 4404 etiam
694 4349 741 4402 si
785 4348 1225 4418 multiplicaveris
1266 4365 1478 4418 preces.
1524 4349 1629 4405 Sed
1674 4351 1792 4407 vias
1837 4361 1957 4408 tuas
2004 4360 2060 4407 et

2160 1894 2296 1965 eius,
2324 1904 2380 1951 et
2406 1898 2684 1952 obsidente
2709 1898 2832 1954 Tito
2868 1898 2980 1954 filio
3006 1899 3353 1971 Vespasiani,
3401 1901 3477 1955 ad
3530 1900 3734 1955 salutem

2159 1986 2343 2042 nullus
2382 1988 2553 2042 evasit
2591 1986 2952 2059 templumque
2987 1990 3308 2045 subversum
3376 1999 3503 2055 est,
3546 1998 3600 2043 et
3626 1998 3730 2059 post

2160 2078 2549 2149 quinquaginta
2581 2095 2755 2137 annos
2781 2081 2880 2136 sub
2901 2081 3143 2138 Adriano
3169 2083 3371 2137 civitas
3395 2083 3731 2153 artemigle

2160 2178 2474 2241 consumpta
2491 2180 2594 2227 est.
2621 2171 2946 2229 Praesentem
2971 2182 3152 2230 autem
3167 2174 3561 2244 captivitatem
3583 2189 3732 2243 qun-

2159 2263 2228 2319 do
2267 2263 2517 2319 Ezechiel
2550 2266 2606 2320 in
2638 2265 2909 2336 Babylone
2946 2266 3049 2321 ista
3078 2268 3359 2333 cernebat,
3396 2277 3458 2321 et
3491 2265 3733 2322 Jerenias

2159 2354 2212 2408 in
2242 2355 2506 2424 principio
2528 2355 2675 2425 ponit
2701 2355 2985 2411 voiuminis
3012 2356 3094 2411 sui
3122 2374 3135 2410 :
3174 2355 3344 2423 «Quid
3375 2363 3441 2410 tu
3462 2356 3637 2420 vides,
3657 2354 3729 2411 Je-

2160 2445 2371 2501 remia?
2406 2465 2424 2496 ι
2458 2445 2559 2513 Qui
2588 2447 2915 2515 respondens
2951 2446 3064 2501 ait:
3104 2466 3123 2497 ι
3160 2444 3337 2502 Ollam
3402 2461 3727 2511 succensas,

2158 2542 2214 2589 et
2260 2532 2454 2590 faciem
2494 2533 2610 2604 ejus
2636 2551 2667 2589 a
2693 2534 2831 2591 facie
2877 2535 3164 2605 aquilonis.
3198 2554 3218 2588 ι
3253 2536 3403 2590 Sunt
3458 2536 3557 2606 qui
3596 2536 3726 2605 juxta

2161 2623 2513 2693 tropologiam
2567 2631 2742 2679 totum
2805 2624 2979 2679 locum
3030 2624 3192 2680 istum
3246 2625 3319 2679 ad
3393 2637 3730 2680 consumm—

2161 2713 2360 2769 tionem
2412 2713 2591 2769 szeculi
2654 2713 3027 2781 transferunt,
3066 2729 3400 2784 nonumque
3463 2730 3730 2770 numenn

2158 2804 2251 2874 qui
2311 2804 2365 2858 in
2412 2802 2707 2875 Scripturis
2777 2805 2980 2861 sanctis
3019 2820 3308 2876 poenarum
3384 2813 3447 2860 et
3501 2804 3727 2860 dolorm

2157 2904 2267 2963 est,
2312 2904 2367 2951 et
2404 2911 2616 2967 semper
2671 2897 2915 2967 sequitur
2953 2897 3238 2967 justitiam,
3281 2897 3490 2953 decimi
3544 2898 3729 2952 maio

2157 2996 2213 3042 et
2257 2988 2363 3042 diei
2398 2987 2620 3042 decimae
2656 2987 2939 3042 clementia
2984 2996 3306 3056 temperant.
3346 2988 3567 3044 Idcirco
3598 2989 3728 3043 min

2160 3077 2483 3132 adhibentur
2525 3077 2907 3148 mgrotantibus
2931 3092 3127 3149 poena),
3156 3086 3217 3132 ut
3252 3077 3500 3135 dolorem
3538 3080 3729 3135 amita

2162 3177 2544 3239 consequatur.
3256 3190 3267 3199 ο

2233 3260 2460 3317 Mundus
2494 3274 2645 3333 ergo,
2669 3263 2758 3332 qui
2790 3262 2842 3317 in
2867 3261 3099 3333 maligno
3138 3261 3358 3332 positus
3399 3269 3491 3324 est.
3519 3260 3605 3314 die
3624 3258 3725 3327 Ῑυαι

2161 3351 2285 3408 dicii
2313 3351 2493 3408 divino
2536 3353 2657 3424 igne
2697 3353 3064 3417 succenditur,
3095 3363 3148 3406 et
3177 3352 3379 3407 civitas
3416 3352 3729 3419 sanguinea

2159 3444 2377 3514 ponitur
2412 3456 2576 3513 super
2631 3442 2894 3499 carbones
2948 3443 3106 3514 ignis,
3153 3450 3215 3496 ut
3254 3441 3550 3511 impleatur
3592 3440 3731 3509 quod

2161 3535 2419 3603 scriptum
2447 3542 2531 3589 est
2563 3533 2616 3588 in
2645 3533 2782 3589 Isaia
2814 3552 2828 3588 :
2873 3554 2892 3586 ς
2923 3533 3101 3588 llabes
3138 3533 3415 3588 carbones
3446 3531 3607 3602 ignis,
3646 3545 3726 3585 sco

2162 3623 2314 3680 debis
2350 3639 2513 3692 super
2551 3639 2674 3687 eos,
2713 3624 2766 3678 hi
2820 3612 2980 3678 erunt
3032 3623 3127 3678 tibi
3185 3623 3239 3677 in
3294 3619 3573 3690 adiutorio
3602 3619 3723 3690 (lu.

2161 3717 2329 3786 κων).
2370 3736 2388 3768 ι
2419 3715 2657 3785 llludque
2680 3714 2891 3770 dillicile
2912 3723 3016 3780 est,
3040 3712 3316 3784 quomodo
3334 3728 3466 3766 cum
3482 3711 3728 3766 carbones

2161 3815 2216 3863 et
2241 3821 2363 3862 ossa
2395 3814 2803 3872 consumantur,
2842 3805 3037 3878 quibus
3059 3806 3202 3877 pleni
3228 3814 3361 3859 sunt
3403 3804 3577 3858 etiam
3602 3801 3728 3856 Pb:—

2160 3902 2323 3969 rismi,
2351 3903 2545 3972 quibus
2576 3902 2833 3956 Dominus
2862 3900 3098 3971 loquitur
3125 3899 3178 3953 in
3210 3896 3553 3968 Evangelia:
3592 3915 3613 3949 ι
3645 3895 3729 3950 Y1:

2159 3993 2331 4055 vobis,
2355 3991 2546 4047 scriba:
2569 4001 2622 4046 et
2646 3990 2924 4054 Pharisaei,
2961 3990 3051 4059 qui
3078 3988 3283 4044 similes
3306 3989 3449 4043 estis
3476 3987 3727 4059 sepulcris

2160 4082 2443 4147 dealbatis,
2472 4097 2591 4152 qua:
2617 4082 2760 4136 intus
2785 4081 2943 4152 plena
2981 4091 3107 4136 sunt
3143 4080 3406 4151 spurcitia
3434 4092 3493 4135 et
3523 4081 3727 4135 ossiba

2159 4181 2492 4226 mortuorum
2547 4170 2760 4242 (Manli.
2815 4170 2993 4241 xxm).
3050 4190 3068 4223 ι
3115 4170 3267 4225 Nunc
3316 4170 3542 4225 dicatur
3600 4170 3730 4240 quod

2160 4265 2350 4336 rubigo
2391 4265 2685 4334 sordesque
2729 4265 2912 4319 mundi
2954 4272 3286 4333 consumpta:
3312 4277 3427 4317 non
3476 4265 3612 4323 sint.
3647 4262 3727 4317 sd

2160 4358 2321 4411 etiam
2376 4364 2497 4426 post
2529 4355 2715 4424 judicii
2761 4355 3104 4411 severitatem
3169 4353 3378 4408 malitia
3432 4362 3726 4408 remaneat.

489 4436 896 4491 adinventiones
931 4446 1053 4492 tuas
1097 4438 1318 4493 reddam
1366 4440 1503 4504 tibi,
1553 4441 1663 4494 imo
1707 4440 1960 4510 judicabo
2007 4452 2059 4497 te
2083 4465 2133 4524 Ι)
2161 4446 2313 4514 Quod
2351 4447 2506 4502 facile
2539 4447 2784 4512 solvitur,
2813 4446 2860 4501 si
2889 4446 3246 4515 intelligamus
3283 4442 3419 4498 illud
3449 4444 3725 4516 Aposteli:

484 4525 636 4596 juxta
661 4540 825 4595 opera
864 4534 927 4582 et
952 4527 1304 4596 cegitationes
1354 4536 1496 4591 tuas,
1528 4536 1587 4581 ut
1617 4530 1670 4583 in
1698 4530 1802 4584 hoc
1844 4546 2058 4602 quoque

488 4621 767 4678 ostendam
797 4619 1141 4678 clementiam
1178 4638 1352 4678 meam
1383 4625 1558 4684 instar
1583 4626 1796 4692 medici,
1830 4628 1918 4697 qui
1953 4643 2055 4697 pu-

488 4711 642 4766 tridis
667 4726 772 4767 non
810 4713 984 4782 parcit
1011 4714 1283 4780 carnibus,
1315 4723 1373 4770 ut
1399 4730 1528 4771 sana
1557 4716 1795 4773 membra
1843 4720 2054 4775 salven-

487 4806 574 4853 tur
591 4815 605 4866 ;
634 4814 738 4853 non
754 4801 945 4870 parcit,
962 4809 1021 4854 ut
1034 4812 1221 4870 parcat
1237 4820 1251 4869 ;
1270 4804 1504 4860 crudelis
1521 4814 1606 4862 est
1630 4815 1691 4861 ut
1713 4807 2052 4876 misereatur,

485 4902 586 4944 nec
615 4889 925 4944 considerat
974 4891 1227 4960 patientis
1254 4893 1516 4960 dolorem,
1565 4897 1659 4951 sed
1687 4897 1927 4953 vulneris
1967 4915 2054 4954 sa-

484 4979 731 5044 nitatem,
772 4978 926 5047 juxta
950 4979 1082 5034 illud
1116 4983 1452 5053 evangelium
1483 4985 1652 5056 magis
1676 4986 1859 5044 volens
1884 5004 2051 5043 unum

480 5069 660 5138 perire
690 5069 1012 5135 membrum,
1042 5085 1201 5141 quam
1226 5079 1395 5126 totum
1418 5087 1613 5142 corpus
1642 5074 1892 5131 interﬁci.
1944 5076 2052 5132 No-

486 5161 707 5214 tandum
754 5176 969 5231 quoque
1015 5164 1282 5231 quomodo
1337 5178 1365 5217 a
1423 5166 1684 5234 principio
1732 5168 2055 5237 prophetite,

481 5264 652 5318 usque
698 5250 765 5303 ad
803 5261 1126 5319 .prrcscntem
1171 5253 1313 5308 diem
1341 5255 1556 5320 quando
1598 5255 1833 5309 obsideri
1888 5257 2051 5325 cmpit

481 5335 801 5405 Jerusalem,
843 5356 938 5410 per
973 5343 1214 5397 ordinem
1258 5343 1543 5411 captivitas
1570 5343 1770 5398 veniat.
1810 5343 2051 5400 Primum

484 5427 692 5499 gladius
714 5439 1051 5498 provocatur,
1067 5432 1189 5488 dein
1213 5433 1330 5488 dum
1351 5433 1450 5487 vite
1470 5443 1740 5503 ponuntur
1752 5433 1978 5489 Ammon
1996 5445 2055 5492 et

484 5515 839 5584 Hierusalem,
871 5536 1099 5590 quarum
1126 5523 1195 5578 ad
1221 5522 1497 5578 dexteram
1528 5531 1735 5593 partem
1768 5539 1885 5581 sors
1908 5526 2053 5581 cadit

483 5605 989 5667 Nabuchodonosor.
1037 5611 1318 5667 'Contlatur
1368 5613 1422 5666 in
1469 5612 1689 5667 civitate
1735 5623 2050 5684 argentum,

483 5712 578 5765 tes,
622 5707 889 5770 stagnum,
934 5701 1207 5773 plumbum
1259 5712 1312 5758 et
1364 5701 1581 5789 ferrum.
1630 5702 1796 5760 Terra
1840 5718 2053 5775 quoque

2168 4558 2186 4591 α
2220 4538 2494 4594 Conclusit
2537 4539 2678 4595 Deus
2721 4539 2900 4593 omnia
2940 4539 3041 4594 sub
3086 4546 3327 4609 peccato,
3377 4545 3443 4592 ut
3488 4538 3728 4592 omnibus

2161 4630 2499 4694 misereatur,
2524 4629 2748 4683 vanitati
2765 4630 2906 4684 enim
2923 4638 3167 4684 creatura
3183 4627 3430 4697 subjecta
3450 4639 3540 4683 est
3558 4626 3726 4699 (Rea.

2159 4735 2248 4785 x1;
2282 4717 2485 4774 Colore.
2517 4735 2608 4784 lll;
2641 4718 2792 4772 Rom.
2825 4717 2981 4790 vni);
3016 4737 3035 4770 ι
3063 4727 3119 4772 et
3146 4718 3369 4789 ponitur
3392 4716 3727 4789 sanguiswf

2156 4807 2358 4863 effusus
2386 4820 2469 4863 est
2498 4810 2551 4862 in
2581 4807 2860 4877 propatulo
2885 4816 3148 4862 creatura:
3190 4807 3492 4872 universm,
3538 4817 3598 4862 ut
3624 4822 3728 4862 on-

2156 4897 2305 4950 nium
2343 4896 2542 4951 scelera
2570 4904 2810 4967 pateant.
2835 4896 3049 4951 Petram
3078 4905 3264 4950 autem
3292 4896 3725 4968 limpidissiman

2154 5001 2440 5055 possumus
2485 4987 2750 5057 accipere,
2785 4996 2844 5041 et
2875 4986 3157 5043 Dominum
3190 4985 3567 5055 Salvatorem,
3617 5003 3724 5059 qu:

2154 5077 2479 5146 sequebatur
2526 5078 2581 5132 in
2616 5078 2903 5134 solitudine
2952 5078 3206 5148 populum
3262 5079 3469 5147 lsrael,
3512 5083 3583 5137 de
3628 5096 3725 5151 qua

2155 5168 2413 5237 scriptum
2447 5176 2532 5224 est
2559 5186 2572 5222 :
2602 5187 2622 5220 ι
2653 5169 2915 5225 Bibebant
2948 5177 3124 5224 autem
3160 5171 3230 5226 de
3259 5172 3727 5242 consequentiae

2152 5268 2324 5328 petra.
2352 5256 2511 5313 Petra
2531 5268 2710 5313 autem
2728 5268 2847 5314 erat
2872 5258 3119 5315 Christus
3145 5259 3199 5332 (Ι
3215 5260 3340 5315 Cor.
3372 5261 3493 5332 x),n
3520 5261 3725 5333 quodin

2151 5349 2243 5403 illo
2257 5350 2433 5404 omnia
2464 5348 2768 5404 revelentur
2778 5359 2840 5405 et
2857 5351 3141 5419 impleatur
3153 5351 3296 5422 quod
3317 5353 3586 5421 scriptum
3602 5358 3683 5404 est
3696 5361 3719 5403 :

2159 5456 2177 5487 ι
2204 5436 2344 5491 Nihil
2377 5438 2673 5503 occultum,
2705 5440 2848 5508 quod
2899 5455 3005 5494 non
3046 5440 3314 5495 reveletur
3339 5440 3562 5513 (Matth.
3584 5441 3661 5502 ι).
3699 5456 3724 5492 ι

2153 5526 2398 5596 Dicitque
2428 5541 2487 5582 se
2525 5527 2781 5584 Dominus
2820 5543 2925 5583 non
2949 5529 3214 5594 misereri,
3244 5543 3349 5584 nec
3375 5529 3569 5583 mundi
3593 5543 3731 5596 pra:-

2153 5615 2316 5670 terire
2342 5626 2581 5685 peccata,
2608 5631 2780 5686 neque
2804 5631 3026 5686 parcere
3053 5617 3250 5686 impiis,
3283 5632 3386 5672 nec
3411 5616 3648 5688 placari,
3674 5624 3732 5669 ιι

2156 5706 2253 5761 vim
2294 5716 2518 5774 pereant
2568 5705 2872 5775 impiorum,
2936 5706 3226 5763 secundum
3282 5706 3414 5762 illud
3473 5705 3628 5776 quod
3676 5705 3728 5758 in

3650 339 3752 395 τω
