3916 6356
120 379 215 435 756

1043 381 1391 439 COMMENT.
1431 380 1498 435 ΙΝ
1537 380 1981 437 EZECHIELEM.
2022 413 2092 423 —
2129 382 2253 440 LIB.
2295 385 2382 440 IX.

3242 383 3345 439 755

117 498 266 569 primi
280 511 473 567 psaimt
496 496 866 570 ﬁuepoultur:
902 514 921 549 ι
959 498 1024 552 Et
1056 497 1453 569 iter-impiorum
1472 496 1668 567 peribit
1696 496 1744 557 Α
1771 495 1905 566 ejus.
1939 515 1959 547 ι
1991 494 2108 550 Jam
2145 496 2286 550 enim
2333 504 2385 552 et
2441 499 2553 567 ipsa
2595 498 2699 554 olla
2746 502 3104 566 consumitur,
3142 502 3201 556 in
3244 513 3349 570 qua

121 585 283 659 (Psal.
310 586 371 659 ι).
410 606 430 642 ι

186 676 385 758 (ϐυ-ες.)
411 675 550 744 Quid
596 686 679 735 est
699 677 839 747 jam,
883 694 1036 751 rogo,
1066 678 1209 749 quod
1241 679 1295 733 in
1345 678 1447 734 hoc
1474 675 1672 732 mundo

116 768 308 825 libeat?
335 768 543 840 Ubique
593 771 769 826 luctus
798 772 1118 842 aspicimus,
1160 771 1395 840 undique
1443 769 1675 841 gemitus

115 859 376 925 audimus,
407 858 692 916 destructa:
710 861 890 927 urbes,
918 877 1105 918 eversa
1134 870 1258 916 sunt
1282 868 1484 926 castra,
1513 859 1675 928 depo-

113 949 279 1020 pulati
321 950 456 1021 agri,
481 950 538 1004 in
566 950 907 1006 solitudinem
935 960 1079 1007 terra
1108 950 1326 1007 redacta
1352 957 1454 1015 est,
1497 948 1675 1003 nullus

112 1041 165 1095 in
195 1042 337 1112 agris
378 1041 577 1107 incola,
620 1057 758 1111 pene
807 1042 985 1100 nullus
1028 1043 1081 1097 in
1128 1044 1353 1099 urbibus
1403 1041 1676 1098 habitator

111 1130 366 1186 remansit
388 1145 406 1185 :
428 1139 484 1186 et
511 1139 690 1187 tamen
724 1133 851 1203 ipsa:
884 1147 1065 1204 parva:
1097 1133 1309 1205 generis
1347 1132 1565 1188 humani
1590 1146 1675 1185 re-

109 1220 286 1290 liquiae
308 1221 485 1277 adhuc
504 1222 762 1291 quotidie,
783 1223 965 1285 etsine
983 1224 1283 1279 cessatione
1305 1223 1593 1288 feriuntur,
1619 1230 1675 1278 et

109 1311 267 1367 ﬁnem
283 1329 394 1369 non
424 1314 624 1369 habent
646 1313 850 1386 ﬁagella
880 1316 1117 1372 caelestis
1148 1314 1391 1385 justitice,
1429 1315 1553 1385 quia
1577 1328 1677 1370 nec

107 1402 248 1459 inter
267 1402 475 1475 ﬂagella
520 1414 778 1461 correcta:
806 1415 931 1462 sunt
981 1408 1211 1464 actionis
1234 1407 1435 1477 culpae,
1467 1407 1600 1463 alios
1621 1407 1676 1461 in

105 1496 472 1564 captivitatem
507 1497 650 1563 duci,
697 1496 832 1553 alios
890 1498 1220 1565 detruncari,
1272 1498 1408 1553 alios
1444 1496 1675 1552 interﬁci

104 1584 367 1640 videmus.
402 1585 541 1653 Quid
571 1595 655 1641 est
702 1602 832 1659 ergo
858 1587 1001 1658 quod
1040 1588 1092 1642 in
1121 1587 1225 1643 hac
1252 1587 1360 1642 vita
1404 1586 1610 1643 libeat?
1629 1586 1675 1641 si

100 1680 157 1725 et
182 1672 343 1727 talem
375 1675 632 1730 mundum
659 1676 832 1731 adhuc
864 1675 1175 1747 diligamus,
1231 1691 1337 1732 non
1381 1674 1497 1745 jam
1547 1692 1677 1747 gau-

97 1764 212 1831 dia,
239 1765 335 1820 sed
358 1766 580 1822 vulnera
608 1783 869 1822 amamus.
895 1766 1012 1836 ipsa
1042 1774 1217 1822 autem
1244 1781 1364 1836 qua:
1388 1766 1676 1837 aliquando

1780 589 1931 658 prius
1958 602 2152 643 carnes
2179 597 2233 642 et
2253 604 2375 644 ossa
2399 591 2853 647 consumebantur
2877 610 2893 646 :
2914 594 3043 663 quia
3064 601 3349 663 postquam

1776 680 2087 736 defecerunt
2134 682 2418 747 homines,
2479 683 2641 737 etiam
2683 684 2919 752 parietes
2972 685 3190 740 cadunt.
3247 682 3351 739 Ubi

1776 780 1953 828 autem
1979 784 2103 828 sunt
2127 773 2217 843 qui
2249 775 2301 829 iu
2326 775 2442 845 ejus
2488 775 2778 846 aliquando
2808 775 2973 848 gloria
3002 776 3342 836 laetabantur,

1775 863 1867 917 ubi
1912 879 2100 918 eorum
2145 879 2363 934 pompa,
2394 865 2483 920 ubi
2538 866 2814 935 superbia,
2853 866 2945 920 ubi
2996 864 3251 936 frequens
3296 873 3352 919 et

1776 950 2194 1007 immoderatum
2242 954 2829 1025 gaudium?impletum
2884 963 2968 1011 est
2998 955 3052 1010 in
3098 969 3161 1009 ea
3207 954 3384 1024 quod}

1775 1048 1962 1096 contra
1996 1042 2322 1097 destructum
2353 1042 2598 1099 Ninivem
2627 1059 2727 1115 per
2752 1045 3076 1116 prophetam
3106 1043 3343 1098 dicitur:

1781 1149 1802 1182 ‹
1841 1130 1940 1187 Ubi
1972 1140 2053 1187 est
2079 1133 2441 1190 habitaculum
2468 1135 2701 1200 leonum,
2726 1144 2782 1191 et
2813 1151 3011 1207 pascua
3045 1135 3345 1192 catulorum

1775 1220 2036 1291 leonumf?
2072 1242 2091 1276 ι
2123 1223 2380 1295 (Nattam,
2415 1224 2503 1296 ιι.)
2531 1225 2611 1280 An
2642 1227 2759 1297 ejus
2784 1226 2951 1282 duces
2996 1234 3051 1281 et
3077 1224 3349 1296 principes

1777 1310 1958 1367 leones
1998 1327 2105 1368 non
2132 1322 2308 1378 erant,
2348 1315 2439 1384 qui
2489 1329 2590 1384 per
2618 1316 2861 1370 diversas
2891 1313 3075 1370 mundi
3115 1312 3336 1384 provin-

1777 1401 1888 1458 cias
1919 1402 2303 1468 discurrentes,
2336 1406 2573 1474 praedam
2599 1405 2867 1462 satviendo
2895 1416 2950 1462 et
2974 1403 3346 1461 interﬁciendo

1778 1494 2081 1563 rapiebant.
2123 1493 2223 1549 llic
2269 1494 2483 1550 leonum
2524 1494 2688 1552 catuli
2739 1495 3082 1551 inveniebant
3122 1508 3346 1564 pascua,

1776 1584 1901 1654 quia
1938 1584 2114 1653 pueri,
2137 1583 2521 1651 adolescentes,
2538 1582 2771 1653 juvenes
2788 1584 3073 1641 saeculares
3098 1592 3154 1639 et
3175 1597 3348 1638 srecu-

1779 1672 1969 1727 larium
1993 1672 2107 1739 lilii,
2133 1673 2221 1730 hic
2250 1674 2481 1744 undique
2507 1674 2919 1740 concurrebant,
2942 1688 3063 1729 cum
3082 1670 3346 1742 proﬁcere

1780 1766 1834 1822 in
1863 1766 1965 1822 hoc
2015 1767 2214 1821 mundo
2251 1764 2562 1823 voluissent.
2614 1765 2721 1821 Sed
2765 1780 2891 1822 ecce
2934 1765 3045 1836 jam
3077 1763 3342 1829 desolata,

98 1855 297 1910 mundi
356 1858 567 1912 domina
619 1872 739 1913 esse
792 1858 1121 1923 videbatur,
1176 1857 1352 1927 qualis
1414 1857 1675 1913 remansit
1705 1842 1907 1914 Becce
1949 1858 2202 1923 contrita,
2248 1873 2376 1915 ecce
2432 1858 2719 1931 gemitibus
2778 1873 3036 1929 oppressa
3079 1869 3190 1923 est;
3233 1856 3349 1928 jam

100 1945 275 1999 Roma
300 1946 647 2015 conspicitis?
684 1945 965 2003 lmmensis
994 1947 1266 2003 doloribus
1312 1946 1678 2018 multipliciter

97 2035 312 2100 attrita,
354 2036 683 2092 desolatioue
731 2038 951 2103 civium,
1020 2038 1373 2108 impressione
1414 2038 1674 2105 hostium,

100 2123 410 2193 frequentia
454 2128 763 2193 ruinarum;
821 2130 892 2183 ita
923 2128 1059 2183 utin
1088 2144 1150 2183 ea
1204 2128 1525 2198 completum
1557 2141 1677 2183 esse

100 2217 379 2273 videamus
420 2212 561 2287 quod
611 2226 796 2274 contra
829 2220 1017 2274 urbem
1073 2218 1372 2274 Samariam
1396 2233 1494 2289 per
1535 2218 1679 2274 hunc

98 2307 352 2362 eumdem
382 2310 698 2378 prophetam
742 2309 979 2363 dicitur:
1031 2331 1049 2361 ι
1088 2310 1231 2365 Pone
1274 2309 1458 2376 ollam,
1498 2325 1675 2380 pone,

99 2397 343 2467 inquam,
375 2408 429 2453 et
479 2399 635 2453 mitte
660 2399 713 2453 in
753 2415 815 2455 ea
846 2415 1064 2470 aquam,
1102 2408 1159 2455 et
1208 2416 1438 2471 congere
1477 2399 1677 2455 frustra

96 2488 214 2558 ejus
253 2489 315 2543 in
342 2504 426 2543 ea.
458 2507 475 2541 ι
508 2489 575 2543 Ει
606 2489 766 2560 paulo
797 2499 922 2560 post
950 2509 963 2543 :
993 2510 1011 2541 ‹
1041 2490 1301 2547 Elierbuit
1332 2493 1513 2549 coctio
1538 2492 1675 2562 ejus,

96 2587 154 2633 et
178 2579 424 2635 diseocta
470 2590 596 2636 sunt
634 2596 758 2636 ossa
799 2582 940 2638 illius
977 2583 1030 2637 iu
1065 2584 1242 2638 medio
1283 2582 1418 2653 ejus.
1455 2605 1474 2637 ο
1504 2584 1679 2653 Atque

96 2670 299 2725 iterum
331 2685 346 2724 :
382 2690 403 2724 ‹
436 2670 678 2743 Congere
715 2687 835 2729 ossa
868 2690 987 2744 qua:
1020 2674 1126 2745 igni
1165 2675 1513 2740 succendam,
1544 2690 1675 2731 con-

93 2770 385 2817 sumentur
412 2778 628 2829 carnes,
666 2772 722 2819 et
749 2775 1011 2835 coquetur
1044 2766 1295 2822 universa
1326 2767 1674 2837 compositio,

93 2856 150 2905 et
168 2865 297 2905 ossa
325 2851 620 2907 tabescent.
648 2852 794 2908 Pone
814 2869 1027 2924 quoque
1054 2869 1171 2909 eam
1196 2870 1356 2925 super
1370 2870 1570 2925 prunas
1586 2871 1679 2910 va-

94 2958 274 3009 cuam,
315 2950 374 2997 ut
400 2944 693 3000 incalescat
712 2957 769 3001 et
794 2945 1036 3016 liqueﬁat
1069 2962 1143 3003 uas
1165 2944 1302 3014 ejus.
1328 2966 1346 2999 ι
1366 2946 1516 3003 Tunc
1535 2947 1678 3003 enim

95 3035 251 3090 nobis
276 3033 389 3088 olla
417 3036 588 3105 posita
615 3044 721 3102 est,
754 3038 889 3091 cum'
905 3037 1020 3092 haec
1040 3045 1123 3092 cst
1150 3037 1343 3093 civitas
1367 3038 1675 3103 constituta,

96 3135 224 3181 tunc
250 3126 314 3180 in
341 3139 463 3180 eam
492 3141 631 3196 aqua
668 3127 831 3182 missa
868 3136 968 3193 est,
1001 3136 1057 3182 et
1081 3126 1251 3183 frusta
1277 3128 1394 3198 ejus
1424 3136 1677 3200 congesta

94 3224 240 3278 sunt,
267 3214 487 3286 quando
522 3217 589 3271 ad
611 3231 730 3271 eam
761 3217 995 3289 undique
1022 3218 1201 3289 populi
1224 3196 1554 3285 detinebant,
1584 3219 1674 3290 qui
1705 3196 1749 3260 (ἶ

96 3306 242 3361 velut
296 3322 439 3376 aqua
492 3307 675 3363 calens
698 3308 1001 3365 actionibus
1048 3310 1233 3366 mundi
1280 3309 1675 3377 fervescerent,

93 3405 150 3453 et
176 3399 339 3467 quasi
370 3397 542 3453 frusta
595 3402 856 3466 carnium,
893 3401 944 3456 in
984 3403 1099 3474 ipso
1124 3418 1221 3458 suo
1266 3401 1476 3459 fervore
1502 3404 1677 3477 liqua-

96 3496 323 3552 rentur,
346 3488 413 3543 de
438 3504 543 3557 qua
571 3489 709 3545 bene
730 3490 947 3557 dicitur,
990 3512 1008 3543 ι
1046 3491 1296 3548 eﬂ‘erbuit
1325 3495 1498 3551 coctio
1539 3493 1676 3564 ejus,

94 3585 163 3631 et
196 3578 440 3633 discocla
492 3588 618 3634 sunt
665 3596 787 3636 ossa
836 3581 979 3638 illius
1030 3582 1083 3637 in
1129 3584 1307 3640 medio
1333 3586 1468 3655 ejus,
1504 3605 1522 3637 ι
1554 3587 1679 3657 quia

94 3669 250 3739 prius
276 3671 493 3739 quidem
516 3672 569 3725 in
597 3689 661 3728 ea
692 3674 1037 3729 vehementer
1062 3674 1287 3732 incaluit
1314 3677 1458 3733 actio
1497 3677 1679 3749 gloria:

91 3763 401 3828 saecularis,
429 3764 523 3818 sed
561 3765 900 3833 postmodum
930 3767 1044 3837 ipsa
1083 3767 1253 3837 gloria
1285 3783 1406 3824 cum
1451 3772 1563 3826 suis
1589 3786 1677 3826 se-

93 3853 369 3922 quacibus
397 3852 613 3909 defecit.
645 3855 747 3909 Per
792 3871 914 3911 ossa
958 3857 1158 3912 etenim
1197 3867 1447 3930 potentes
1474 3861 1675 3927 saeculi,

91 3956 196 4013 per
224 3958 421 3998 carnes
442 3958 570 3999 vero
597 3944 775 4014 populi
802 3943 1171 4017 designantur.
1222 3947 1359 4015 Quia
1380 3949 1520 4004 sicut
1547 3964 1673 4004 car-

91 4051 198 4091 nes
223 4043 518 4104 portantur
544 4037 777 4103 ossibus,
816 4037 888 4091 ita
911 4053 1008 4107 per
1041 4046 1289 4110 potentes
1318 4041 1499 4097 saeculi
1527 4042 1679 4097 inﬁr—

89 4130 271 4184 mitas
303 4129 509 4197 regitur
535 4130 871 4200 populorum.
918 4130 1023 4188 Sed
1051 4148 1177 4190 ecce
1204 4135 1316 4205 jam
1349 4137 1415 4192 de
1454 4136 1543 4193 illa
1567 4153 1681 4193 om-

83 4236 198 4276 nes
212 4217 379 4286 hujus
400 4220 578 4275 saaculi
608 4230 853 4292 potentes
876 4223 1035 4280 ablati
1051 4234 1194 4280 sunt.
1218 4225 1354 4283 Ossa
1378 4243 1506 4300 ergo
1521 4243 1680 4283 cxco-

81 4317 183 4365 cla
202 4317 356 4375 sunt,
377 4324 501 4366 ecce
515 4309 694 4381 populi
708 4311 1034 4380 defecerunt,
1049 4330 1241 4372 carnes
1254 4315 1369 4386 ejus
1383 4318 1681 4389 liquefactae

85 4407 245 4457 sunt.
288 4399 508 4454 Dicatur
537 4400 739 4471 itaque,
784 4421 804 4455 ‹
838 4402 1079 4474 Congere
1104 4420 1226 4462 ossa
1260 4422 1380 4478 quae
1405 4410 1527 4477 igne
1554 4425 1677 4465 suc-

86 4492 357 4548 ceudam.
390 4490 785 4549 Consumentur
811 4509 1003 4551 carnes
1042 4504 1097 4553 et
1134 4506 1393 4567 coquetur
1427 4500 1676 4555 universa

86 4580 430 4653 compositio
459 4581 593 4653 ejus,
624 4591 682 4638 et
700 4599 820 4640 ossa
853 4587 1144 4643 tabescent.
1182 4609 1200 4641 ›
1230 4588 1328 4645 Ubi
1362 4591 1506 4646 enim
1528 4606 1681 4649 seua-

91 4684 206 4740 tus,
242 4673 338 4728 ubi
360 4674 472 4744 jam
498 4674 756 4746 populus?
775 4674 1331 4744 Coutabueruntossa.
1356 4692 1685 4752 consumptae

87 4771 229 4819 sunt
267 4778 497 4831 carnes,
542 4765 717 4820 omnis
769 4766 821 4819 in
866 4780 927 4821 ea
979 4768 1315 4825 saecularium
1363 4770 1681 4843 dignitatum

87 4856 235 4910 ordo
259 4855 560 4910 exstinctus
581 4863 683 4921 est,
714 4866 933 4911 excocta
962 4867 1044 4912 est
1071 4860 1321 4916 universa
1366 4865 1683 4933 compositio

88 4948 258 5017 ejus:
302 4954 361 5001 et
398 4955 577 5001 tamen
626 4947 769 5017 ipsos
812 4963 909 5003 nos
952 4964 1151 5017 paucos
1179 4951 1271 5020 qui
1305 4954 1680 5020 remansimus,

88 5040 284 5093 adhuc
311 5037 549 5106 quotidie
582 5037 761 5109 gladii,
810 5040 984 5094 adhuc
1011 5040 1246 5110 quotidie
1274 5042 1564 5099 innumera:
1587 5046 1683 5099 tri-

92 5130 415 5184 bulationes
457 5138 726 5198 premunt.
764 5130 986 5185 Dicatur
1031 5147 1240 5201 ergozt
1271 5132 1418 5189 Pone
1469 5149 1683 5205 quoque

88 5238 220 5275 eam
281 5235 448 5291 super
502 5235 705 5291 prunas
758 5235 1015 5285 vacuam,
1055 5241 1073 5272 ι
1106 5222 1232 5292 quia
1273 5224 1417 5279 enim
1466 5233 1683 5280 senatus

90 5314 279 5377 deest,
312 5310 537 5381 pupulus
561 5310 782 5373 interiit,
818 5319 873 5364 et
897 5319 1076 5366 tamen
1112 5311 1165 5364 in
1210 5313 1394 5380 paucis
1434 5313 1524 5383 qui
1556 5322 1683 5369 sunt

89 5404 343 5467 dolores,
371 5410 427 5456 et
452 5402 684 5472 gemitus
703 5400 943 5471 quotidie
973 5401 1431 5469 multiplicantur:
1452 5402 1563 5471 jam
1584 5420 1679 5458 va-

90 5510 201 5551 cua
233 5495 398 5548 ardet
435 5492 625 5547 Roma.
661 5491 798 5558 Quid
820 5500 998 5545 autem
1034 5492 1135 5546 ista
1170 5491 1236 5546 de
1272 5492 1576 5549 hominibus
1601 5494 1681 5549 di-

90 5588 469 5649 cimus,.cum,
487 5583 658 5637 ruinis
676 5582 1157 5647 crebrescentibus,
1190 5582 1301 5650 ipsa
1329 5597 1544 5653 quoque
1564 5582 1681 5651 ejus

88 5674 301 5731 distrui
337 5672 560 5728 aediﬁcia
601 5672 883 5727 videmus?
922 5670 1075 5725 Uudc
1100 5679 1153 5727 et
1194 5679 1317 5741 apte
1356 5672 1422 5726 de
1465 5673 1682 5728 civitate

83 5766 211 5838 jam
264 5782 449 5827 vacua,
486 5763 806 5826 subditur“
851 5762 1145 5822 lucalescat
1196 5771 1249 5820 et
1303 5763 1545 5835 liqucﬁat
1607 5780 1680 5821 res

1776 1965 1938 2005 nemo
1964 1951 2031 2005 ad
2066 1965 2186 2006 eam
2230 1951 2422 2017 currit,
2470 1960 2529 2005 ut
2573 1951 2626 2005 in
2666 1951 2767 2006 huc
2816 1950 3016 2004 mundo
3067 1948 3353 2018 proﬁciat;

1768 2038 1885 2109 jam
1910 2041 2086 2107 nullus
2108 2048 2300 2111 potens
2342 2049 2397 2095 et
2435 2040 2703 2096 violentus
2728 2038 3010 2103 remansit,
3040 2038 3130 2108 qui
3160 2037 3349 2107 oppri-

1775 2132 1970 2188 mendo
2011 2131 2247 2202 praedam
2296 2130 2535 2202 diripiat.
2576 2128 2827 2185 Dicamus
2865 2142 3017 2199 ergo,
3055 2145 3073 2177 ι
3126 2126 3227 2181 Ubi
3266 2134 3356 2182 est

1776 2223 2145 2280 habitaculum
2166 2223 2397 2287 leonum,
2424 2230 2480 2277 et
2498 2236 2695 2293 pascua
2717 2220 3018 2276 catulorum
3047 2219 3296 2274 leonum?
3324 2237 3344 2270 ι

1776 2314 2056 2385 Contingit
2078 2314 2126 2369 ei
2150 2315 2293 2384 quod
2321 2314 2389 2369 de
2415 2312 2598 2369 Iudaea
2625 2312 2872 2368 novimus
2900 2326 2999 2381 per
3024 2310 3347 2380 prophetam
3392 2386 3395 2389 _

1776 2405 1981 2461 dictum
2014 2422 2027 2458 :
2057 2422 2089 2487 _t
2120 2403 2294 2459 Dilata
2318 2402 2591 2459 calvitium
2627 2412 2776 2457 tuum
2806 2401 2946 2458 sicut
2963 2399 3139 2469 aquila
3164 2398 3349 2471 (Mich.

1778 2496 1838 2569 l).
1869 2516 1888 2549 ι
1922 2494 2206 2553 Calvitium
2231 2495 2428 2566 quippe
2462 2495 2698 2551 hominis
2741 2495 2794 2548 iu
2844 2494 2961 2549 solo
3008 2493 3186 2563 capite
3225 2491 3344 2547 ﬁeri

1779 2585 1945 2641 solet:
1972 2584 2247 2641 calvitium
2288 2599 2419 2640 vero
2463 2584 2677 2655 aquilae,
2726 2584 2780 2638 in
2809 2591 2921 2640 toto
2967 2582 3027 2637 ﬁt
3077 2596 3303 2651 corpore
3334 2599 3353 2636 :

1779 2672 1906 2742 quia
1930 2687 2056 2729 cum
2088 2671 2243 2729 valde
2279 2672 2536 2737 senuerit,
2567 2670 2763 2742 plumae
2804 2669 2920 2740 ejus
2948 2686 3012 2728 ac
3039 2672 3235 2741 ’penna:
3282 2685 3350 2725 ex

1778 2763 2028 2820 omnibus
2060 2760 2177 2834 ejus
2196 2764 2450 2819 membris
2476 2763 2697 2819 cadunt.
2729 2762 3015 2819 Calvitium
3031 2777 3160 2831 ergo
3190 2777 3351 2818 suum

1779 2861 1919 2916 sicut
1952 2860 2129 2931 aquila
2162 2859 2371 2925 dilatat,
2411 2859 2535 2929 quia
2565 2859 2777 2929 plumas
2807 2859 3042 2929 perdidit
3087 2872 3207 2929 quae
3254 2871 3353 2926 po-

1778 2951 1963 3021 pulum
2009 2950 2209 3005 amisit.
2252 2949 2470 3005 Alarum
2515 2964 2728 3020 quoque
2778 2964 2966 3020 pennae
3019 2949 3355 3016 ceciderunt,

1784 3056 1909 3096 cum
1941 3040 2140 3111 quibus
2189 3040 2374 3096 volare
2418 3041 2485 3096 ad
2523 3042 2759 3110 prazdatn
2790 3048 3180 3096 consueverat:
3226 3039 3352 3109 quia

1780 3147 1969 3189 omnes
2009 3132 2125 3204 ejus
2151 3140 2399 3202 potentes
2427 3131 2680 3188 exstincti
2711 3139 2867 3195 sunt,
2900 3144 2996 3200 per
3016 3144 3152 3199 quos
3180 3128 3353 3184 aliena

1781 3223 2043 3294 rapiebat.
2076 3221 2201 3278 Haec
2233 3230 2413 3278 autem
2443 3236 2564 3291 quae
2591 3222 2658 3277 de
2698 3220 2953 3277 Romanae
2976 3219 3125 3274 urbis
3152 3218 3354 3273 contri-

1783 3315 1930 3370 tione
1976 3314 2231 3381 dicimus,
2291 3313 2347 3369 in
2382 3312 2593 3369 cunctis
2635 3311 2777 3368 facta
2815 3309 3002 3367 mundi
3042 3309 3379 3366 civitatibus.

1780 3409 2002 3464 scimus.
2052 3406 2169 3462 Alia
2198 3406 2405 3462 etenim
2436 3405 2551 3461 loca
2588 3403 2741 3460 clade
2777 3402 3017 3460 desolata
3055 3408 3202 3467 sunt,
3246 3399 3381 3456 alia.

1780 3497 1957 3567 gladio
1998 3504 2334 3566 consumpta,
2385 3496 2490 3551 alia
2546 3494 2687 3550 fame
2730 3494 2995 3560 cruciata,
3040 3492 3148 3547 alio
3192 3499 3354 3546 terra:

1780 3592 2017 3647 hiatibus
2051 3593 2320 3661 absorpta.
2355 3589 2729 3660 Despiciamus
2755 3603 2886 3658 ergo
2922 3588 2991 3642 de
3032 3595 3144 3641 toto
3172 3584 3353 3640 animo

1779 3686 1883 3741 hoc
1940 3700 2176 3754 prmeens
2224 3684 2499 3749 sacculum,
2557 3683 2640 3738 vel
2691 3682 3049 3745 exstinctum;
3101 3678 3355 3734 ﬁniamus

1780 3777 1965 3833 mundi
1991 3777 2255 3832 desideria
2308 3776 2500 3831 saltem
2537 3790 2661 3830 cum
2691 3775 2872 3830 mundi
2910 3772 3037 3837 ﬁne,
3061 3770 3349 3830 imitemur

1781 3869 2049 3924 bonorum
2094 3866 2240 3923 facta
2268 3881 2391 3937 qua:
2440 3881 2748 3935 possumus,
2778 3874 2836 3919 ut
2878 3864 2946 3919 ad
2990 3871 3252 3919 aeternum
3298 3867 3377 3915 et‘

1782 3958 2228 4029 stabileregnum
2256 3957 2540 4027 pervenire
2571 3970 2896 4010 mereamur.

1860 4070 1881 4102 ε
1919 4052 1985 4105 Ει
2022 4050 2223 4106 factum
2260 4058 2346 4106 est
2376 4048 2847 4105 verbum-Domini
2895 4048 2964 4101 ad
2997 4061 3084 4102 me
3128 4045 3352 4101 dicens:

1787 4160 1807 4192 α
1845 4140 1945 4195 Fili
2000 4139 2274 4204 hominis,
2320 4152 2452 4194 ecce
2492 4151 2592 4208 ego
2647 4136 2773 4191 tollo
2820 4152 2849 4190 a
2897 4147 2947 4190 te
2999 4133 3356 4191 desiderabile

1790 4248 1809 4281 ι
1841 4229 2127 4285 oculorum
2147 4235 2361 4284 tuorum
2398 4228 2452 4283 in
2481 4226 2660 4297 plaga,
2702 4235 2759 4281 et
2788 4240 2894 4280 non
2925 4224 3149 4295 planges
3180 4236 3355 4291 neque

1789 4339 1808 4372 ι
1842 4320 2102 4392 plorabis,
2151 4333 2330 4391 neque
2375 4317 2542 4375 ﬁuent
2587 4317 2839 4389 lacrymae
2882 4326 3006 4373 tuae.
3058 4314 3356 4385 lngemiscc

1787 4431 1807 4463 ι
1842 4420 2049 4478 tacens,
2077 4417 2408 4467 mortuorum
2432 4410 2634 4466 luctum
2661 4423 2769 4465 non
2798 4407 2980 4463 facies.
3017 4405 3227 4462 Corona
3266 4412 3385 4457 tua.

1791 4521 1809 4554 ι
1844 4502 2213 4575 circumligata
2249 4502 2321 4557 sit
2345 4502 2466 4567 tibi,
2495 4508 2550 4557 et
2577 4500 2943 4557 calceamenta
2984 4507 3147 4554 erunt
3185 4496 3239 4551 in
3264 4511 3359 4566 pe-

1794 4611 1812 4643 σ
1850 4591 2006 4648 dibus
2047 4593 2174 4660 tuis,
2202 4607 2305 4649 nec
2329 4592 2528 4648 amictu
2554 4607 2651 4647 ora
2677 4591 2901 4653 velabis,
2956 4602 3055 4643 nec
3079 4587 3228 4642 cibos
3275 4585 3357 4638 lus

1793 4703 1812 4737 ι
1847 4685 2090 4756 gentium
2127 4685 2394 4748 comedes,
2450 4684 2659 4739 locutus
2686 4696 2804 4737 sum
2834 4694 2963 4750 ergo
3001 4678 3067 4732 ad
3096 4676 3352 4745 populum

1792 4793 1812 4826 ι
1848 4790 2031 4840 mane,
2077 4784 2138 4830 et
2167 4782 2378 4828 mortua
2405 4781 2491 4829 est
2540 4787 2675 4826 uxor
2713 4786 2831 4825 mea
2863 4768 3093 4839 vesperi,
3141 4765 3351 4835 fecique

1792 4881 1810 4914 ι
1848 4879 2005 4919 mane
2032 4864 2174 4918 sicut
2221 4871 2550 4933 praeceperat
2582 4862 2735 4916 mihi.
2776 4861 2843 4914 Et
2866 4859 3005 4915 dixit
3048 4857 3118 4912 ad
3139 4869 3227 4911 me
3255 4870 3354 4925 po-

1792 4973 1812 5005 ι
1849 4954 2005 5024 pulus
2033 4973 2044 5007 :
2075 4954 2254 5022 Quare
2290 4968 2398 5009 non
2436 4954 2651 5008 indicas
2685 4952 2841 5008 nobis
2863 4950 2994 5020 quid
3039 4948 3144 5003 ista
3189 4944 3355 5014 signi.

1792 5065 1811 5098 ι
1846 5046 2009 5102 ﬁcent
2048 5061 2169 5115 quae
2195 5054 2252 5100 tu
2288 5045 2454 5101 facis?
2491 5045 2559 5099 Et
2606 5044 2714 5099 dixi
2754 5044 2820 5097 ad
2853 5056 2950 5097 eos
2979 5059 2993 5094 :
3026 5038 3216 5094 Sermo
3235 5035 3339 5091 Do-

1792 5156 1811 5188 σ
1842 5136 1971 5191 mini
2023 5135 2199 5190 factus
2239 5144 2323 5191 est
2374 5136 2441 5189 ad
2488 5150 2576 5190 me
2628 5134 2832 5189 dicens.
2882 5131 3128 5200 Loquere
3170 5125 3351 5182 domui

1791 5246 1809 5277 ι
1845 5224 2015 5282 Israel
2050 5224 2220 5280 allec
2247 5224 2381 5280 dicit
2408 5224 2667 5278 Dominus
2713 5222 2857 5276 Deus
2886 5237 2899 5274 :
2932 5219 3079 5274 Ecce
3097 5232 3198 5288 ego
3237 5214 3352 5284 pol-

1790 5336 1808 5367 ι
1842 5316 1986 5370 luam
2037 5314 2423 5371 sanctuarium.
2458 5327 2663 5378 meum,
2694 5310 2997 5381 superbiam
3049 5305 3275 5377 imperii
3295 5313 3355 5361 et

1789 5424 1807 5458 ι
1844 5405 2203 5462 desiderabile
2243 5404 2531 5460 oculorum
2561 5410 2894 5465 vestrorum,
2943 5407 3000 5455 et
3039 5411 3202 5468 super
3242 5409 3353 5466 quo

1791 5517 1809 5549 Ι
1843 5506 2001 5567 pavet
2025 5498 2207 5552 anima
2246 5504 2448 5558 vestra,
2477 5503 2534 5549 et
2580 5493 2674 5548 ﬁlii
2729 5492 2894 5548 vestri
2944 5500 3000 5545 et
3052 5489 3174 5545 ﬁliae
3213 5502 3352 5557 quas

1787 5605 1805 5639 ι
1845 5586 2135 5656 reliquistis
2159 5584 2335 5655 gladio
2356 5584 2570 5647 cadent,
2597 5590 2654 5636 et
2679 5580 2885 5637 facietis
2921 5581 3062 5637 sicut
3088 5578 3210 5634 feci.
3238 5575 3348 5632 Ora

1788 5697 1806 5730 ι
1840 5678 2039 5733 amictu
2053 5691 2158 5731 non
2187 5674 2455 5738 vclabitis,
2495 5672 2715 5729 etcibos
2743 5672 3033 5741 lugentium
3064 5684 3171 5724 non
3193 5680 3347 5721 com-

1788 5787 1806 5821 t
1839 5768 2027 5825 edetis.
2057 5766 2298 5824 Coronos
2353 5763 2617 5819 habebitis
2656 5764 2711 5818 in
2744 5761 3006 5833 capitibus
3043 5758 3258 5822 vestris,
3289 5763 3351 5810 et
