3916 6356
546 358 650 423 τᾶε

1186 361 1247 416 Β.
1287 361 1540 418 ΒΑΒΛΝΙ
1577 362 1794 419 MAURI
1828 359 2116 418 ARCHIEP

2218 359 2471 419 IOGUNT
2531 362 2814 421 orsnuu
2851 365 3028 424 PARS
3064 367 3126 423 ιι.
3732 357 3818 414 '56

554 494 571 525 ι
608 473 1037 529 calceamentain
1057 474 1296 544 pedibus.
1315 473 1428 528 Non
1444 474 1706 545 plangetis
1724 489 1896 544 neque
1911 474 2122 538 ﬂebitis,
2155 481 2206 540 Α
2231 483 2289 528 ιιι
2311 474 2378 528 ad
2417 473 2670 544 populum
2695 475 2861 531 lsrael
2887 477 3134 548 loquerer
3165 478 3264 533 ista
3288 475 3568 548 pnecepit
3589 492 3608 528 :
3647 493 3666 523 ι
3699 473 3817 530 Ecce

553 588 570 618 ι
607 570 698 623 sed
718 570 1071 624 tabescetisin
1089 569 1457 637 iniquitatibus
1473 569 1687 633 vestris,
1702 568 2133 638 etunusquisque

553 679 571 710 ι
606 668 782 731 gemet
802 659 869 714 ad
896 659 1118 715 fratrem
1141 675 1318 715 suum.
1358 660 1581 730 Eritque
1618 658 1865 714 Ezechiel
1898 659 2049 714 vobis
2076 659 2131 714 in

553 772 570 802 ι
606 760 930 821 portentum.
945 749 1106 806 Juxta
1125 751 1304 805 omnia
1320 766 1438 820 quae
1458 750 1584 806 fecit
1599 750 1826 817 facietis,
1844 765 1964 804 cum
1977 759 2133 804 vene’

552 862 570 893 ι
613 845 682 897 rit
711 843 877 909 istud,
895 852 949 898 ct
971 845 1154 898 scietis
1169 845 1293 913 quia
1317 859 1415 914 ego
1430 843 1857 898 DominusDeus.
1882 841 1947 895 Et
1962 851 2038 904 ιιι,
2056 839 2129 895 ﬁli

553 953 571 983 ι
609 934 859 998 hominis,
875 951 1002 991 ecce
1019 935 1069 988 in
1085 935 1170 990 die
1183 951 1288 1006 quo
1305 935 1483 988 tollam
1497 934 1652 988 aheis
1666 932 2030 988 fortitudinem
2047 946 2124 986 eo-

551 1043 572 1075 (
608 1032 818 1091 rum,et
845 1025 1095 1095 gaudium
1124 1025 1489 1094 dignitatis,et
1511 1024 1834 1079 desiderium
1849 1022 2127 1078 oculorum

553 1135 571 1166 ι
606 1131 793 1171 eorum
815 1131 977 1185 super
990 1131 1096 1184 quo
1117 1117 1460 1185 requiescunt
1474 1117 1666 1170 anima}
1682 1130 1868 1170 eorum
1889 1132 1902 1180 ;
1921 1114 2058 1168 ﬁlios
2072 1122 2126 1168 et

553 1227 572 1259 ι
608 1207 743 1262 ﬁlias
769 1222 951 1262 eorum
979 1207 1032 1261 iii
1063 1209 1148 1263 die
1165 1209 1252 1262 illa
1269 1223 1391 1262 cum
1421 1207 1626 1262 venerit
1648 1206 1856 1277 fugiens
1880 1207 1946 1260 ad
1972 1215 2045 1272 te,
2067 1213 2126 1261 ut

554 1317 570 1346 ι
609 1297 888 1352 annuntiet
908 1298 1026 1352 tibi.
1044 1297 1099 1352 In
1119 1299 1226 1361 die,
1257 1297 1598 1368 inquam,illa
1617 1296 1887 1367 aperietur
1899 1312 1959 1350 os
1974 1304 2122 1350 tuum

553 1407 570 1439 ι
608 1403 730 1442 cum
767 1403 831 1443 co
859 1389 950 1458 qui
981 1389 1135 1459 fugit,
1170 1398 1224 1443 et
1254 1388 1489 1458 loqueris
1514 1397 1570 1442 et
1614 1403 1721 1442 non
1751 1386 1936 1442 silebis
1956 1385 2118 1450 ultra,

553 1496 574 1530 ι
608 1480 823 1548 erisque
852 1479 930 1534 eis
967 1480 1019 1533 in
1057 1487 1387 1549 portentum,
1417 1488 1473 1534 et
1516 1479 1700 1534 scietis
1740 1479 1865 1548 quia
1890 1492 1989 1548 ego
2019 1477 2121 1530 Do-

549 1589 569 1620 ι
606 1571 802 1625 minus.
839 1590 857 1622 ›
889 1569 1157 1641 (Ηὲενοη.)
1183 1569 1353 1640 Supra
1381 1571 1498 1626 ollae
1518 1569 1812 1639 lebetisque
1839 1567 2120 1624 succcnsio

543 1660 879 1717 obsidionem
903 1663 1053 1717 urbis
1065 1663 1394 1728 ostenderat,
1421 1677 1562 1716 nunc
1587 1668 1799 1732 captam
1821 1676 1939 1714 eam
1957 1668 2119 1729 atque

544 1753 797 1819 deletam,
825 1762 879 1809 et
901 1769 1117 1809 omnem
1143 1753 1396 1824 populum
1419 1753 1505 1807 vel
1535 1753 1884 1808 interfectum
1913 1752 2112 1824 gladio,

2231 577 2350 632 ego,
2386 562 2438 616 id
2463 573 2563 629 est,
2580 564 2691 633 jam
2718 581 2861 620 nunc
2896 566 3130 636 polluam
3157 567 3545 623 sanctuariutn
3569 578 3776 627 meum,
3797 583 3814 614 ι

2231 663 2290 708 ιιι
2329 654 2645 709 incendatur
2683 656 2959 725 templum,
3003 667 3059 712 ct
3099 659 3310 714 cunctis
3353 657 3699 727 alienigenis
3733 672 3813 726 pa-

2230 754 2339 800 teat
2375 755 2430 801 et
2469 746 2742 815 profanis,
2788 757 2845 802 et
2885 750 2938 803 in
2987 766 3095 820 quo
3136 752 3424 807 habebatis
3469 753 3811 821 superbiam,

2228 835 2333 891 hoc
2355 843 2438 890 est
2461 835 2844 892 conﬁdentiam
2886 847 2942 893 et
2987 855 3134 911 spem
3168 855 3232 895 ac
3255 840 3614 895 desiderium
3641 839 3810 894 salutis

2228 935 2442 992 vestra),
2487 937 2540 982 et
2579 929 2648 983 ad
2680 927 2836 998 cujus
2874 931 3208 986 obsidionem
3242 941 3448 987 vestra:
3483 931 3696 986 anima:
3718 931 3809 985 for-

2225 1019 2523 1085 midabant,
2565 1020 2704 1077 ﬁlios
2745 1037 2960 1093 quoque
2996 1031 3050 1078 et
3090 1023 3229 1079 ﬁlias
3270 1039 3414 1094 quos
3455 1024 3628 1078 vobis
3662 1023 3806 1080 fames

2201 1104 2289 1166 ac
2331 1113 2634 1181 pestilentia
2680 1115 2918 1184 reliquos
2963 1115 3232 1184 fecerant,
3257 1131 3601 1171 consumam
3629 1116 3803 1186 glaio.

2224 1203 2492 1276 Quidquid
2540 1222 2639 1277 ego
2689 1206 2813 1274 feci,
2858 1209 2960 1263 hoc
3003 1208 3215 1264 facietis
3256 1223 3376 1263 vos.
3429 1208 3803 1274 Quandocu-

2223 1297 2449 1352 suetudo
2476 1309 2723 1352 servatur
2749 1299 2802 1353 in
2837 1300 3002 1364 luctu,
3031 1301 3239 1354 medius
3263 1300 3426 1354 dolor
3452 1308 3545 1353 est
3571 1317 3585 1351 :
3616 1301 3805 1368 (pm-la

2222 1396 2400 1443 autem
2430 1398 2576 1443 tanta
2605 1391 2872 1446 malorum
2914 1392 3175 1448 incumbit
3219 1392 3563 1456 necessitas,
3591 1401 3655 1445 ut
3679 1393 3801 1446 mani

2218 1477 2430 1548 ploratu
2481 1481 2652 1552 major
2697 1483 2768 1538 sit
2809 1483 3176 1552 unusquisque
3219 1484 3288 1538 de
3331 1498 3437 1537 sua
3483 1497 3630 1537 nece
3674 1483 3799 1536 solli-

2221 1567 2378 1633 citus,
2397 1569 2462 1623 ad
2478 1569 2727 1637 aliorum,
2753 1572 3000 1642 quamvis
3025 1573 3134 1626 sint
3154 1573 3416 1642 proximi,
3441 1572 3697 1626 miserias
3713 1589 3798 1625 non

2221 1657 2536 1728 ingemiscit.
2585 1660 2752 1727 Nihil,
2775 1661 2966 1732 inquit,
2998 1661 3208 1716 facietis
3241 1662 3387 1730 quod
3419 1661 3568 1716 solet
3597 1663 3654 1716 in
3678 1662 3798 1715 Ιιιιιιιι

2220 1749 2374 1816 ﬁeri,
2418 1750 2510 1805 sed
2555 1753 2686 1807 urbe
2729 1742 3032 1822 temploque
3066 1753 3366 1817 succensis,
3415 1753 3706 1824 stupebitis
3744 1755 3794 1806 ad

542 1847 628 1903 vel
661 1848 878 1910 ductum
907 1848 962 1902 in
1003 1849 1401 1918 captivitatem,
1442 1845 1773 1916 prophetalis
1818 1861 1998 1899 sermo
2032 1852 2110 1897 te-
2144 1831 2188 1891 Β
2216 1842 2478 1896 malorum
2505 1843 2961 1913 magnitudinem:
2997 1859 3102 1898 non
3146 1843 3546 1907 attondebitis,
3585 1859 3682 1897 nec
3717 1860 3793 1896 ιιιι-

543 1947 740 1994 statur.
801 1939 868 1992 Et
914 1939 1145 2006 primum
1188 1938 1343 2007 juxta
1393 1935 1830 1991 consuetudinem
1877 1941 2121 1988 nostram

544 2031 785 2086 historia:
811 2029 1156 2084 fundamenta
1189 2027 1475 2096 jaciamns.
1508 2049 1525 2078 (
1559 2027 1684 2091 Fili,
1729 2025 1922 2095 inquit,
1950 2025 2121 2079 homi-

542 2121 648 2186 nis,
680 2133 806 2176 ecce
852 2119 1093 2176 auferam
1121 2121 1186 2176 de
1232 2127 1521 2188 conspectu
1553 2118 1833 2172 oculorum
1883 2126 2117 2181 tuorum,

542 2211 804 2282 quidquid
829 2212 922 2266 tibi
951 2210 1305 2266 desiderabile
1335 2219 1442 2274 est,
1469 2219 1522 2263 ct
1541 2207 1780 2262 auferam
1803 2208 1853 2260 in
1880 2207 2058 2276 plaga,
2095 2225 2113 2258 ι

547 2303 684 2368 sive,
720 2313 778 2357 ut
807 2302 1159 2373 Septuaginta
1190 2309 1483 2367 verterunt,
1523 2318 1540 2351 ι
1573 2300 1625 2354 in
1656 2298 2068 2369 praeparatione,
2095 2315 2113 2346 ›

543 2405 606 2450 ιιι
637 2397 884 2451 videlicet
909 2411 1180 2466 przepares
1212 2404 1261 2449 te
1288 2394 1354 2448 ad
1384 2409 1446 2448 ea
1471 2409 1576 2447 non
1592 2390 1861 2454 facienda,
1890 2405 2008 2458 qua:
2034 2405 2120 2444 so-

548 2486 736 2540 lentin
757 2485 902 2540 luctu
935 2486 1072 2539 ﬁeri.
1119 2502 1138 2535 ι
1177 2483 1290 2538 Non
1315 2483 1535 2552 planges
1560 2495 1734 2550 neque
1750 2478 2002 2548 plorabis,
2022 2494 2118 2534 nec

541 2576 771 2631 fluentes
808 2577 1057 2646 lacryma:
1093 2596 1111 2627 ι
1146 2575 1388 2629 dolorem
1429 2574 1609 2629 cordis
1654 2573 1976 2638 ostendent,
2023 2572 2116 2626 sed

541 2669 592 2722 si
621 2667 760 2724 forte
789 2668 956 2731 nimio
984 2667 1150 2722 fueris
1175 2681 1410 2722 maerore
1439 2673 1744 2736 superatus,
1771 2665 1994 2720 tacitum
2023 2665 2118 2718 ha-

541 2758 672 2814 beto
736 2758 1034 2828 gemitum,
1083 2773 1184 2814 nec
1248 2773 1566 2828 prorumpas
1612 2758 1668 2812 in
1734 2758 1915 2811 verba.
1976 2756 2118 2810 Mor-

544 2858 762 2905 tuorum
791 2850 992 2904 luctum
1028 2865 1135 2904 non
1181 2849 1363 2916 facies,
1393 2850 1502 2916 vel,
1537 2858 1597 2904 ut
1637 2858 1848 2905 vertere
1890 2848 2117 2918 Septua-

542 2939 709 3010 ginta,
759 2960 776 2991 ι
807 2941 1038 3010 gemitus
1075 2941 1354 3011 sanguinis
1402 2955 1591 2996 renum
1629 2939 1806 2994 luctus
1831 2947 1934 3004 est,
1969 2959 1986 2989 ι
2019 2954 2117 3010 per

543 3032 689 3101 quod
719 3034 954 3088 ostendit
985 3048 1209 3088 uxorem
1233 3032 1350 3102 ejus
1396 3047 1516 3087 esse
1545 3032 1886 3086 morituram.
1918 3029 2115 3084 Statim

541 3117 984 3195 enim'sequitur:
1024 3144 1042 3176 ι
1076 3125 1144 3180 Ει
1167 3133 1378 3180 mortua
1409 3133 1493 3180 est
1523 3140 1662 3180 uxor
1686 3140 1806 3180 mea
1827 3123 2058 3194 vesperi,
2089 3142 2108 3175 ι

543 3221 688 3289 quod
747 3222 964 3291 proprie
1007 3222 1074 3276 ad
1135 3221 1570 3293 conjunctionem
1613 3236 1800 3277 renum
1859 3221 2112 3291 pertinet.

543 3309 688 3363 Nihil
727 3311 848 3365 viro
896 3326 1066 3365 uxore
1116 3312 1257 3366 bona
1301 3311 1611 3378 amabilius,
1638 3326 1758 3381 quae
1807 3327 1837 3365 a
1868 3309 1977 3365 Deo
2020 3310 2118 3364 ho-

545 3398 680 3452 mini
705 3399 1040 3467 providetur,
1067 3408 1123 3454 et
1157 3400 1243 3453 cui
1278 3399 1490 3454 Domini
1517 3399 1633 3470 lege
1661 3397 2028 3470 conjungitur,
2061 3408 2119 3454 ct

541 3504 710 3544 unum
746 3506 871 3546 cum
907 3506 972 3545 ea
1025 3506 1221 3561 corpus
1258 3490 1505 3546 efﬁcitur.
1537 3491 1796 3560 Quodque
1825 3491 2067 3561 sequitur
2099 3508 2112 3542 :

547 3597 568 3629 ι
596 3578 806 3634 Corona
829 3588 919 3634 tua
932 3580 1301 3650 circumligata
1333 3582 1405 3636 sit
1425 3581 1540 3645 tibi,
1564 3590 1620 3637 et
1639 3581 2003 3636 calceamenta
2026 3590 2115 3634 tua

540 3679 702 3725 erunt
750 3671 803 3724 in
855 3671 1083 3740 pedibus
1129 3673 1257 3737 tuis,
1311 3692 1331 3724 ι
1371 3673 1474 3728 hoc
1529 3672 1846 3742 signiﬁcat:
1883 3671 2120 3726 llabebis

540 3775 750 3815 comam
801 3775 920 3829 qua:
953 3762 1204 3818 tondetur
1253 3763 1306 3816 in
1356 3762 1525 3826 luctu,
1555 3772 1608 3817 et
1645 3763 2009 3818 calceamenta
2061 3763 2116 3817 in

538 3849 787 3919 pedibus,
811 3866 930 3920 quae
952 3851 1198 3921 lugentes
1225 3853 1398 3908 solent
1424 3853 1678 3922 ahjicere.
1702 3852 1854 3908 Unde
1881 3852 2115 3908 etDavid

538 3940 775 3997 Absalon
799 3942 966 3997 ﬁlium
987 3942 1198 4014 fugiens
1220 3944 1302 4015 (II
1328 3944 1456 4014 Reg.
1476 3945 1660 4016 xv),ct
1674 3945 1943 4015 pmnitens
1957 3959 2116 4014 super

539 4047 674 4088 nece
691 4029 852 4095 Uria),
877 4033 1036 4088 nudis
1055 4035 1301 4104 pedibus,
1327 4035 1545 4090 incedit.
1563 4035 1729 4090 Aiunt
1756 4034 1965 4090 Hebraei
1988 4035 2117 4090 huc-

538 4138 708 4193 usque
731 4123 1055 4195 Babylonios
1076 4127 1363 4196 magislros
1379 4126 1513 4198 legis
1531 4134 1797 4197 praecepta
1814 4133 2113 4190 servantes,

539 4218 858 4289 decalogum
879 4219 1138 4288 scriptum
1163 4218 1216 4272 in
1241 4216 1626 4273 membranulis
1653 4216 1989 4272 circumdare
2021 4231 2112 4270 ca-

538 4309 638 4378 piti
665 4324 785 4373 suo,
811 4317 867 4363 et
892 4309 1010 4363 haec
1030 4323 1150 4363 esse
1171 4324 1289 4378 qua:
1308 4309 1598 4379 jubeantur
1625 4317 1748 4363 ante
1772 4307 1957 4362 oculos
1979 4314 2033 4361 et
2059 4307 2113 4360 in

540 4400 722 4453 fronte
735 4399 988 4468 pendere,
1016 4409 1075 4454 ut
1089 4414 1302 4469 semper
1315 4401 1532 4455 videant
1551 4416 1671 4469 quae
1685 4409 1949 4470 pra-cepta
1967 4408 2111 4455 sunt.

543 4489 610 4544 Et
635 4491 760 4558 quia
790 4490 1043 4545 Ezechiel
1070 4492 1322 4546 sacerdos
1354 4500 1493 4555 erat,
1515 4507 1851 4560 nequaquam
1876 4507 1999 4545 eum
2026 4492 2114 4545 de-

538 4583 670 4638 bere
698 4581 965 4653 deponere
987 4597 1242 4638 coronam
1269 4583 1628 4654 gloriationis,
1654 4582 1746 4638 sed
1780 4583 1994 4652 ligatam
2025 4584 2114 4638 ha-

538 4675 670 4730 bere
691 4674 743 4728 in
760 4675 952 4745 capite.
985 4674 1101 4732 Hoc
1115 4675 1190 4730 illi
1204 4675 1438 4730 dixerint
1465 4689 1478 4728 :
1503 4690 1601 4729 nos
1613 4675 1952 4744 autemjuxta
1968 4672 2111 4727 LXX

537 4781 795 4821 coronam
829 4767 1147 4836 capillorum
1174 4767 1538 4838 intelligamus
1572 4766 1871 4832 cazsariem,
1896 4766 2020 4821 licet
2059 4776 2112 4820 et

536 4856 775 4925 ipsorum
802 4856 1178 4925 interpretatio
1204 4873 1546 4927 nequaquam
1579 4858 1686 4912 vim
1713 4856 1962 4912 Hebraici
1997 4873 2110 4914 ser-

536 4946 712 5000 monis
736 4949 1063 5015 expresserit
1088 4961 1101 4999 :
1135 4966 1153 4997 ‹
1177 4946 1285 5001 Nec
1310 4948 1530 5012 amictu,
1551 4948 1742 5017 inquit,
1759 4964 1851 5003 ora
1882 4950 2108 5014 vclabis,

535 5053 639 5093 nec
657 5039 806 5093 cibos
827 5039 1122 5109 lugentium
1145 5040 1346 5108 capies,
1379 5059 1396 5090 ι
1424 5056 1542 5110 quae
1565 5041 1807 5096 solentin
1833 5043 1978 5097 luctu
1997 5043 2113 5098 ﬁeri

535 5137 598 5183 ut
640 5128 889 5199 operiant
937 5129 1162 5183 vultum.
1207 5129 1440 5185 Locutus
1479 5147 1630 5197 sum,
1675 5133 1878 5202 inquit,
1923 5135 1992 5187 ad
2020 5148 2114 5202 po-

536 5219 760 5289 pulum,
805 5236 924 5290 quae
962 5221 1094 5275 mihi
1134 5221 1390 5278 Dominus
1436 5224 1683 5295 imperat.
1728 5244 1746 5276 ι
1788 5225 1856 5288 Ει
1899 5226 2111 5294 vesperi

539 5320 755 5366 mortua
807 5321 892 5368 est
941 5329 1077 5368 uxor
1122 5329 1240 5369 mea
1269 5355 1283 5381 ,
1341 5337 1361 5369 ι
1428 5318 1708 5374 oculorum
1756 5319 2112 5376 desiderabile

537 5405 948 5477 lumborumque
994 5419 1048 5462 et
1095 5410 1372 5481 sanguinis
1415 5413 1610 5467 luctus.
1678 5411 1981 5482 Statimque
2023 5416 2108 5471 die

537 5497 705 5551 altera
749 5513 906 5554 mane
945 5498 1045 5555 feci
1079 5503 1258 5556 omnia
1283 5517 1402 5571 qua:
1427 5503 1560 5557 mihi
1583 5503 1799 5559 fuerant
1829 5505 2105 5576 imperata.

535 5589 998 5660 lnterrogavitque
1024 5607 1108 5646 me
1134 5593 1362 5663 populus
1403 5609 1502 5648 cur
1541 5603 1728 5650 contra
1757 5611 1960 5651 morem
1989 5614 2110 5653 om-

539 5681 686 5734 nium
731 5680 949 5736 fecerim
977 5724 992 5749 ,
1045 5699 1344 5756 causasque
1383 5688 1752 5756 qumrentibus
1805 5698 1965 5746 tantae
2018 5709 2112 5763 pa-

544 5769 744 5825 tientire
769 5773 1048 5844 respondi:
1071 5790 1252 5831 sermo
1273 5776 1482 5834 Domini
1505 5779 1594 5847 qui
1619 5779 1684 5834 ad
1711 5794 1794 5835 me
1817 5779 1988 5838 factus
2009 5793 2109 5853 est,

2220 1932 2302 1988 dis
2335 1933 2592 1989 incedetis
2623 1935 2867 2004 pedibus,
2896 1951 3000 1989 non
3027 1935 3315 2005 plangetis,
3344 1951 3454 1990 nec
3491 1937 3692 1990 amictu
3715 1952 3793 1990 an

2219 2024 2488 2090 velabitis,
2520 2042 2621 2081 nec
2652 2027 2800 2082 cibos
2842 2027 3116 2096 accipietis
3157 2042 3187 2080 a
3237 2027 3678 2088 consolantibus,
3718 2029 3792 2082 sed

2221 2113 2529 2182 tabescetis,
2575 2126 2629 2171 et
2664 2118 3053 2173 eonsumemini
3091 2118 3144 2172 in
3173 2119 3568 2189 iniquitatibus
3607 2121 3790 2178 vestris.

2219 2215 2275 2262 et
2315 2208 2406 2262 vix
2450 2209 2645 2264 librum
2690 2211 2958 2266 habebitis
3001 2213 3283 2283 gemitum,
3310 2228 3379 2267 ne
3425 2213 3790 2268 oﬂ’cndatisﬁ-

2220 2305 2429 2350 ctorum
2471 2299 2778 2368 superbiam
2825 2301 2870 2355 si
2921 2300 3136 2370 publice
3180 2299 3310 2356 ﬁere
3353 2301 3698 2362 videamini,
3736 2305 3790 2356 ita

2219 2397 2277 2441 ut
2301 2387 2546 2444 Ezechiel
2571 2390 2829 2459 prepheta
2855 2391 2924 2446 sit
2945 2392 3100 2446 vobis
3123 2393 3175 2446 in
3198 2402 3547 2461 portentum,
3570 2406 3625 2448 et
3643 2395 3788 2448 om

2219 2494 2338 2548 qua:
2385 2479 2473 2534 ille
2517 2480 2571 2533 in
2617 2491 2794 2537 morte
2839 2499 2945 2538 non
2988 2482 3118 2537 fecit
3162 2485 3370 2549 uxoris,
3420 2502 3532 2564 yos
3571 2488 3625 2540 in
3665 2504 3786 2541 eret-

2217 2570 2372 2625 sione
2407 2571 2554 2624 urbis
2591 2579 2646 2624 et
2693 2572 2872 2642 templi
2916 2589 3022 2628 non
3063 2573 3298 2629 faciatis.
3347 2575 3420 2629 Et
3457 2578 3642 2631 adhuc
3666 2593 3790 2647 aper-

2219 2659 2347 2723 tius,
2370 2674 2423 2723 ο,
2448 2659 2641 2729 inquit,
2666 2660 2738 2714 ﬁli
2765 2662 3018 2728 hominis,
3058 2662 3111 2716 in
3137 2672 3382 2732 tempore
3432 2668 3657 2734 quando
3690 2667 3786 2719 ais-

2219 2749 2392 2805 tulero
2418 2751 2484 2805 ab
2506 2751 2584 2805 eis
2607 2749 2976 2806 fortitudinem
3001 2767 3212 2817 eorum,
3236 2754 3456 2823 templi,
3486 2763 3546 2808 ut
3566 2756 3786 2815 diuinis.

2218 2842 2622 2908 conﬁdentiam,
2647 2852 2702 2898 et
2725 2844 2976 2914 gaudium
3011 2845 3308 2914 dignitatis,
3339 2856 3394 2900 et
3435 2848 3492 2900 in
3533 2863 3644 2916 quo
3670 2864 3788 2916 5pm

2217 2932 2386 2986 solam
2432 2934 2702 2988 habebant
2739 2949 2803 2988 ac
2843 2935 3197 2999 desiderium,
3241 2935 3298 2988 in
3343 2951 3460 3005 quo
3509 2939 3785 3006 requiesce-

2216 3023 2347 3078 bant
2386 3023 2581 3078 animae
2623 3039 2831 3079 eorum.
2879 3025 3102 3095 Insuper
3148 3026 3288 3081 filios
3330 3042 3526 3082 eorum
3569 3039 3624 3082 et
3658 3029 3790 3084 ﬁlias.

2218 3113 2536 3168 subauditur
2576 3129 2642 3169 ex
2689 3115 3080 3184 superioribus,
3125 3116 3428 3171 abstulero.
3480 3117 3573 3182 Eo,
3603 3118 3788 3187 inquit.

2222 3211 2463 3274 tempore
2501 3219 2622 3260 cum
2657 3206 2867 3261 venerit
2905 3206 2972 3260 ad
3010 3213 3062 3260 te
3098 3205 3165 3261 de
3206 3204 3508 3261 Ierusalem
3555 3206 3793 3276 fugiens,

2219 3296 2302 3350 vel
2345 3297 2436 3367 qui
2478 3297 2750 3363 evaserit,
2802 3298 2992 3354 dicens
3037 3300 3226 3354 urbem
3275 3315 3405 3356 esse
3442 3301 3797 3368 subversam,

2221 3394 2349 3442 tunc
2390 3386 2480 3455 qui
2523 3387 2673 3457 prius
2721 3394 2990 3454 tacueras,
3027 3397 3082 3443 et
3123 3390 3390 3460 gemitum
3433 3391 3660 3445 liberum
3695 3405 3796 3447 nm

2217 3476 2474 3542 habebas,
2501 3487 2556 3532 et
2592 3486 2756 3534 tanta:
2777 3493 2900 3534 eras
2925 3479 3218 3549 patientize,
3246 3490 3309 3534 ut
3347 3482 3399 3535 in
3436 3483 3626 3537 uxoris
3655 3497 3788 3538 nece.

2218 3579 2272 3624 et
2299 3569 2600 3625 lumborum
2646 3570 2830 3626 dolore
2856 3571 3150 3643 lacrymam
3193 3588 3301 3628 non
3343 3575 3654 3638 emitteres,
3689 3590 3790 3644 ape»

2220 3661 2328 3716 ries
2365 3679 2426 3717 os
2471 3669 2621 3717 tuum
2657 3670 2713 3717 et
2748 3661 2986 3732 loqueris
3025 3679 3130 3718 non
3165 3664 3235 3718 ad
3273 3680 3401 3720 eum
3449 3667 3547 3735 qui
3587 3665 3786 3725 velerit.

2218 3754 2311 3808 sed
2337 3770 2460 3809 cum
2501 3770 2588 3820 eo,
2632 3764 2692 3810 ut
2730 3771 3066 3827 quaecunque
3102 3765 3157 3811 tu
3186 3765 3416 3810 ventura
3463 3759 3788 3828 pmdixeras

2218 3845 2306 3899 ille
2351 3847 2561 3902 nuntiet
2602 3847 2766 3902 etiam
2809 3847 3084 3918 perfecta,
3129 3857 3184 3903 et
3227 3848 3372 3904 ultra
3422 3865 3541 3905 non
3589 3850 3784 3906 taedis.

2218 3936 2312 3991 sed
2353 3951 2548 4007 argues
2587 3952 2701 4003 eos,
2752 3945 2808 3993 et
2850 3938 2998 3994 dices
3042 3947 3237 3994 cuncta
3281 3939 3396 3994 illis
3449 3941 3655 3996 merito
3686 3955 3788 4010 pro-

2214 4028 2448 4083 venisse.
2500 4029 2577 4083 lta
2618 4037 2677 4083 ut
2717 4029 2792 4084 sis
2837 4029 2944 4084 illis
2987 4029 3040 4084 in
3081 4038 3428 4098 portentum,
3479 4032 3641 4101 juxta
3683 4030 3787 4085 Μ

2216 4122 2356 4189 quod
2407 4121 2461 4175 in
2502 4121 2768 4176 Zacharia
2813 4123 3075 4192 scriptum
3124 4130 3209 4177 est
3255 4121 3462 4192 (Zach.
3515 4125 3640 4195 ιιι),
3687 4138 3787 4192 pre

2215 4211 2405 4281 phetas
2443 4213 2588 4268 viros
2625 4228 2745 4268 esse
2787 4215 3193 4284 portendentes.
3255 4214 3324 4268 Et
3367 4214 3644 4270 Dominus
3685 4215 3782 4269 aliis

2214 4298 2452 4369 loquitur
2497 4320 2510 4354 :
2562 4322 2579 4354 ι
2634 4301 2692 4356 ln
2740 4303 2992 4358 manibus
3036 4305 3428 4373 prophetarum
3482 4307 3784 4360 assimihtm

2217 4407 2355 4447 sum.
2392 4413 2409 4444 ι
2459 4393 2583 4448 llaec
2619 4394 2772 4464 juxta
2818 4395 3102 4450 historiam
3147 4397 3288 4452 dicta
3335 4398 3473 4452 sint.
3522 4398 3787 4466 (nicust

2218 4483 2511 4540 Veniamus
2552 4486 2615 4540 ad
2655 4501 2953 4558 anagogcn,
2993 4489 3038 4543 si
3070 4497 3248 4544 tamen
3275 4489 3526 4546 violenta
3561 4494 3674 4547 vis:
3703 4506 3786 4545 an

2217 4573 2376 4629 fuerit
2417 4577 2555 4630 cauti
2593 4577 2813 4632 lectoris
2854 4579 3166 4647 prudentia;
3202 4580 3402 4635 Filium
3435 4583 3678 4654 hominis
3701 4584 3784 4637 ﬁci

2217 4665 2498 4722 Dominum
2546 4667 2886 4724 Salvatorem
2949 4671 3080 4724 nulli
3139 4671 3362 4726 dubium
3419 4677 3530 4744 qui
3575 4686 3783 4731 extrea

2215 4759 2370 4826 hora,
2415 4761 2517 4816 hoc
2552 4771 2656 4827 est,
2700 4763 2768 4817 ad
2811 4776 3090 4832 vesperam
3128 4765 3313 4818 mundi
3369 4765 3546 4836 hujus
3591 4782 3783 4821 uxorm

2211 4855 2494 4922 pristinam
2527 4855 2778 4924 perdidit,
2823 4869 2923 4910 nec
2962 4854 3110 4910 ﬂevit
3150 4871 3292 4920 eam,
3341 4872 3448 4912 nec
3479 4861 3685 4914 amictu
3711 4873 3782 4910 an

2212 4946 2430 5012 velavit,
2459 4963 2558 5002 nec
2591 4949 2798 5019 recepit
2829 4947 2992 5002 ullam
3033 4947 3313 5002 hominum
3349 4952 3782 5006 consolationm.

2215 5035 2283 5090 Et
2321 5036 2435 5092 lucc
2457 5047 2680 5092 ventura
2719 5038 2968 5107 praedixit
3006 5054 3184 5104 mane,
3224 5054 3347 5108 quae
3382 5043 3664 5112 completa
3689 5049 3788 5095 sas!

2214 5129 2444 5198 vesperi.
2491 5129 2556 5184 Et
2590 5146 2806 5184 rursum
2843 5145 3002 5184 mane
3028 5131 3082 5184 in
3108 5130 3350 5185 secundo
3376 5131 3646 5197 adventu,
3673 5133 3790 5186 facta

2213 5219 2463 5289 probabit
2496 5235 2616 5289 qua:
2641 5228 2864 5274 ventura
2901 5220 3259 5290 praedixerat;
3305 5223 3693 5277 sanctuarinm
3721 5219 3796 5273 h-

2214 5311 2474 5377 daeorum,
2515 5320 2571 5365 et
2603 5311 2748 5380 quod
2785 5310 3142 5366 desiderabile
3176 5311 3493 5367 habuerant
3528 5316 3581 5369 in
3617 5316 3795 5369 callis.

2215 5412 2270 5458 et
2293 5419 2455 5474 super
2481 5419 2589 5472 quo
2619 5403 2919 5458 tremebant
2941 5403 3133 5459 anima:
3164 5419 3378 5470 eorum,
3404 5421 3538 5462 esse
3567 5407 3796 5478 ροιιιιιιε

2217 5495 2354 5549 ﬁlios
2393 5510 2607 5565 quoque
2649 5510 2858 5560 eorum,
2901 5504 2957 5549 et
2994 5494 3132 5552 ﬁlias
3168 5496 3417 5552 Romano
3456 5499 3652 5568 gladio
3692 5517 3804 5554 oc-a-

2217 5586 2431 5640 cidisse.
2481 5585 2633 5654 Quod
2657 5595 2837 5641 autem
2859 5587 3076 5651 dicitur,
3111 5607 3129 5637 ι
3162 5602 3419 5641 coronam
3449 5589 3738 5645 habebitis
3761 5592 3802 5642 is

2218 5675 2481 5744 capitibus
2502 5677 2719 5741 vestris,
2746 5684 2801 5732 ct
2829 5676 3188 5731 calceamenta
3217 5685 3381 5731 erunt
3412 5677 3466 5730 in
3500 5679 3762 5747 pedibus.
3789 5701 3801 5726 ι

2219 5764 2282 5819 ad
2309 5765 2449 5819 illam
2477 5777 2683 5836 partem
2719 5766 3034 5834 referemus,
3061 5769 3201 5838 quod
3236 5784 3598 5838 nequaquam
3636 5774 3810 5842 lugere
