3916 6356
122 329 247 388 757

1099 338 1450 397 COMMENT.
1491 337 1561 396 IN
1597 337 2050 403 EZECHIELEM.
2087 379 2158 390 —
2194 348 2321 406 LIB.
2362 349 2434 406 Χ.

3303 354 3423 413 758'

124 444 406 514 debeant,
445 459 547 504 nec
585 446 740 520 signa
778 448 956 507 luctus
992 464 1289 519 assumere,
1318 460 1600 523 postquam
1628 466 1728 522 pro
1752 459 1804 516 Α
1830 456 2040 514 Domini
2078 475 2243 531 opere
2281 460 2552 534 completa
2573 500 2590 527 ,
2636 463 2916 523 habebunt
2952 463 3263 525 libertatem
3283 506 3300 534 ,
3349 478 3407 524 ct

125 535 343 592 umbra
396 539 700 609 receperint
738 541 1059 605 veritatem,
1116 548 1176 597 et
1214 539 1458 598 Nazarati
1498 542 1719 612 quidam

124 625 277 682 facti
314 628 536 685 fuerint.
580 629 647 684 Et
676 631 1045 701 unusquisque
1081 646 1241 702 super
1264 631 1432 687 fratre
1466 644 1743 688 suotcouo‘

124 717 436 787 solabitur,
485 721 561 777 ita
602 729 665 777 ut
705 722 956 778 Ezechiel
1003 737 1164 793 quem
1214 723 1540 779 eonfortavit
1582 724 1724 780 Deus

123 817 330 878 pater,
372 812 444 868 sit
488 812 569 868 eis
610 813 664 868 in
707 820 1017 882 portentum
1058 823 1288 870 ventura
1334 815 1719 884 praenuntiatus.

123 900 204 954 Et
250 910 543 973 postquam
566 903 824 960 subversa
863 902 1027 959 ﬁxerit
1062 903 1384 969 Jerusalem,
1440 904 1725 974 templum-

121 1004 248 1057 que
292 1006 637 1059 succensum,
680 1001 736 1049 et
776 994 880 1048 hoc
917 1000 1061 1048 totus
1101 993 1333 1051 mundus
1369 994 1643 1061 audierit,
1673 1001 1730 1050 et

121 1080 416 1152 dispersio
436 1082 603 1142 Israel
625 1101 746 1157 qua:
776 1085 924 1142 orbis
955 1086 1213 1141 terminos
1236 1084 1385 1151 colit,
1415 1093 1541 1141 tunc
1563 1085 1725 1140 verba

1824 550 2032 621 polluto
2054 553 2366 609 sancthario
2385 552 2524 624 ejus,
2550 552 2666 626 lege
2698 554 2967 626 completa
2994 557 3077 613 vel
3105 559 3403 630 destructa,

1826 642 2124 699 sectmdum
2160 642 2497 700 occidentem
2532 642 2793 710 litteram,
2815 654 3005 717 aperta
3024 647 3097 703 sit
3129 648 3406 721 Evangelii

1828 731 2033 803 gloria,
2067 741 2125 788 et
2164 742 2455 806 cognoscat
2491 733 2657 791 Israel
2698 737 2844 806 quod
2881 737 2997 808 ipse
3034 739 3107 795 sit
3147 739 3407 799 Dominus

1827 830 1888 877 et
1929 822 2110 889 Deus,
2165 823 2260 894 qui
2303 824 2421 880 lucc
2466 838 2629 880 mane
2667 833 2897 882 ventura
2939 829 3292 899 prazdixerit,
3349 841 3406 888 et

1831 914 2042 984 vesperi
2079 923 2243 985 atque
2281 915 2339 971 in
2374 917 2837 975 consummatione
2877 919 3062 976 mundi
3080 936 3226 978 esse
3255 936 3404 979 com-

1826 1003 1993 1077 pleta,
2031 1019 2130 1061 suo
2167 1006 2410 1077 probarit
2446 1007 2715 1065 adventu.-

126 1242 3396 1273 mm

1341 1396 1640 1479 LIBER
1686 1393 2179 1478 DECIMUS.

195 1616 345 1674 Post
382 1615 544 1673 finem
585 1629 719 1687 ergo
752 1614 883 1670 noni
932 1613 1056 1681 libri
1092 1613 1255 1683 hujus
1293 1617 1510 1686 operis,
1561 1633 1725 1690 quem

2386 1616 2613 1675 CAPUT
2668 1617 2835 1675 XXV.

113 1721 321 1776 niiper
339 1706 694 1777 explevimus,
726 1705 858 1761 libet
902 1714 1001 1760 nos
1029 1704 1085 1759 in
1113 1704 1267 1760 initio
1294 1705 1489 1764 decimi
1529 1709 1707 1780 prtefa-

1825 1731 2010 1789 Scrmo
2031 1729 2241 1799 Domini
2264 1740 2447 1785 contra
2469 1728 2609 1798 ﬁlios
2631 1729 2875 1797 Ammon,
2898 1741 2945 1786 et
2969 1729 3146 1797 Moab,
3171 1744 3220 1787 et
3242 1732 3399 1799 δεμ-η

110 1797 437 1853 tiuneulam
465 1797 612 1853 beati
638 1795 947 1867 Hieronymi
976 1810 1196 1865 ponere,
1226 1811 1346 1867 quae
1371 1797 1451 1854 sic
1489 1798 1713 1871 incipit:

114 1907 141 1938 ε
176 1887 337 1954 Quid
368 1888 491 1943 aliis
521 1888 693 1958 prosit
717 1887 772 1942 in
803 1887 1095 1957 prophetas
1125 1896 1310 1944 nostra
1339 1889 1579 1959 dictatio,
1621 1893 1718 1950 Dei

111 1977 321 2048 iudicii
350 1988 432 2035 est
457 1993 753 2049 eorumque
773 1979 1141 2047 conscientiae,
1163 1980 1278 2049 qui,
1296 1981 1514 2039 omissis
1539 1982 1723 2041 declas

112 2068 466 2125 mationibus
499 2082 565 2125 ac
612 2068 805 2139 plausu
859 2076 918 2125 et
965 2070 1354 2139 compositione
1403 2074 1715 2141 verborum,

112 2157 362 2229 cupiunt
386 2158 534 2214 scire
557 2158 688 2229 quid
714 2172 903 2214 eorum
930 2172 1139 2226 sermo,
1176 2160 1262 2215 vel
1288 2172 1472 2218 narret
1494 2172 1719 2233 praeter-

110 2250 289 2315 itum,
310 2250 398 2307 vel
417 2265 654 2322 praesens
674 2257 886 2322 arguat,
904 2250 988 2309 vel
1000 2251 1257 2323 praedicat
1274 2267 1395 2309 esse
1407 2261 1719 2321 venturum,

114 2341 297 2400 Nobis
335 2342 554 2399 interim
598 2343 833 2414 primum
875 2341 1135 2415 prodest:
1164 2344 1291 2401 dum
1319 2345 1465 2402 enim
1502 2346 1607 2402 hoc
1631 2346 1713 2401 fa—

113 2436 325 2499 cimus,
377 2445 435 2491 et
474 2434 608 2491 nihil
641 2434 788 2491 aliud
837 2435 1160 2507 cogitamus,
1212 2435 1267 2490 in
1316 2436 1534 2494 modum
1582 2436 1719 2495 furti

110 2523 544 2593 explanationes
576 2523 935 2595 aggredimur,
982 2532 1041 2579 et
1084 2523 1294 2580 dierum
1332 2525 1580 2582 miserias
1611 2543 1711 2583 no-

111 2613 293 2669 ctium
323 2613 500 2669 studio
521 2628 953 2684 compensamus.
984 2613 1233 2670 Pascitur
1255 2614 1471 2671 animus
1498 2624 1555 2671 et
1578 2615 1714 2672 obli-

112 2704 360 2760 viscitur
385 2705 569 2762 saeculi
600 2701 1001 2771 calamitatum,
1050 2706 1194 2776 quod
1234 2707 1289 2762 in
1329 2715 1574 2765 extremo
1607 2708 1715 2765 ﬁne

109 2791 228 2866 jam
256 2796 502 2865 positum
527 2796 878 2867 congemiscit
902 2804 961 2850 et
982 2796 1234 2865 parturit,
1257 2797 1428 2854 donec
1449 2799 1542 2869 qui
1569 2807 1719 2855 tenet

116 2886 187 2941 de
221 2885 411 2941 medio
438 2885 563 2953 ﬁat,
604 2893 660 2941 et
694 2886 858 2956 pedes
888 2894 1086 2942 statum
1112 2887 1383 2956 quondam
1415 2886 1576 2945 ferrei
1604 2888 1710 2946 fra-

116 2978 351 3049 gilitate
366 2978 652 3050 digitorum
684 2978 925 3035 ﬁctilium
953 2986 1322 3034 conterantur.
1369 2979 1528 3036 Cadit
1552 2996 1710 3036 mun-

1887 1812 1937 1858 ει
1973 1812 2152 1856 contra
2185 1798 2524 1870 Palmatinos,
2552 1801 2642 1870 qui
2670 1801 2833 1870 σωζέεὶ
2863 1811 2982 1855 sunt
3018 1802 3082 1856 de
3123 1804 3276 1857 ruina
3300 1798 3394 1859 Je4

1838 1926 1843 1931 ,
1892 1870 2144 1937 rusulem,
2170 1879 2220 1925 et
2247 1869 2541 1940 afﬂixerunt
2564 1868 2709 1938 ﬁlias
2734 1868 2913 1926 ludar.

1891 2000 1910 2035 ι
1944 1982 2011 2037 Et
2041 1980 2216 2037 factus
2249 1988 2333 2036 est
2369 1994 2550 2037 sermo
2589 1979 2797 2035 Domini
2825 1979 2892 2035 ad
2923 1995 3009 2035 me
3036 1980 3256 2037 dicens:
3292 1982 3396 2039 Fili

1820 2090 1841 2124 ι
1874 2071 2132 2138 hominis,
2165 2085 2305 2142 pone
2338 2068 2528 2125 faciem
2566 2077 2710 2124 tuam
2743 2078 2933 2124 contra
2961 2068 3102 2126 ﬁlios
3130 2070 3392 2139 AmmOn,

1819 2184 1841 2217 ι
1868 2174 1929 2222 et
1954 2163 2302 2236 prophetabis
2323 2162 2390 2218 de
2410 2161 2511 2226 eis,
2534 2170 2591 2216 et
2611 2161 2763 2217 dices
2780 2161 2904 2217 ﬁliis
2920 2162 3170 2239 Ammon.
3200 2164 3395 2221 Audite

1819 2273 1839 2306 ι
1871 2252 2094 2311 verbum
2109 2251 2319 2309 Domini
2337 2251 2458 2306 Dei:
2478 2250 2603 2305 llaec
2615 2250 2746 2305 dicit
2761 2250 3017 2306 Dominus
3035 2251 3196 2319 Deus,
3211 2268 3310 2323 pro
3328 2267 3393 2307 eo

1818 2363 1838 2397 σ
1868 2343 2009 2413 quod
2031 2341 2264 2407 dixistis,
2284 2340 2450 2412 Euge,
2473 2356 2606 2413 euge
2627 2356 2788 2412 super
2808 2343 3171 2397 sanctuarium
3191 2358 3413 2409 meum,

1817 2451 1839 2484 ι
1867 2432 1994 2503 quia
2029 2430 2291 2502 pollutum
2325 2441 2440 2497 est,
2486 2439 2543 2486 et
2587 2446 2747 2502 super
2779 2440 2977 2489 terram
3016 2433 3216 2500 Israel,
3264 2434 3409 2505 quia.

1815 2546 1836 2580 ι
1868 2518 2103 2582 desolata
2134 2531 2236 2588 est,
2265 2532 2319 2580 et
2347 2539 2511 2595 super
2535 2525 2751 2580 domum
2777 2522 2937 2592 Juda,
2964 2526 3220 2596 quoniam
3246 2527 3394 2583 ducti

1815 2635 1837 2669 ι
1869 2624 1996 2672 sunt
2024 2615 2079 2670 in
2110 2615 2500 2685 captivitatem.
2551 2615 2755 2672 Idcirco
2783 2631 2915 2687 ergo
2943 2617 3151 2672 tradam
3183 2626 3235 2681 te
3264 2617 3392 2675 ﬁliis

1816 2725 1836 2758 ι
1867 2705 2253 2771 orientalibus,
2305 2705 2357 2760 in
2403 2705 2774 2761 haereditatem
2822 2706 3165 2762 collocabant
3209 2699 3400 2764 caulas

1814 2815 1835 2847 σ
1867 2811 1997 2853 suas
2018 2796 2072 2852 in
2096 2804 2174 2863 te,
2214 2804 2269 2851 et
2291 2804 2494 2867 ponent
2518 2796 2572 2850 in
2604 2804 2655 2851 te
2682 2797 2917 2852 tentoria
2960 2812 3078 2853 sua.
3113 2797 3213 2868 Ipsi
3242 2813 3390 2854 com-

1814 2907 1835 2940 ι
1865 2890 2028 2946 edent
2050 2888 2233 2960 fruges
2259 2897 2400 2955 tuas,
2415 2899 2471 2942 et
2488 2888 2586 2958 ipsi
2612 2888 2800 2944 bibent
2823 2887 2907 2945 lac
2930 2898 3100 2944 tuum.
3136 2890 3413 2961 Daboque~

1813 2995 1833 3029 ι
1866 2977 2051 3034 Rabba
2076 2979 2128 3033 in
2154 2977 2520 3034 habitaculum
2546 2978 2897 3042 camelorum,
2920 2989 2975 3036 et
2997 2980 3136 3037 ﬁlios
3158 2980 3405 3037 Ammon

116 3068 258 3136 dus,
277 3077 343 3125 et
367 3070 550 3125 cervix
579 3078 757 3126 erecta
786 3085 893 3125 non
922 3069 1177 3126 flectitur.
1211 3070 1448 3128 Pereunt
1471 3072 1701 3140 divitias,

1813 3084 1833 3118 ι
1865 3067 1921 3122 in
1947 3067 2121 3123 cubile
2144 3082 2420 3138 pecorum,
2435 3074 2491 3123 et
2509 3069 2694 3124 scietis
2712 3070 2837 3138 quia
2857 3085 2955 3140 ego
2971 3071 3248 3138 Dominus,
3262 3071 3389 3139 quia

115 3168 177 3215 et
202 3174 558 3231 nequaquam
580 3168 762 3216 cessat
785 3161 1037 3215 avaritia.
1062 3160 1401 3232 Congregare
1426 3162 1706 3232 festinant,

116 3262 245 3318 quae
271 3262 494 3303 rursum
520 3250 589 3305 ab
610 3250 733 3306 aliis
756 3259 1104 3321 occupentur.
1136 3251 1409 3309 Aruerunt
1433 3254 1709 3327 lacrymaz,

118 3339 308 3411 pietas
332 3340 509 3396 omnis
537 3341 715 3396 ablata
744 3351 846 3398 est.
885 3341 1034 3399 Multi
1060 3345 1155 3415 qui
1181 3354 1400 3415 petant,
1430 3348 1583 3418 pauci
1613 3350 1708 3419 qui

120 3432 393 3489 tribuant.
427 3433 538 3490 Nec
564 3435 953 3503 erubescimus,
977 3445 1349 3507 paupertatem
1372 3439 1464 3494 vili
1492 3440 1709 3510 palliolo

120 3523 498 3594 praeferentes,
530 3524 705 3581 Croesi
747 3526 941 3597 opibus
970 3527 1247 3595 incubare,
1294 3528 1599 3601 famemque
1652 3540 1707 3588 et

121 3612 408 3667 interitum
457 3613 806 3683 plurimorum
853 3617 1055 3674 nostris
1098 3617 1371 3674 custodire
1416 3619 1701 3684 thesauris,

121 3701 424 3755 secundum
462 3701 611 3758 illum
648 3704 870 3759 divitem
906 3715 1260 3776 purpuratum
1282 3747 1299 3772 ,
1336 3706 1428 3777 qui
1467 3715 1526 3763 ut
1559 3707 1705 3764 aliud

119 3789 261 3843 nihil
290 3788 512 3859 fecerit,
544 3807 717 3862 neque
744 3794 890 3849 enim
921 3795 1140 3867 rapinas
1167 3796 1283 3864 ejus
1311 3807 1363 3852 et
1394 3795 1705 3867 iniquitates

120 3879 407 3952 Scriptura
443 3892 672 3940 testatur
699 3884 848 3957 (Luc.
878 3884 1025 3958 xvr),
1062 3887 1352 3943 crudelitas
1387 3887 1505 3957 ejus
1541 3898 1704 3959 atque

115 3974 381 4043 superbia
408 3991 515 4031 non
544 3975 709 4032 habet
746 3977 966 4033 modum
992 3996 1015 4032 ι
1040 3977 1245 4033 Lazaro
1286 3987 1414 4034 ante
1451 3978 1594 4037 fores
1620 3980 1704 4050 ja-

116 4063 270 4117 eenti
302 4072 464 4133 atque
493 4065 784 4132 semineci,
817 4082 886 4122 ne
911 4080 977 4121 ea
1005 4068 1219 4136 quidem
1248 4067 1411 4139 jussit
1437 4069 1554 4125 dari
1584 4086 1703 4140 qua:

112 4154 355 4210 canibus
382 4156 755 4227 projiciuntur.
794 4158 992 4226 Quanti
1021 4174 1165 4214 nunc
1193 4160 1384 4215 Lazari
1406 4160 1619 4230 iacent,
1648 4173 1704 4220 et

113 4250 453 4312 quantorum
490 4262 744 4319 purpurae
769 4249 999 4307 diversis
1023 4250 1252 4306 vestium
1281 4253 1552 4311 coloribus
1577 4271 1712 4326 pro-A

116 4342 398 4403 teguntur,
420 4354 487 4393 ne
507 4338 563 4393 in
585 4354 721 4396 usus
734 4340 948 4410 quidem
970 4342 1219 4413 proprios
1234 4345 1557 4400 vertentium
1580 4363 1700 4417 quae

1816 3173 1836 3206 ι
1866 3154 1982 3211 hinc
2019 3156 2151 3212 dicit
2190 3155 2450 3212 Dominus
2488 3156 2659 3222 Deus,
2704 3172 2804 3228 pro
2845 3172 2912 3214 eo
2957 3158 3099 3229 quod
3141 3158 3407 3228 plausistL

1814 3261 1835 3295 ι
1867 3259 2052 3312 manu,
2083 3253 2139 3301 et
2163 3245 2474 3316 percussisti
2503 3246 2662 3316 pede,
2690 3255 2746 3300 et
2774 3246 2958 3316 gavisa
2985 3262 3043 3302 es
3071 3262 3137 3302 cx
3168 3257 3281 3304 toto
3309 3248 3389 3311 af-

1813 3353 1833 3386 ε
1866 3334 2009 3391 fectu
2039 3350 2202 3407 super
2229 3343 2430 3391 terram
2460 3335 2627 3391 Israel
2651 3376 2667 3402 ,
2718 3336 2921 3392 idcirco
2958 3352 3060 3409 ego
3100 3340 3386 3394 extendam

1813 3442 1832 3477 ι
1864 3416 2080 3480 manum
2113 3440 2288 3480 meum
2316 3440 2479 3494 super
2505 3433 2556 3478 te
2576 3463 2591 3489 ,
2631 3428 2686 3479 et
2714 3425 2926 3481 tradam
2958 3435 3011 3480 te
3040 3425 3095 3480 iu
3122 3426 3391 3495 direptio-

1811 3534 1839 3567 ι
1862 3531 1986 3572 nem
2015 3515 2277 3587 gentium,
2306 3523 2362 3571 et
2388 3514 2711 3569 interﬁeiam
2742 3523 2796 3569 te
2822 3514 2889 3570 de
2914 3514 3147 3585 populis,
3174 3525 3229 3570 et
3253 3530 3383 3586 per-

1812 3624 1837 3658 c
1866 3606 1991 3662 dam
2028 3606 2095 3661 de
2138 3605 2318 3671 terris,
2360 3614 2415 3659 et
2456 3614 2754 3661 conteram.
2811 3605 2878 3659 Et
2922 3606 3063 3661 scies
3108 3605 3234 3675 quia
3282 3620 3403 3678 ego.

1811 3716 1830 3749 ι
1865 3698 2141 3754 Dominus.
2181 3717 2201 3751 ι
2236 3696 2404 3768 Capta
2441 3697 2521 3754 vel
2548 3699 2768 3755 obsessa
2794 3697 3114 3765 Jerusalem,
3151 3709 3206 3755 et
3236 3711 3382 3770 post-

1803 3805 1966 3861 quam
1994 3793 2144 3846 venit
2175 3790 2230 3846 in
2257 3790 2583 3863 Babylonem
2612 3793 2705 3863 qui
2734 3801 2985 3863 potuerat
3021 3793 3281 3861 evadere,
3327 3804 3393 3852 et

1796 3881 2070 3955 (nuntiavit
2099 3881 2286 3936 urbem
2329 3879 2440 3951 jam
2480 3880 2702 3953 jamque
2729 3884 3083 3954 capiendam,
3129 3887 3213 3941 vel
3256 3903 3379 3942 cum

1804 3973 2000 4043 templo
2015 3988 2136 4030 esse
2156 3974 2489 4041 subversam,
2505 3974 2659 4044 juxta
2679 3979 3117 4034 consuetudinem
3137 3983 3385 4045 omnium

1801 4065 2195 4134 prophetarum.
2211 4066 2497 4120 adversum
2524 4074 2749 4121 caatcras
2777 4067 2828 4121 in
2857 4068 3083 4123 circuitu:
3112 4070 3397 4136 nationes,

1801 4169 1922 4225 qua:
1968 4153 2356 4210 insultaverant
2396 4154 2566 4210 ruinae
2615 4153 2912 4211 Jerusalem
2954 4157 3245 4227 templique
3287 4160 3373 4214 iu-

1800 4242 2013 4309 ceudio,
2046 4244 2224 4298 sermo
2251 4244 2588 4299 convertitur
2618 4245 2974 4316 prophetalis.
3024 4234 3394 4321 Primumque"

1797 4341 1986 4390 contra
2015 4332 2151 4388 ﬁlios
2178 4332 2404 4389 Ammon
2449 4334 2541 4404 qui
2582 4334 2853 4390 habebant
2895 4335 3231 4407 metropolim
3273 4353 3373 4395 no-

115 4425 724 4494 perituraconservant.
755 4429 900 4497 Haec,
926 4432 1076 4504 virgo
1099 4432 1296 4488 Christi
1322 4434 1694 4505 Eustochium,

1811 4423 1942 4479 mine
1969 4421 2238 4489 Rabbatb,
2267 4439 2388 4495 qua:
2432 4424 2592 4480 hodie
2617 4440 2648 4479 a
2682 4440 2808 4497 rege
2852 4425 3071 4499 Egypti
3096 4426 3375 4487 Ptolomeo

116 4532 188 4571 ex
216 4517 399 4573 cordis
427 4518 753 4575 abundantia
778 4537 840 4578 os
868 4522 1103 4579 locutum
1134 4524 1236 4592 sit,
1278 4534 1333 4581 et
1369 4526 1529 4597 paulo
1561 4527 1695 4584 libe-

120 4604 236 4660 rius
282 4620 445 4675 quam
482 4608 771 4664 humilitati
806 4621 1003 4668 nostras
1035 4614 1286 4670 convenit
1309 4654 1325 4681 ,
1374 4616 1689 4673 dixerimus.

120 4694 248 4751 llaec
279 4712 408 4769 ergo
436 4699 704 4764 diximus,
752 4701 1003 4758 dolentes
1021 4701 1175 4771 juxta
1204 4704 1364 4760 ﬁnem
1396 4717 1695 4777 temporum

118 4792 436 4840 aestuantem
464 4787 747 4843 avaritiam
774 4789 1124 4859 plurimorum
1143 4831 1159 4858 ,
1191 4793 1283 4862 qui
1313 4809 1420 4849 non
1447 4796 1693 4851 conside-

122 4881 247 4926 rant
273 4886 539 4943 quantum
567 4877 838 4943 habeant,
882 4878 976 4935 sed
1005 4890 1264 4949 quantum
1293 4879 1372 4936 eis
1400 4881 1571 4949 desit,
1601 4898 1669 4939 vo

120 4959 296 5017 lentes
323 4964 505 5019 omnia
538 4965 637 5020 soli
674 4967 971 5037 possidere.
1026 4968 1177 5026 Unde
1211 4969 1343 5024 mihi
1380 4970 1581 5027 bonum
1613 4971 1668 5027 vi

121 5049 281 5105 detur
307 5060 369 5107 ut
392 5054 690 5111 cultoribus
717 5055 918 5113 Christi
950 5058 1060 5113 sint
1086 5073 1266 5115 mores
1294 5058 1411 5115 sine
1434 5059 1693 5130 avaritia,

120 5144 358 5199 contenti
395 5146 771 5215 praesentibus.
804 5147 1011 5204 Bonum
1040 5149 1257 5219 quidem
1284 5150 1694 5208 mercimonium

122 5241 222 5295 est,
245 5233 291 5289 si
310 5249 376 5289 ex
396 5235 651 5306 perituris
670 5245 726 5293 et
744 5238 1098 5308 praesentibus
1119 5239 1278 5295 rebus
1297 5240 1513 5310 prmmia
1536 5242 1694 5298 nobis

124 5333 496 5392 comparemus
523 5334 732 5382 mterna
753 5336 809 5383 et
834 5340 997 5398 regna
1031 5329 1290 5384 coelestia.
1339 5329 1604 5386 Caeterum
1636 5333 1693 5389 in

126 5410 463 5472 Ezechielem
489 5418 640 5484 liber,
679 5419 774 5490 qui
819 5418 1049 5477 ﬁliorum
1076 5421 1307 5477 Ammon
1352 5430 1408 5478 et
1450 5424 1693 5495 gentium

127 5512 439 5564 ceterarum
484 5511 905 5582 increpationem
949 5511 1225 5579 continet,
1279 5523 1333 5570 et
1379 5515 1690 5572 vaticinimn

130 5591 447 5669 futurorum,
478 5603 579 5659 hoc
607 5603 825 5663 habebit
849 5605 1153 5662 exordium.
1191 5625 1208 5658 ι

1795 4523 2151 4587 cognomento
2192 4514 2543 4586 Philadelpho
2590 4517 2684 4588 qui
2725 4517 2983 4574 Arabiam
3031 4521 3204 4576 tenuit
3246 4537 3371 4577 cum

1793 4604 1977 4661 Iudaea
2026 4604 2395 4675 Philadelphia
2441 4616 2749 4678 nuncupata
2790 4616 2894 4663 est.
2931 4626 2950 4658 ι
2984 4607 3086 4664 Fili
3113 4649 3129 4675 ,
3153 4609 3329 4680 inquit
3355 4651 3372 4675 ,

1794 4693 2062 4759 hominis,
2104 4708 2245 4765 pone
2288 4694 2402 4750 sive
2447 4695 2675 4749 obﬁrma
2733 4695 2925 4751 faciem
2984 4705 3131 4752 tuam
3181 4707 3374 4755 contra

1794 4781 1933 4837 ﬁlios
1958 4781 2221 4848 Ammon,
2259 4801 2277 4835 ι
2306 4782 2397 4852 qui
2438 4774 2504 4838 de
2530 4782 2670 4838 Loth
2716 4784 2886 4855 stirpe
2927 4787 3167 4857 generati
3210 4796 3336 4843 sunt
3351 4827 3391 4853 ,τ

1800 4890 1819 4924 ι
1851 4879 1907 4926 et
1934 4870 2080 4926 dices
2108 4870 2175 4924 ad
2203 4885 2318 4926 eos.
2370 4870 2495 4926 Ilaec
2536 4872 2669 4928 dicit
2694 4872 2956 4930 Dominus
2979 4875 3155 4942 Deus,
3186 4895 3206 4929 ι
3259 4890 3366 4931 non

1794 4966 1923 5014 sunt
1948 4958 2092 5014 enim
2127 4960 2405 5030 propheta:
2431 4959 2625 5026 verba,
2661 4961 2758 5017 sed
2784 4962 3017 5018 Domini.
3069 4964 3147 5019 De
3196 4963 3367 5018 Obﬁr-

1795 5052 2030 5107 matione
2058 5050 2257 5115 vultus,
2292 5051 2359 5107 de
2386 5066 2493 5121 quo
2515 5051 2630 5122 jam
2660 5053 2716 5109 in
2749 5053 2853 5110 hoc
2885 5052 3075 5108 eodem
3102 5052 3389 5123 propheta.

1793 5142 2002 5214 plenius
2028 5140 2435 5212 disputavimus.
2485 5160 2505 5193 α
2533 5140 2640 5199 Pro
2664 5158 2731 5198 eo
2754 5143 2897 5213 quod
2924 5136 3157 5210 dixistis,
3179 5143 3367 5213 Euge,

1793 5247 1948 5304 euge,
1969 5253 1989 5286 ι
2016 5233 2130 5290 sive
2164 5233 2462 5290 insultastis
2491 5245 2547 5291 et
2575 5235 2744 5304 gavisi
2771 5235 2924 5299 estis,
2956 5233 3080 5304 quia
3110 5234 3377 5305 templum

1793 5333 1848 5381 et
1875 5324 2240 5381 sanctuarium
2269 5341 2447 5381 meum
2481 5326 2714 5381 hostium
2743 5325 3077 5397 ingressione
3103 5325 3377 5397 pollutum

1792 5426 1899 5484 est,
1924 5436 1943 5469 ι
1965 5426 2021 5473 et
2044 5433 2206 5488 super
2234 5428 2436 5474 terram
2456 5417 2644 5484 Israel,
2670 5418 2923 5489 quoniam
2952 5417 3190 5475 desolata
3215 5427 3319 5484 est,
3342 5437 3360 5469 ι

1794 5519 1850 5566 et
1875 5510 2181 5582 specialiter
2207 5526 2368 5582 super
2393 5511 2613 5566 domum
2641 5509 2777 5566 Juda
2820 5509 3045 5567 duarum
3094 5510 3366 5575 tribuum,

1795 5617 1915 5673 quae
1943 5616 2087 5656 nunc
2112 5599 2287 5655 ductae
2313 5607 2438 5655 sunt
2466 5600 2519 5654 in
2550 5598 2916 5669 captivitatem
2934 5642 2950 5665 ,
2988 5609 3274 5671 propterea
3312 5606 3375 5654 et'

1795 5707 1893 5761 ego
1924 5690 2129 5745 tradam
2160 5698 2211 5745 te
2238 5688 2359 5744 ﬁliis
2387 5688 2574 5756 Edom,
2605 5704 2740 5759 quos
2768 5689 3068 5751 Orientales
3096 5690 3365 5758 interpre-
