3916 6356
534 343 640 398 759

1205 341 1265 398 B.
1305 342 1555 399 RABANI
1593 343 1813 401 MAURI
1850 343 2168 401 ARCHIEP.
2210 346 2518 403 MOGUNT.
2559 347 2842 404 OPERUM
2879 348 3059 405 PARS
3095 349 3164 405 II.

3709 341 3798 395 τω

532 459 632 513 tati
655 473 860 512 sumus.
888 458 1137 528 Nullique
1157 459 1377 514 dubium
1401 470 1483 516 est
1521 461 1842 517 Madianitas
1863 471 1919 516 et
1943 470 2108 517 totam
2135 465 2189 524 Α
2211 464 2326 520 sive
2355 478 2542 518 eorum
2571 465 2704 520 vitio
2733 466 2824 535 qui
2860 465 2989 520 mihi
3018 465 3358 530 serviebant,
3405 462 3536 518 sive
3568 462 3796 518 hostium

533 549 699 603 eremi
744 551 1053 605 vastitatem
1081 551 1329 619 adjaeere
1367 560 1526 606 terra:
1568 553 1817 618 Arabize,
1856 554 1982 623 quia
2013 554 2110 608 ha-

530 639 663 693 bent
684 639 1013 695 camelorum
1041 655 1230 710 greges
1255 641 1548 710 oviumque
1574 651 1630 697 et
1657 658 1943 713 caprarum
1974 643 2110 698 mul-

533 726 872 791 titudines,et
898 730 981 784 his
1005 730 1196 801 Opibus
1217 731 1498 798 victitant;
1520 734 1664 802 quod
1687 742 1744 789 et
1765 742 1924 789 terra:
1945 735 2110 790 Israel

529 820 624 890 qui
647 817 897 876 Iudicum
927 822 1068 877 libro
1095 823 1359 878 accidisse
1386 835 1576 880 narrat
1602 825 1824 880 historia
1841 866 1858 892 ,
1894 827 2110 896 quando

530 920 795 966 venerant
839 912 1138 979 Madiamei,
1191 922 1246 968 et
1283 914 1519 984 depasta:
1548 925 1674 970 sunt
1718 931 1890 987 usque
1923 917 2108 972 Gazan

531 1016 719 1056 omnes
745 1003 992 1072 regiones
1015 1018 1222 1058 eorum.
1258 1014 1608 1080 Μεταφορικῶς
1631 1021 1759 1075 ergo
1786 1023 1884 1076 per
1908 1007 2109 1064 Madia—

530 1109 678 1148 meos
742 1093 1038 1150 Ismaelitas
1089 1105 1142 1148 et
1196 1096 1474 1167 Agarenos
1523 1099 1614 1166 qui
1661 1114 1805 1154 nunc
1848 1099 2105 1155 Saraceni

531 1187 891 1257 appellantur,
915 1196 1249 1244 assumentes
1273 1187 1375 1243 sibi
1401 1187 1536 1243 falso
1565 1189 1780 1244 nomine
1807 1189 1976 1256 Saraa,
1999 1207 2106 1261 quo

529 1280 740 1335 scilicet
769 1280 834 1334 de
863 1280 1091 1350 ingenua
1136 1289 1191 1333 et
1234 1279 1450 1334 domina
1482 1281 1764 1336 videantur
1792 1296 1912 1337 esse
1941 1298 2102 1350 gene-

530 1369 657 1435 rati,
693 1369 969 1438 Scriptura
999 1369 1294 1439 significat,
1335 1369 1640 1439 diciturque
1668 1371 1734 1424 de
1764 1385 1889 1441 rege
1920 1370 2104 1426 Nabu-

529 1458 872 1514 chodonosor
898 1466 953 1514 et
985 1459 1132 1512 omni
1167 1457 1284 1526 ejus
1318 1459 1561 1513 exercitu
1586 1499 1602 1525 ,
1651 1459 1794 1528 quod
1830 1461 2011 1514 veniat
2050 1470 2105 1516 et

527 1549 709 1620 capiat
733 1551 919 1604 urbem
946 1548 1215 1614 Rabbath,
1241 1565 1360 1620 qua:
1386 1550 1471 1604 vel
1500 1550 1715 1620 proprie
1744 1552 1845 1606 hoc
1873 1551 2107 1621 appella-

524 1649 618 1694 tur
647 1641 862 1695 nomine
901 1640 987 1695 vel
1034 1641 1104 1695 ob
1149 1641 1614 1712 magnitudinem:
1668 1641 1916 1697 Rabbth
1960 1644 2105 1698 enim

524 1732 760 1787 maxima
799 1731 1017 1787 dicitur.
1067 1733 1135 1786 Et
1167 1747 1236 1787 ne
1271 1732 1578 1787 dubitemus
1613 1731 2106 1789 Nabuchodonosor

2211 554 2530 610 crudelitate
2549 555 2640 624 qui
2663 571 2811 611 meos
2829 556 3288 625 persequebantur
3310 571 3325 609 :
3356 565 3582 610 terram
3602 567 3796 622 quoque

2209 643 2390 710 Israel,
2407 660 2600 700 sensus
2612 646 2858 701 videntes
2879 647 3043 700 Deum
3053 685 3068 711 ,
3086 662 3206 701 esse
3220 645 3535 700 desolatam
3551 645 3794 697 virtutum

2209 735 2408 801 choro;
2461 746 2518 791 et
2558 739 2815 807 quoniam
2853 738 2950 794 ﬁlii
2988 740 3179 794 domus
3205 737 3367 803 Iuda,
3400 737 3460 792 id
3501 745 3599 792 est
3631 736 3792 792 Domi-

2208 843 2338 882 num
2367 829 2698 893 conﬁtentis,
2741 830 2796 886 in
2821 846 2928 901 qua
2957 839 3043 886 est
3071 846 3199 885 vera
3238 830 3374 884 ﬁdes
3401 837 3468 883 et
3499 835 3660 882 recta
3685 843 3792 882 con-

2208 915 2394 982 fessio,
2418 917 2565 972 ducti
2590 926 2716 973 sunt
2745 917 2800 972 in
2830 919 3219 990 captivitatem,
3245 927 3299 973 et
3328 917 3561 973 servire
3588 915 3790 970 Domim

2209 1005 2514 1072 desierunt,
2561 1007 2792 1074 idcirco,
2834 1008 3011 1062 omnis
3048 1007 3347 1071 insultans,
3393 1007 3655 1062 traderis
3689 1007 3787 1060 ﬁliis

2208 1093 2571 1151 Orientalibus
2606 1098 2698 1166 qui
2729 1098 2794 1153 de
2824 1113 2953 1153 vero
2981 1096 3186 1153 lumine
3232 1105 3364 1152 sunt
3413 1095 3712 1167 profecti,
3749 1108 3787 1150 et

2209 1188 2438 1243 traderis
2469 1188 2522 1242 in
2553 1188 2944 1256 hmreditatem,
2977 1197 3038 1244 ut
3069 1199 3126 1244 tu
3154 1205 3373 1269 quoque
3404 1189 3612 1244 discas
3639 1188 3784 1242 Doni—

2206 1295 2335 1333 num
2366 1278 2634 1334 confiteri.
2692 1279 2760 1334 Et
2804 1295 2904 1350 per
2948 1281 3358 1336 translationem
3411 1280 3635 1334 dicitur
3670 1279 3783 1348 quod

2207 1368 2303 1424 ﬁlii
2323 1368 2559 1424 Orientis
2583 1378 2786 1440 ponant
2815 1385 2981 1440 super
3009 1385 3104 1425 eos
3133 1367 3318 1424 caulas
3350 1383 3525 1433 suas,
3560 1378 3614 1423 et
3647 1367 3782 1439 ligant

2206 1457 2468 1522 tentoria,
2517 1467 2572 1513 et
2601 1458 2786 1514 bibant
2813 1459 2926 1525 lae,
2969 1469 3024 1514 et
3052 1460 3340 1515 comedant
3373 1458 3621 1528 fruges:
3652 1468 3700 1514 et
3720 1462 3778 1513 ci-

2205 1550 2346 1604 vitas
2374 1549 2645 1620 quondam
2676 1551 2949 1620 superbire
2979 1550 3074 1604 fiat
3109 1550 3165 1604 in
3207 1549 3608 1605 habitaculum
3637 1566 3776 1605 came

2205 1640 2380 1696 lorum
2427 1641 2517 1709 qui
2560 1641 2791 1713 possint,
2821 1641 3067 1710 deposito
3101 1656 3267 1696 onere
3297 1648 3693 1711 peccatorum,
3717 1644 3774 1695 ir-

2205 1741 2351 1788 trare
2378 1748 2472 1803 per
2499 1733 2740 1787 foramen
2769 1749 2918 1788 acus.
2968 1733 3036 1788 Et
3073 1734 3125 1788 in
3167 1733 3348 1788 cubile
3390 1748 3661 1802 pecorum
3683 1749 3771 1801 qua

523 1822 855 1878 subvertisse
881 1823 1154 1887 Arabiam,
1184 1832 1468 1894 postquam
1501 1829 1658 1892 capta
1679 1832 1760 1878 est
1783 1821 2101 1890 Jerusalem,
2133 1810 2180 1870 Β
2208 1834 2467 1896 reguntur
2495 1841 2525 1879 a
2557 1832 2774 1895 pastore
2803 1825 2966 1891 bono,
2998 1833 3056 1878 ut
3087 1841 3210 1880 cum
3241 1825 3351 1880 hoc
3384 1823 3632 1880 fecerint
3657 1826 3765 1877 misti

523 1929 686 1983 supra
717 1911 996 1980 Scriptura
1027 1918 1292 1966 testatur:
1331 1931 1348 1963 ι
1381 1912 1448 1966 Ει
1476 1919 1552 1978 tu,
1577 1912 1650 1966 ﬁli
1680 1912 1934 1980 hominis,
1966 1928 2104 1983 pone

524 2004 626 2060 tibi
655 2005 788 2060 duas
823 2005 939 2058 vias
963 2004 1192 2057 Ammon
1234 2013 1289 2058 et
1319 2001 1644 2070 Jerusalem,
1695 2015 1751 2058 et
1778 2006 1960 2059 veniat
1988 2005 2104 2074 gla-

524 2093 650 2149 dius
684 2093 826 2164 regis
859 2093 1166 2164 Babylonis.
1203 2113 1220 2145 ι
1278 2092 1345 2147 Et
1392 2094 1628 2148 iterum:
1663 2111 1680 2142 ι
1715 2092 1772 2146 In
1802 2094 1978 2162 capite
2004 2094 2105 2150 vim

523 2184 760 2242 civitatis
788 2185 1039 2255 conjiciet
1064 2185 1226 2251 viam,
1254 2200 1479 2256 ponens,
1511 2193 1571 2238 ut
1594 2184 1774 2239 veniat
1803 2184 2012 2253 gladius
2035 2185 2102 2240 ad

521 2275 773 2332 Rabbath
806 2275 1037 2330 ﬁliorum
1065 2275 1326 2340 Ammon,
1359 2283 1415 2329 et
1442 2274 1508 2328 ad
1533 2273 1724 2329 Iudam
1756 2274 1810 2328 in
1843 2274 2102 2330 Hierusa-

518 2363 628 2420 lem
651 2364 1086 2419 munitissimam.
1111 2385 1129 2416 ›
1156 2364 1224 2418 Et
1246 2379 1459 2419 rursum
1480 2383 1492 2418 τ
1515 2383 1532 2414 ε
1555 2363 1680 2417 Haec
1698 2363 1829 2418 dicit
1846 2364 2104 2420 Dominus

517 2455 666 2512 Deus
701 2456 769 2511 ad
805 2457 945 2511 ﬁlios
971 2456 1235 2520 Ammon,
1279 2464 1333 2511 et
1363 2457 1429 2510 ad
1459 2457 1805 2526 Opprobrium
1832 2471 2038 2511 eorum.
2073 2475 2094 2508 ι

518 2545 754 2603 Venient
781 2563 910 2618 ergo
936 2547 1030 2601 lilii
1061 2547 1210 2602 Eden
1234 2587 1248 2612 ,
1294 2556 1349 2602 et
1393 2546 1731 2600 collocabunt
1761 2547 1944 2602 caulas
1973 2562 2102 2604 suas

517 2638 675 2707 quasi
721 2645 990 2708 pastores,
1040 2638 1309 2709 ﬁgentque
1359 2638 1612 2703 tentoria,
1661 2638 1763 2709 ipsi
1811 2640 2100 2695 vastabunt

515 2728 702 2798 fruges
748 2738 867 2783 tuas
891 2769 907 2793 ,
957 2738 1011 2784 et
1058 2729 1245 2782 bibent
1286 2728 1368 2783 lac
1396 2736 1450 2782 et
1478 2727 1776 2783 ubertatem
1808 2736 1970 2783 terra:
1999 2729 2098 2783 im-

491 2817 702 2872 .missis
731 2818 982 2890 gregibus
1013 2816 1341 2871 camelorum
1381 2826 1436 2872 et
1472 2817 1711 2871 omnium
1740 2818 2093 2888 populorum,

513 2909 590 2963 ita
617 2916 678 2963 ut
705 2909 813 2962 sint
842 2907 933 2962 ﬁlii
961 2908 1191 2962 Ammon
1223 2907 1275 2962 in
1304 2907 1479 2962 cubile
1507 2923 1793 2979 pecorum,
1833 2917 1888 2963 et
1923 2909 2093 2964 malo-

513 3013 635 3053 rum
680 2999 1004 3054 necessitate
1037 2998 1335 3070 intelligant
1367 3001 1512 3070 quod
1547 3000 1660 3071 ipse
1693 3001 1762 3056 sit
1798 3000 2087 3067 Dominus,

511 3091 603 3160 qui
633 3098 689 3145 et
717 3090 893 3144 futura
924 3091 1194 3161 praedixit,
1225 3100 1279 3145 et
1314 3099 1373 3145 ut
1402 3091 1594 3146 ﬁerent
1622 3092 1926 3164 imperavit.
1983 3094 2094 3150 Nec

2207 1922 2260 1969 et
2287 1915 2470 1969 traditi
2487 1911 2722 1969 Orientis
2747 1913 3056 1984 pastoribus
3086 1913 3397 1984 intelligant
3420 1914 3581 1982 quod
3605 1913 3703 1982 ipse
3722 1915 3771 1967 sit

2205 2003 2483 2059 Dominus.
2537 2002 2884 2074 Rursumque
2912 2005 3208 2073 exprobrat
3235 2006 3317 2060 eis
3350 2021 3545 2075 quare
3586 2005 3765 2059 insulta-

2204 2102 2396 2148 verunt
2429 2093 2597 2148 nimio
2635 2093 2816 2148 cordis
2856 2091 3052 2148 aﬁ'ectu
3095 2095 3271 2150 ruinis
3312 2095 3520 2165 populi
3569 2093 3690 2156 Dei,
3727 2105 3763 2147 et

2205 2192 2400 2240 terram
2431 2183 2594 2238 Israel
2617 2193 2943 2254 putaverunt
2976 2185 3197 2239 omnino
3226 2185 3546 2250 desertam,
3578 2201 3666 2254 pro
3686 2200 3765 2253 quo

2203 2283 2515 2330 mereantur
2540 2289 2760 2330 manum
2790 2275 3099 2331 ulciscentis
3131 2276 3266 2330 Dei:
3313 2286 3380 2330 ut
3420 2278 3522 2346 qui
3563 2291 3762 2330 excesse-

2202 2373 2327 2420 rant
2353 2365 2572 2420 modum
2600 2365 2976 2421 exsultationis
3019 2374 3074 2421 et
3101 2366 3281 2436 gaudii
3310 2381 3496 2435 super
3526 2367 3670 2420 ruina
3690 2368 3759 2420 do-

2200 2471 2322 2510 mus
2351 2454 2519 2521 Judaa,
2545 2471 2887 2526 nequaquam
2924 2455 3206 2511 tradantur
3238 2455 3371 2510 ﬁliis
3402 2455 3662 2516 Orientis,

2201 2546 2310 2601 sint
2340 2546 2396 2600 in
2423 2545 2781 2617 direptionem
2810 2553 3128 2602 cunctarum
3159 2544 3438 2616 gentium,
3495 2554 3554 2599 et
3600 2541 3757 2597 interti-

2199 2637 2413 2693 ciantur
2440 2637 2506 2691 de
2542 2636 2775 2707 populis,
2823 2648 2878 2691 et
2909 2644 3170 2706 pereant,
3218 2644 3276 2690 et
3322 2641 3759 2698 conterantur,et

2196 2743 2540 2799 nequaquam
2569 2728 2636 2783 de
2665 2728 2833 2798 stirpe
2854 2727 3152 2792 Abraham,
3173 2727 3268 2781 sed
3290 2726 3364 2781 de
3388 2727 3606 2782 cunctis
3627 2725 3757 2780 natis

2197 2819 2356 2875 nibus
2383 2833 2503 2874 esse
2531 2818 2783 2874 credendi
2819 2819 2963 2884 sint;
3009 2826 3064 2873 et
3102 2826 3229 2872 tunc
3267 2817 3554 2872 malorum
3593 2832 3756 2886 cogno-

2195 2918 2347 2966 scant
2371 2909 2738 2980 magnitudine
2763 2915 2817 2963 et
2840 2909 3163 2964 contritione
3188 2916 3392 2971 sua,et
3418 2907 3757 2962 interfecticae

2193 3000 2404 3072 populi,
2443 3000 2587 3071 quod
2617 2999 2728 3070 ipse
2761 2999 2831 3055 sit
2858 2998 3136 3053 Dominus.
3176 2997 3330 3064 Quod
3364 2999 3685 3070 generaliter
3705 2999 3754 3050 de

2193 3091 2435 3146 Ecclesia
2465 3090 2845 3154 intelleximus,
2879 3105 3041 3161 super
3090 3104 3430 3160 unoquoque
3481 3100 3757 3146 sanctorum

510 3181 614 3235 hoc
640 3179 835 3235 sufficit
865 3179 989 3234 ﬁliis
1015 3179 1268 3245 Ammon,
1293 3187 1352 3234 ut
1389 3179 1710 3235 insultarent
1743 3190 1798 3235 et
1826 3182 2088 3249 dicerent,
2119 3187 2164 3249 C
2196 3180 2420 3252 intelligi
2456 3189 2670 3251 potest:
2707 3182 2775 3236 ad
2805 3197 3036 3251 quorum
3070 3181 3286 3234 ruinam
3325 3183 3562 3252 gaudent
3594 3181 3756 3234 seculi

508 3276 678 3346 Euge,
703 3292 838 3346 euge
867 3291 1028 3346 super
1053 3275 1252 3345 templo
1281 3284 1333 3329 et
1363 3273 1672 3329 sanctuario
1701 3273 2093 3344 Domini,quod

507 3367 771 3436 pollutum
818 3376 935 3422 erat
981 3368 1317 3421 diversarum
1361 3366 1584 3420 introitu
1625 3367 1902 3420 nationum
1931 3406 1946 3431 ,
1998 3365 2093 3421 sed

510 3466 661 3512 tanta
692 3457 790 3511 fuit
827 3457 1116 3512 insultandi
1148 3456 1402 3520 lascivia,
1444 3463 1505 3510 ut
1546 3464 1774 3510 cunctus
1802 3455 1964 3510 simul
1991 3470 2091 3525 po-

508 3547 670 3620 pulus
699 3547 947 3602 manibus
985 3556 1038 3601 et
1075 3547 1304 3619 pedibus
1329 3553 1719 3617 concreparct,
1767 3555 1824 3600 et
1867 3561 1934 3600 ex
1978 3554 2091 3601 toto

508 3637 693 3692 cordis
720 3636 979 3692 clamaret
1008 3635 1233 3700 all‘ectu,
1278 3650 1342 3691 eo
1383 3635 1524 3707 quod
1571 3644 1716 3689 terra
1753 3635 1917 3690 Israel
1946 3645 2090 3690 esset

503 3725 767 3782 desolata.
801 3727 1093 3794 Propterea
1124 3741 1230 3780 non
1261 3739 1357 3795 per
1385 3724 1620 3795 angelos,
1653 3739 1828 3794 neque
1855 3740 1954 3794 per
1983 3724 2088 3779 alia

503 3817 809 3873 ministeria
835 3856 852 3882 ,
910 3817 1006 3870 sed
1058 3817 1172 3888 ipse
1213 3816 1496 3881 Dominus,
1523 3816 1821 3870 extendens
1868 3831 2086 3870 manum

501 3924 657 3966 suam
687 3909 753 3964 ad
783 3909 1212 3979 percutiendum,
1245 3909 1419 3962 tradet
1444 3923 1564 3962 eam
1610 3908 1663 3962 in
1707 3908 2084 3978 direptionem,

500 4014 840 4070 nequaquam
872 3999 1089 4054 camelis
1117 4008 1171 4054 et
1215 3999 1397 4054 ovium
1426 3999 1697 4070 gregibus,
1735 3999 1828 4054 sed
1861 4001 2087 4056 manife-

499 4091 638 4146 stius
684 4090 953 4163 gentibus,
1005 4100 1063 4144 ut
1112 4089 1179 4145 de
1227 4090 1550 4161 populorum
1599 4106 1825 4146 numero
1870 4092 2085 4162 penitus

497 4183 829 4248 eradicetur,
877 4191 932 4236 et
975 4191 1160 4252 pereat
1207 4192 1262 4238 et
1308 4183 1583 4254 redigatur
1622 4185 1689 4238 ad
1719 4185 1964 4239 nihilum.
2016 4185 2084 4238 Et

494 4279 786 4342 postquam
815 4271 1048 4325 contrita
1096 4271 1288 4338 fuerit,
1339 4283 1470 4327 tunc
1498 4273 1763 4344 intelligat
1790 4276 1934 4344 quod
1967 4275 2078 4345 ipse

495 4364 571 4419 sit
600 4364 878 4427 Dominus,
911 4364 999 4432 qui
1031 4374 1223 4418 cuncta
1255 4365 1539 4433 dijudicet,
1579 4375 1633 4420 ct
1663 4367 1715 4419 in
1745 4382 1934 4422 omnes
1965 4375 2078 4422 ter-

496 4470 591 4509 ras
623 4456 816 4509 habeat
844 4463 1185 4525 potestatem.
1226 4457 1515 4512 Possumus
1537 4458 1692 4526 juxta
1726 4461 2078 4532 tropologiam

2193 3271 2442 3327 homines
2468 3280 2523 3327 et
2552 3271 2876 3326 adversaria:
2908 3279 3224 3342 potestates,
3263 3271 3311 3326 si
3344 3272 3493 3325 multi
3515 3271 3752 3338 temporis

2192 3361 2528 3432 perdiderint
2579 3361 2898 3432 pudicitiam
2924 3401 2938 3424 ,
2988 3361 3116 3416 dum
3165 3360 3295 3415 mali
3349 3361 3753 3417 consolationem

2192 3469 2413 3509 suorum
2438 3452 2703 3509 scelerum
2725 3463 2934 3524 putant,
2957 3453 3002 3509 si
3027 3453 3209 3524 plures
3235 3453 3484 3509 habeant
3507 3461 3756 3509 consortes

2191 3544 2479 3598 criminum
2506 3551 2669 3614 atque
2705 3544 2984 3614 supplicii.
3025 3551 3079 3598 et
3121 3545 3226 3598 hoc
3269 3559 3440 3598 nemo
3477 3543 3634 3606 fecit,
3673 3544 3755 3595 nisi

2189 3632 2354 3688 fuerit
2380 3633 2522 3689 ﬁlius
2549 3633 2783 3688 Ammon
2807 3674 2822 3700 ,
2869 3634 2972 3688 hoc
3009 3642 3093 3689 est
3131 3633 3276 3688 ﬁlius
3317 3634 3512 3706 populi
3536 3675 3554 3701 ,
3597 3634 3682 3704 qui
3712 3633 3754 3686 in

2189 3723 2549 3780 declinatione
2577 3733 2866 3795 generatus
2893 3733 2998 3780 est.

2265 3832 2284 3865 ι
2315 3813 2441 3870 Ilaec
2467 3815 2599 3870 dicit
2631 3815 2890 3870 Dominus
2917 3815 3078 3869 Deus.
3119 3813 3224 3869 Pro
3247 3828 3316 3870 eo
3343 3816 3504 3884 quod
3534 3816 3752 3870 dixerunt

2192 3926 2212 3961 ι
2244 3908 2403 3964 Moab
2423 3919 2477 3964 et
2503 3907 2646 3975 Seir,
2661 3923 2788 3964 ecce
2812 3908 2953 3964 sicut
2972 3923 3163 3964 omnes
3183 3918 3375 3978 gentes
3400 3908 3604 3964 domus
3621 3907 3749 3963 Iuda.

2192 4021 2208 4053 ι
2241 4001 2447 4057 Idcirco
2483 4016 2610 4057 ecce
2647 4017 2746 4072 ego
2774 4001 3017 4070 aperiam
3044 4001 3330 4056 humerum
3359 4000 3529 4057 Moab
3560 4003 3626 4057 de
3649 4000 3750 4056 ciri-

2189 4114 2206 4146 t
2244 4095 2445 4149 tatibus
2470 4113 2480 4148 :
2511 4094 2576 4149 de
2598 4093 2929 4157 civitatibus,
2950 4094 3194 4162 inquam,
3219 4092 3336 4160 ejus
3367 4094 3594 4166 inclyta:
3624 4103 3752 4149 terra

2187 4204 2206 4236 ι
2238 4183 2628 4239 Bethiesimotb
2679 4195 2736 4238 et
2780 4183 3070 4239 Beelmeon
3123 4193 3180 4238 et
3223 4184 3611 4248 Cariathaim,

2187 4293 2206 4326 ι
2241 4274 2480 4331 Orientis
2508 4290 2634 4330 cum
2661 4273 2788 4330 ﬁliis
2813 4273 3066 4330 Ammon.
3099 4274 3165 4328 Et
3193 4275 3332 4330 dabo
3358 4290 3494 4330 eam
3526 4279 3585 4332 in
3613 4278 3748 4330 luen-

2186 4384 2204 4418 ι
2237 4365 2481 4429 ditatem,
2508 4375 2569 4418 ut
2592 4380 2698 4420 non
2728 4365 2799 4420 sit
2824 4366 3085 4421 memoria
3109 4366 3247 4420 ultra
3272 4366 3522 4421 ﬁliorum
3551 4369 3749 4421 Ammon

2185 4475 2203 4508 ι
2237 4455 2291 4509 in
2323 4455 2592 4525 gentibus.
2642 4454 2710 4508 Et
2738 4455 2792 4508 in
2820 4455 2974 4510 Moab
3005 4455 3201 4512 faciam
3225 4454 3440 4524 judicia
3463 4499 3481 4523 ,
3523 4467 3582 4512 et
3611 4458 3751 4512 sciret

494 4545 638 4603 ﬁlios
661 4545 890 4601 Ammon
917 4546 1232 4617 intelligere,
1257 4548 1348 4616 qui
1376 4549 1441 4601 dc
1465 4548 1600 4602 Loth
1629 4551 1680 4603 in
1706 4550 1960 4620 spelunca
1986 4568 2077 4622 ge-
2105 4546 2154 4605 D
2186 4564 2202 4596 ι
2237 4545 2362 4615 quia
2393 4559 2492 4613 ego
2524 4539 2801 4600 Domitius.
2840 4565 2858 4597 ι
2911 4544 3181 4615 (Ηὶενοη.)
3221 4546 3537 4602 Ridiculam
3571 4565 3688 4603 vero
3710 4549 3749 4598 in

492 4638 671 4694 nerati
725 4647 849 4692 sunt
896 4637 1125 4704 semine,
1163 4646 1217 4692 et
1251 4640 1492 4709 generati
1533 4640 1583 4693 in
1623 4639 1882 4696 ebrietate
1912 4650 1965 4696 et
1994 4643 2077 4696 in-

489 4741 668 4797 cestu,
686 4747 873 4787 omnes
902 4731 1181 4787 haereticos
1200 4772 1216 4797 ,
1247 4731 1313 4786 de
1341 4731 1536 4801 quibus
1566 4732 1694 4787 dicit
1723 4740 1777 4788 et
1804 4733 2076 4802 apostolus

490 4821 766 4880 Joannes:
798 4842 815 4874 ι
849 4823 926 4879 Ex
956 4823 1110 4878 nobis
1139 4823 1419 4890 exierunt,
1467 4823 1561 4879 sed
1604 4839 1710 4878 non
1753 4825 1970 4880 fuerunt
2006 4841 2072 4881 ex

489 4916 666 4972 nobis.
723 4912 779 4968 Si
830 4915 975 4968 enim
1021 4911 1250 4969 fuissent
1296 4929 1364 4969 ex
1412 4916 1602 4980 nobis,
1651 4918 2073 4988 permansisseut

488 5007 679 5076 utique
708 5003 988 5058 nobiscum
1018 4999 1071 5071 (I
1099 5001 1259 5055 Joan.
1290 5002 1372 5074 ιι).
1408 5022 1426 5054 ι
1481 5004 1573 5058 lsti
1615 5005 1682 5059 de
1724 5007 2071 5063 inclinatione

489 5096 598 5152 orti
629 5101 755 5150 sunt
783 5111 796 5146 :
833 5092 934 5146 hoc
967 5091 1109 5146 enim
1143 5091 1283 5146 Loth
1324 5093 1376 5148 in
1417 5094 1651 5165 linguam
1683 5107 1924 5153 nostram
1950 5115 2072 5153 ver-

489 5187 664 5244 titur:
707 5205 725 5234 ι
770 5183 905 5254 Quia
951 5198 1142 5238 omnes
1193 5183 1620 5252 declinaverunt,
1648 5187 1806 5242 simul
1855 5189 2072 5243 inutiles

490 5274 621 5332 facti
651 5280 798 5338 sunt,
831 5287 934 5327 non
965 5280 1048 5326 est
1079 5273 1169 5343 qui
1201 5271 1363 5328 faciat
1391 5274 1612 5340 bonum,
1651 5291 1756 5330 non
1789 5286 1873 5331 est
1901 5293 2070 5346 usque

490 5366 560 5426 ad
609 5378 774 5418 unum
830 5361 1000 5434 (Psal.
1029 5380 1149 5426 xm,
1180 5363 1258 5434 5).
1293 5382 1310 5413 ι
1362 5363 1663 5419 Adversum
1710 5365 1811 5420 hos
1853 5368 2070 5437 ponitur

487 5463 603 5519 sive
632 5456 949 5512 obﬁrmatur
976 5455 1137 5510 facies
1165 5456 1511 5526 prophetalis,
1543 5466 1600 5510 ut
1644 5473 1736 5511 eos
1765 5473 1858 5511 sua
1888 5469 2069 5514 auste-

484 5552 647 5607 ritate
678 5553 937 5600 conterat.
986 5545 1052 5598 Et
1079 5545 1209 5599 dicit
1232 5546 1310 5600 eis
1337 5563 1348 5596 :
1380 5546 1513 5612 Quia
1546 5546 1843 5601 insultastis
1885 5547 2066 5602 Eccle-

485 5644 579 5698 sia:
636 5654 770 5696 metu
833 5648 1070 5708 tempore
1143 5640 1563 5708 persecutionis,
1623 5640 2067 5712 diversorumque

485 5732 657 5796 vitio,
714 5728 853 5799 quod
903 5728 1160 5798 pollutum
1227 5741 1368 5787 esset
1424 5731 1788 5788 sanctuariuin
1845 5747 2062 5802 meum,

2179 4637 2283 4691 hoc
2315 4635 2435 4691 loco
2475 4635 2687 4691 Hebraei
2718 4645 2939 4691 narrant
2968 4636 3206 4691 fabulam
3229 4678 3245 4702 ,
3297 4647 3602 4709 postquam
3649 4639 3748 4691 urbe

2178 4738 2360 4799 aperta
2393 4728 2758 4799 templumque
2797 4737 3100 4784 reseratum
3138 4740 3255 4794 est,
3302 4729 3521 4801 ﬁliique
3548 4735 3747 4786 Ammon

2175 4828 2226 4874 et
2263 4819 2418 4874 Moab
2449 4828 2505 4874 et
2534 4817 2656 4873 Seir
2698 4819 2927 4887 ingressi
2957 4828 3084 4874 sunt
3114 4821 3371 4889 templum
3406 4823 3746 4891 videruntqu

2173 4909 2462 4963 Cherubim
2483 4909 2820 4979 protegentia
2839 4910 3294 4979 propitiatorium,
3311 4912 3580 4967 dixerunt
3599 4933 3612 4967 :
3628 4914 3748 4966 Sicut

2173 5009 2382 5054 cuncta:
2410 5009 2597 5070 gentes
2627 4999 2811 5054 colunt
2841 5000 3158 5066 simulacra,
3203 5001 3278 5055 ita
3317 5009 3371 5055 et
3416 5001 3564 5058 Iuda
3616 5005 3746 5057 habet

2173 5109 2284 5148 sua:
2319 5093 2594 5163 religionis
2621 5093 2781 5147 idola.
2810 5092 2878 5147 Et
2909 5093 3137 5157 idcirco,
3169 5093 3450 5162 inquiunt,
3483 5096 3657 5150 iratus
3683 5104 3747 5147 est

2173 5185 2451 5251 Dominus,
2483 5193 2537 5240 et
2561 5199 2655 5240 eos
2687 5185 2910 5239 tradidit
2936 5185 3258 5254 captivitati.
3303 5185 3420 5241 Nos
3452 5198 3638 5242 autem
3663 5188 3745 5240 hoc

2173 5277 2446 5342 dicemus,
2495 5278 2638 5347 quod
2681 5287 2736 5332 et
2781 5277 2870 5332 isti
2915 5275 3293 5332 insultaverint
3336 5276 3532 5336 domui
3580 5279 3742 5340 .ludz.

2172 5368 2389 5437 quando
2408 5384 2436 5421 a
2459 5368 2723 5423 Chaldaeis
2748 5377 2902 5437 capta
2924 5377 3030 5434 est,
3055 5377 3309 5436 putantes
3335 5370 3485 5425 sicut
3515 5373 3574 5426 in
3599 5379 3742 5426 cate-

2173 5460 2248 5512 ris
2277 5459 2523 5528 gentibus
2544 5474 2651 5512 non
2675 5459 2745 5513 ibi
2769 5459 2890 5513 esse
2909 5458 3169 5513 auxilium
3189 5458 3305 5524 Dei,
3332 5460 3506 5516 etiam
3530 5475 3744 5533 regnum

2170 5551 2321 5606 Iuda:
2348 5559 2402 5604 et
2425 5550 2723 5605 Jerusalem
2765 5551 2856 5604 Dei
2901 5551 3150 5619 praesidio
3170 5552 3494 5608 destitutum
3513 5554 3746 5624 patuisse

2173 5642 2477 5712 Babyloniae
2499 5643 2768 5710 potestati.
2795 5641 3002 5697 Idcirco
3025 5657 3129 5696 non
3153 5642 3320 5696 multo
3339 5656 3464 5712 post
3485 5654 3744 5714 tempore,

2171 5736 2264 5792 seel
2294 5735 2756 5806 llipl".L‘:‘ClllItll'Uln
2784 5735 3040 5790 Dominus
3086 5737 3445 5794 comminatur
3476 5756 3531 5794 se
3562 5740 3742 5794 humer
