3916 6356
133 375 223 433 761

1087 373 1440 432 COMMENT.
1479 371 1548 428 IN
1590 369 2038 429 EZECIIIELEII.
2078 405 2151 418 —
2184 374 2293 433 LIB
2331 376 2395 432 Χ.

3261 374 3368 433 769

129 504 272 553 rum,
313 490 479 546 robur
502 489 751 547 videlicet
775 500 833 551 et
859 490 1225 551 fortitudinem
1255 487 1430 552 Moab,
1460 486 1529 543 de
1554 486 1689 544 civi-
1718 488 1772 548 Α
1794 486 2050 557 quidquid
2080 490 2148 545 ad
2178 499 2444 546 terrenam
2471 491 2753 546 scientiam
2774 493 3038 562 pertinet,
3069 501 3125 549 et
3146 498 3370 566 putatur

128 583 322 640 tatibus
356 577 474 649 ejus
501 578 884 634 dissoluturum
911 620 926 645 ,
976 580 1088 634 sive
1127 588 1438 650 aperturum
1459 620 1473 644 ,
1519 586 1579 633 ut
1623 579 1691 634 ad

128 673 268 744 ipsos
291 687 504 743 quoque
529 670 852 742 Babylonius
881 671 1058 726 vietor
1085 672 1339 735 introeat,
1367 679 1420 724 et
1445 669 1690 725 civitates

125 763 178 819 in
203 762 355 817 Moab
378 775 499 818 esse
526 762 810 825 desistant,
833 769 889 817 et
912 761 966 815 in
993 760 1191 815 ﬁnibus
1217 759 1335 829 ejus
1363 775 1425 816 ac
1448 760 1690 815 terminis

126 853 284 909 urbes
307 852 519 924 inclytae
539 851 906 917 destruantur,
929 866 1156 922 quarum
1181 851 1332 920 ponit
1356 851 1571 905 nomina
1592 849 1693 904 Be-

127 945 460 1012 thiesimoth,
492 953 547 999 et
573 944 881 1007 Beelmeon,
911 951 966 999 et
992 942 1343 1006 Cariathaim,
1372 957 1472 1011 pro
1499 942 1693 1011 quibus

123 1038 304 1094 nescio
325 1037 452 1107 quid
475 1037 736 1103 volentes,
757 1035 903 1091 LXX
928 1034 1268 1103 interpretati
1317 1041 1443 1087 sunt
1473 1032 1690 1087 domum

122 1127 251 1182 Belli
277 1126 694 1192 Iasimutlt,cum
731 1127 835 1181 hoc
866 1124 1185 1180 vocabulum
1214 1122 1395 1178 villam
1424 1124 1693 1177 desertam

123 1215 403 1288 signiﬁcet.
441 1215 727 1271 Beelmeon
750 1230 963 1286 quoque
988 1228 1157 1284 usque
1179 1213 1338 1268 hodie
1363 1213 1416 1266 in
1441 1211 1595 1266 Moab
1615 1210 1694 1265 vi—

123 1320 217 1360 cus
238 1304 309 1359 sit
329 1305 616 1371 maximus,
638 1319 799 1375 quem
830 1303 905 1358 illi
927 1311 1208 1358 verterunt
1229 1317 1386 1371 super
1409 1300 1622 1369 fontem,
1640 1305 1696 1353 et

121 1396 446 1451 Cariathaim
468 1396 726 1451 civitatem
760 1396 1113 1457 maritimam;
1146 1393 1482 1461 traditurque
1502 1400 1555 1446 et
1579 1392 1693 1461 ipsa

120 1501 243 1542 cum
269 1487 394 1543 ﬁliis
416 1488 666 1552 Ammon,
683 1487 807 1543 ﬁliis
821 1487 1077 1551 Orientis,
1098 1484 1406 1555 Babyloniis
1422 1484 1690 1549 videlicet,

114 1574 272 1645 juxta
318 1577 468 1632 illum
510 1593 730 1634 sensum
766 1593 924 1648 quem
954 1582 1140 1631 contra
1172 1575 1311 1630 ﬁlios
1334 1574 1564 1628 Ammon
1607 1575 1694 1628 in-

120 1667 405 1737 terpretati
436 1681 642 1722 sumus.
682 1666 751 1720 Et
778 1666 937 1731 dabo,
964 1665 1157 1735 inquit,
1189 1663 1344 1720 Moab
1377 1663 1432 1717 in
1463 1663 1690 1718 haeredi-

120 1765 316 1821 tatem,
344 1764 405 1810 ut
432 1756 701 1827 quomodo
734 1755 964 1809 ﬁliorum
994 1754 1221 1808 Ammon
1250 1769 1358 1809 non
1386 1761 1473 1809 est
1491 1768 1696 1808 memo-

1793 592 1912 633 esse
1938 581 2216 636 robustum
2267 582 2371 637 hoc
2416 582 2698 637 dialectica
2752 591 2869 637 arte
2921 584 3283 648 subvertitur,
3313 589 3370 637 et

1791 667 1964 722 instar
1999 668 2231 723 incendii
2278 668 2333 723 in
2363 669 2576 724 cineres
2609 667 2923 738 favillasque
2950 670 3278 735 dissolvitur,
3309 678 3369 723 ut

1792 757 2048 824 probetur
2085 757 2239 812 nihili
2285 757 2412 827 quid
2468 758 2763 828 putabatur
2815 773 2934 813 esse
2987 759 3364 814 fortissimum.

1792 845 1899 901 Sed
1923 856 1978 901 et
2011 848 2178 903 Isaias
2215 849 2519 919 superbiam
2551 851 2727 919 arguit
2751 850 2926 914 Moab,
2957 850 3144 906 dicens
3176 866 3191 904 :
3219 869 3237 902 ι
3258 849 3366 904 Au-

1791 936 2026 993 divimus
2068 939 2447 993 contumeliam
2501 939 2689 1005 Moab,
2719 940 3139 994 contumeliosus
3165 948 3250 995 est
3289 940 3370 993 ui-

1791 1029 1896 1083 mis
1926 1044 1940 1083 :
1976 1030 2282 1100 superbiam
2311 1031 2428 1101 ejus
2480 1032 2677 1086 abstuli
2714 1031 2849 1101 (Isa.
2883 1031 3019 1103 xvi).
3055 1051 3074 1083 ι
3106 1030 3369 1085 Jeremias

1792 1135 2005 1190 quoque
2052 1128 2237 1176 contra
2278 1136 2468 1176 omnes
2512 1122 2813 1177 vaticinans
2861 1121 3108 1177 nationes
3154 1120 3370 1191 proprie

1792 1208 2030 1279 loquitur
2073 1210 2140 1264 ad
2170 1210 2364 1266 Moab:
2399 1230 2417 1263 ι
2453 1211 2719 1278 Quoniam
2745 1210 3054 1266 conﬁdebas
3096 1211 3150 1265 in
3198 1210 3370 1264 muni-

1792 1300 2029 1355 tionibus
2077 1302 2184 1356 tuis
2232 1300 2366 1371 (Jer.
2420 1301 2633 1373 xum).
2694 1321 2712 1354 ι
2764 1302 2831 1356 Et
2872 1312 2995 1373 post
3038 1301 3311 1371 paululum
3352 1320 3366 1356 :

1798 1412 1817 1445 ι
1855 1393 2078 1448 habebis
2122 1393 2374 1448 ﬁduciam
2424 1396 2477 1448 in
2526 1394 2697 1465 gloria
2758 1403 2868 1449 tua.
2916 1414 2935 1445 ι
2984 1394 3053 1448 Et
3098 1394 3299 1447 iterum
3352 1411 3367 1447 :

1797 1502 1816 1536 ι
1860 1483 2139 1551 Quomodo
2167 1484 2345 1539 dicitis
2373 1483 2542 1540 fortes
2561 1486 2783 1539 sumus?
2806 1505 2824 1537 ›
2855 1484 2933 1539 Ac
2954 1484 3183 1539 deinde:
3208 1482 3372 1539 Juxta

1792 1584 1876 1630 est
1894 1576 2011 1630 dies
2033 1575 2187 1631 Moab
2210 1583 2268 1631 ut
2290 1578 2489 1641 veniat,
2511 1584 2566 1630 et
2588 1577 2790 1631 malitia
2813 1575 2928 1644 ejus
2955 1575 3110 1630 velox
3134 1575 3313 1630 nimis.
3346 1593 3367 1628 ι

1794 1666 1862 1721 Et
1885 1665 2220 1721 manifestius
2244 1686 2256 1720 ε
2304 1686 2321 1717 ι
2363 1667 2536 1721 Dicite
2560 1669 2830 1737 quomodo
2857 1667 3121 1721 contritus
3159 1674 3242 1720 est
3272 1666 3371 1720 ba-

1798 1755 1951 1810 culus
1977 1756 2258 1826 gloriosus,
2285 1758 2434 1829 virga
2469 1758 2903 1830 magniﬁcentia.
2948 1778 2967 1810 ι
3007 1758 3075 1812 Et
3122 1758 3317 1812 iterum
3353 1775 3369 1812 :

120 1844 207 1899 ria
242 1844 382 1900 ultra
411 1846 464 1901 in
492 1847 764 1914 gentibus,
792 1846 871 1900 sic
895 1853 951 1899 et
980 1845 1032 1899 in
1064 1844 1219 1899 Moab
1243 1844 1474 1899 ultiones
1500 1844 1691 1899 faciam
1721 1831 1769 1890 Β
1801 1865 1822 1898 ‹
1849 1848 2149 1903 Contritum
2164 1858 2247 1903 est
2259 1863 2424 1903 cornu
2454 1849 2628 1904 Moab.
2660 1869 2678 1901 ι
2698 1848 2824 1903 Huic
2844 1859 3023 1903 autem
3043 1848 3296 1902 dicuntur
3315 1854 3375 1902 ut

120 1943 288 2006 atque
307 1935 525 2005 judicia,
554 1946 613 1991 ut
640 1945 967 2008 cognoscant
993 1938 1135 2007 quod
1165 1953 1263 2010 ego
1285 1939 1385 1993 sim
1418 1938 1691 2004 Dominus,

120 2026 214 2097 qui
240 2025 430 2081 Iudam
463 2025 657 2080 tradidi
694 2042 792 2096 pro
829 2035 1071 2096 peccato,
1094 2036 1149 2082 et
1175 2027 1229 2081 in
1269 2027 1408 2082 ﬁlios
1442 2027 1692 2093 Ammon,

122 2126 178 2175 et
227 2117 283 2171 in
326 2116 482 2172 Moab
524 2117 670 2172 ultor
711 2118 963 2174 existam.
1001 2119 1183 2190 Usque
1206 2120 1366 2175 hodie
1395 2119 1549 2174 Moab
1600 2120 1694 2189 qui

121 2208 507 2280 interpretatur
540 2226 607 2264 ex
636 2220 812 2281 patre,
852 2219 907 2266 et
941 2211 1081 2278 Seir,
1113 2213 1204 2282 qui
1237 2213 1289 2266 in
1319 2212 1546 2282 pilosum
1574 2227 1697 2267 ver-

120 2302 256 2357 titur
308 2310 365 2357 et
409 2303 709 2369 hirsutum,
762 2305 986 2374 deSpicit
1034 2313 1089 2359 et
1138 2306 1435 2359 contemnit
1477 2305 1695 2359 domum

119 2390 279 2459 Iuda,
311 2393 364 2448 in
394 2408 500 2463 qua
538 2408 665 2447 vera
689 2393 956 2449 confessio
981 2403 1083 2449 est.
1110 2394 1178 2448 Et
1214 2402 1369 2463 putat
1395 2402 1503 2448 tam
1540 2394 1698 2450 facile

120 2498 239 2539 eam
288 2497 449 2553 posse
486 2483 746 2550 subverti,
776 2500 935 2554 quam
967 2494 1284 2540 caeterarum
1309 2487 1699 2542 subvertantur

120 2572 339 2627 urbium
389 2574 745 2628 munimenta.
809 2574 962 2630 Unde
1022 2576 1281 2632 Dominus
1340 2579 1699 2634 comminatur

118 2670 432 2733 aperturum
451 2678 530 2731 se,
555 2665 667 2719 sive
689 2666 1071 2721 dissolutumm
1094 2682 1307 2722 omnem
1331 2668 1697 2726 fortitudinem

118 2752 504 2820 Moabitarum,
539 2765 600 2809 ut
645 2756 891 2811 civitates
941 2757 1143 2813 habere
1183 2759 1463 2825 desistant,
1495 2745 1551 2814 et
1604 2777 1699 2816 ne-

117 2857 389 2915 quaquam
413 2844 466 2897 in
493 2844 771 2899 dialectica
792 2855 908 2900 arte
922 2848 1213 2913 conﬁdere,
1239 2848 1333 2902 sed
1356 2850 1532 2904 cuncti
1555 2849 1696 2906 illius

119 2932 339 2987 termini
358 2948 495 3002 quos
514 2950 612 3004 pro
636 2935 866 2991 illisione
885 2936 1145 2992 ﬂuctuum
1167 2948 1359 2993 vocant
1377 2950 1698 3011 promonto-

118 3022 216 3089 ria,
250 3024 621 3079 destruantur.
653 3027 721 3081 Et
767 3027 978 3098 inclytae
1016 3039 1178 3100 atque
1206 3030 1393 3087 electae
1418 3041 1575 3087 terrae
1598 3033 1699 3089 Be-

1795 1939 1895 1992 suh
1907 1939 2140 1993 'nomine
2161 1938 2337 2004 Moab,
2364 1939 2525 1994 stulta
2554 1939 2736 1995 smculi
2758 1940 2813 1994 in
2843 1938 3036 1994 coelum
3064 1953 3121 1993 se
3148 1937 3376 1993 efferens

1796 2030 2043 2099 superbia
2068 2040 2400 2085 conteratur.

1872 2142 1890 2175 ε
1926 2123 2051 2177 Haec
2075 2124 2204 2179 dicit
2230 2125 2487 2179 Dominus
2507 2124 2655 2180 Deus
2682 2139 2697 2178 :
2728 2125 2833 2179 Pro
2855 2140 2918 2179 eo
2941 2123 3083 2195 quod
3106 2123 3231 2177 fecit
3253 2121 3376 2176 Idu-

1802 2232 1822 2266 ε
1856 2229 1989 2269 maea
2015 2214 2289 2281 ultionem,
2320 2223 2380 2269 ut
2400 2230 2458 2269 se
2490 2215 2790 2270 vindicaret
2814 2216 2880 2270 de
2926 2214 3050 2269 ﬁliis
3089 2214 3223 2269 Juda
3249 2228 3378 2283 pec—

1802 2324 1821 2357 ‹
1857 2305 2107 2375 cavitque
2165 2305 2499 2376 delinquens,
2538 2315 2592 2359 et
2650 2306 2944 2360 vindictam
2995 2304 3256 2373 expetivit
3308 2301 3378 2357 de

1800 2415 1820 2449 ι
1858 2397 1954 2452 eis.
1991 2396 2196 2452 Idcirco
2244 2398 2360 2452 haec
2393 2396 2526 2452 dicit
2567 2397 2828 2451 Dominus
2865 2397 3044 2450 Deus:
3077 2393 3376 2448 Extendam

1802 2508 1821 2541 ί
1854 2503 2072 2543 manum
2102 2503 2278 2542 meam
2309 2504 2471 2557 super
2494 2488 2803 2550 ldumaaam,
2842 2496 2897 2542 et
2923 2486 3162 2540 auferam
3205 2486 3271 2540 dc
3302 2498 3378 2540 ea

1804 2595 1825 2631 t
1864 2578 2139 2633 hominem
2188 2587 2240 2633 et
2263 2579 2586 2649 jumentum.
2617 2578 2685 2632 Et
2713 2578 2904 2632 faciam
2958 2592 3075 2631 eam
3104 2576 3378 2630 desertam

1803 2687 1822 2720 ι
1864 2668 1932 2722 ab
1963 2675 2165 2723 austro.
2199 2667 2266 2721 Et
2292 2668 2383 2737 qui
2413 2675 2537 2722 sunt
2566 2667 2618 2721 in
2646 2667 2828 2721 Dedan
2856 2666 3034 2734 gladio
3061 2663 3273 2719 cadent.
3306 2663 3377 2719 Et

1803 2779 1824 2813 ‹
1860 2761 1997 2816 dabo
2019 2760 2278 2815 ultionem
2316 2775 2490 2814 meam
2539 2773 2702 2828 super
2725 2759 3010 2813 Idummam
3033 2772 3131 2826 per
3157 2769 3377 2809 manum

1804 2870 1824 2903 ‹
1859 2850 2042 2921 populi
2070 2851 2177 2905 mei
2228 2850 2412 2904 Israel.
2444 2850 2511 2903 Et
2560 2848 2754 2902 faciam
2785 2849 2838 2902 in
2871 2848 3037 2902 Edom
3057 2845 3212 2914 juxta
3239 2846 3376 2898 iram

1804 2961 1824 2994 ‹
1862 2957 2039 2997 meam
2071 2950 2126 2997 et
2163 2940 2399 2996 furorem
2428 2956 2623 3003 meum,
2661 2950 2716 2995 et
2740 2942 2911 2995 scient
2956 2939 3377 3009 indignationem

1804 3051 1824 3085 ι
1866 3049 2063 3101 meam,
2090 3034 2221 3089 dicit
2264 3033 2523 3087 Dominus
2574 3031 2737 3086 Deus.
2770 3051 2787 3082 ι
2820 3031 2993 3099 Supra
3029 3031 3135 3084 duo
3180 3043 3377 3099 propo-

118 3113 433 3169 thlesimoth
459 3155 474 3181 ,
529 3131 649 3186 quae
702 3118 1085 3188 interpretatur
1147 3120 1340 3177 domus
1393 3124 1696 3181 solitudinis
1725 3176 1765 3194 η
1799 3134 2045 3191 suerunt,
2088 3138 2188 3194 pro
2225 3138 2290 3178 eo
2328 3121 2470 3193 quod
2512 3122 2763 3176 dixerunt
2810 3120 2964 3174 Moab
3008 3128 3063 3174 ct
3105 3118 3231 3174 Seir
3271 3137 3283 3172 :
3324 3125 3379 3173 et

117 3213 281 3290 atque
321 3205 553 3272 deserta,
595 3214 651 3261 et
696 3206 998 3276 Beelmeon,
1030 3225 1150 3280 qua:
1194 3220 1248 3266 et
1292 3213 1406 3281 ipsa
1464 3214 1696 3268 vertitur
1723 3176 1767 3238 Ο
1798 3223 1985 3285 postea
2014 3176 2467 3275 derSeirtacjens,
2506 3219 2693 3266 contra
2740 3208 2895 3263 Moab
2925 3216 3133 3262 tantum
3166 3207 3379 3262 locutus

115 3294 325 3352 habens
374 3296 598 3363 fontem,
639 3298 751 3353 sive
793 3315 961 3369 super.
992 3300 1215 3369 fontem,
1255 3313 1309 3358 et
1342 3304 1692 3372 Cariathaim,
1796 3314 1896 3360 est.
1930 3305 2082 3359 Nunc
2134 3304 2309 3359 reddit
2352 3311 2586 3372 coeptum
2625 3300 2902 3373 problema
2949 3300 3077 3368 quid
3106 3297 3247 3362 Seir,
3278 3297 3382 3351 hoc

115 3401 280 3456 quam
325 3385 676 3459 Septuaginta
704 3390 977 3447 civitatem
1023 3394 1356 3449 maritimam
1406 3397 1696 3451 transtule—
1795 3403 1877 3452 est
1903 3396 2160 3461 Idumam,
2204 3393 2412 3448 fecerit.
2463 3392 2617 3460 Quod
2660 3392 2823 3458 Esau,
2860 3400 2913 3445 et
2942 3389 3084 3455 Seir,
3108 3398 3163 3444 et
3187 3389 3377 3448 Edom.

114 3486 567 3547 runt,pereant,
597 3481 843 3548 quamvis
884 3483 1028 3537 enim
1079 3484 1314 3539 habeant
1356 3486 1547 3541 robora
1597 3502 1696 3557 pu-
1796 3484 2127 3551 etIdumzea,
2170 3492 2224 3537 et
2274 3483 2465 3549 Duma,
2520 3497 2626 3536 una
2679 3497 2813 3552 gens
2866 3480 3233 3551 appellentur,
3271 3493 3381 3532 non

116 3579 428 3639 gnatorum,
459 3579 513 3626 et
558 3572 756 3643 inclyta
810 3582 1040 3645 pergant
1067 3575 1136 3629 ad
1183 3577 1428 3646 pra-lium
1456 3587 1572 3633 arte
1599 3595 1696 3649 pu-
1796 3576 2032 3647 ambiget
2087 3574 2178 3644 qui
2235 3573 2517 3629 scientiam
2562 3573 2815 3627 habuerit
2856 3569 3279 3640 Scripturarum.
3312 3567 3381 3621 Et

115 3660 337 3732 gnandi,
364 3668 421 3715 et
444 3675 511 3716 ex
537 3661 682 3716 omni
704 3670 858 3733 parte
885 3664 1228 3734 eireumsepti
1255 3667 1550 3736 munitique
1571 3682 1697 3737 gra—
1795 3673 1857 3718 ut
1896 3666 1963 3719 de
2021 3664 2231 3718 caeteris
2274 3664 2551 3733 prophetis
2599 3670 2839 3724 taceam,
2876 3660 3043 3724 Isaia,
3084 3658 3378 3721 Jcremias,

115 3751 371 3819 diantur,
413 3760 592 3808 tamen
641 3753 840 3825 inclyta
867 3770 1053 3810 eorum
1088 3764 1231 3811 terra
1262 3771 1367 3811 non
1398 3765 1482 3811 est
1506 3758 1697 3813 domus
1793 3754 1991 3818 Amos,
2022 3752 2113 3822 qui
2162 3762 2347 3808 contra
2391 3751 2699 3817 Idumaeam,
2731 3760 2786 3805 et
2830 3750 3089 3813 Dumam,
3112 3757 3167 3803 et
3210 3747 3382 3802 Edam

115 3840 485 3908 habitationis,
544 3844 639 3897 sed
702 3844 893 3899 domus
951 3845 1274 3901 solitudinis.
1328 3841 1587 3917 Quodque
1637 3864 1697 3904 se
1794 3844 2072 3899 vaticinati
2123 3852 2279 3909 sunt;
2316 3842 2519 3898 Abdias
2548 3843 2809 3913 propheta
2837 3848 3000 3895 totam
3037 3838 3378 3910 prophetiam

112 3941 308 4001 putant
333 3933 535 3988 habere
562 3932 765 3988 fontem
788 3935 1047 4002 scientiae,
1071 3943 1125 3989 et
1152 3938 1342 3992 urbem
1368 3938 1697 3992 maritimam
1797 3944 1983 3991 contra
2008 3937 2147 3991 hanc
2172 3935 2356 4007 dirigit
2384 3934 2679 3999 nationem,
2706 3947 2866 4002 quem
2883 3940 2940 3987 ut
2964 3932 3234 4001 potuimus
3249 3929 3379 3984 olim

112 4039 236 4093 qua:
279 4033 500 4079 cunctas
548 4024 817 4079 sustinere
871 4026 1042 4093 possit
1087 4026 1272 4081 saeculi
1318 4035 1692 4098 tempestates,
1797 4028 2169 4083 disseruimus.
2209 4026 2469 4096 Arguitur
2510 4026 2674 4095 igitur
2720 4023 2862 4088 Seir,
2915 4023 3005 4091 qui
3037 4023 3163 4092 quia
3209 4020 3382 4090 hispi-

110 4113 434 4183 patientiam
479 4112 583 4167 sibi
608 4120 663 4167 et
690 4112 1059 4169 fortitudinem
1081 4116 1482 4186 promittentes,
1514 4127 1696 4173 tamen
1798 4121 1897 4175 dus
1923 4127 2041 4173 erat
2085 4117 2241 4187 pilosi
2269 4132 2464 4171 nomen
2501 4116 2729 4185 accepit.
2765 4115 2833 4168 Et
2866 4112 3033 4167 Edum
3088 4112 3381 4181 sanguina-

112 4205 249 4260 illuc
270 4214 630 4269 revertentur,
654 4213 714 4260 ut
732 4206 833 4277 ipsi
862 4207 1146 4262 tradantur
1174 4208 1299 4263 ﬁliis
1322 4208 1560 4265 Orientis
1582 4210 1696 4265 veri
1796 4215 1928 4279 rius,
1958 4212 2051 4282 qui
2077 4212 2147 4266 ob
2190 4209 2457 4265 lenticulae
2499 4207 2633 4263 rufa:
2671 4207 2968 4262 coctionem
3017 4203 3381 4274 primogenita

110 4294 169 4349 in
198 4293 417 4351 Christo
439 4295 679 4363 luminis,
702 4298 843 4352 sicut
864 4298 1045 4353 traditi
1066 4306 1192 4354 sunt
1220 4299 1315 4355 ﬁlii
1339 4301 1571 4357 Ammon
1602 4303 1695 4372 qui
1796 4303 2049 4377 perdidit,
2077 4312 2132 4359 et
2179 4303 2246 4357 ab
2273 4301 2449 4356 edulio
2485 4301 2708 4356 sortitus
2745 4297 3067 4354 vocabulum
3098 4304 3203 4350 est.
3235 4293 3378 4349 Esau

110 4384 217 4440 sibi
264 4384 318 4439 iu
370 4386 625 4442 haeretica
663 4387 1005 4445 multitudine
1032 4390 1390 4447 conﬁdebant.
1429 4392 1494 4447 Et
1520 4393 1697 4449 consi-
1799 4409 2013 4465 quoque
2044 4393 2185 4448 facta
2215 4392 2659 4461 interpretantur.
2689 4388 2755 4443 Et
2781 4389 2883 4443 hoc
2907 4387 3213 4451 sciendum,
3237 4383 3381 4455 quod

110 4474 369 4531 ἀεΐθωυε
392 4476 715 4546 Moralium,
743 4485 904 4547 atque
933 4480 985 4533 in
1014 4480 1126 4551 ipsa
1152 4483 1568 4537 comminatione
1589 4482 1695 4537 cle—
1720 4534 1772 4554 ἢ
1798 4489 1852 4543 in
1884 4487 2109 4542 Hebraeo
2146 4498 2423 4554 nunquam
2454 4481 2725 4538 scribatur
2768 4479 3019 4544 ldumzea,
3044 4478 3138 4532 sed
3168 4490 3384 4545 semper

109 4564 374 4621 mentiam
421 4566 538 4632 Dei,
564 4575 626 4623 ut
677 4569 961 4628 tradantur
1007 4586 1129 4626 cum
1182 4571 1308 4628 ﬁliis
1335 4572 1565 4628 Ammon
1595 4573 1691 4627 filii
1724 4564 1773 4594 υ
1797 4580 1966 4634 Edom
1997 4620 2013 4644 ,
2056 4592 2216 4648 quem
2257 4577 2487 4631 ldumata
2536 4575 2803 4644 expressit
2836 4572 3023 4628 Graeca
3072 4570 3376 4625 translatio.

110 4654 353 4711 Orientis
378 4656 431 4711 in
463 4658 853 4726 hereditatem,
876 4670 931 4715 et
957 4677 1297 4733 nequaquam
1329 4664 1552 4719 hmresis
1583 4664 1691 4718 ulla
1797 4671 2144 4742 Nequaquam
2178 4684 2306 4738 ergo
2345 4667 2574 4721 Idumam
2604 4674 2664 4718 ut
2696 4664 2848 4718 Moab
2892 4663 3099 4717 locutus
3127 4668 3215 4714 est
3234 4700 3249 4724 ,
3278 4659 3376 4714 sed

111 4746 427 4801 nominetur
450 4750 505 4802 in
534 4750 806 4820 gentibus,
829 4752 923 4806 sed
953 4752 1111 4809 factis
1136 4755 1188 4808 in
1216 4755 1371 4810 Moab
1391 4755 1614 4824 judiciis
1636 4766 1693 4812 et
1796 4760 1926 4817 fecit
1965 4759 2222 4814 ultionem
2254 4758 2319 4811 de
2343 4756 2466 4810 ﬁliis
2495 4755 2651 4817 Juda,
2704 4752 3074 4823 peccavitque,
3107 4750 3221 4804 sive
3264 4765 3381 4804 me-

110 4836 409 4894 ultionihus
429 4856 529 4910 pro
558 4843 867 4912 arrogantia
891 4858 1073 4899 rerum
1111 4844 1218 4900 ﬁne
1241 4856 1569 4916 cognoscant
1595 4847 1696 4901 Do-u
1796 4850 2023 4906 muriam
2069 4848 2280 4919 pristini
2316 4847 2515 4902 doloris
2562 4846 2752 4910 tenuit,
2780 4852 2841 4899 ut
2877 4843 3134 4900 ultionem
3180 4842 3246 4897 de
3292 4842 3374 4896 eis

111 4928 324 4983 minum
357 4944 478 4985 esse
503 4930 593 5000 qui
637 4940 830 4987 cuncta
857 4933 1147 5003 dispenset.
1182 4934 1265 4990 Ad
1285 4934 1691 5004 approbantium
1798 4947 2039 5011 caperet,
2066 4955 2094 4993 a
2128 4937 2322 5008 quibus
2364 4938 2419 4992 in
2464 4944 2620 4993 utero
2647 4937 3020 5008 supplantatus
3042 4943 3144 4998 est,
3175 4934 3379 4988 idcirco

111 5026 297 5075 autem
324 5021 468 5090 quod
492 5020 648 5078 Moab
673 5022 727 5077 in
752 5025 1002 5094 praesenti
1026 5025 1144 5081 loco
1175 5040 1338 5096 super
1356 5026 1697 5096 philosopho-
1794 5044 1903 5085 non
1929 5044 2027 5098 per
2045 5028 2282 5099 angelos,
2301 5043 2476 5098 neque
2502 5042 2602 5097 per
2622 5026 2786 5082 alium
2812 5024 3123 5096 quemlibet,
3147 5023 3239 5079 sed
3262 5023 3378 5092 ipse

112 5126 236 5166 rum
260 5112 591 5183 intelligatur
610 5115 881 5184 superbia,
914 5116 983 5172 de
1003 5117 1198 5186 quibus
1221 5116 1437 5183 dicitur,
1462 5116 1692 5173 Perdam
1795 5119 2053 5174 Dominus
2080 5134 2299 5173 manum
2329 5119 2625 5173 extendens
2649 5133 2810 5187 super
2837 5116 3137 5178 Idumaeam,
3159 5113 3379 5170 abstulit

113 5206 438 5275 sapientiam
472 5206 814 5277 sapientium,
844 5216 901 5264 et
928 5208 1338 5280 intelligentiam
1386 5208 1693 5280 intelligen-
1795 5209 1863 5265 de
1887 5224 1949 5264 ea
1975 5208 2251 5263 hominem
2274 5208 2671 5279 etjumentum,
2702 5215 2757 5262 et
2784 5206 3031 5261 civitates
3061 5204 3204 5260 illius
3249 5204 3375 5259 red-

116 5296 251 5351 tium
285 5297 583 5368 reprobabo
607 5317 620 5352 :
652 5312 824 5369 pauca
853 5300 919 5354 de
952 5300 1230 5369 prophetis
1255 5299 1499 5371 exempla
1528 5298 1693 5370 repli-

115 5387 301 5442 canda‘
322 5395 467 5443 sunt.
511 5387 677 5444 Amos
724 5388 996 5460 loquitur:
1039 5408 1057 5441 ι
1097 5389 1223 5445 Haec
1256 5390 1386 5446 dicit
1430 5390 1693 5448 Dominus

118 5491 283 5546 super
332 5478 507 5533 tribus
533 5477 899 5548 impietatibus
948 5479 1122 5546 Moab,
1155 5488 1211 5536 et
1254 5495 1421 5550 super
1462 5488 1695 5551 quatuor

118 5582 226 5623 non
258 5567 549 5625 aversabor
578 5586 725 5637 eum,
747 5585 847 5642 pro
870 5586 935 5628 eo
974 5570 1119 5642 quod
1156 5570 1451 5627 combussit
1471 5586 1593 5628 ossa
1615 5587 1699 5628 re-

120 5658 206 5729 gis
249 5658 483 5717 Idumeaa
537 5660 592 5715 in
644 5662 858 5721 cineres
910 5661 1126 5734 (Amos,
1158 5661 1253 5735 ιι).
1298 5680 1317 5715 ι
1360 5663 1500 5719 Vere
1550 5664 1695 5721 enim

121 5750 382 5823 quidquid
437 5752 492 5809 in
545 5754 741 5812 sacculo
800 5755 1109 5829 dogmatum
1162 5768 1536 5827 perversurum
1592 5765 1692 5822 cst,

1795 5300 1905 5371 egit
1920 5299 1974 5353 in
1987 5299 2274 5361 desertum,
2293 5297 2345 5353 id
2364 5307 2467 5364 est,
2484 5298 2750 5362 Theman,
2765 5311 2926 5367 quam
2941 5311 3039 5351 nos
3055 5297 3110 5350 in
3131 5305 3375 5351 austrum

1799 5390 2079 5445 vertimus.
2112 5389 2188 5443 De
2217 5403 2323 5460 qua
2369 5390 2516 5445 etde
2541 5389 2644 5443 alia
2686 5388 2820 5444 urbe
2865 5388 3049 5443 Dedan
3105 5385 3376 5443 interfecti

1800 5479 1979 5551 gladio
2022 5480 2235 5537 cadent.
2279 5479 2522 5550 Cumque
2566 5478 2641 5534 illi
2674 5479 2826 5536 sede
2871 5478 3008 5536 Iuda
3034 5478 3131 5534 ulti
3155 5477 3376 5544 fuerint,

1801 5586 1900 5643 ego
1929 5572 2070 5628 dabo
2097 5570 2357 5627 ultionem
2400 5585 2562 5640 super
2584 5569 2846 5626 Idumteos
2871 5583 2967 5639 per
2991 5584 3235 5635 manum,
3262 5567 3376 5623 sive

1802 5665 1859 5721 in
1890 5680 2051 5720 manu
2078 5664 2258 5736 populi
2301 5661 2408 5718 mei
2442 5661 2626 5727 Israel,
2668 5669 2725 5715 ut
2757 5660 2825 5716 ab
2861 5662 2946 5717 his
2973 5661 3371 5732 opprimantur,

1803 5757 1857 5815 in
1892 5770 2026 5830 quos
2077 5768 2370 5812 exercuere
2419 5751 2739 5821 vindictam;
2777 5752 2869 5824 qui
2899 5751 3095 5808 facient
3122 5752 3176 5807 in
3207 5749 3375 5805 Edcm
