3916 6356
520 288 627 346 763
1182 296 1245 352 B.
1285 290 1538 351 RABANI
1575 293 1795 352 MAURI
1825 292 2143 350 ARCHIEP.
2184 294 2491 354 MOGUNT.
2532 296 2819 356 οΡΕΒωι
2855 299 3034 357 PARS
3067 301 3132 357 Il.
3680 297 3775 357 τα

515 406 630 461 sive
670 408 956 465 [dammam
1003 408 1160 478 juxta
1211 407 1352 462 iram
1397 415 1454 463 et
1502 405 1738 462 furorem
1778 420 1990 472 meum,
2020 422 2061 461 u‘

2223 410 2248 461 ιι
2262 408 2506 475 smviunt,
2523 419 2578 465 et
2598 417 2709 465 toto
2730 410 2923 467 animo
2936 411 3195 469 insultant
3212 415 3643 475 inimicitiarum
3660 432 3769 476 eoa-

513 508 689 550 meam
717 496 969 565 expleant
995 496 1435 567 indignationem.
1465 494 1532 549 Et
1556 509 1653 564 per
1683 508 1873 551 manus
1904 495 2084 564 populi
2186 502 2266 551 tra
2294 496 2457 552 Israel
2493 506 2731 554 veterum
2778 501 3142 568 recordantes,
3164 504 3361 573 quibus
3385 521 3420 560 a
3444 506 3551 562 Dei
3582 508 3772 577 mulo

512 585 619 639 mei
658 585 824 640 Israel
852 586 1125 642 mimicam
1164 593 1378 656 gentem
1421 600 1540 640 mea
1583 585 1665 639 ira
1707 585 1990 651 desaeviat,
2029 595 2087 641 et
2182 585 2342 641 divisi
2389 595 2541 643 sunt.
2585 587 2827 658 Cumque
2857 590 3116 649 Dominus
3138 593 3286 649 dicat
3315 613 3329 650 :
3361 616 3382 648 ι
3433 595 3576 651 Mihi
3601 598 3770 653 vindi-

509 675 809 746 intelligant
847 684 1035 734 contra
1063 676 1309 747 iniquam
1336 675 1593 731 ultionem
1630 675 1873 730 Idumaeas
1909 691 2083 731 meam
2181 683 2347 742 ctam,
2383 691 2485 747 ego
2526 677 2844 745 retribuam,
2869 680 3002 736 dicit
3030 682 3308 751 Dominus,
3344 703 3365 738 ι
3401 685 3512 755 ipsi
3545 701 3619 741 se
3646 687 3769 743 ulci-

504 767 700 836 justam
731 769 901 825 fuisse
948 770 1261 834 vindictam,
1289 768 1421 823 dicit
1443 768 1650 823 Adonai
1677 766 1953 827 Dominus.
1983 766 2084 823 Se-
2178 774 2406 822 scuntur
2452 766 2838 824 interficientes
2885 779 2942 824 et
2990 770 3275 842 implentes
3311 774 3549 844 antiqua
3608 776 3762 831 odia:

506 858 739 913 cundum
777 858 1128 929 tropologiam
1154 856 1243 913 hic
1271 857 1402 912 mihi
1432 872 1626 917 sensus
1673 857 1884 912 videtur
1909 873 1923 911 :
1950 856 2077 911 ldu—
2176 865 2393 927 propter
2415 872 2535 928 qua:
2561 866 2835 914 extentam
2862 876 3024 931 super
3042 877 3103 917 se
3130 879 3351 919 manum
3386 865 3622 920 Domini
3653 882 3762 921 sen-

503 961 635 1001 maea
685 954 898 1003 terrena
951 948 1267 1023 appellatur,
1294 956 1352 1002 et
1388 960 1585 1002 carnea
1634 961 1755 1016 quae
1801 947 2079 1017 consurgit
2176 947 2332 1013 tient,
2355 947 2448 1018 qui
2471 947 2756 1003 interficiet
2782 949 3185 1009 interfectores.
3223 953 3333 1011 Pro
3371 970 3503 1025 quo.
3541 954 3761 1025 samn-

504 1043 693 1090 contra
747 1037 1020 1106 spiritum,
1044 1046 1102 1092 ut
1129 1018 1234 1092 non
1282 1037 1546 1093 faciamus
1591 1052 1654 1092 ea
1697 1051 1816 1107 quae
1852 1037 2079 1108 spiritus
2172 1035 2320 1106 ginta
2347 1036 2529 1092 nescio
2569 1037 2698 1107 quid
2751 1037 3012 1104 volentes,
3047 1057 3067 1092 ι
3113 1040 3405 1098 Cretenses
3442 1061 3464 1094 ι
3499 1043 3761 1114 iuta-pie-

501 1135 647 1191 sunt,
671 1128 973 1185 etanimam
1000 1130 1052 1183 in
1069 1128 1362 1183 meditullio
1381 1129 1613 1197 positam
1625 1128 1694 1183 ad
1721 1142 1782 1183 se
1795 1128 2076 1185 retrahere
2173 1128 2270 1183 tati
2291 1135 2437 1194 sunt,
2457 1143 2581 1183 cum
2598 1139 2655 1185 et
2672 1129 2866 1200 Aquila
2900 1140 2956 1186 et
2983 1129 3343 1204 Symmachus
3370 1144 3435 1191 et
3461 1136 3756 1192 Theodotio

501 1216 743 1284 festinat,
768 1220 986 1289 vultque
1024 1220 1252 1276 ultiones
1280 1221 1502 1276 reddere
1540 1221 1737 1291 quibus
1765 1221 1916 1291 prius
1947 1221 2076 1276 sub-
2170 1214 2343 1285 ipsum
2369 1217 2589 1273 verbum
2617 1217 2958 1287 Hebraicum,
2991 1223 3299 1291 chorethim,
3314 1224 3406 1280 vel
3436 1225 3754 1282 interfecto-

499 1305 611 1365 dita
635 1305 816 1361 fuerat
845 1308 967 1367 filiis
985 1308 1125 1365 Iuda
1142 1350 1158 1374 ,
1186 1318 1242 1367 et
1265 1311 1580 1365 recordatur
1606 1310 1810 1366 doloris
1839 1310 2067 1381 antiqui,
2168 1323 2258 1365 res
2284 1310 2368 1365 vel
2398 1310 2822 1369 interfectionem
2868 1317 3286 1382 verterint,.non
3314 1320 3502 1375 solum
3534 1321 3599 1375 in
3627 1336 3753 1390 pre-

497 1395 641 1462 quod
661 1411 767 1451 non
790 1399 1015 1468 propriae
1040 1398 1204 1455 fuerit
1222 1400 1522 1469 potestatis.
1549 1401 1615 1456 Et
1637 1401 1756 1457 ideo
1779 1401 2068 1457 vindictam
2165 1402 2305 1458 senti
2332 1402 2470 1470 loco,
2498 1405 2594 1461 sed
2629 1405 2793 1461 etiam
2818 1407 2883 1463 in
2900 1406 3173 1479 Sophonia
3190 1450 3207 1477 ,
3233 1412 3327 1468 ubi
3350 1423 3559 1468 contra
3593 1412 3750 1470 Pal:-

497 1488 703 1556 expetit
728 1490 796 1547 de
821 1491 900 1549 eis
921 1531 936 1553 ,
966 1492 1056 1560 qui
1086 1492 1395 1548 recedentes
1431 1509 1462 1547 a
1497 1509 1662 1549 carne
1705 1494 1952 1563 spiritum
1989 1509 2070 1549 se-
2165 1493 2338 1555 stinos
2359 1494 2462 1549 ista
2497 1494 2750 1550 dicuntur
2778 1494 2962 1568 (Soph.
2991 1499 3094 1570 n):
3134 1518 3153 1552 ε
3191 1500 3339 1557 Gaza
3371 1503 3605 1572 direpta
3634 1506 3746 1569 ait,

495 1576 817 1644 quebantur.
870 1581 1161 1657 Propterea
1211 1583 1326 1653 ipse.
1354 1584 1613 1639 Dominus
1645 1583 1876 1639 filiorum
1928 1582 2066 1640 Jnda
2162 1591 2218 1638 et
2241 1583 2490 1651 Ascalon,
2523 1584 2580 1640 in
2616 1586 2993 1660 perditionem,
3033 1598 3089 1644 et
3139 1590 3346 1649 Azotus
3390 1602 3455 1649 et
3502 1595 3743 1651 Accam-

493 1667 638 1731 ull0r
664 1670 925 1735 existens,
952 1654 1190 1728 extendit
1222 1690 1438 1729 manum
1464 1690 1626 1745 super
1667 1676 1953 1731 Idumzeam
1971 1717 1987 1743 ,
2009 1684 2066 1732 et
2164 1654 2644 1729 eradicabunlur:
2668 1676 2760 1731 Va:
2814 1677 3207 1736 habitatoribus
3232 1724 3245 1729 -
3264 1680 3503 1738 funiculi
3554 1686 3734 1749 maris,

491 1756 668 1812 aufert
699 1758 767 1813 de
801 1776 865 1815 ea
896 1762 1166 1817 hominem
1206 1772 1261 1818 et
1296 1762 1616 1832 jumentum.
1668 1765 1935 1837 Quidquid
1977 1768 2062 1824 vel
2096 1752 2139 1812 Β
2165 1762 2361 1819 3000110
2386 1763 2690 1822 Οΐθῐπιιω-
2723 1764 2959 1822 Verbum
2996 1767 3205 1824 Domini
3254 1786 3429 1842 ευμεν
3477 1788 3583 1829 V05
3619 1774 3745 1831 Chr

489 1848 716 1903 rationis
775 1850 987 1904 videtur
1020 1852 1237 1918 habere,
1268 1854 1352 1909 vel
1393 1855 1648 1925 simplicis
1675 1856 1822 1922 ﬁdei,
1860 1866 1919 1911 ut
1942 1873 2063 1913 eam
2163 1868 2302 1907 naan
2331 1862 2476 1909 terra
2511 1854 2965 1926 alienigenarum.
2994 1858 3060 1915 Et
3083 1860 3396 1930 dispeream
3433 1879 3542 1919 vos
3567 1879 3640 1920 ex
3660 1867 3746 1920 ha-

489 1936 698 2006 redigat
723 1939 777 1992 in
819 1940 1181 2007 solitudinem,
1209 1944 1354 1998 etde
1387 1944 1625 1999 Theman
1656 1962 1775 2017 qum
1799 1947 2063 2016 interpre-
2159 1944 2441 2001 bitatione.
2493 1947 2562 2001 Et
2602 1954 2711 2002 erit
2738 1947 2898 2003 Creta
2945 1950 3001 2005 in
3045 1950 3303 2021 pabulum
3351 1961 3668 2023 pastor-II,
3694 1968 3745 2012 et

487 2034 635 2083 tatur
682 2027 957 2097 deficiens,
1010 2039 1067 2087 et
1102 2032 1303 2097 Dedan,
1357 2049 1478 2104 qua:
1507 2042 1563 2089 et
1617 2035 1731 2105 ipsa
1778 2037 2059 2106 cognatio-
2159 2037 2318 2094 cubili
2355 2038 2558 2103 ovium.
2589 2040 2708 2097 i.Et
2739 2040 2827 2096 hic
2853 2042 2998 2097 enim
3037 2057 3162 2097 cum
3217 2041 3595 2115 Septuaginta
3625 2044 3739 2104 Cu-

485 2131 609 2173 nem
647 2128 825 2186 sonat,
846 2138 1045 2178 .omnes
1083 2124 1261 2196 gladio
1287 2125 1560 2182 interficit.
1596 2128 1765 2195 Quem
1798 2131 1981 2198 posuit
2003 2130 2059 2185 in
2158 2138 2267 2183 tam
2315 2129 2599 2195 verterint,
2643 2131 2825 2185 cmteri
2883 2132 3237 2188 translatores
3288 2136 3522 2210 κάῥρον,
3566 2138 3623 2191 id
3649 2146 3742 2205 α,

483 2223 649 2296 manu
668 2211 848 2281 populi
871 2214 954 2268 sui
976 2213 1156 2280 Israel,
1179 2223 1239 2269 ut
1261 2217 1608 2271 subvertatur
1628 2218 1816 2283 Edam,
1846 2227 1904 2274 et
1923 2219 2058 2274 iram
2158 2219 2587 2285 interfectionem
2610 2221 2695 2276 vel
2718 2223 3074 2292 perditionem
3116 2225 3474 2296 interpretati
3497 2236 3648 2294 sunt,
3680 2230 3742 2285 de

480 2273 687 2361 sentiat
735 2273 946 2358 Domini
992 2320 1057 2360 ac
1083 2273 1351 2372 furorem,
1384 2317 1440 2360 et
1468 2308 1729 2377 intelligat
1767 2273 2055 2363 vindictam
2156 2280 2263 2380 quo
2319 2311 2371 2365 in
2417 2273 2745 2382 supradicti;
2762 2316 3058 2385 propheta,
3104 2316 3215 2372 Deo
3255 2273 3573 2387 praestante
3613 2320 3741 2391 quod

477 2383 599 2459 ejus
626 2388 697 2458 ad
724 2388 827 2444 hoc
855 2391 1173 2459 profecisse,
1197 2401 1256 2446 ut
1291 2394 1493 2448 serviat
1519 2396 1700 2450 domui
1744 2395 1915 2452 Iudae.
1942 2397 2057 2453 Iloc
2155 2402 2310 2459 nobis
2337 2403 2510 2459 visum
2541 2412 2625 2460 est
2653 2383 2907 2463 diximus.
2939 2407 3092 2467 Unde
3127 2418 3183 2464 et
3208 2383 3453 2466 duarum:

476 2484 560 2547 est
616 2477 852 2546 illudgde
888 2496 997 2551 quo
1033 2490 1090 2537 et
1126 2481 1413 2552 Apostolus
1472 2485 1708 2554 disputat
1746 2487 2008 2557 scribens
2036 2506 2069 2557 εί
2155 2491 2345 2559 David,
2377 2508 2608 2564 quarum
2649 2510 2755 2551 una
2776 2497 3142 2567 appellabatur
3164 2498 3458 2568 Phelethi,
3477 2477 3735 2559 (ει-εισι

369 2645 372 2648 ὶ
479 2585 502 2619 t
545 2566 712 2626 Iacob
750 2571 932 2638 dilexi,
965 2574 1110 2639 Esau
1136 2583 1315 2631 autem
1342 2578 1466 2633 odio
1498 2578 1664 2633 habui
1692 2578 1868 2649 (Rom.
1892 2581 1992 2652 rx).
2028 2599 2046 2632 ι
2153 2581 2366 2654 Cerethi
2385 2625 2401 2649 ,
2432 2585 2632 2641 ultima
2654 2587 2725 2643 ab
2759 2566 2825 2643 eo
2846 2566 3019 2660 iqirod
3044 2566 3452 2660 interﬁcerent,
3474 2603 3641 2666 atque
3656 2596 3736 2666 jn-

478 2656 659 2728 Oiligit
702 2668 885 2716 autem
926 2661 1114 2731 Jacob,
1144 2667 1271 2736 quia
1299 2683 1555 2724 carneum
1586 2680 1746 2741 atque
1775 2680 2051 2728 terrenum
2150 2673 2418 2745 gularent,
2449 2675 2731 2744 Choretim,
2777 2656 3008 2736 hoe‘est
3060 2656 3489 2741 interfectorum

476 2747 784 2817 supplantat
804 2759 861 2805 et
888 2761 1138 2822 superat,
1180 2763 1238 2810 et
1264 2756 1670 2825 benedictiones
1698 2760 1841 2815 illius
1868 2776 2065 2819 meres
2150 2765 2379 2834 accepit.
2430 2765 2721 2838 Perditque
2767 2768 3026 2827 Dominus
3073 2788 3273 2831 omnes
3314 2777 3592 2847 reliquias
3632 2796 3735 2835 na-

477 2840 567 2890 tur
591 2838 859 2910 accipere.
892 2841 1131 2898 Primum
1159 2845 1303 2900 enim
1328 2844 1483 2914 juxta
1507 2864 1754 2915 carnem,
1779 2859 1834 2905 et
1863 2860 2048 2921 postea
2150 2854 2346 2915 ritimm
2400 2858 2658 2929 regionis,
2706 2874 2826 2930 qua:
2877 2862 3034 2917 salsis
3083 2865 3331 2920 tunditur
3374 2838 3638 2927 fluctibus
3682 2882 3743 2926 et

474 2935 620 2993 iuxta
665 2929 913 2999 spiritum
950 2932 1200 2989 vivimus.
1243 2934 1385 2992 Ante
1412 2937 1564 3004 vitia,
1599 2938 1789 2994 deinde
1821 2940 2049 2996 virtutes
2149 2930 2416 3005 vindictas
2444 2965 2550 3005 non
2578 2929 2795 3020 parvas,
2822 2954 2918 3009 sed
2946 2970 3165 3026 magnas
3194 2956 3363 3014 faciet
3415 2960 3478 3014 in
3524 2961 3735 3025 furore.

472 3018 667 3090 quibus
693 3021 1208 3107 vitia'subruuntur.
1240 3025 1372 3093 Quia
1403 3028 1708 3098 appositum
1727 3119 1734 3120 γ
1753 3043 1848 3120 cor
1874 3030 2046 3084 homi-
2075 3093 2117 3120 η
2150 3048 2211 3093 ιιι
2235 3039 2387 3096 furor
2419 3040 2536 3110 ejus
2565 3018 2727 3098 tinem
2777 3018 2975 3100 habeat
3018 3018 3433 3104 misericordias.
3470 3052 3539 3106 ει

473 3110 559 3166 nis
583 3111 652 3168 ad
697 3094 1019 3168 malitiam-a
1048 3117 1298 3185 pueritia,
1326 3093 1648 3188 erroresque
1671 3117 2046 3175 adolescentiae
2074 3093 2118 3156 Ο
2149 3148 2312 3201 quam
2340 3093 2572 3191 ultiones
2600 3135 2788 3192 fecerit
2815 3152 3046 3209 arguens
3074 3155 3219 3207 cum
3238 3139 3458 3207 furore,
3484 3093 3735 3200 tunc:

472 3207 598 3269 aptas
625 3213 839 3272 matura
867 3207 1208 3264 condemnat.
1253 3209 1405 3265 Unde
1455 3219 1511 3264 et
1539 3210 1704 3265 David
1734 3229 1746 3264 :
1782 3230 1801 3262 ι
1822 3211 2042 3276 Delicta,
2146 3235 2404 3296 gnoscam
2422 3227 2696 3285 Ρειιωδιίηί
2723 3231 2866 3300 quod
2886 3207 3005 3301 ipse
3028 3233 3101 3287 sit
3124 3234 3407 3291 Dominus,

470 3290 677 3401 inquint,
700 3292 1000 3367 juventutis
1027 3305 1081 3353 et
1120 3300 1452 3371 ignorautias
1480 3317 1629 3367 meas
1674 3317 1743 3357 ne
1784 3304 2045 3359 memine—
2147 3290 2173 3296 ⁷
2699 3290 2929 3401 ελρυιιῖ
2961 3345 3150 3401 xx“.

2700 3379 2813 3399 ua.
2841 3379 2920 3401 υι
2962 3379 3150 3401 an...

471 3379 948 3505 iiganIvj:
980 3407 1013 3505 ιι
1054 3388 1340 3505 Βινιὶἱῐξιθη
1386 3392 1684 3505 sciendum,
1709 3394 1849 3505 tIIIOJll
1875 3393 2044 3505 330°}?
2146 3427 2315 3498 Tyrus
2344 3430 2469 3505 quia
2508 3432 2788 3505 exsultavit
2838 3451 2993 3505 super
3020 3438 3366 3505 contritiones
3404 3439 3731 3502 Jerusalem.

470 3476 700 3537 primam
746 3476 956 3545 accepit
980 3476 1432 3547 benedictionem,
1460 3482 1598 3536 Esau
1623 3485 1914 3538 secundam
1944 3503 1958 3538 :
1989 3499 2016 3540 e

2037 3499 2045 3540 ι
2189 3476 2215 3498 θ
2278 3476 2596 3568 ρνᾶάὶεαιιιν
2617 3476 2931 3559 destruendi;
2951 3522 3042 3575 per
3066 3504 3583 3563 Nabuchodonosor.

468 3559 537 3613 ad
565 3570 867 3637 extremum
894 3566 1090 3622 dicitur
1115 3569 1181 3622 de
1205 3584 1271 3625 eo
1300 3588 1313 3623 :
1350 3589 1368 3621 ‹
1400 3571 1601 3627 Servus
1625 3574 1731 3627 eris
1759 3572 1945 3629 fratris
1968 3576 2042 3629 tui
2215 3605 2236 3638 ι
2278 3559 2347 3642 Et
2371 3588 2571 3645 facium
2592 3600 2677 3648 est
2704 3593 2758 3647 in
2788 3559 3071 3650 undecimo
3092 3610 3255 3660 anno,
3285 3598 3469 3667 prima
3510 3600 3731 3663 mensis,

467 3650 619 3723 (Gen.
655 3658 860 3732 xxvii),
899 3679 916 3710 ι
948 3667 1003 3713 et
1043 3669 1328 3731 postquam
1377 3663 1589 3733 spiritui
1629 3680 1757 3719 caro
1802 3666 2041 3735 subjecta
2146 3694 2181 3739 ι,
2212 3676 2385 3733 factus
2404 3688 2489 3735 est
2512 3695 2693 3737 sermo
2722 3682 2935 3739 Domini
2957 3683 3023 3738 ad
3052 3700 3154 3747 me,
3180 3650 3399 3741 (licens:
3422 3687 3532 3741 Fili
3558 3688 3728 3742 homi-

466 3740 651 3810 fuerit,
692 3745 877 3831 illique
902 3750 1218 3819 conjuncta,
1251 3767 1378 3832 caro
1404 3768 1525 3808 esse
1555 3754 1799 3821 desistat,
1829 3763 1885 3810 et
1923 3756 2043 3810 ldu-
2146 3784 2165 3818 ι
2207 3768 2313 3831 nis,
2349 3784 2446 3839 pro
2474 3785 2540 3824 eo
2568 3772 2710 3839 quod
2736 3772 2871 3827 dixit
2892 3773 3066 3844 Tyrus
3089 3740 3158 3828 de
3196 3773 3530 3838 Jerusalem,
3572 3792 3725 3847 euge,

468 3851 601 3891 mma
626 3826 863 3894 transeat
892 3842 944 3895 in
963 3841 1222 3898 Iudaeam.
1307 3826 1313 3832 ’
1630 3863 1638 3869 ·
2145 3875 2179 3923 ι,
2208 3826 2495 3915 confractte
2520 3826 2648 3915 sunt
2677 3869 2848 3931 portae
2873 3826 3213 3932 populorum,
3244 3879 3524 3921 conversa
3548 3826 3730 3922 (stall

541 3947 560 3977 ι
606 3926 732 3984 limo
758 3930 888 3985 dicit
916 3933 1171 3989 Dominus
1193 3935 1335 3992 Deus
1363 3955 1375 3991 :
1405 3937 1509 3992 Pro
1536 3952 1599 3993 eo
1622 3937 1768 4008 quod
1799 3937 2041 3994 fecerunt
2145 3971 2162 4002 ι
2209 3968 2293 4006 me
2318 3968 2333 4006 :
2364 3926 2912 4023 impleboradesert-a
2942 3926 3069 4023 “est,
3094 3926 3385 4028 propterea
3439 3960 3562 4014 hzec
3601 3960 3725 4014 dicit

471 4036 491 4069 ι
534 4016 807 4075 Palaestini
838 4022 1153 4091 vindictam,
1181 4034 1235 4081 et
1276 4026 1374 4082 ulti
1407 4043 1467 4083 se
1512 4036 1638 4083 sunt
1691 4036 1803 4083 toto
1860 4029 2041 4084 animo
2145 4058 2164 4092 ι
2213 4016 2474 4098 Domian
2499 4044 2643 4100 Deus
2670 4062 2685 4099 :
2717 4045 2854 4100 Ecce
2878 4061 2980 4116 ego
2999 4016 3161 4117 super
3188 4016 3449 4118 te,Tyre,
3474 4058 3729 4103 αδδεδ·

469 4127 490 4161 ι
535 4109 923 4170 interficientes
981 4124 1037 4171 et
1094 4117 1377 4191 implentes
1446 4112 1772 4177 inimicitias.
1808 4129 2038 4178 veteres.
2144 4150 2179 4195 «η
2206 4132 2332 4187 dere
2376 4132 2572 4189 faciam
2619 4135 2689 4190 ad
2730 4142 2781 4191 te
2825 4109 3011 4207 gen'tes
3052 4109 3269 4201 multas,
3310 4109 3730 4195 simulasse—1113

471 4220 490 4253 ι
532 4200 825 4272 Propterea
872 4206 987 4261 haec
1041 4208 1171 4264 dicit
1215 4211 1472 4267 Dominus
1524 4213 1668 4268 Deus
1707 4231 1720 4267 :
1756 4214 1896 4270 Ecce
1940 4228 2041 4286 ego
2144 4240 2164 4273 ι
2207 4237 2358 4277 mare
2385 4222 2672 4291 fluctuans,
2699 4231 2754 4281 et
2775 4200 3115 4295 dissipabunt
3142 4200 3330 4284 muros
3362 4229 3526 4299 Tyri,
3557 4240 3613 4285 et
3641 4231 3706 4284 de

469 4309 493 4357 ς
533 4294 825 4348 extendam
853 4310 1073 4350 manum
1107 4312 1285 4353 meam
1324 4316 1484 4371 super
1511 4301 1841 4370 Palaestinos,
1871 4312 1926 4359 et
1954 4304 2038 4358 in-
2144 4333 2163 4365 ‹
2204 4323 2416 4371 struent
2470 4323 2650 4372 turres
2676 4316 2813 4388 ejus.
2851 4294 2925 4372 Et
2964 4320 3149 4375 radam
3178 4294 3470 4390 pulverem
3511 4294 3729 4392 eiusde

471 4400 497 4432 ι
530 4381 791 4451 terficiam
820 4383 1225 4453 interfectores,
1253 4397 1307 4443 et
1329 4392 1551 4459 perdam
1581 4391 1836 4463 reliquias
1874 4393 2039 4447 mari—
2064 4432 2114 4491 Β
2146 4424 2165 4455 ς
2194 4421 2292 4471 .ca,
2320 4413 2374 4460 et
2409 4406 2548 4462 dabo
2576 4381 2779 4463 eamvin
2811 4381 3241 4480 limpidissimairi
3270 4421 3524 4482 petram.

471 4490 491 4523 ι
536 4474 679 4529 timur
725 4476 982 4547 regionis,
1014 4476 1314 4550 faciamque
1335 4480 1389 4535 in
1423 4482 1504 4536 eis
1528 4482 1759 4538 ultiones
1787 4499 2032 4554 magnas,
2064 4474 2111 4491 υ
2148 4512 2166 4545 ε
2211 4494 2285 4548 tio
2311 4508 2631 4565 sagenarum
2665 4497 2772 4552 erit
2820 4498 2875 4555 in
2915 4499 3093 4555 medio
3121 4501 3311 4566 maris,
3354 4504 3495 4572 quia
3516 4520 3626 4576 ego
3654 4505 3731 4559 lo—

469 4582 489 4616 (
535 4582 764 4637 arguens
802 4569 856 4624 in
886 4568 1088 4626 furore.
1143 4571 1212 4626 Et
1260 4573 1433 4627 scient
1467 4574 1595 4643 quia
1624 4588 1724 4647 ego
1755 4575 2033 4641 Dominus,
2149 4600 2168 4634 ι
2213 4591 2369 4639 cutus
2396 4600 2536 4651 sum,
2566 4586 2643 4640 ait
2663 4586 2923 4646 Dominus
2953 4589 3114 4655 Deus,
3148 4599 3204 4646 et
3246 4568 3442 4646 erit—in
3468 4568 3727 4665 dirEptio—

468 4673 486 4707 ι
532 4672 656 4723 cum
685 4657 883 4714 dedero
934 4661 1224 4718 vindictam
1270 4680 1445 4719 meam
1493 4680 1655 4734 super
1688 4681 1801 4721 eos.
1850 4686 1869 4719 ›
1910 4667 2038 4723 Post
2149 4692 2168 4725 ι
2211 4689 2332 4729 nem
2362 4677 2629 4745 gentibus.
2652 4678 2802 4734 Filia:
2820 4694 3033 4750 quoque
3059 4680 3175 4750 ejus
3195 4696 3316 4751 qua:
3342 4696 3483 4739 sunt
3507 4657 3727 4755 inagro.

464 4746 604 4805 filios
629 4748 859 4806 Ammon
888 4751 1056 4819 Moab
1093 4762 1147 4808 et
1185 4753 1337 4820 Seir,
1375 4758 1467 4826 qui
1497 4756 1600 4827 ipsi
1628 4766 1756 4812 sunt
1795 4756 2035 4825 Idummi,
2149 4782 2168 4816 ς
2209 4765 2385 4837 gladio
2421 4746 2853 4835 interficientur:
2878 4746 2963 4825 Et:
2985 4746 3159 4826 scient
3208 4746 3339 4842 quia
3391 4786 3505 4844 ego

460 4846 516 4895 et
560 4855 659 4910 per
693 4839 833 4895 Loth
864 4850 919 4895 et
955 4842 1099 4896 Esau
1127 4845 1321 4913 populo
1369 4847 1557 4913 Israel,
1584 4858 1640 4904 et
1680 4849 1860 4904 domui
1887 4847 2039 4905 ludas
2150 4875 2169 4907 ι
2213 4872 2332 4912 nus.
2374 4876 2394 4910 ι
2430 4857 2836 4930 Consequenter
2861 4863 3160 4933 prophetia:
3197 4839 3334 4919 ordo
3365 4839 3733 4923 contexitur:

460 4931 778 4999 cognatione
828 4931 1122 4987 sociantur.
1173 4933 1333 4989 Venit
1388 4938 1457 4992 ad
1514 4937 1802 4995 Philistiim
1827 4981 1844 5008 ,
1899 4956 2036 5011 quos
2137 4944 2374 5002 Locutus
2399 4955 2520 5002 erat
2556 4957 2747 5004 contra
2767 4931 2914 5007 filios
2935 4931 3166 5008 Ammon
3202 4961 3260 5009 et
3289 4953 3462 5010 Moab
3500 4965 3560 5011 et
3584 4956 3731 5021 Scit,

464 5019 810 5092 Septuaginta
824 5023 1177 5091 allophulous,
1201 5026 1252 5080 id
1271 5035 1372 5093 est,
1399 5030 1725 5102 alienigenas
1751 5034 2037 5089 transtule—
2137 5036 2230 5107 qui
2257 5037 2355 5107 ipsi
2382 5046 2508 5093 sunt
2541 5038 2781 5106 Idumaei,
2815 5050 2869 5096 et
2892 5041 3179 5097 Philistiim
3207 5043 3299 5113 qui
3327 5053 3468 5099 sunt
3497 5047 3554 5099 in
3576 5019 3727 5098 Et»;

463 5119 626 5177 runt,
663 5128 770 5166 non
801 5114 1038 5182 generali
1094 5118 1313 5174 nomine
1360 5121 1598 5176 omnium
1623 5124 1890 5194 gentium,
1916 5139 2037 5194 qua:
2137 5142 2217 5191 re,
2233 5136 2288 5182 et
2312 5128 2369 5182 in
2389 5127 2625 5186 funiculo
2648 5132 2817 5188 maris
2837 5134 3088 5189 eumdem
3110 5134 3338 5190 limitem
3363 5147 3573 5193 tenent.
3591 5135 3738 5192 Post

462 5214 571 5253 non
623 5208 750 5255 sunt
797 5202 863 5257 de
902 5218 1099 5273 genere
1130 5206 1454 5275 Judzeorum,
1482 5214 1574 5268 sed
1604 5215 1823 5283 speciali
1861 5215 2037 5286 gentis
2076 5214 2087 5225 '
2137 5213 2452 5277 Palaestinos
2505 5218 2682 5283 enim,
2716 5221 2956 5277 succedit
2983 5221 3256 5279 Phoenicis
3313 5226 3477 5297 regio
3503 5266 3522 5292 ,
3573 5228 3743 5296 enim

458 5304 571 5345 suae
596 5305 717 5359 quae
745 5307 888 5347 nunc
915 5295 1112 5351 dicitur
1147 5297 1433 5356 Palaestina
1462 5311 1667 5357 mutata
1711 5304 1809 5375 phe
1856 5305 2036 5361 littera
2139 5305 2452 5375 metropolis
2473 5316 2557 5363 est
2579 5308 2774 5366 civitas
2803 5310 2998 5382 Tyrus,
3020 5326 3140 5381 qua:
3165 5295 3482 5383 appellatur
3502 5295 3744 5371 Heben

452 5380 610 5450 juxta
645 5380 957 5440 Graecorum
984 5390 1425 5449 consuetudinem
1454 5393 1507 5447 in
1527 5415 1586 5458 π,
1604 5394 1745 5447 sicut
1768 5395 1910 5465 apud
1937 5411 2035 5452 nos
2141 5394 2384 5467 Syroque
2432 5413 2681 5456 sermone
2723 5380 2942 5458 Sor.VEt
2989 5380 3115 5474 quia
3162 5380 3326 5460 etiam
3387 5408 3513 5476 ipsa
3541 5411 3749 5479 satis:

454 5486 554 5539 pro
599 5469 870 5530 Hebraico
922 5476 1081 5545 phase
1124 5477 1369 5535 Graecum
1433 5482 1771 5551 etLatinum
1824 5483 2034 5541 Pascha
2137 5494 2244 5551 est,
2283 5497 2339 5542 et
2362 5482 2648 5545 insultavit
2702 5506 2768 5547 ac
2793 5492 2948 5560 dixit,
2986 5469 3358 5553 t—Cotdractm
3389 5469 3753 5569 suntpost:

457 5558 1799 5639 celebratur.Philistiiminterpretanturcadentes
1816 5573 2031 5642 poculo,
2136 5576 2484 5646 populorum;
2523 5598 2542 5629 ι
2577 5594 2678 5650 ego
2714 5558 2941 5650 portum
2971 5583 3300 5638 tutissimum
3358 5558 3575 5652 habeo:
3607 5589 3747 5647 illa.

454 5651 632 5722 quiet
655 5653 756 5724 ipsi
785 5654 852 5713 de
879 5672 1043 5716 aureo
1073 5659 1365 5731 Babylonis
1405 5663 1574 5720 calice
1605 5663 1854 5721 inebriati
1884 5675 2028 5724 sunt.
2138 5682 2243 5738 que
2272 5670 2530 5727 subversa
2556 5670 2623 5726 ad
2659 5687 2747 5728 mc
2780 5674 2957 5729 omnis
2997 5675 3281 5732 multitudo
3314 5692 3599 5736 conversa
3633 5699 3749 5757 δι,
