3916 6356
159 377 267 437 765

1140 364 1493 426 COMMENT.
1529 363 1599 421 lN
1635 322 2093 421 maculam.
2130 396 2203 408 -
2234 366 2364 423 LIB.
2401 362 2473 423 x.

3291 363 3398 421 766

158 505 283 561 qum
308 488 455 545 illius
496 488 784 560 regebatur
810 481 1052 539 arbitrio.
1079 481 1149 536 Et
1195 480 1321 550 quia
1364 477 1456 533 illa
1508 477 1724 533 deserta
1750 478 1802 539 Α
1834 494 1855 528 ς
1894 476 1996 532 riet
2022 485 2078 533 te
2096 477 2277 547 pulvis
2292 453 2503 542 eorum,
2532 492 2563 532 a
2588 484 2765 533 sonitu
2795 485 3055 548 equitum,
3082 486 3139 534 et
3159 460 3400 533 rotarum

160 591 268 648 est,
297 580 500 637 idcirco
522 592 622 649 ego
647 575 930 645 implebor,
961 573 1074 628 sive
1099 585 1218 641 quae
1240 570 1398 641 plena
1434 565 1536 622 fuit
1578 574 1725 632 ante,

158 673 441 745 redigetur
479 669 537 724 in
576 665 939 723 solitudinem.
980 663 1147 735 Igitur
1173 661 1278 716 ista
1308 658 1510 723 dixisti,
1535 665 1590 713 et
1620 655 1731 711 rui-

157 765 253 820 nis
300 759 600 819 Jerusalem
658 771 778 827 qua:
830 756 925 811 Dei
974 753 1177 824 judicio
1227 758 1449 822 propter
1506 758 1728 821 peccata

159 856 424 911 subversa
448 858 565 915 est,
597 846 886 903 insultasti.
922 845 1217 914 Propterea
1242 855 1347 895 non
1374 855 1472 910 per
1490 837 1727 901 nuntios,

157 960 267 1001 nec
291 958 388 1015 per
429 940 696 1012 quoslibet
718 938 869 1003 alios,
896 936 990 992 sed
1030 950 1129 1005 ego
1168 933 1285 1003 ipse
1315 946 1409 986 ero
1437 931 1725 985 adversum

159 1041 242 1097 te,
269 1031 427 1103 'l‘yre,
459 1040 514 1085 et
541 1029 712 1084 instar
736 1026 992 1081 ﬂuctuum
1016 1023 1184 1078 maris
1217 1020 1512 1076 ascendere
1537 1018 1732 1073 faciam

159 1130 357 1176 contra
414 1129 467 1174 te
515 1115 862 1187 Babylonios,
912 1128 1036 1169 cum
1094 1110 1345 1182 plurimis
1400 1107 1728 1173 nationibus,

158 1225 390 1280 quarum
420 1207 815 1279 Oppuguatione
840 1204 977 1258 muri
1009 1202 1081 1257 tui
1107 1242 1122 1267 ,
1145 1209 1200 1256 et
1246 1210 1423 1255 turres
1453 1199 1733 1253 destruen-

160 1309 280 1366 tur,
309 1302 574 1354 intantum
596 1293 666 1351 ut
693 1310 863 1366 usque
893 1295 961 1349 ad
992 1293 1165 1348 solum
1189 1291 1497 1355 concidant,
1528 1296 1580 1344 et
1608 1287 1731 1358 pul-

157 1391 253 1446 vis
296 1390 441 1444 illius
467 1388 721 1452 radatur,
755 1386 868 1441 sive
892 1386 947 1438 in
976 1392 1161 1453 partes
1204 1382 1383 1436 varias
1408 1380 1694 1435 ventilctur
1714 1420 1731 1445 ,

158 1489 222 1535 et
269 1481 346 1536 sic
381 1479 769 1543 humiliabitur,
791 1487 852 1532 ut
877 1484 1046 1547 petra:
1082 1473 1422 1528 nitidissimae
1450 1486 1733 1541 compare-

157 1582 289 1638 tur;
321 1579 577 1641 tantaque
605 1570 711 1624 erit
732 1570 785 1623 in
819 1568 950 1623 urbe
998 1567 1270 1637 quondam
1298 1563 1731 1632 frequentissima

158 1663 420 1728 solitudo,
469 1671 528 1716 ut
575 1676 787 1733 sagena:
841 1660 1169 1731 piscatorum
1225 1656 1618 1724 expandantur,
1679 1660 1735 1710 et

156 1755 441 1810 siccentur
463 1754 515 1807 in
543 1752 720 1808 medio
742 1750 875 1820 ejus.
929 1752 1040 1819 Ego
1075 1750 1214 1805 enim
1239 1748 1454 1803 loculus
1487 1763 1604 1819 sum
1632 1747 1734 1802 Do-

1835 585 1856 619 ‹
1899 574 1953 623 et
1987 582 2242 622 curruum
2270 568 2627 622 movebuntur
2656 568 2795 621 muri
2829 568 2926 621 tui.
2964 567 3100 621 Dum
3127 567 3405 639 ingressus

1820 658 1854 711 ἐ
1894 656 2059 712 fuerit
2082 665 2267 727 portas
2310 663 2431 712 tuas
2459 656 2612 725 quasi
2639 670 2737 726 per
2763 655 3018 710 introitus
3045 655 3195 710 urbis
3235 652 3396 711 dissi-

1835 766 1856 801 ι
1895 758 2061 819 pataz,
2091 748 2303 820 ungulis
2323 762 2583 817 equorum
2609 761 2829 802 suorum
2855 747 3191 802 conculcabit
3212 759 3405 803 omnes

1835 857 1856 892 ι
1896 839 2100 910 plateas
2121 847 2261 904 tuas,
2284 839 2537 910 populum
2563 844 2712 892 tuum
2734 838 2911 906 gladio
2933 838 3121 904 caedet,
3142 847 3199 893 et
3216 846 3405 894 statuat

1837 949 1857 982 ι
1900 939 2002 985 tute
2044 930 2251 985 nobiles
2288 931 2341 984 in
2374 939 2573 984 terram
2616 936 2888 984 corruent.
2936 929 3234 984 Vastabunt
3274 944 3407 1000 opes

1837 1041 1856 1074 ι
1899 1031 2038 1087 tuas,
2076 1022 2329 1091 diripient
2377 1008 2791 1093 negotiationes,
2827 1029 2882 1077 et
2922 1036 3107 1076 muros
3153 1030 3274 1077 tuos
3305 1023 3402 1077 de-

1836 1132 1857 1165 ‹
1902 1121 2132 1179 struent,
2161 1120 2217 1168 et
2257 1113 2443 1167 domos
2495 1121 2614 1166 tuas
2653 1110 2941 1181 praeclaras
2985 1111 3321 1176 subvertent,
3352 1117 3408 1165 et

1837 1225 1857 1259 ι
1895 1206 2098 1275 lapides
2124 1212 2246 1260 tuos
2267 1212 2321 1259 et
2348 1204 2490 1274 ligna
2514 1211 2623 1266 tua,
2655 1210 2710 1257 ct
2729 1201 3002 1272 pulverem
3032 1209 3181 1255 tuum
3210 1199 3266 1253 in
3288 1214 3406 1254 me-

1838 1310 1858 1345 ‹
1901 1294 1989 1348 dio
2027 1308 2288 1364 aquarum
2313 1300 2533 1362 ponent.
2563 1292 2633 1344 Et
2676 1292 2953 1359 quiescere
2976 1289 3170 1344 faciam
3217 1285 3405 1343 multi-

1838 1402 1859 1436 ι
1902 1385 2141 1438 tudinem
2187 1383 2519 1438 canticorum
2551 1374 2795 1444 tuarum,
2818 1387 2874 1433 ct
2898 1379 3106 1433 sonitus
3149 1378 3404 1448 cythara-

1838 1491 1858 1524 ι
1899 1487 2019 1527 rum
2069 1478 2283 1525 tuarum
2338 1485 2446 1524 non
2494 1469 2741 1523 audietur
2792 1466 3038 1537 amplius.
3072 1466 3139 1520 Et
3176 1464 3316 1519 dabo
3348 1468 3407 1520 te

1837 1579 1859 1614 ι
1900 1563 1958 1618 in
1984 1560 2414 1630 limpidissimam
2441 1568 2670 1629 petram,
2692 1556 2913 1612 siccatio
2932 1569 3252 1624 sagenarum
3276 1552 3407 1618 eris,

1839 1674 1860 1707 ι
1900 1669 1999 1709 nec
2021 1651 2373 1707 :editlcaberis
2416 1650 2582 1715 ultra,
2612 1649 2734 1718 quia
2763 1662 2863 1719 ego
2911 1646 3124 1701 locutus
3168 1659 3308 1708 sum,
3329 1642 3412 1697 di—

1839 1764 1857 1796 ι
1899 1745 1975 1799 cit
1998 1744 2255 1798 Dominus
2277 1741 2437 1796 Deus.
2485 1760 2504 1793 ι
2544 1740 2686 1810 Ergo
2714 1737 2858 1809 quod
2883 1738 3095 1792 dixerat
3117 1733 3410 1789 ascendere

152 1846 368 1910 minus,
415 1842 565 1911 cujus
610 1844 772 1897 verba
805 1841 955 1912 irrita
986 1852 1106 1894 esse
1155 1853 1260 1893 non
1291 1844 1535 1908 possunt.
1593 1856 1611 1887 ‹
1666 1836 1734 1891 Ει
1761 1818 2030 1895 Bfaciam
2069 1837 2135 1892 ad
2176 1847 2229 1892 te
2277 1843 2466 1906 gentes
2508 1832 2724 1900 multas,
2775 1832 2916 1887 sicut
2964 1826 3206 1883 ascendit
3260 1837 3411 1879 mare

154 1936 381 1990 tradam
428 1950 548 1990 eam
590 1935 643 1988 in
674 1932 1025 2002 direptionem
1067 1930 1335 2001 gentibus.
1369 1949 1388 1981 ι
1424 1928 1574 1983 Filia:
1599 1943 1733 1998 quo-
1832 1927 2118 1983 fluctuans.
2147 1926 2215 1981 Et
2246 1925 2354 1980 eris
2391 1923 2568 1993 Tyrus
2612 1921 2667 1975 in
2714 1918 3067 1988 direptionem
3117 1913 3407 1984 gentibus:

157 2038 274 2092 que
302 2023 437 2092 ejus,
476 2036 593 2092 qua;
621 2029 747 2077 sunt
771 2022 822 2076 in
854 2036 1006 2092 agro,
1031 2020 1145 2075 sive
1172 2020 1227 2073 in
1273 2033 1495 2089 campo,
1526 2018 1628 2073 hoc
1652 2026 1735 2072 est
1836 2028 1962 2075 tunc
2004 2018 2155 2089 ponit
2180 2014 2519 2070 manifestius
2547 2011 2689 2080 quod
2714 2008 3201 2063 Nabuchodonosor
3224 2015 3410 2073 regem

159 2112 224 2165 in
262 2111 530 2166 Phoenicis
554 2111 755 2175 littore,
783 2110 946 2165 urbes
979 2117 1034 2165 et
1061 2108 1277 2179 oppida,
1304 2109 1427 2174 vici,
1454 2117 1617 2177 atque
1646 2124 1736 2163 ca-
1834 2109 2116 2180 Babylonis
2185 2106 2416 2159 adducat
2460 2103 2716 2156 Dominus
2758 2098 2827 2152 ab
2870 2095 3117 2165 aquilone
3153 2133 3169 2158 ,
3227 2104 3413 2163 regem

156 2202 339 2262 stella,
373 2201 767 2256 interficientur
807 2200 1000 2271 gladio.
1051 2207 1406 2274 Μιταφορικῶς
1451 2199 1543 2268 qui
1601 2198 1736 2253 filias
1836 2214 2042 2269 regum,
2066 2212 2187 2252 cum
2216 2197 2369 2267 equis
2401 2202 2455 2248 et
2483 2192 2752 2255 curribus,
2789 2197 2845 2243 et
2872 2202 2993 2242 cum
3018 2184 3222 2240 infinita
3256 2195 3413 2236 exer-

161 2291 477 2361 appellavit,
529 2292 957 2346 interfectionem
1010 2290 1161 2360 ponit
1196 2272 1397 2360 gladii,
1440 2297 1502 2342 ut
1557 2303 1736 2343 rerum

1847 2287 1977 2346 citus
2006 2287 2345 2343 multitudine
2366 2325 2380 2349 ,
2408 2284 2499 2354 qui
2525 2283 2673 2354 prius
2701 2278 2944 2335 subditas
2972 2275 3114 2347 Tyro
3146 2274 3199 2328 in
3228 2272 3410 2327 littore

162 2382 281 2438 fine
323 2391 647 2453 cognoscant
684 2397 771 2437 me
816 2397 934 2438 esse
981 2359 1301 2447 Dominum,
1327 2380 1420 2449 qui
1466 2379 1580 2435 fieri
1636 2380 1738 2434 ista
1839 2379 2087 2436 civitates
2132 2386 2187 2432 et
2226 2374 2443 2430 castella
2488 2372 2802 2435 subvertat,
2847 2374 2904 2422 et
2944 2373 3129 2436 postea
3172 2359 3412 2418 obsideri

161 2473 423 2543 prmcepi.
452 2472 637 2527 Potest
657 2473 811 2543 juxta
862 2471 1234 2542 tropologiam,
1265 2485 1384 2539 quae
1410 2468 1515 2525 Sor
1543 2483 1738 2523 nomen
1839 2469 2004 2525 faciat
2034 2466 2237 2540 Tyrum
2273 2465 2540 2532 valletque
2579 2477 2700 2517 eam
2730 2459 2994 2523 exercitu,
3026 2463 3081 2511 et
3107 2467 3321 2525 aggere,
3354 2458 3412 2505 et

164 2567 495 2624 Hebraicum
526 2568 754 2621 vertitur
781 2566 835 2620 in
865 2565 1165 2637 angustiam
1185 2604 1200 2629 ,
1230 2562 1408 2619 omnis
1434 2562 1577 2617 enim
1628 2560 1742 2615 ani—
1841 2558 2228 2616 munitionibus
2247 2544 2561 2625 clypeisque
2575 2558 2635 2605 et‘
2649 2548 2907 2604 arietibus
2930 2546 3207 2616 impugnet
3233 2556 3415 2596 muros

162 2672 265 2711 ma
302 2671 420 2727 quze
470 2635 962 2726 perturbationibus
1008 2660 1269 2722 occupata
1299 2657 1402 2716 est,
1434 2648 1537 2705 Sor
1564 2648 1743 2721 appcl-
1842 2660 1895 2706 et
1921 2650 2185 2713 destruat;
2211 2654 2268 2701 et
2314 2652 2460 2699 tanta
2501 2643 2571 2698 sit
2611 2639 2897 2696 multitudo
2932 2637 3173 2707 equitum
3193 2635 3331 2705 ejus,
3353 2641 3415 2686 ut

164 2745 298 2812 lari,
323 2761 440 2815 qua:
476 2747 689 2815 quando
715 2745 908 2800 viderit
932 2759 1031 2815 pro
1079 2743 1191 2798 suis
1234 2741 1382 2797 vitiis
1417 2747 1580 2811 atque
1620 2754 1744 2810 pec-
1840 2742 2061 2813 pulvere
2097 2738 2367 2809 equitatus
2398 2742 2455 2790 et
2480 2734 2656 2789 sonitu
2684 2730 2941 2786 ululantis
2977 2727 3285 2791 exercitus,
3320 2736 3416 2778 ro—

165 2837 315 2891 catis
340 2813 442 2891 Dei
474 2813 681 2907 judicio
732 2813 970 2892 subverti
1024 2833 1318 2889 Jerusalem
1341 2872 1355 2898 ,
1406 2833 1463 2887 in
1499 2847 1605 2902 qua
1640 2830 1744 2886 fuit
1842 2839 2126 2898 tarumque
2155 2827 2401 2897 strepitu,
2432 2832 2488 2879 et
2513 2837 2774 2892 equorum
2803 2819 3035 2883 hinnitu,
3058 2817 3209 2873 urbis
3226 2813 3419 2871 funda-

168 2930 431 3001 templum
453 2904 508 2986 et
534 2932 684 3001 pacis
712 2931 867 2996 visio,
902 2929 1135 2985 exsultat
1157 2937 1214 2984 et
1249 2927 1315 2982 ad
1335 2942 1394 2983 se
1421 2934 1575 2999 putat
1594 2927 1744 2982 urbis
1844 2928 2023 2977 menta
2051 2924 2382 2979 moveantur,
2412 2924 2468 2969 et
2491 2913 2569 2969 sic
2597 2911 2930 2982 ingrediatur
2975 2908 3250 2963 civitatem
3300 2904 3415 2993 dis-

167 2984 445 3090 quondam
465 2984 683 3091 inclytae
716 2984 1001 3089 imperium
1030 2984 1476 3074 transferendum.
1511 3016 1660 3083 Quod
1688 3023 1744 3071 et
1843 3008 2032 3080 s’ipatis
2060 3007 2252 3071 muris,
2282 3002 2436 3074 quasi
2470 3003 2538 3057 de
2577 3014 2765 3069 campo
2814 3012 3035 3053 securus
3086 2984 3415 3067 ingrediens,

171 3084 236 3167 in
266 3112 551 3167 contrariis
579 3084 923 3183 dogmatibus
948 3110 1243 3181 accipitur,
1267 3118 1322 3165 et
1353 3109 1406 3165 in
1435 3108 1743 3164 hominibus
1773 3159 1817 3183 η
1848 3106 2102 3183 tantaque
2131 3095 2395 3152 Securitas
2423 3093 2493 3149 δίε
2526 3091 2792 3147 Vincenlis
2816 3088 3108 3149 θωπείαις,
3130 3094 3190 3141 ιιι
3213 3084 3420 3155 Ριίιιθειε

174 3202 383 3267 steculi,
413 3202 626 3272 quando
652 3159 885 3258 :iderint
928 3159 1199 3257 homirnem
1227 3159 1495 3256 isanctum
1521 3214 1620 3270 per
1646 3214 1742 3254 ne-
1771 3159 1818 3224 c
1848 3178 1976 3263 Tyri
2004 3159 2322 3246 conculcent
2364 3199 2625 3254 equorum
2654 3180 2885 3251 ungulae,
2915 3187 2970 3234 et
2993 3177 3171 3233 omnis
3194 3174 3422 3247 populus

176 3266 488 3364 gligcntiain
530 3305 651 3347 esse
696 3290 1000 3361 prolapsum
1021 3330 1037 3356 ,
1088 3289 1321 3360 gaudent
1371 3295 1426 3343 et
1454 3266 1745 3353 exsultant,
1846 3283 1904 3338 in
1946 3281 2124 3337 medio
2145 3285 2362 3334 corruat
2388 3276 2645 3339 civitatis,
2668 3282 2726 3329 et
2748 3280 2940 3327 statua:
2960 3269 3230 3341 quondam
3260 3266 3417 3321 nobi-

178 3381 332 3451 quasi
363 3380 589 3436 aliorum
626 3358 805 3445 ruina,
842 3358 938 3435 sua
958 3358 1284 3434 resurrectio
1323 3376 1413 3432 sit.
1453 3375 1748 3448 Pmpterea
1847 3372 1945 3439 les,
1974 3371 2091 3427 sine
2132 3369 2383 3424 universa
2414 3363 2717 3422 substantia
2743 3363 2797 3417 in
2825 3371 3024 3416 terram
3051 3365 3288 3424 corruat,
3332 3358 3416 3411 ni-
3488 3394 3495 3401 -

179 3443 440 3526 Dominus
487 3443 867 3536 comminatur,
917 3468 1059 3539 quod
1107 3467 1219 3538 ipse
1271 3443 1596 3523 contra'eos
1644 3465 1746 3519 hu-
1847 3459 2031 3529 bilque
2087 3455 2437 3527 pristinarum
2492 3450 2798 3506 divitiarum
2843 3447 2900 3502 in
2948 3451 3248 3515 expugnata
3290 3443 3426 3497 urbe

173 3562 474 3634 juscemodi
489 3563 733 3617 homines
747 3534 984 3628 dimicet,
1005 3570 1061 3615 et
1071 3534 1361 3615 ascendere
1373 3556 1536 3612 faciat
1560 3561 1749 3611 contra
1848 3557 2113 3615 servetur,
2150 3547 2247 3603 sed
2282 3560 2405 3602 cum
2430 3542 2600 3598 muris
2641 3541 2831 3597 domus
2855 3551 3068 3608 quoque
3096 3534 3306 3591 nobiles
3328 3534 3422 3588 de-

180 3668 277 3709 eos
321 3653 493 3709 instar
520 3653 851 3707 marinorum
889 3649 1146 3705 fluctuum
1185 3648 1445 3720 plurimas
1479 3648 1748 3714 nationes,

180 3760 304 3816 qua:
326 3744 608 3799 destruant
639 3742 693 3797 in
722 3742 802 3797 eis
833 3739 1091 3812 quidquid
1116 3737 1533 3795 munitissimum
1559 3744 1616 3816 et
1654 3736 1750 3792 flr-

181 3812 331 3889 mum
371 3833 605 3900 videtur,
627 3840 683 3888 et
711 3833 785 3887 ita
814 3832 996 3887 omnia
1025 3845 1213 3886 eorum
1256 3812 1591 3901 argumenta
1626 3828 1752 3884 sub-

1852 3646 2152 3699 struantur.
2184 3639 2253 3693 Et
2281 3644 2430 3692 tanta
2474 3634 2546 3690 sit
2585 3633 2849 3688 victorum
2901 3629 3126 3692 saevitia,
3172 3634 3234 3682 ut
3280 3626 3429 3697 ligna

1850 3744 1905 3791 et
1931 3733 2136 3804 lapides
2166 3731 2258 3801 qui
2300 3727 2503 3784 residui
2552 3725 2802 3782 incendio
2848 3722 3075 3784 fuerint,
3106 3720 3163 3775 in
3188 3717 3427 3774 medium

1851 3838 2002 3880 mare
2026 3819 2395 3892 proiiciantur.
2422 3818 2491 3873 Et
2514 3815 2600 3871 vel
2640 3811 3133 3869 Nabuchodonosor
3178 3805 3265 3860 vel
3307 3805 3424 3875 ipse

181 3934 377 3992 vertat,
404 3933 464 3980 ut
490 3926 544 3980 in
574 3894 852 3995 pulverem
877 3922 1211 3992 redigantur.
1258 3894 1496 3992 Sagenas
1541 3932 1755 3988 quoque
1850 3913 2110 3968 Dominus
2138 3910 2416 3980 quiescere
2445 3906 2607 3960 faciat
2641 3903 2951 3958 universam
2980 3897 3132 3975 urbis
3158 3894 3425 3958 lattitiam,

182 4024 241 4073 et
253 3982 386 4070 retia
405 3982 600 4085 quibus
619 4012 770 4084 prius
784 3982 1061 4080 deceptam
1073 3982 1462 4064 multitudinem
1475 3982 1757 4079 piscaban-
1853 4019 1957 4075 qua
1982 4003 2136 4073 prius
2163 4002 2216 4055 in
2248 3998 2478 4055 canticis
2498 4004 2552 4051 et
2572 3991 2845 4065 psalteriis
2886 3988 3229 4061 personabat.
3273 3985 3340 4038 Et
3358 3982 3429 4036 ad

182 4114 298 4171 tur,
331 4116 544 4159 cessare
589 4101 773 4166 faciat,
792 4107 848 4156 et
875 4100 932 4155 in
956 4099 1182 4154 desertae
1205 4097 1356 4152 urbis
1384 4073 1498 4152 solo
1524 4095 1756 4165 expandi
1855 4073 2027 4150 solum
2057 4105 2228 4160 usque
2253 4091 2508 4145 subversa
2538 4085 2610 4140 sit
2639 4084 2860 4139 siccatio
2908 4092 3249 4150 sagenarum.
3274 4073 3428 4140 Quod

179 4205 352 4265 atque
397 4194 589 4250 siccari
639 4200 701 4249 ut
742 4207 843 4263 pro
869 4191 975 4246 illis
1021 4190 1112 4244 alii
1161 4190 1389 4243 subeant
1431 4187 1753 4257 piscatores,
1855 4193 2035 4240 autem
2078 4182 2344 4252 sequitur,
2387 4196 2406 4229 ι
2453 4192 2553 4232 nec
2601 4172 2954 4230 aedilicaberis
3001 4170 3173 4233 ultra,
3216 4187 3236 4219 ι
3274 4165 3427 4221 vide-

179 4255 327 4356 quos
380 4284 636 4340 Dominus
668 4255 1080 4352 ad-piscandum
1134 4278 1299 4333 misit.
1358 4255 1466 4332 Sed
1517 4284 1573 4332 et
1619 4275 1756 4330 filias
1858 4285 1946 4333 tur
1986 4277 2166 4329 facere
2193 4269 2542 4342 quaestionem
2571 4263 2839 4336 quomodo
2881 4277 2988 4316 non
3032 4260 3103 4315 sit
3142 4255 3426 4340 aedificata.

176 4348 306 4448 ejus
330 4392 449 4447 quae
470 4378 621 4448 prius
647 4348 801 4446 quasi
836 4374 889 4428 in
929 4371 1163 4427 thalamo
1185 4369 1552 4433 servabantur,
1577 4375 1633 4423 et
1659 4380 1757 4436 pro
1856 4379 2019 4437 quam
2078 4362 2240 4418 hodie
2283 4359 2556 4415 cernimus
2593 4353 2870 4410 Phoenicis
2933 4348 3323 4407 nobilissimam
3374 4353 3433 4402 et

177 4465 433 4536 mysticis
461 4462 947 4530 secretioribusque
970 4458 1260 4524 doctrinis,
1289 4456 1421 4512 nulli
1445 4455 1604 4511 facile
1635 4469 1754 4511 cre-s

178 4556 452 4613 debantur
475 4568 823 4625 processuras
850 4551 1348 4623 protrahendasque
1376 4549 1429 4603 in
1456 4548 1750 4619 publicum,

178 4657 241 4704 et
267 4646 632 4704 ecclesiastico
654 4660 912 4700 mucrone
940 4643 1287 4706 truncandas,
1315 4649 1375 4695 ut
1399 4650 1527 4695 tunc
1558 4638 1755 4694 intellio

179 4749 318 4812 gant
343 4739 485 4811 quod
520 4741 633 4809 ipse
677 4737 748 4793 sit
788 4735 1064 4798 Dominus,
1090 4734 1183 4803 qui
1214 4741 1268 4787 et
1296 4731 1632 4786 Hierusalem
1655 4745 1757 4799 pro

178 4833 424 4904 peccatis
451 4843 739 4901 parumper
769 4827 1005 4896 reliquit,
1037 4832 1094 4880 et
1120 4823 1248 4895 Tyri
1278 4838 1375 4893 pro
1412 4822 1757 4877 insultatione

181 4923 233 4993 ej
243 4939 306 4978 us
324 4931 379 4978 et
403 4923 598 4994 gaudio
618 4921 948 4976 munimenta
974 4915 1258 4972 destruxit.

265 5031 285 5063 ι
314 5011 449 5080 Quia
469 5011 585 5066 haac
608 5009 739 5066 dicit
759 5007 1017 5063 Dominus
1034 5006 1201 5060 Deus:
1220 5004 1359 5059 Ecce
1379 5018 1477 5073 ego
1498 5003 1755 5059 adducam

191 5121 215 5156 ι
260 5103 326 5157 ad
365 5101 568 5173 Tyrum
617 5099 1106 5155 Nabuchodonosor
1148 5112 1328 5170 regem
1366 5096 1651 5168 Babylonis
1690 5097 1759 5153 ab

192 5215 213 5248 ι
264 5195 533 5265 aquilone,
560 5207 741 5262 regem
785 5205 972 5262 regum
996 5204 1117 5244 cum
1150 5186 1304 5258 cquis
1332 5194 1386 5241 et
1412 5185 1660 5241 curribus
1705 5194 1760 5241 et

194 5304 218 5338 ο
263 5285 549 5356 equitibus,
563 5292 617 5338 et
629 5290 769 5338 cmtu
792 5281 1094 5352 populoque
1116 5293 1331 5346 magno,
1348 5276 1486 5331 ﬁlias
1498 5286 1618 5331 tuas
1641 5290 1760 5346 qua:

191 5396 218 5432 ι
263 5385 390 5433 sunt
414 5377 466 5431 in
492 5391 642 5447 agro,
666 5374 842 5446 gladio
865 5371 1165 5427 interficiet.
1204 5370 1273 5423 Et
1308 5367 1664 5424 circumdabit
1706 5374 1758 5423 te

194 5484 220 5520 ι
267 5467 672 5532 munitionibus,
703 5473 759 5520 et
778 5461 1136 5533 comportabit
1161 5475 1408 5531 aggerem
1437 5459 1490 5513 in
1512 5472 1666 5529 gyro.
1693 5457 1761 5513 Et

195 5578 220 5612 ι
264 5558 460 5614 levabit
504 5564 693 5613 contra
738 5564 791 5611 te
818 5553 1166 5625 clypeum,.et
1213 5551 1429 5605 lanceas
1471 5558 1527 5604 et
1564 5551 1760 5605 arietes

194 5666 219 5702 ι
266 5647 584 5719 temperabit
604 5647 656 5701 in
686 5660 871 5700 muros
892 5652 1040 5708 tuos,
1073 5649 1128 5696 et
1153 5649 1329 5695 turres
1370 5648 1491 5694 tuas
1518 5640 1760 5694 destruet

199 5760 221 5794 σ
265 5740 316 5796 ἰη
345 5750 615 5797 armatura
640 5754 757 5794 sua.
803 5736 1161 5794 lnundatione
1195 5747 1453 5804 equorum
1479 5730 1758 5801 ejusopc-

1856 4436 2271 4528 pulcherrimam
2311 4449 2617 4513 civitatem;
2650 4461 2718 4501 ex
2763 4460 2870 4515 quo
2898 4443 3114 4514 quidam
3161 4439 3350 4495 volunt
3372 4436 3430 4492 in

1776 4514 1830 4573 D
1856 4514 2045 4603 ultimo
2093 4554 2335 4613 tempore
2379 4542 2495 4595 haec
2546 4537 2748 4608 Tyrum
2788 4514 2918 4592 esse
2966 4546 3268 4604 passuram,
3309 4542 3430 4598 quae

1855 4646 2041 4710 postea
2084 4651 2190 4690 non
2216 4633 2289 4687 sit
2314 4630 2648 4685 aediﬁcanda.
2679 4625 2783 4680 Sed
2827 4624 3096 4693 quomodo
3146 4619 3433 4710 Nabucho-

1856 4709 2090 4784 donosor
2111 4736 2395 4793 personam
2424 4732 2642 4774 servare
2668 4722 2946 4785 poterunt,
2978 4709 3278 4781 praesertim
3307 4722 3449 4763 cum-

1855 4824 2099 4893 legamus
2128 4819 2181 4872 in
2219 4811 2675 4882 consequentibus
2721 4805 3212 4861 Nabuchodonosor
3258 4813 3428 4869 oppu-

1857 4922 2052 4983 gnasse
2081 4906 2305 4978 Tyrum,
2331 4910 2387 4959 et
2416 4901 2617 4956 laboris
2664 4899 2745 4955 sui
2801 4912 2908 4952 non
2958 4894 3230 4964 accepisse
3283 4903 3428 4946 mer-

1860 4980 2067 5060 cedem.
2109 5004 2165 5053 et
2193 5000 2479 5066 propterea
2524 4989 2659 5046 tradi
2701 4989 2751 5044 ei
2786 4986 3097 5059 Egyptum,
3153 4982 3280 5052 quia
3331 4980 3428 5054 Dei

1858 5087 2218 5151 sententiain
2240 5084 2386 5156 Tyro
2408 5081 2803 5152 oppugnatione
2823 5075 3101 5133 servierit?
3130 5073 3348 5129 Graecas
3372 5079 3430 5126 et

1860 5181 2175 5239 Phoenicum
2214 5173 2555 5241 maximeque
2584 5166 2785 5223 Nicolai
2818 5162 3155 5227 Damasceui,
3196 5168 3252 5217 et
3293 5159 3428 5215 alias

1858 5275 2215 5331 barbarorum
2245 5266 2399 5322 aiunt
2435 5278 2496 5319 se
2520 5261 2613 5331 qui
2643 5260 2748 5314 huc
2772 5254 3011 5311 historia:
3053 5249 3427 5307 contradicunt

1858 5364 2056 5433 legisse
2119 5356 2416 5418 historias,
2466 5358 2522 5405 et
2574 5346 2703 5403 nihil
2762 5332 2924 5414 super
2968 5338 3362 5433 oppugnatione
3395 5351 3428 5392 a

1858 5427 2121 5511 Chaldaeis
2166 5445 2438 5507 invenisse
2486 5440 2661 5510 Tyriae
2710 5435 2974 5499 civitatis;
3028 5446 3155 5488 cum
3200 5427 3471 5507 probare,

1858 5522 2124 5617 possimus
2142 5540 2307 5597 multa
2334 5538 2440 5595 dici
2469 5536 2524 5590 in
2549 5531 2845 5604 Scripturis
2870 5529 3167 5598 faeta,qute
3198 5526 3254 5581 in
3281 5522 3449 5580 σιω-τ

1859 5637 1938 5693 cis
1976 5632 2336 5690 voluminibus
2385 5644 2492 5684 non
2540 5624 2898 5680 inveniantdr.
2961 5619 3073 5676 Nec
3104 5618 3303 5674 debere
3332 5626 3432 5668 nos

1861 5743 2044 5787 eorum
2097 5720 2403 5780 auctoritati
2450 5717 2820 5789 acquiescere,
2868 5726 3098 5784 quorum
3148 5705 3460 5780 perfidiam,
