3916 6356
501 305 609 362 763

1163 307 1226 363 B.
1265 299 1518 362 RABANI
1555 300 1776 359 MAURI
1806 297 2124 355 ARCHIEP.
2165 296 2472 355 HOGUNT.
2512 294 2799 354 OPERUI
2835 294 3014 352 PARS
3048 295 3113 351 II.

3654 285 3755 345 πει

496 423 612 478 sive
652 424 937 479 Idumaeam
985 422 1142 492 juxta
1192 418 1332 474 iram
1378 424 1436 473 et
1484 414 1720 469 furorem
1758 427 1971 477 meum,
2002 419 2065 466 ut
2088 412 2138 473 Α
2165 409 2488 475 Etsmviunt,
2503 418 2560 464 et
2578 417 2691 464 toto
2711 407 3176 465 animoinsultant
3194 408 3753 465 inimicitiarumcm-

496 526 671 567 meam
700 511 952 580 expleant
977 508 1417 581 indignationem.
1447 504 1514 558 Et
1538 517 1635 572 per
1666 515 1856 556 manus
1887 498 2067 570 populi

495 602 602 657 mei
642 600 808 657 Israel
836 600 1109 655 mimicam
1148 604 1361 667 gentem
1404 609 1523 649 mea
1567 593 1648 648 ira
1690 591 1974 656 deszeviat,
2013 599 2070 646 et

494 692 794 762 intelligant
831 698 1019 747 contra
1048 690 1294 758 iniquam
1320 685 1577 740 ultionem
1614 682 1857 738 Idumam:
1892 694 2067 736 meam

488 784 685 853 justam
717 785 885 840 fuisse
932 783 1245 845 vindictam,
1273 779 1407 834 dicit
1428 776 1635 832 Adonai
1662 775 1938 833 Dominus.
1968 770 2069 827 Se-

492 875 725 930 cundum
763 872 1113 943 tropologiam
1138 868 1229 925 hic
1256 868 1388 923 mihi
1418 880 1611 926 sensus
1658 864 1869 919 videtur
1894 879 1910 917 :
1937 861 2063 916 Idu-

490 978 623 1018 maea
672 971 885 1019 terrena
938 960 1253 1030 appellatur,
1281 967 1338 1013 et
1374 970 1572 1013 carnea
1620 968 1742 1023 quae
1788 950 2066 1021 consurgit

492 1060 682 1107 contra
734 1053 1008 1121 spiritum,
1031 1058 1222 1104 utnon
1269 1047 1535 1103 faciamus
1578 1060 1641 1100 ea
1684 1057 1804 1113 quae
1839 1043 2068 1113 spiritus

490 1152 636 1207 sunt,
661 1152 715 1197 et
727 1144 962 1201 animam
988 1144 1040 1197 in
1058 1138 1351 1196 meditullio
1370 1138 1600 1207 positam
1613 1135 1682 1191 ad
1710 1150 1769 1190 se
1783 1133 2064 1189 retrahere

490 1235 733 1300 festinat,
757 1236 975 1304 vultque
1013 1234 1241 1289 ultiones
1269 1230 1491 1287 reddere
1528 1228 1726 1300 quibus
1755 1226 1906 1298 prius
1936 1225 2065 1280 sub-

490 1324 602 1383 dita
627 1322 806 1377 fuerat
834 1322 958 1384 filiis
975 1321 1115 1378 Iuda
1133 1362 1148 1387 ,
1176 1329 1233 1379 et
1255 1320 1570 1376 recordatur
1596 1317 1800 1373 doloris
1829 1315 2058 1385 antiqui,

489 1412 632 1481 quod
654 1428 758 1468 non
780 1412 1007 1483 propria:
1031 1411 1196 1468 fuerit
1213 1410 1513 1480 potestatis.
1540 1409 1606 1464 Et
1628 1409 1747 1464 ideo
1770 1407 2059 1462 vindictam

488 1505 696 1573 expetit
720 1506 788 1561 de
812 1506 892 1560 eis
910 1536 928 1568 -,
957 1505 1048 1574 qui
1077 1504 1387 1559 recedentes
1422 1518 1453 1557 a
1488 1516 1654 1558 carne
1697 1500 1944 1570 spiritum
1980 1513 2061 1554 se-

488 1594 810 1662 quebantur.
863 1595 1153 1671 PrOpterea
1205 1594 1319 1664 ipse
1347 1593 1606 1648 Dominus
1638 1591 1869 1646 filiorum
1920 1587 2058 1644 Inda

2169 506 2249 552 tra
2277 497 2441 553 Israel
2474 504 2714 553 veterum
2760 496 3123 562 recordantes,
3146 497 3343 567 quibus
3367 512 3401 551 a
3423 496 3530 553 Dei
3560 496 3753 567 populo

2166 588 2326 643 divisi
2372 595 2524 644 sunt.
2568 586 2809 656 Cumque
2840 586 3099 643 Dominus
3121 586 3311 642 dicat:
3344 607 3365 639 ε
3414 587 3556 642 Mihi
3581 587 3752 641 vindi-

2165 685 2331 743 ctam,
2368 691 2469 747 ego
2510 676 2828 742 retribuam,
2853 676 2986 731 dicit
3014 676 3291 743 Dominus,
3327 695 3349 729 ι
3384 676 3495 746 ipsi
3529 690 3599 731 se
3626 675 3751 731 alci-

2164 776 2390 824 scuntur
2438 766 2823 823 interficientes
2869 775 2928 820 et
2975 765 3260 837 implentes
3295 765 3535 835 antiqua
3592 765 3745 820 odia:

2162 866 2379 930 propter
2401 872 2521 929 quas
2547 864 2821 913 extentam
2847 871 3009 927 super
3027 871 3089 912 se
3115 872 3335 912 manum
3373 855 3609 910 Domini
3638 871 3746 910 seo-

2161 949 2319 1014 tient,
2342 947 2435 1018 qui
2458 946 2742 1003 interficiet
2767 945 3171 1002 interfectores.
3208 945 3318 1001 Pro
3359 960 3491 1016 quo.
3529 944 3746 1014 Septua-

2160 1037 2308 1109 ginta
2334 1035 2516 1093 nescio
2557 1034 2686 1106 quid
2738 1034 2999 1099 volentes,
3034 1052 3055 1086 ι
3099 1033 3393 1090 Cretenses
3430 1051 3451 1084 ι
3488 1033 3745 1102 interpre-

2160 1130 2259 1185 tati
2279 1136 2425 1194 sunt,
2446 1142 2569 1183 cum
2586 1137 2644 1184 et
2662 1126 2854 1196 Aquila
2888 1135 2945 1182 et
2971 1125 3330 1199 Symmachus
3360 1134 3424 1182 et
3449 1125 3742 1181 ’Πιωύαῶ

2159 1216 2333 1288 ipsum
2357 1217 2579 1273 verbum
2605 1215 2946 1282 Hebraicum,
2979 1215 3397 1283 chorethim,vel
3427 1214 3740 1270 interfem-

2158 1326 2248 1366 res
2274 1311 2358 1366 vel
2387 1310 2812 1367 interfectionem
2858 1311 3276 1376 verterint,.non
3304 1311 3495 1366 solum
3530 1311 3593 1365 in
3620 1324 3739 1379 pre-

2157 1404 2296 1460 senti
2323 1404 2461 1470 loco,
2489 1404 2584 1461 sed
2619 1403 2784 1461 etiam
2808 1403 2874 1459 in
2891 1402 3164 1473 Sophonia
3181 1443 3197 1470 ,
3223 1404 3317 1459 ubi
3342 1413 3554 1459 contra
3588 1402 3738 1457 Pala-

2156 1495 2329 1556 stinos
2351 1495 2453 1550 ista
2489 1494 2741 1549 dicuntur
2770 1490 2953 1564 (Soph.
2983 1493 3086 1564 n):
3124 1512 3144 1545 ‹
3182 1493 3331 1549 Gaza
3366 1493 3600 1562 direpta
3630 1494 3735 1557 ait,

2155 1593 2211 1641 et
2233 1584 2483 1650 Ascalon,
2516 1584 2572 1639 in
2609 1584 2985 1657 perditionem,
3024 1592 3081 1638 et
3131 1583 3337 1640 Azotns
3385 1592 3451 1639 et
3498 1585 3732 1639 Accam

487 1686 631 1749 ultor
658 1686 918 1750 existens,
945 1687 1183 1741 extendit
1216 1701 1431 1740 manum
1458 1698 1620 1754 super
1660 1683 1981 1748 ldummam,
2002 1688 2059 1735 et
2158 1675 2598 1730 eradicabuntur.
2662 1674 2754 1729 Va:
2807 1673 3200 1729 habitatoribus
3230 1672 3500 1728 -funiculi
3553 1675 3724 1737 mark,

485 1774 663 1828 aufert
694 1775 762 1830 de
796 1792 859 1829 ea
890 1776 1160 1831 hominem
1200 1784 1255 1830 et
1290 1773 1611 1843 jumentum.
1662 1772 1929 1843 Quidquid
1970 1772 2057 1828 vel

2161 1763 2356 1820 accola:
2380 1763 2684 1820 Cretarum.
2716 1762 2953 1818 Verbum
2990 1762 3199 1817 Domini
3249 1777 3426 1833 super
3473 1778 3581 1818 vos
3615 1763 3733 1819 Cha-

485 1865 711 1919 rationis
770 1866 983 1919 videtur
1014 1865 1233 1930 habere,
1264 1864 1347 1919 vel
1388 1864 1643 1934 simplicis
1670 1862 1817 1928 fidei,
1856 1871 1915 1916 ut
1937 1877 2059 1917 eam

484 1954 694 2023 redigat
720 1955 773 2008 in
815 1955 1178 2020 solitudinem,
1205 1961 1261 2009 et
1285 1954 1350 2009 de
1383 1953 1622 2008 Theman
1652 1969 1771 2023 qua:
1796 1953 2059 2021 interpre-

483 2051 632 2101 tatur
680 2043 953 2111 deficiens,
1008 2053 1064 2100 et
1099 2044 1300 2107 Dedan,
1354 2059 1475 2114 qua:
1504 2051 1559 2098 et
1614 2042 1728 2113 ipsa
1774 2041 2056 2112 cognatio-

482 2149 608 2190 nem
646 2144 823 2201 sonat,
851 2152 1043 2192 omnes
1081 2137 1259 2209 gladio
1286 2135 1558 2191 interficit.
1594 2136 1763 2203 Quem
1796 2135 1979 2204 posuit
2001 2134 2057 2189 in

482 2240 648 2318 manu
668 2226 846 2297 populi
869 2228 952 2282 sui
975 2226 1155 2293 Israel,
1177 2234 1238 2280 ut
1260 2227 1607 2282 subvertatur
1628 2226 1815 2289 Edom,
1844 2233 1901 2279 et
1922 2224 2073 2281 iram,

480 2315 684 2371 sentiat
735 2317 945 2371 Domini
992 2333 1056 2373 ac
1082 2316 1351 2381 furorem,
1382 2326 1439 2369 et
1468 2315 1729 2385 intelligat
1766 2315 2054 2368 vindictam

478 2401 599 2475 ejtut
629 2404 697 2473 ad
725 2404 827 2459 hoc
856 2404 1174 2474 profecisse,
1197 2412 1256 2458 ut
1291 2404 1493 2458 serviat
1520 2403 1701 2458 domui
1744 2401 1915 2457 Iudae.
1942 2402 2057 2457 Hoc

478 2502 561 2567 est
617 2493 746 2549 illud
786 2495 853 2550 de
889 2510 998 2565 quo
1035 2502 1091 2550 et
1127 2493 1414 2564 Apostolus
1473 2493 1709 2563 disputat
1766 2492 2009 2548 scribens
2037 2510 2071 2559 :_

481 2603 504 2637 ι
547 2584 714 2641 Iacob
753 2586 934 2652 dilexi,
967 2586 1112 2641 Esau
1138 2594 1316 2641 autem
1344 2587 1467 2641 odio
1502 2585 1666 2641 habui
1694 2584 1870 2655 (Rom.
1895 2585 1993 2656 ix).
2029 2603 2048 2636 ι

481 2674 662 2744 Diligit
705 2684 887 2730 autem
928 2674 1118 2743 Iacob,
1147 2678 1274 2747 quia
1301 2693 1559 2733 carneum
1589 2687 1749 2748 atque
1778 2686 2053 2732 terrenum

480 2763 788 2834 supplantat
808 2774 865 2820 et
892 2773 1110 2835 superat
1126 2806 1142 2832 ,
1184 2774 1241 2821 et
1267 2766 1673 2833 Mnedictiones
1702 2766 1844 2821 illius
1870 2780 2051 2821 mere-

481 2859 571 2907 tur
595 2854 863 2925 accipere.
897 2855 1136 2910 Primum
1164 2856 1308 2911 enim
1333 2854 1487 2924 juxta
1512 2872 1758 2921 carnem,
1783 2864 1838 2910 et
1867 2863 2069 2926 postea,

481 2952 626 3010 quta
670 2943 919 3014 Spiritum
954 2945 1206 3001 vivimus.
1248 2945 1390 3002 Ante
1417 2946 1569 3012 vitia,
1604 2944 1793 3000 deinde
1826 2945 2055 3000 virtutes

478 3035 673 3106 quibus
699 3036 829 3091 vitia
863 3038 1214 3093 subruuntur.
1245 3036 1379 3104 Quia
1409 3036 1714 3107 appositum
1758 3050 1854 3089 cor
1879 3033 2053 3088 homi-

480 3128 566 3183 nis
590 3128 659 3184 ad
704 3110 1027 3183 malitiam-a
1056 3128 1305 3198 pueritia,
1332 3096 1654 3196 erroresque
1679 3123 2053 3181 adolescentia:
2080 3096 2125 3159 Ο

480 3225 606 3287 actas
632 3228 847 3287 matura
875 3220 1216 3276 condemnat.
1261 3220 1413 3275 Unde
1462 3228 1519 3273 et
1548 3218 1712 3272 David
1741 3235 1754 3270 :
1790 3237 1808 3267 ι
1831 3216 2050 3280 Delicta,

479 3308 686 3377 inquit,
710 3308 1009 3378 iuventutis
1034 3318 1090 3365 et
1129 3311 1461 3382 ignorantias
1490 3324 1639 3364 meas
1684 3323 1753 3363 ne
1794 3308 2054 3363 memine—

480 3398 557 3452 ris
579 3396 753 3473 (Ρραι.
788 3400 958 3472 xxiv).
1004 3420 1022 3451 ι
1063 3401 1129 3455 Ει
1175 3408 1350 3454 tamen
1396 3400 1694 3471 sciendum,
1719 3399 1859 3469 quod
1885 3398 2054 3453 Iacob

480 3486 710 3555 primam
756 3490 966 3559 accepit
990 3489 1443 3555 benedictionem,
1471 3489 1609 3544 Esau
1634 3490 1925 3543 secundam
1955 3507 1969 3542 :
2000 3497 2056 3544 et

479 3577 548 3631 ad
577 3585 879 3647 extremum
905 3578 1102 3634 dicitur
1126 3580 1193 3633 de
1217 3594 1283 3635 eo
1312 3597 1325 3632 ε
1362 3598 1380 3629 ε
1412 3579 1613 3634 Servus
1636 3580 1743 3633 eris
1771 3577 1956 3633 fratris
1979 3579 2053 3633 tui

479 3668 631 3740 (Gen.
667 3672 873 3746 xxvn),
911 3692 929 3723 ι
961 3680 1016 3726 et
1056 3680 1340 3742 postquam
1390 3671 1601 3741 Spiritui
1642 3686 1768 3725 caro
1814 3670 2053 3739 subjecta

479 3758 664 3827 fuerit,
705 3760 890 3831 illique
915 3763 1198 3832 conjuncta
1217 3802 1231 3827 ,
1264 3776 1391 3841 caro
1417 3777 1537 3817 esse
1567 3761 1811 3827 desistat,
1842 3768 1897 3815 et
1935 3760 2056 3814 Idu-

481 3868 615 3909 mtea
639 3840 877 3908 transeat
905 3856 957 3909 in
977 3853 1236 3909 Iudaeam.
1322 3840 1325 3841 ⁷
1642 3870 1649 3875 ·

555 3964 575 3995 ‹
622 3942 746 3999 Haec
773 3945 903 4000 dicit
930 3946 1185 4001 Dominus
1209 3946 1349 4003 Deus
1376 3965 1389 4000 :
1418 3947 1524 4001 Pro
1550 3961 1613 4001 eo
1637 3944 1782 4015 quod
1812 3943 2055 3998 fecerunt

486 4052 507 4086 ι
549 4033 822 4090 Palaestini
853 4035 1167 4103 vindictam,
1196 4045 1250 4092 et
1291 4036 1389 4092 ulti
1422 4053 1481 4093 se
1527 4044 1654 4091 sunt
1707 4042 1819 4090 toto
1875 4033 2056 4088 animo

485 4144 507 4179 ι
552 4126 939 4184 interficientes
996 4137 1052 4184 et
1108 4129 1393 4202 implentes
1462 4129 1771 4185 inimicitias
1825 4134 2054 4182 veteres.

488 4237 507 4270 ι
549 4217 841 4288 Propterea
888 4221 1003 4275 haec
1057 4220 1187 4275 dicit
1231 4221 1490 4276 Dominus
1540 4220 1685 4275 Deus
1724 4238 1737 4274 :
1774 4220 1913 4275 Ecce
1957 4233 2057 4290 ego

487 4326 511 4375 ς
550 4310 841 4363 extendam
871 4324 1089 4363 manum
1123 4324 1302 4364 meam
1341 4326 1502 4380 super
1528 4310 1858 4375 Palaestinos,
1889 4317 1944 4364 et
1971 4309 2056 4362 in-

2158 1870 2297 1910 naan
2326 1863 2471 1910 terra
2505 1854 2959 1924 alienigenarum.
2989 1853 3055 1910 Et
3078 1854 3394 1923 disperdam
3430 1869 3540 1909 vos
3566 1869 3635 1909 ex
3656 1855 3735 1908 ha-

2155 1947 2437 2003 bitatione.
2488 1946 2558 2001 Et
2598 1952 2707 2000 erit
2735 1944 2894 2000 Creta
2941 1945 2997 2000 in
3041 1943 3299 2015 pabulum
3346 1952 3733 2014 pastorumet

2156 2039 2315 2096 cubili
2352 2038 2555 2095 ovium.
2586 2057 2617 2089 ι,
2638 2038 2705 2095 Et
2736 2037 2824 2093 hic
2850 2037 2995 2092 enim
3033 2051 3158 2091 cum
3213 2034 3593 2105 Septuaginta
3621 2033 3729 2091 Cn-

2155 2140 2264 2186 tam
2312 2128 2597 2193 verterint,
2640 2127 2823 2183 cancri
2880 2126 3235 2182 translatores
3286 2127 3520 2201 ιάῤῥω,
3565 2126 3620 2180 id
3645 2134 3731 2193 et,

2156 2220 2586 2287 interfectionem
2609 2219 2693 2274 vel
2717 2219 3072 2289 perditionem
3114 2218 3473 2287 interpretati
3495 2227 3643 2283 sunt,
3674 2218 3729 2273 de

2155 2327 2262 2383 quo
2318 2312 2369 2366 in
2415 2311 2738 2382 supradicto
2761 2312 3057 2381 pr0pbeta,
3103 2310 3214 2365 Deo
3256 2317 3573 2380 praestante
3610 2308 3727 2380 quid

2155 2404 2309 2461 nobis
2336 2404 2511 2460 visum
2541 2410 2626 2459 est
2652 2403 2908 2459 diximus.
2939 2402 3092 2460 Unde
3127 2412 3184 2458 et
3208 2404 3454 2458 duarum
3480 2403 3725 2475 legi“

2156 2494 2346 2560 David,
2378 2508 2609 2565 quarum
2649 2508 2755 2549 una
2776 2492 3143 2564 appellabatur
3166 2492 3458 2558 Phelethi,
3476 2503 3537 2547 et
3581 2494 3723 2548 altus

2154 2583 2368 2655 Cerethi
2387 2624 2402 2650 ,
2434 2584 2633 2639 ultima
2656 2585 2726 2640 ab
2761 2600 2827 2640 eo
2878 2585 3021 2655 q'uod
3046 2585 3453 2650 interﬁcerent,
3474 2593 3637 2656 atque
3650 2584 3724 2654 ᾕ-

2153 2675 2421 2747 gularent,
2451 2674 2734 2742 Chorctim,
2780 2677 2883 2731 hoc
2926 2685 3011 2732 est
3062 2676 3489 2732 interfectorum
3540 2693 3719 2732 nomen

2154 2766 2383 2835 accepit.
2433 2765 2725 2836 Perditque
2770 2765 3030 2822 Dominus
3076 2782 3277 2824 omnes
3317 2768 3591 2838 reliquias
3629 2784 3725 2823 na-

2155 2856 2350 2917 ritimm
2404 2856 2662 2928 regionis,
2710 2871 2831 2927 quae.
2881 2857 3039 2912 salsis
3088 2858 3334 2912 tunditur
3376 2858 3636 2915 fluctibus
3678 2870 3733 2915 et

2155 2934 2421 3006 vindictas
2450 2965 2556 3005 non
2584 2964 2801 3019 parvas,
2827 2950 2923 3005 sed
2951 2964 3171 3020 magnas
3199 2949 3367 3005 faciet
3422 2951 3481 3005 in
3524 2950 3727 3013 furem.

2156 3050 2217 3095 ut
2241 3041 2393 3096 furor
2425 3039 2542 3110 ejus
2571 3041 2733 3096 finem
2782 3041 2981 3096 habeat
3024 3041 3439 3096 misericordia.
3474 3042 3541 3096 Et
3590 3050 3727 3109 post—

2155 3150 2318 3204 quam
2348 3133 2579 3189 ultiones
2607 3133 2795 3190 fecerit
2821 3148 3053 3205 arguens
3081 3149 3227 3201 cum.
3244 3132 3463 3198 furore,
3490 3142 3611 3188 tunc
3632 3148 3730 3189 αι·-

2153 3235 2412 3298 gnoscant
2431 3227 2705 3283 Palaestini
2731 3227 2874 3297 quod
2899 3227 3013 3297 ipse
3036 3227 3109 3282 sit
3131 3227 3413 3283 Dominus.

2708 3340 2938 3397 CAPUT
2970 3340 3158 3395 XXVI.

2156 3430 2325 3500 Tyrus
2354 3430 2479 3500 quia
2518 3429 2798 3485 exsultauit
2848 3444 3003 3500 super
3030 3432 3373 3500 contriliones
3414 3429 3731 3491 Jerusalem,

2289 3498 2607 3569 prirdicatur
2628 3498 2941 3555 destruenda
2962 3516 3053 3570 per
3075 3498 3591 3555 Nabuchodonosor.

2226 3607 2247 3640 ι
2291 3590 2358 3643 Et
2382 3588 2582 3644 factum
2604 3598 2689 3646 est
2716 3590 2769 3643 in
2800 3589 3082 3645 undecimo
3103 3604 3265 3653 anno,
3297 3589 3477 3659 prima
3516 3588 3733 3650 mensis,

2158 3696 2191 3739 ι,
2224 3678 2398 3734 factus
2416 3688 2501 3734 est
2524 3693 2705 3735 sermo
2734 3678 2947 3735 Domini
2969 3678 3035 3733 ad
3064 3693 3166 3740 me,
3192 3677 3409 3735 dicens:
3433 3678 3539 3731 Fili
3566 3676 3732 3731 homi-

2159 3786 2178 3820 ο
2220 3769 2326 3832 nis,
2362 3785 2460 3839 pro
2487 3784 2554 3823 eo
2581 3769 2723 3838 quod
2749 3768 2885 3824 dixit
2904 3767 3079 3839 Tyrus
3102 3767 3171 3822 de
3209 3765 3538 3827 Ierusalem,
3582 3780 3730 3835 euge,

2158 3877 2177 3908 ε
2222 3858 2509 3914 confracta;
2535 3867 2662 3914 sunt
2691 3866 2862 3929 porta;
2886 3858 3226 3928 populorum,
3256 3871 3532 3912 conversa
3558 3866 3647 3911 (st
3672 3855 3737 3909 al

2159 3973 2177 4005 ι
2223 3968 2348 4007 me:
2380 3953 2674 4022 implebor:
2711 3953 2927 4012 deserta
2979 3960 3083 4018 est,
3110 3958 3396 4022 pmpterca
3451 3950 3573 4003 b:ee
3612 3948 3733 4002 dicit

2160 4061 2179 4095 ι
2229 4043 2489 4097 Dominus
2515 4043 2659 4098 Deus
2686 4059 2700 4097 :
2733 4042 2871 4097 Ecce
2894 4057 2996 4111 ego
3015 4056 3176 4111 super
3203 4049 3276 4103 te,
3289 4039 3462 4109 Tyre,
3486 4047 3542 4093 et
3559 4052 3738 4092 ascea-

2160 4152 2179 4184 ι
2222 4133 2349 4188 dere
2393 4132 2588 4189 faciam
2636 4132 2706 4187 ad
2746 4139 2798 4187 te
2841 4140 3027 4203 gentes
3069 4130 3284 4193 multas,
3326 4129 3738 4184 sicutascentit

2161 4242 2181 4275 ι
2225 4238 2374 4278 mare
2402 4221 2689 4288 fluctuans,
2716 4229 2771 4278 et
2793 4221 3133 4291 dissipabunt
3159 4236 3345 4276 muros
3376 4220 3536 4290 Tyri,
3568 4229 3628 4274 et
3656 4220 3718 4272 de

2161 4335 2180 4367 ‹
2221 4324 2434 4371 strucnt
2487 4323 2668 4371 turres
2695 4314 2831 4386 ejus.
2869 4314 2935 4368 Et
2981 4314 3167 4369 radam
3195 4311 3484 4383 pulverem
3536 4312 3658 4381 ejus
3681 4311 3741 4364 de

489 4418 515 4450 ι
548 4398 809 4465 terficiam
838 4398 1243 4465 interfectores,
1271 4407 1325 4454 et
1346 4401 1570 4470 perdam
1599 4399 1855 4469 reliquias
1892 4398 2057 4452 mari-
2083 4435 2133 4494 Β
2164 4426 2183 4457 ‹
2212 4422 2312 4472 .ea,
2338 4414 2393 4461 et
2428 4406 2567 4462 dabo
2594 4421 2716 4461 eam
2746 4407 2798 4460 in
2830 4405 3259 4476 Iimpidissimam
3287 4412 3535 4474 petram.
3562 4404 3739 4460 Sicca—

490 4509 509 4542 ι
554 4490 697 4545 timze
744 4489 1001 4561 regionis,
1032 4488 1333 4561 faciamque
1356 4490 1409 4545 in
1443 4491 1523 4545 eis
1548 4490 1778 4545 ultiones
1806 4504 2052 4560 magnas,

488 4600 508 4635 ‹
553 4598 783 4654 arguens
821 4583 876 4638 in
906 4582 1107 4638 furore.
1164 4583 1232 4637 Et
1280 4583 1454 4638 scient
1487 4582 1615 4652 quia
1644 4597 1744 4654 ego
1776 4582 2053 4645 Dominus,

487 4692 506 4726 ι
552 4689 676 4729 cum
705 4672 904 4729 dedero
955 4673 1246 4729 vindictam
1292 4690 1466 4729 meam
1514 4688 1676 4742 super
1709 4688 1822 4729 eos.
1871 4691 1890 4723 ι
1931 4672 2059 4728 Post

484 4765 625 4825 filios
649 4765 881 4820 Ammon
924 4764 1078 4819 Moab
1115 4774 1170 4819 et
1207 4764 1360 4830 Seir,
1397 4767 1490 4835 qni
1520 4765 1621 4836 ipsi
1650 4773 1778 4819 sunt
1818 4761 2057 4828 ldummi,

482 4863 536 4913 et
582 4872 680 4927 per
715 4855 855 4911 Loth
886 4864 942 4909 et
979 4855 1123 4909 Esau
1151 4856 1344 4926 populo
1393 4856 1580 4921 Israel,
1606 4865 1663 4911 et
1702 4855 1882 4911 domui
1910 4852 2062 4908 Iudae

483 4947 801 5017 cognatione
851 4945 1147 5002 sociantur.
1198 4945 1357 5000 Venit
1412 4947 1481 5001 ad
1538 4945 1825 5001 Philistiim
1850 4986 1868 5013 ,
1922 4960 2060 5015 quos

487 5038 835 5109 Septuaginta
849 5037 1202 5105 allophulous,
1226 5037 1277 5092 id
1296 5045 1397 5104 est,
1423 5038 1749 5110 alienigenas
1775 5038 2061 5094 transtule-

486 5136 651 5193 runt,
688 5144 795 5183 non
826 5127 1064 5198 generali
1120 5129 1338 5184 nomine
1385 5130 1623 5185 omnium
1648 5130 1915 5201 gentium,
1940 5143 2062 5197 qua:

487 5232 596 5271 non
648 5225 775 5272 sunt
822 5218 889 5272 de
928 5232 1124 5288 genere
1155 5218 1481 5284 Iudaeorum,
1508 5221 1599 5276 sed
1630 5220 1848 5288 speciali
1886 5218 2062 5290 gentis

484 5322 597 5363 suae
622 5321 743 5376 qua:
771 5323 914 5363 nunc
941 5309 1139 5364 dicitur
1174 5309 1460 5365 Palaestina
1490 5318 1694 5364 mutata
1737 5309 1835 5379 phe
1882 5310 2062 5364 littera

480 5398 637 5468 juxta
671 5397 984 5454 Graecorum
1011 5400 1453 5457 consuetudinem
1482 5400 1535 5454 in
1555 5421 1614 5464 π,
1631 5399 1772 5453 sicut
1795 5400 1937 5470 apud
1963 5414 2062 5455 nos

482 5503 582 5557 pro
627 5486 898 5544 IIebraico
950 5489 1108 5559 phase
1152 5489 1398 5547 Graecum
1461 5498 1516 5544 et
1550 5488 1799 5543 Latinum
1853 5488 2062 5545 Pascha

486 5575 813 5633 celebratur.
830 5576 1116 5634 Pbilistiim
1136 5580 1561 5650 interpretantur
1574 5577 1828 5633 cadentes
1845 5578 2060 5648 poculo,

484 5669 582 5739 qui
604 5678 661 5726 et
685 5669 787 5741 ipsi
815 5669 883 5727 de
910 5685 1073 5729 aureo
1103 5671 1394 5741 Babylonis
1434 5672 1603 5729 calice
1634 5669 1884 5727 inebriati
1915 5679 2058 5728 sunt.

2167 4514 2185 4548 ι
2230 4496 2305 4549 ιίο
2331 4509 2651 4566 sagenarum
2684 4494 2791 4549 erit
2839 4494 2894 4551 in
2934 4494 3112 4549 medio
3140 4493 3331 4558 maris,
3371 4494 3509 4564 quia
3530 4509 3643 4565 ego
3674 4494 3743 4546 Io-

2169 4603 2188 4636 c
2233 4592 2389 4640 cutus
2416 4599 2556 4650 sum,
2586 4585 2663 4639 ait
2683 4584 2943 4643 Dominus
2973 4584 3135 4648 Deus,
3168 4591 3224 4639 et
3266 4584 3376 4638 erit
3401 4582 3460 4637 in
3486 4584 3739 4654 direptio-

2170 4695 2189 4727 ι
2232 4691 2353 4731 nem
2383 4676 2649 4746 gentibus.
2672 4675 2822 4731 Filiae
2840 4688 3054 4745 quoque
3080 4673 3196 4743 ejus
3216 4688 3338 4744 qua:
3362 4674 3577 4729 suntin
3597 4688 3741 4744 agro.

2170 4785 2190 4819 ι
2231 4766 2408 4838 gladio
2443 4765 2850 4822 interficientur.
2899 4764 2968 4820 Et
3006 4764 3181 4819 scient
3230 4763 3360 4834 quia
3409 4777 3524 4834 ego
3572 4762 3743 4818 Dod-

2172 4877 2192 4909 ί
2236 4873 2355 4913 nus.
2397 4876 2417 4910 ι
2452 4856 2857 4928 Consequenter
2883 4857 3182 4928 prophetia:
3219 4856 3356 4911 ordo
3385 4857 3747 4913 contexitur:

2160 4945 2397 5002 Locutus
2422 4954 2543 5001 erat
2579 4954 2770 5001 contra
2790 4936 2935 5002 filios
2958 4947 3189 5001 Ammon
3225 4954 3283 5001 et
3313 4945 3486 5001 Moab
3522 4955 3580 5001 et
3602 4944 3744 5009 Scit.

2161 5038 2254 5108 qui
2281 5038 2380 5108 ipsi
2406 5045 2532 5092 sunt
2565 5036 2806 5102 Idumaai,
2839 5046 2893 5092 et
2916 5036 3202 5092 Pbilistiim
3231 5035 3324 5105 qui
3352 5044 3493 5090 sunt
3521 5037 3575 5089 in
3596 5034 3742 5088 Βιωρ

2161 5143 2242 5192 re,
2258 5136 2314 5183 et
2338 5128 2394 5182 in
2414 5127 2650 5184 funiculo
2674 5128 2842 5184 maris
2862 5130 3112 5185 eumdem
3134 5128 3362 5182 limitem
3386 5137 3596 5183 tenent.
3613 5124 3752 5179 Post

2101 5216 2112 5227 '
2163 5215 2478 5272 Palaestinos
2530 5216 2708 5282 enim,
2742 5217 2982 5273 succedit
3009 5216 3281 5273 Phoenicis
3340 5217 3503 5287 regio
3527 5257 3545 5283 ,
3594 5216 3755 5285 aliis

2165 5306 2479 5376 metropolis
2499 5315 2582 5362 est
2605 5306 2801 5362 civitas
2829 5306 3025 5378 Tyrus,
3046 5320 3167 5375 qua:
3192 5305 3508 5376 appellatur
3526 5305 3759 5360 Betim

2168 5397 2411 5471 Syroque
2459 5412 2709 5454 sermone
2751 5397 2871 5454 Sor.
2903 5398 2970 5453 Et
3017 5399 3143 5468 quia
3188 5398 3355 5453 etiam
3412 5399 3538 5467 ipsa
3564 5398 3763 5468 gavisa

2165 5497 2272 5554 est,
2311 5498 2367 5544 et
2396 5488 2677 5545 insultavit
2731 5504 2796 5544 ac
2822 5488 2977 5556 dixit,
3014 5507 3033 5539 ι
3075 5487 3386 5545 (ἰοηΐτπιω
3415 5496 3551 5544 sunt
3579 5498 3765 5558 ports

2164 5578 2512 5649 populorum;
2552 5597 2570 5629 ι
2606 5592 2707 5649 ego
2743 5586 2958 5648 portum
3000 5577 3330 5632 tutissimum
3387 5577 3592 5641 habeo,
3630 5577 3760 5632 illa—

2167 5685 2272 5741 que
2301 5671 2559 5728 subversa
2585 5669 2653 5724 ad
2689 5685 2777 5727 me
2810 5670 2987 5726 omnis
3027 5669 3311 5725 multitudo
3344 5684 3623 5725 conversa
3656 5686 3765 5742 εει,
