3916 6356
506 302 615 362 ’167

1136 310 1201 367 Β.
1241 308 1493 367 RABANI
1530 309 1747 366 MAURI
1784 308 2100 365 ARCHIEP.
2141 309 2447 367 MOGU'NT.
2487 311 2772 368 OPERUH
2810 311 2990 367 PARS
3026 312 3088 366 ll.

3660 314 3752 373 τοι

502 424 562 474 et
609 418 886 474 mendacia
928 420 1276 477 detestamur.
1330 423 1513 478 Potest
1538 437 1667 495 ergo
1691 424 1832 493 quod
1857 423 2074 489 dicitur,
2102 427 2153 486 Α
2185 441 2205 474 t
2241 424 2457 480 habitas
2478 424 2532 481 in
2561 426 2722 492 mari,
2758 426 2889 483 urbs
2922 426 3155 496 inclyta,
3183 442 3302 497 qua:
3327 426 3486 484 fuisti
3520 427 3682 486 fortis
3703 433 3751 490 ia

511 526 531 560 ο
552 523 651 563 nec
671 508 1024 566 azdillcaberis
1044 511 1206 578 ultra,
1220 532 1239 564 ι
1265 513 1343 567 sic
1364 512 1556 584 accipi,
1585 513 1726 581 quod
1740 528 2076 583 nequaquam

504 597 645 653 ultra
666 600 737 653 sit
765 601 949 671 regina
974 602 1311 673 populorum,
1341 618 1437 658 nec
1458 604 1733 672 proprium
1753 603 1948 658 habeat
1971 603 2074 657 im-

500 690 750 761 perium,
793 693 1061 761 quomodo
1094 694 1281 749 habuit
1315 695 1414 749 sub
1460 694 1627 748 lliran
1670 702 1724 753 et
1754 696 1961 753 caeteris
1987 711 2073 750 re-

505 780 681 851 gibus,
710 783 802 836 sed
849 783 933 838 vel
961 784 1243 852 Chaldieis,
1274 785 1357 841 vel
1406 786 1801 851 Macedonibus,
1835 787 1920 840 vel
1945 786 2074 842 Pto-

502 869 727 938 lomieis,
754 882 810 928 et
836 875 902 928 ad
927 885 1254 945 postremum
1281 878 1541 933 Romanis
1571 878 1783 948 regibus
1809 879 2072 934 servitura

500 963 593 1018 sit.
645 962 784 1019 Nulli
831 974 1011 1020 autem
1057 967 1364 1039 ambiguum
1398 966 1553 1036 juxta
1591 983 1866 1040 anagogen
1898 966 2075 1023 Nabu-

500 1053 842 1112 chodonosor
868 1072 1048 1126 regem
1082 1056 1371 1129 Babylonis
1407 1059 1498 1127 qui
1532 1059 1679 1115 venit
1706 1059 1774 1117 ab
1801 1058 2071 1128 aquilone,

500 1144 770 1200 diabolum
817 1147 1070 1219 intelligi;
1120 1149 1211 1221 qui
1259 1165 1382 1205 cum
1407 1150 1477 1204 sit
1513 1159 1706 1206 ventus
1731 1150 2070 1216 durissimus,

499 1248 557 1296 et
582 1240 800 1296 sinister
838 1242 1055 1297 nomine
1097 1242 1286 1301 dexter
1335 1250 1576 1308 vocatur,
1607 1258 1937 1314 priesumens
1969 1242 2073 1298 sibi

498 1331 733 1386 nominis
777 1332 1111 1404 dignitatem.
1149 1332 1217 1389 Et
1260 1342 1347 1388 est
1387 1348 1483 1389 rex
1519 1348 1706 1404 regum
1724 1334 2072 1402 omniumque

497 1434 787 1489 regnorum
810 1436 931 1491 qua:
963 1421 1195 1477 ostendit
1239 1423 1487 1490 Domino,
1514 1424 1756 1494 dixitque
1794 1423 1861 1477 ad
1903 1436 2066 1477 eum:

502 1526 523 1559 ι
551 1509 678 1565 Haec
721 1510 901 1565 omnia
939 1512 1072 1566 mihi
1122 1513 1315 1567 tradita
1357 1522 1520 1580 sunt,
1568 1529 1688 1584 qua:
1716 1512 1852 1569 dabo
1878 1511 1997 1578 tibi,
2024 1511 2070 1568 si

491 1597 780 1666 procidens
821 1601 1134 1658 adoraveris
1158 1618 1245 1658 me
1303 1603 1516 1673 (Manli.
1559 1602 1656 1675 ιν).
1688 1622 1708 1657 ι
1773 1602 1879 1659 Iste
1909 1604 2072 1661 habet

491 1701 659 1756 equos
699 1698 755 1744 et
785 1705 996 1759 currus,
1019 1692 1084 1747 de
1127 1693 1322 1763 quibus
1370 1693 1630 1764 scriptum
1673 1700 1758 1748 est
1788 1708 1803 1748 :
1838 1712 1857 1746 ι
1884 1694 2069 1750 Fallax

2184 533 2203 565 ς
2234 514 2372 571 mari
2413 529 2536 569 cum
2581 515 2972 571 habitatoribus
3013 516 3157 581 tuis,
3208 530 3345 586 quos
3389 515 3753 576 formidabat

2182 622 2202 657 ι
2238 605 2507 663 universi?
2529 605 2683 662 Nunc
2702 608 2991 677 stupebunt
3016 624 3184 663 naves
3209 609 3260 663 in
3291 610 3380 665 die
3405 612 3645 678 pavoris
3668 617 3748 679 tui,

2182 708 2202 745 t
2236 702 2290 748 et
2344 695 2700 752 turbabuntur
2754 695 2944 752 insula:
2987 698 3041 751 in
3097 699 3235 752 mari
3284 713 3352 752 eo
3389 700 3551 768 quod
3592 702 3750 757 nullas

2181 801 2200 835 ‹
2236 785 2543 858 egrediatur
2582 802 2646 841 ex
2691 795 2763 843 te.
2796 805 2817 839 ι
2851 785 3089 842 Primum
3135 788 3250 859 ipsa
3295 788 3560 843 historia:
3606 792 3746 847 verba

2173 875 2474 944 pandemus
2519 876 2836 931 brevissima
2863 916 2878 941 ,
2932 877 3297 945 metaphorice
3331 891 3571 935 sensum
3599 878 3747 934 dicto-

2174 977 2293 1016 rum
2314 962 2638 1033 aperientes.
2670 982 2689 1015 t
2717 963 2842 1023 Hinc
2863 964 2992 1031 dicit
3021 965 3227 1021 Adonai
3255 966 3538 1021 Dominus
3561 965 3740 1035 Τιτίῳ

2173 1066 2293 1121 qua:
2342 1052 2641 1123 appellatur
2691 1051 2815 1111 Sor.
2883 1053 3135 1127 Nunquid
3191 1055 3246 1109 in
3282 1055 3377 1111 die
3435 1056 3621 1110 ruina:
3661 1068 3744 1115 tu:

2172 1142 2385 1211 quando
2405 1142 2898 1199 Nabuchodonosor
2917 1154 3257 1215 oppugnante
3282 1148 3601 1210 corrueris,
3625 1159 3675 1203 et
3696 1151 3741 1205 in

2172 1234 2370 1304 gemitu
2415 1233 2817 1289 vulneratorum
2866 1236 2980 1292 sive
3027 1236 3450 1293 interfectorum
3478 1238 3580 1307 qui
3605 1242 3739 1296 occisi

2170 1323 2371 1383 fuerint
2425 1324 2481 1379 in
2514 1326 2689 1381 medio
2725 1325 2820 1389 tui,
2861 1341 2967 1381 non
3012 1327 3511 1382 commovebuntur
3541 1327 3740 1383 inab?

2170 1422 2226 1471 et
2272 1412 2599 1470 descendent
2651 1429 2840 1470 omnes
2890 1429 3045 1485 reges
3083 1416 3151 1470 de
3193 1416 3426 1471 sedibus
3468 1417 3594 1470 sive
3616 1418 3737 1473 satis

2170 1505 2304 1572 suis,
2338 1511 2392 1560 et
2430 1505 2702 1575 principes
2728 1506 2897 1563 maris
2916 1506 3009 1576 qui
3042 1507 3271 1562 diversis
3301 1508 3595 1581 imperant
3615 1510 3735 1564 insa-

2169 1593 2259 1661 lis,
2288 1604 2344 1654 et
2366 1592 2612 1649 auferant
2643 1595 2947 1650 diademata
2969 1596 3037 1652 de
3061 1597 3333 1666 capitibus
3374 1598 3525 1661 suis,
3556 1613 3735 1655 om

2168 1684 2427 1756 regnandi
2472 1683 2697 1754 gloriam
2726 1685 3073 1755 deponentes,
3112 1694 3169 1741 et
3195 1696 3383 1742 vestes
3427 1688 3734 1758 pretiosissi-

491 1790 663 1845 eqnus
709 1779 765 1834 in
810 1779 1034 1835 salutem
1062 1779 1234 1853 (Psal.
1266 1782 1460 1851 mill).
1495 1800 1513 1833 ι
1541 1781 1610 1836 Et
1636 1799 1649 1835 :
1680 1800 1698 1833 t
1728 1781 2062 1838 Dormierullt

2172 1787 2291 1826 mas
2314 1779 2370 1826 et
2398 1772 2698 1828 incredibili
2733 1774 2995 1829 varietate
3020 1773 3289 1844 fulgentes
3310 1774 3591 1845 abjicient
3621 1791 3651 1830 a
3673 1793 3733 1843 se,

490 1880 680 1920 omnes
700 1867 793 1938 qui
820 1869 1115 1923 ascendunt
1138 1883 1303 1937 equos
1326 1868 1495 1941 (Psal.
1527 1869 1707 1938 Lxxv).
1738 1889 1757 1923 ο
1797 1870 1865 1924 Ει
1887 1871 1941 1925 in
1962 1871 2069 1928 alio

489 1952 654 2009 loco:
721 1973 740 2007 ι
778 1957 988 2025 Equum
1047 1965 1101 2012 et
1148 1972 1487 2012 ascensorem
1531 1959 1760 2029 projecit
1811 1959 1867 2014 in
1915 1976 2069 2021 mare

491 2042 689 2115 (Exod.
713 2046 825 2118 xv).
857 2067 876 2099 ι
909 2048 1015 2102 lste
1055 2048 1191 2104 filias
1238 2049 1385 2120 Tyri,
1426 2049 1633 2105 animas
1658 2051 1713 2104 in
1740 2052 1988 2125 angustia
2013 2060 2070 2109 et

489 2133 544 2188 in
568 2136 799 2204 quodam
826 2149 1170 2212 peccatorum
1214 2155 1434 2196 carcere
1472 2142 1671 2213 positas
1706 2143 1965 2199 interficit
2011 2144 2067 2202 in

489 2241 621 2297 agro
646 2242 940 2299 campoque
979 2229 1264 2297 latissimo,
1312 2240 1367 2287 et
1388 2232 1686 2287 circumdat
1712 2232 1912 2304 Tyrum
1943 2249 2067 2289 mu-

486 2316 782 2373 nitionibus
813 2319 960 2386 suis,
1002 2329 1063 2375 ut
1101 2321 1337 2376 clausam
1370 2328 1583 2390 teneat,
1614 2329 1670 2378 et
1698 2322 1879 2378 nullus
1903 2338 1970 2378 ex
2000 2339 2066 2379 ea

484 2402 766 2478 Babylonii
817 2411 958 2479 regis
1011 2412 1241 2466 evadere
1284 2413 1454 2482 possit
1482 2414 1788 2485 imperium.
1829 2415 2069 2471 Destruit

486 2511 672 2553 muros
703 2505 980 2568 turresque
1019 2502 1311 2567 subvertit,
1341 2510 1397 2556 et
1424 2502 1683 2572 quidquid
1713 2501 1851 2561 forte
1876 2504 2066 2563 habuit

486 2587 541 2640 in
574 2586 929 2657 dogmatibus,
956 2591 1307 2647 inundatione
1349 2608 1612 2663 equorum
1647 2592 1781 2663 ejus,
1807 2604 1863 2651 et
1885 2598 2063 2652 sonitu

483 2677 729 2746 equitum
761 2687 1111 2752 rotarumque
1135 2690 1191 2739 et
1226 2699 1481 2740 curruum
1516 2689 1741 2757 strepitu
1780 2690 2063 2759 pertremi—

482 2774 617 2829 seet,
654 2775 709 2821 et
736 2768 1065 2840 ingredietur
1090 2780 1277 2841 portas
1309 2774 1425 2845 ejus
1452 2775 1599 2831 nullo
1627 2777 1969 2847 prohibente,
2008 2787 2065 2834 et

481 2853 690 2924 plateas
713 2857 984 2915 civitatis:
1021 2878 1039 2911 t
1060 2860 1195 2929 Quia
1213 2862 1324 2918 lata
1356 2873 1411 2920 et
1439 2868 1675 2936 spatiosa
1712 2869 1797 2922 via
1826 2877 1911 2924 est
1941 2885 2061 2939 qua:

482 2945 634 3000 ducit
665 2948 732 3002 ad
760 2959 987 3005 mortem
1015 2950 1231 3023 (Matth.
1258 2955 1386 3028 vll);
1417 2975 1437 3008 ι
1491 2972 1753 3028 equorum
1796 2958 1912 3028 ejus
1946 2960 2058 3015 cal-

481 3035 683 3091 cabunt
710 3040 940 3110 ungulae,
966 3042 1377 3115 universamque
1406 3046 1787 3116 substantiam,
1813 3050 1925 3106 sive
1944 3059 2058 3107 sta-

2170 1869 2224 1918 et
2281 1862 2516 1931 stuporis
2586 1863 2953 1933 magnitudine
3014 1874 3299 1920 vertentur
3345 1882 3410 1920 in
3448 1868 3733 1933 amentiam,

2168 1959 2330 2021 atque
2356 1951 2657 2007 humilitate
2683 1954 2898 2024 dejecti,
2926 1955 3187 2010 sedebunt
3217 1957 3277 2010 in
3310 1964 3471 2011 terra
3510 1972 3529 2010 :
3558 1968 3613 2012 et
3640 1974 3733 2014 αι

2167 2049 2221 2097 te
2257 2041 2486 2097 viderint
2520 2042 2810 2109 corruisse,
2837 2043 2943 2099 sibi
2979 2045 3173 2099 similia
3202 2044 3597 2101 formidabant
3628 2066 3640 2100 :
3668 2050 3731 2103 ni-

2168 2131 2350 2205 hilque
2378 2133 2642 2201 putabunt
2674 2134 2730 2188 in
2761 2142 2919 2191 terrae
2945 2136 3100 2191 bonis
3117 2152 3236 2193 esse
3265 2148 3626 2209 perpetuum.
3650 2140 3732 2196 Sed

2166 2236 2198 2277 e
2228 2222 2503 2277 contrario
2535 2232 2813 2278 assument
2853 2239 3016 2294 super
3043 2234 3098 2281 te
3132 2226 3481 2296 lamentum,
3514 2239 3572 2284 et
3594 2230 3733 2284 ﬂebile

2167 2313 2441 2368 canticum
2496 2314 2997 2370 commemorabuut
3042 2315 3308 2383 dicentes,
3352 2320 3633 2387 quomodo
3658 2334 3729 2389 pe»

2168 2399 2283 2455 risti
2313 2414 2433 2472 qua:
2459 2400 2743 2457 habitabas
2783 2402 2839 2457 in
2888 2404 3045 2472 mari,
3091 2407 3221 2460 urbs
3260 2406 3480 2478 inclyta
3507 2408 3729 2462 sivetu-

2166 2491 2331 2547 data?
2372 2489 2572 2564 Tyrum
2626 2494 2769 2547 cnim
2814 2493 2981 2550 fuisse
3026 2495 3283 2563 insulam,
3335 2507 3397 2552 et
3432 2498 3729 2552 nullaulla-

2164 2581 2345 2638 buisse
2393 2583 2459 2639 de
2508 2592 2653 2639 terra
2694 2584 2997 2652 introitum,
3038 2585 3092 2640 in
3111 2585 3319 2642 Graecis
3342 2585 3661 2658 Latinisque
3686 2598 3731 2645 et

2167 2673 2417 2729 barbaris
2442 2674 2683 2731 historiis
2706 2675 2950 2748 legimus,
2988 2677 3084 2731 sed
3112 2686 3304 2747 postea
3334 2694 3366 2733 a
3390 2676 3728 2735 Nabuchodo-

2162 2778 2325 2819 nosor
2350 2779 2477 2836 rege
2505 2764 2900 2833 Chaldaeorum,
2929 2765 3043 2831 vel,
3072 2776 3129 2822 ut
3177 2768 3431 2823 nonnulli
3466 2769 3727 2832 adit-mat.

2163 2854 2231 2909 ab
2260 2854 2569 2910 Alexandro
2599 2870 2724 2925 rege
2758 2854 3109 2911 Macedonum
3137 2854 3320 2929 jactos
3346 2873 3479 2914 esse
3512 2873 3725 2930 aggeres,

2162 2954 2218 3003 et
2257 2948 2655 3018 oppugnatione
2703 2948 2982 3018 vineisque
3030 2960 3085 3004 et
3112 2950 3379 3005 arietibus
3408 2950 3592 3006 locum
3611 2966 3729 3020 μιν

2161 3047 2456 3108 paratum,
2500 3054 2564 3093 ac
2622 3038 2687 3094 de
2735 3038 2908 3094 insula
2958 3039 3155 3094 factata
3219 3055 3344 3096 esse
3383 3042 3724 3112 peltinsulan.

480 3138 604 3184 tuas
633 3132 839 3187 nobiles
870 3136 1063 3204 quibus
1093 3139 1195 3195 sibi
1226 3141 1489 3213 imagines
1519 3142 1751 3200 fixerant
1787 3145 2054 3214 falsitatis,
2085 3138 2130 3202 C
2162 3127 2240 3183 Tu
2268 3130 2450 3200 igitur.
2498 3145 2531 3184 0
2556 3128 2681 3195 Sor»
2731 3128 2784 3183 id
2814 3139 2924 3195 est.
2978 3145 3010 3185 0
3058 3129 3223 3202 Tyre.
3249 3147 3371 3201 quae
3399 3133 3657 3202 quondam
3677 3132 3727 3187 ίιι

477 3219 546 3275 de
575 3223 769 3291 quibus
790 3226 1055 3297 scriptum
1101 3238 1183 3287 est
1218 3250 1232 3286 :
1276 3251 1295 3284 ι
1325 3234 1583 3302 Domine,
1636 3236 1690 3291 in
1727 3239 1944 3295 civitate
1974 3250 2064 3296 tua

420 3390 427 3395 ν
478 3310 769 3382 imaginem
812 3330 998 3372 eorum
1041 3320 1349 3391 dissipahis,
1396 3343 1417 3376 ι
1470 3324 1540 3379 ad
1587 3333 1788 3382 terram
1850 3329 2065 3400 dejiciet

480 3400 654 3471 (Psal.
670 3408 839 3477 Lxxu)
848 3447 861 3461 .
890 3408 956 3462 Et
971 3410 1260 3470 destructis
1274 3416 1466 3482 muris,
1480 3417 1672 3475 domus
1684 3435 1898 3491 quoque
1910 3423 2065 3478 nobi-

479 3495 559 3551 les
604 3499 1016 3571 suhvertentur,
1053 3521 1188 3575 quas
1228 3509 1327 3564 sibi
1356 3522 1661 3579 paraverat,
1695 3522 1751 3569 et
1782 3515 1838 3569 in
1867 3516 2064 3584 quibus

482 3588 793 3647 exsultabat
818 3611 831 3647 :
855 3603 1019 3665 atque
1046 3598 1101 3652 in
1130 3608 1334 3655 tantam
1364 3602 1746 3661 desolationem
1772 3607 1973 3672 veniet,
2005 3616 2065 3663 ut

481 3688 537 3734 et
576 3680 782 3751 lapides
810 3686 927 3756 ejus
961 3698 1015 3744 et
1059 3690 1203 3761 ligna
1250 3694 1446 3762 quibus
1489 3695 1850 3752 mditicaverat
1876 3714 2062 3755 muros

478 3781 535 3828 et
565 3785 834 3831 cmmenta
864 3789 1265 3851 construxerat,
1299 3786 1585 3855 projiciant
1619 3790 1673 3843 in
1699 3788 2056 3859 profundum:

479 3863 804 3936 canticaque
835 3867 953 3937 ejus
986 3880 1041 3925 et
1075 3874 1300 3941 musica,
1348 3878 1546 3946 quibus
1580 3879 1685 3936 sibi
1719 3880 1772 3934 in
1800 3881 2059 3949 sapientia

479 3950 643 4024 hujus
675 3959 854 4013 sxeculi
895 3962 1229 4028 confidebat;
1276 3973 1330 4021 et
1375 3983 1564 4023 omnes
1609 3970 1938 4026 citllararunl
1968 3987 2058 4028 so-

477 4057 583 4101 nus
611 4061 719 4102 non
748 4051 997 4106 audietur
1025 4054 1276 4124 amplius,
1311 4066 1365 4112 et
1395 4059 1621 4128 piscatio
1647 4061 1764 4132 ejus
1801 4063 2057 4130 cessabit,

476 4144 534 4192 et
558 4138 663 4194 erit
691 4139 908 4200 humilis
938 4144 1012 4199 ita
1036 4154 1095 4200 ut
1115 4147 1185 4202 sit
1212 4150 1437 4205 siccatio
1462 4167 1801 4223 sagenarum,
1837 4164 1893 4210 et
1918 4156 2060 4211 ultra

478 4243 585 4283 non
612 4232 939 4301 aediﬁcetur,
979 4240 1104 4307 quia
1148 4242 1217 4295 ad
1258 4244 1468 4300 Domini
1507 4250 1831 4303 sententiam
1865 4251 2058 4306 tradita

478 4314 976 4409 Nabuchodonosor
1022 4329 1242 4384 omnino
1288 4332 1547 4388 subversa
1591 4345 1709 4401 est,
1740 4338 1894 4407 juxta
1916 4340 2058 4409 quod

476 4416 535 4462 et
580 4407 870 4479 Apostolus
918 4416 1086 4472 dicit:
1151 4438 1170 4470 ι
1199 4421 1344 4488 Quos
1391 4425 1585 4480 tradidi
1636 4427 1851 4484 Satanae
1883 4407 1946 4485 ut
1974 4433 2056 4487 di-

478 4504 635 4551 scant
681 4514 788 4554 non
832 4502 1208 4575 blaSphemare
1237 4512 1286 4584 (I
1320 4512 1456 4568 Tim.
1490 4518 1550 4585 ι).
1578 4536 1596 4568 ι
1646 4516 1786 4574 Loca
1822 4519 2054 4576 difﬁcilia

476 4598 633 4681 sunt,
685 4599 740 4645 et
770 4596 1005 4662 prudens
1037 4598 1206 4656 lector
1239 4619 1302 4660 ac
1337 4605 1565 4676 diligens
1592 4608 1750 4664 debet
1778 4610 2056 4681 ignoscere

475 4679 648 4739 labori
672 4701 821 4754 meo;
859 4700 952 4745 aut
988 4692 1032 4747 si
1067 4695 1258 4752 melius
1283 4698 1411 4768 quid
1438 4701 1675 4769 potuerit
1700 4679 1961 4768 invenire,
2001 4713 2056 4760 et

475 4788 573 4846 ego
608 4776 662 4832 in
708 4778 824 4850 ejus
848 4785 1088 4841 transibo
1128 4791 1480 4857 sententiam,
1523 4792 1814 4849 dummodo
1843 4796 2058 4850 noverit

474 4866 705 4932 veniam,
736 4885 899 4941 quam
934 4876 1065 4929 mihi
1093 4879 1312 4944 tribuet,
1350 4895 1411 4935 se
1436 4882 1507 4936 ab
1532 4883 1653 4940 aliis
1678 4893 2049 4954 accepturum.

551 4977 570 5011 α
601 4960 726 5017 llaec
755 4964 885 5019 dicit
919 4967 1180 5023 Dominus
1207 4971 1348 5027 Deus
1376 4972 1518 5043 Tyro
1552 4990 1569 5030 :
1609 4974 1859 5046 Nunquid
1883 4993 1991 5033 non
2021 4993 2054 5033 a

456 5065 500 5119 _t
544 5050 722 5104 sonitu
745 5054 915 5108 ruinae
938 5062 1065 5121 ture,
1086 5065 1142 5111 et
1161 5060 1360 5127 gemitu
1379 5061 1788 5121 interfectorum
1813 5075 2050 5134 tuorum,

484 5154 501 5185 t
539 5154 660 5192 eum
691 5142 857 5197 occisi
886 5142 1089 5200 fuerint
1133 5147 1188 5202 in
1231 5151 1411 5206 medio
1442 5153 1538 5219 tui,
1567 5154 2054 5211 commovebuntur

482 5246 501 5278 t
541 5230 766 5287 insulis?
791 5234 859 5290 Et
879 5236 1206 5297 descendent
1225 5244 1290 5300 de
1311 5245 1530 5302 sedibus
1551 5248 1663 5303 suis
1685 5263 1875 5305 omnes
1896 5251 2049 5321 prin-

483 5342 504 5376 t
542 5326 689 5397 cipes
734 5333 919 5399 maris,
969 5345 1026 5393 et
1062 5338 1309 5397 auferent
1356 5328 1579 5400 exuvias
1612 5353 1750 5411 tuas,
1801 5353 1856 5399 et
1890 5347 2055 5403 vesti-

481 5431 505 5469 t
538 5427 720 5510 menta
768 5437 865 5479 sua
893 5429 1041 5484 varia
1066 5432 1355 5502 abjicient,
1400 5442 1457 5491 et
1483 5436 1774 5493 induentur
1809 5445 2048 5510 stupore.

482 5522 506 5558 ι
536 5504 597 5564 In
655 5516 803 5567 terra
850 5517 1149 5589 sedebant,
1198 5532 1257 5580 et
1300 5525 1515 5581 attoniti
1557 5541 1721 5597 super
1768 5504 2051 5598 repentino

483 5614 506 5652 ι
539 5614 672 5657 casu
737 5611 832 5661 tuo
876 5609 1319 5684 admirabuntur,
1376 5625 1433 5674 et
1487 5629 1828 5675 assumentes
1885 5636 2051 5691 super

482 5714 509 5756 ι
540 5700 906 5759 telameutum
949 5705 1130 5763 dicent
1169 5708 1262 5764 tibi
1297 5728 1310 5764 :
1360 5710 1642 5778 Quomodo
1687 5712 1878 5782 peristi
1926 5728 2049 5784 qua:

2164 3220 2372 3274 cunctis
2396 3217 2540 3274 fuisti
2570 3218 2867 3274 fortissima
2891 3219 3112 3286 insulis,
3145 3220 3259 3274 sive
3290 3222 3347 3276 in
3382 3223 3586 3275 urbibus
3609 3236 3725 3275 om-

2160 3310 2312 3365 nium
2357 3327 2489 3367 voce
2532 3310 2746 3366 laudata
2774 3352 2788 3378 ,
2830 3327 2953 3368 cum
2999 3313 3402 3370 habitatoribus
3449 3314 3550 3369 tuis
3598 3329 3729 3384 quos

2161 3402 2403 3459 universi
2424 3402 2709 3468 timebant,
2740 3404 3008 3473 quomodo
3031 3404 3209 3460 subito
3228 3406 3523 3462 corruisu?
3548 3424 3567 3456 t
3589 3404 3730 3461 Nunc

2161 3492 2470 3563 stupebant,
2521 3492 2634 3548 sive
2677 3494 2950 3563 pavebunt
2990 3508 3151 3564 super
3199 3502 3250 3548 te
3292 3494 3547 3549 insulas:
3596 3494 3729 3548 Etet

2160 3582 2351 3637 melius
2382 3581 2611 3637 habetur
2640 3582 2694 3636 in
2722 3580 2969 3649 Hebraeo,
3000 3603 3018 3635 t
3045 3581 3222 3637 Naves
3247 3584 3302 3637 in
3330 3585 3421 3638 die
3450 3586 3663 3655 pavoris
3681 3592 3727 3638 et

2158 3673 2329 3730 ruina:
2369 3682 2471 3729 tua:
2492 3715 2506 3739 ,
2537 3682 2591 3729 ct
2618 3676 2978 3731 turbabuntur
3013 3675 3200 3730 insul-.13
3234 3676 3288 3730 in
3339 3677 3505 3730 mari.
3535 3698 3553 3727 ι
3604 3676 3728 3732 liud:

2158 3765 2582 3833 consequentius
2627 3772 2711 3819 est
2756 3780 2918 3834 supra
2968 3779 3132 3819 naves
3176 3764 3378 3835 legere,
3415 3780 3490 3818 ne
3515 3765 3729 3820 secanda

2161 3866 2428 3929 ponantur
2481 3857 2691 3925 insulze,
2738 3872 2803 3914 eo
2844 3857 2987 3927 quod
3033 3857 3213 3914 nullus
3241 3858 3562 3928 egrediatur
3586 3866 3729 3919 este,

2159 3949 2293 4016 sive,
2318 3958 2378 4003 ut
2403 3948 2756 4020 Septuaginta
2788 3949 3202 4015 transtulerunt,
3228 3950 3281 4005 in
3322 3952 3409 4004 die
3440 3951 3729 4021 egressionis

2158 4050 2299 4108 ture,
2357 4042 2573 4113 quando
2623 4042 2791 4097 fueris
2840 4043 3000 4097 ducta
3046 4045 3278 4115 captiva.
3350 4044 3484 4100 [hec
3537 4046 3731 4100 interi!

2158 4135 2313 4203 quasi
2342 4134 2587 4205 qumdam
2618 4134 2860 4189 historiae
2879 4132 3025 4202 jacta
3046 4135 3156 4189 sint
3182 4134 3581 4190 fundamenta:
3610 4147 3733 4190 nunc

2158 4224 2402 4294 spiritale
2452 4224 2687 4281 nitemur
2730 4225 2942 4281 culmen
2986 4227 3281 4298 imponere.
3312 4229 3493 4303 Finge
3519 4230 3732 4301 aliqua:

2160 4313 2249 4368 diu
2278 4322 2487 4370 servata
2526 4315 2781 4385 pudicitia
2830 4317 3013 4375 multis
3063 4316 3309 4375 ﬂoruisse
3346 4320 3663 4385 virtutibus,
3686 4330 3731 4374 et

2157 4410 2343 4471 postea
2373 4403 2426 4457 in
2461 4403 2641 4473 aliquo
2669 4405 2819 4476 gravi
2863 4406 3184 4476 mortalique
3212 4418 3443 4477 peccato
3485 4426 3607 4466 esse
3631 4408 3728 4465 oni-

2082 4479 2134 4538 D
2160 4492 2394 4562 lapsum;
2457 4509 2634 4549 nonne
2681 4494 2748 4549 ad
2786 4497 3023 4552 sonitum
3046 4498 3215 4553 ruina:
3240 4496 3383 4566 ejus,
3431 4499 3722 4555 interfecta-

2161 4600 2390 4653 rumque
2439 4585 2703 4643 virtutum
2748 4601 2937 4643 omnes
2999 4588 3189 4643 insula:
3238 4591 3632 4657 movebuntur,
3686 4590 3731 4645 hi

2161 4673 2411 4729 videlicet
2440 4675 2531 4744 qui
2559 4675 2717 4732 salsis
2748 4677 3056 4747 amarisque
3083 4678 3245 4748 hujus
3284 4680 3477 4734 szeculi
3515 4683 3729 4735 tumhi-

2164 4771 2251 4819 tur
2277 4763 2559 4821 ﬂuctibus?
2589 4776 2644 4822 et
2666 4766 2995 4824 descendent
3019 4770 3086 4824 tle
3115 4771 3309 4826 throno
3339 4773 3617 4841 superbia:
3638 4786 3731 4827 sl:

2161 4868 2350 4910 omnes
2378 4854 2469 4924 qui
2500 4856 2554 4910 in
2579 4856 2759 4912 saeculi
2799 4857 2959 4929 hujus
2995 4859 3266 4931 salsugine
3287 4862 3574 4931 principes
3600 4862 3731 4915 vidc-

2160 4946 2382 5014 bantur,
2405 4956 2460 5003 et
2507 4948 2811 5005 humilitate
2847 4950 3043 5021 dejecti
3071 4949 3318 5005 auferent
3344 4952 3651 5008 diademata
3674 4951 3727 5005 de

2161 5038 2429 5108 capitibus
2475 5040 2619 5106 suis,
2648 5055 2770 5110 quae
2797 5042 3118 5098 videbantur
3143 5044 3302 5098 bonis
3327 5046 3596 5114 operibus
3624 5058 3729 5113 pos-

2160 5127 2376 5195 sidere,
2433 5138 2487 5186 et
2539 5131 2858 5187 vestimenta
2914 5134 3063 5187 varia
3108 5134 3432 5189 diversitate
3490 5137 3729 5191 virtutum

2159 5222 2433 5293 objicient,
2468 5231 2523 5280 et
2556 5224 2843 5280 induentur
2869 5234 3113 5297 stupore,
3141 5225 3255 5280 sive
3286 5226 3511 5287 timoris
3539 5224 3730 5296 magni-

2158 5311 2344 5367 tudine
2392 5313 2786 5383 qnodammodo
2827 5315 3151 5369 videbuntur
3187 5315 3390 5373 insani.
3434 5315 3728 5371 Sedebant-

2157 5418 2263 5473 que
2306 5404 2455 5461 humi
2497 5413 2554 5459 et
2595 5413 2874 5475 stupentes
2922 5420 3085 5475 super
3128 5406 3416 5475 repentino
3456 5421 3593 5462 casu
3626 5404 3733 5473 ejus

2158 5493 2571 5551 admirabuntur
2622 5494 2912 5560 intantum,
2964 5503 3023 5549 ut
3054 5510 3244 5551 omnes
3271 5506 3565 5550 assumant
3592 5495 3736 5566 phl-

2156 5592 2303 5638 ctum
2352 5593 2406 5640 et
2453 5584 2895 5640 lamentationem
2948 5600 3109 5656 super
3149 5600 3275 5640 eum
3322 5586 3417 5654 qui
3454 5585 3733 5639 corruitet

2157 5674 2342 5731 dicant
2383 5692 2398 5731 :
2451 5675 2728 5744 Quomodo
2773 5675 2960 5746 peristi
2997 5676 3091 5747 qui
3139 5675 3291 5746 prius
3341 5674 3526 5732 salvus
3573 5672 3730 5728 cras!
