3916 6356
563 272 663 331 771

557 478 654 543 ris,
686 481 767 536 vel
792 486 934 553 quod
963 489 1113 558 prius
1136 490 1309 546 insula
1335 492 1473 559 fuit,
1507 494 1591 551 vel
1626 496 1767 565 quod
1801 507 1960 568 portu
1978 501 2132 556 tutis-

554 566 694 623 simo
741 570 807 625 de
857 573 967 629 alto
1008 579 1283 636 venientes
1308 584 1499 654 recipit
1526 601 1708 643 naves.
1766 566 1834 643 Et
1859 597 1941 647 est
1968 607 2132 664 nego-

552 655 707 713 tiatio
729 663 1049 732 populorum
1080 672 1148 725 ad
1197 672 1399 730 insulas
1428 677 1656 745 multas,
1697 681 1811 736 sive
1842 681 1909 747 de
1936 683 2130 742 insulis

552 746 757 804 multis.
800 750 953 819 Quod
1001 758 1218 828 quidem
1261 780 1432 835 usque
1478 768 1638 825 hodie
1676 784 2019 841 perseverat,
2071 785 2131 835 ut

545 837 790 894 omnium
836 842 890 896 in
940 845 1028 900 illa
1070 856 1452 921 propemodum
1495 860 1732 929 gentium
1772 876 2127 924 exerceantur

542 931 888 987 commercia.
971 936 1215 1010 Cmptam
1262 953 1441 1000 autem
1496 948 1991 1022 interpretationem
2039 974 2126 1017 se-

542 1025 775 1086 quentes
801 1024 1058 1097 quidquid
1088 1030 1154 1087 de
1184 1031 1327 1105 Tyro
1352 1035 1548 1093 dicitur
1580 1042 1879 1103 referamus
1912 1049 1979 1103 ad
2021 1066 2124 1108 an-

539 1109 749 1176 gustias
773 1111 930 1170 istius
956 1121 1174 1187 mundi,
1224 1125 1316 1193 qui
1357 1126 1411 1181 in
1448 1130 1684 1202 maligno
1703 1136 1909 1204 positus
1936 1148 2039 1207 est,
2065 1151 2123 1198 et

539 1199 705 1255 variis
733 1206 1225 1270 perturbationibus
1253 1219 1406 1285 quasi
1434 1199 1682 1280 ﬂuctibus
1703 1199 2012 1287 coarctatur
2038 1242 2123 1289 at-

541 1301 649 1356 que
695 1295 1015 1360 percutitur.
1073 1300 1151 1358 De
1206 1305 1575 1374 hujuscemodi
1614 1320 2037 1387 negotiatoribus
2062 1334 2121 1382 et

539 1377 595 1433 in
623 1381 833 1451 psalmo
857 1390 1083 1458 mystico
1109 1408 1356 1452 sermone
1387 1412 1674 1460 narratur:
1711 1425 1730 1458 ι
1760 1408 1864 1477 Qui
1892 1412 2118 1470 descen-

534 1468 670 1525 dunt
698 1489 848 1532 mare
868 1477 923 1532 in
949 1483 1198 1552 navibus,
1219 1487 1480 1550 facientes
1502 1468 1842 1566 operationbs
1872 1505 1927 1559 in
1955 1510 2111 1578 aquis

537 1561 762 1632 multis,
812 1566 913 1638 ipsi
961 1573 1213 1632 viderunt
1256 1597 1419 1652 opera
1467 1561 1716 1659 Domini,
1763 1603 1818 1651 et
1846 1561 2114 1659 mirabilia

530 1649 649 1719 ejus
673 1653 735 1745 in,
749 1658 1016 1727 profundo
1042 1665 1216 1737 (Paul.
1248 1649 1379 1745 cvi).
1411 1694 1430 1727 ο

604 1759 626 1794 ι
657 1742 703 1800 0
727 1744 889 1818 Tyre,
910 1760 978 1817 ,ιιι
1004 1754 1190 1815 dixisti
1217 1780 1231 1815 :

530 1849 551 1883 ι
585 1833 640 1889 in
671 1840 835 1897 corde
863 1846 1032 1903 maris
1076 1849 1199 1905 sita.
1232 1871 1251 1905 ι
1288 1854 1526 1913 Primum
1557 1864 1757 1920 crimen
1778 1879 1864 1924 est
1905 1870 2030 1944 Tyri
2059 1876 2108 1931 si

523 1923 654 1990 quid
678 1926 892 1985 videtur
918 1933 1120 2033 habere
1146 1941 1296 2008 boui,
1318 1962 1423 2002 non
1445 1949 1540 2006 Dei
1565 1962 1773 2022 putare,
1805 1923 1899 2016 sed
1914 1923 2102 2033 ἐῖιὶιίιῖξ

522 2018 579 2064 et
602 2025 818 2072 omnem
843 2020 1295 2089 pulchritudinem
1311 2072 1327 2099 ,
1370 2051 1490 2105 quae
1516 2018 1589 2095 illi
1616 2042 1683 2097 de
1706 2018 1934 2106 diversis
1957 2018 2106 2108 venit

523 2102 854 2174 regionibus,
881 2115 1114 2184 propriae
1138 2102 1410 2181 aestimare
1445 2127 1734 2201 diligentiae
1781 2102 1944 2207 atque

518 2192 677 2249 tutis.
704 2194 852 2253 Dixit
875 2202 1045 2272 enim,
1083 2225 1101 2258 ι
1128 2207 1361 2269 Perfecti
1406 2192 1618 2277 decoris
1637 2237 1738 2294 ego
1771 2192 1911 2294 sum,
1941 2249 1960 2280 ι
1988 2231 2103 2290 sive

516 2296 620 2355 ego
643 2288 776 2345 mihi
804 2292 1134 2356 circumdedi
1162 2302 1437 2375 decorem,
1471 2327 1595 2367 cum
1623 2288 1698 2369 sit
1727 2317 1779 2371 in
1805 2321 1968 2376 corde
1999 2323 2102 2379 hoc

515 2380 676 2435 estin
706 2385 885 2441 medio
911 2390 1080 2447 maris
1104 2393 1228 2461 sita,
1257 2406 1313 2452 et
1339 2403 1496 2470 quasi
1537 2404 1712 2460 insula
1732 2420 2016 2467 moveatur
2042 2422 2101 2470 et

508 2467 751 2539 ﬂuctuet,
786 2486 842 2531 et
864 2479 1129 2537 undarum
1161 2467 1485 2547 illisionibus
1527 2495 1920 2568 confringatur.

513 2567 695 2630 autem
721 2580 820 2620 cor
839 2571 1005 2626 maris
1035 2575 1271 2630 medium
1293 2579 1578 2651 signiﬁcet,
1615 2597 1673 2643 et
1704 2567 2097 2665 διεφορήθη.

512 2664 611 2706 cus
641 2667 823 2711 sermo
858 2659 1193 2719 demonstrat
1223 2685 1239 2721 :
1287 2687 1309 2721 ι
1330 2668 1620 2742 Propterea
1647 2694 1754 2736 non
1785 2659 2095 2746 timebimus

508 2753 634 2795 cum
676 2745 892 2803 turbata
919 2748 1085 2808 fuerit
1106 2762 1277 2825 terra,
1316 2768 1374 2816 et
1400 2767 1645 2824 translati
1676 2782 1888 2830 montes
1918 2778 1971 2832 in
1999 2745 2094 2836 cor

505 2833 677 2889 maris
719 2851 735 2889 :
779 2851 1080 2904 sonuerunt
1122 2855 1181 2903 et
1237 2853 1467 2912 turbatae
1518 2869 1645 2916 sunt
1699 2878 1853 2934 aqum
1899 2883 2090 2927 eorum

506 2920 683 2991 (Paul.
711 2928 859 3001 xu).
889 2952 911 2985 ι
948 2932 1055 2991 Sed
1084 2946 1140 2993 et
1171 2941 1430 3002 Dominus
1469 2959 1654 3007 noster
1685 2920 2086 3018 inucordev

507 3026 602 3078 rat,
631 3014 739 3072 hoc
762 3028 847 3075 est
885 3022 940 3078 in
967 3028 1165 3096 medio,
1210 3041 1267 3087 et
1307 3035 1373 3089 ad
1402 3036 1604 3097 inferos
1632 3044 1832 3101 dicitur
1856 3014 2084 3108 descen-

1201 285 1263 340 B.
1304 283 1558 343 RABANI
1596 288 1816 346 MAURI
1851 291 2169 350 ARCHIEP.
2208 294 2519 356 MOGUNT.
2558 301 2844 365 OPERUII
2880 306 3059 367 PARS
3094 311 3166 368 Il.

559 400 690 459 ergo
728 391 883 462 juxta
915 395 1163 453 litteram
1206 400 1382 472 Tyrus
1417 401 1532 459 sive
1556 402 1662 461 Sor
1685 405 1740 460 in
1768 405 1988 463 introitu
2016 424 2131 463 ma—
2153 409 2204 469 Α
2231 421 2325 463 cos
2369 409 2671 469 intellectus
2716 416 2983 476 abietibus
3012 421 3127 477 sive
3147 423 3330 480 cedris
3356 422 3429 482 de
3454 427 3655 491 Sanir,
3684 435 3817 489 nari

2235 495 2411 567 Tyriae
2438 501 2674 558 tabulata
2700 506 2997 576 caeduntur,
3036 512 3235 581 quibus
3255 515 3465 570 texitur
3491 527 3670 588 atque
3689 535 3815 575 con-

2230 587 2492 659 pingitur,
2542 600 2600 648 et
2631 596 2792 651 cedro
2835 598 2950 653 sive
2991 603 3268 671 cyparisso
3295 605 3366 659 de
3391 587 3617 663 Libano
3656 611 3811 667 malm

2229 677 2380 748 ejus;
2402 682 2675 753 abietibus
2703 697 2921 759 propter
2941 690 3212 750 levitatem
3232 696 3650 771 juncturasque
3676 702 3809 759 taki-

2230 767 2409 825 larum
2435 774 2649 833 mollius
2675 778 2905 837 invicem
2931 796 2992 837 se
3021 786 3317 841 tenentium
3347 798 3524 859 atque
3562 795 3802 851 mordea-

2227 858 2386 925 tium,
2432 863 2548 918 sive
2594 867 2792 935 cedris,
2824 872 2965 941 quod
3004 873 3209 946 lignum
3234 858 3705 949 imputribileest.
3738 888 3803 945 De

2227 949 2390 1007 Sauir
2437 963 2618 1013 autem
2648 960 2846 1016 dicitur
2893 966 3036 1035 quod
3072 967 3472 1041 interpretatur
3505 977 3598 1031 via
3642 977 3796 1035 lucer-

2223 1056 2327 1109 ηαξ,
2355 1051 2469 1110 aut,
2504 1053 2563 1100 ut
2582 1063 2682 1104 nos
2713 1052 2892 1109 verius
2920 1057 3272 1127 arbitramur,
3305 1063 3462 1119 Deus
3487 1066 3793 1137 vigiliam

2221 1149 2288 1205 eo
2311 1136 2455 1206 quod
2488 1141 2667 1197 omnis
2686 1144 2842 1199 navis
2869 1151 3200 1219 prosperitas
3243 1163 3299 1209 et
3329 1136 3635 1213 illustratio
3660 1177 3792 1217 vime-

2222 1225 2293 1299 rit
2312 1240 2379 1282 ex
2408 1243 2536 1286 vero
2578 1232 2806 1291 lumine.
2861 1237 3023 1294 Sanir
3068 1252 3244 1299 autem
3295 1262 3466 1303 mons
3489 1250 3648 1319 juxta
3674 1252 3789 1308 litte-

2220 1331 2334 1372 ram
2359 1318 2568 1388 ipseest
2591 1324 2681 1393 qui
2704 1334 2760 1379 et
2780 1326 3039 1397 Hermon,
3061 1346 3224 1402 quem
3246 1336 3341 1391 alii
3362 1350 3576 1395 vocant
3590 1341 3784 1401 Sana:

2218 1406 2335 1477 lege
2374 1410 2680 1470 historiam.
2710 1416 2949 1475 Libanus
2993 1422 3390 1494 interpretatur
3443 1433 3655 1488 carulor
3695 1436 3785 1491 sive

2217 1499 2502 1569 dealbatio,
2526 1508 2671 1577 quod
2695 1518 2751 1564 et
2774 1510 2948 1581 ipsum
2969 1513 3038 1570 ad
3069 1516 3302 1586 gratiam
3327 1521 3579 1590 pertinet
3603 1524 3783 1583 alim

2216 1592 2538 1651 venientem.

2291 1701 2310 1734 ι
2347 1683 2588 1752 Quercus
2631 1690 2697 1746 de
2740 1689 2917 1750 Basan
2961 1694 3285 1756 dolaverunt
3333 1702 3394 1757 in
3442 1720 3630 1762 remos
3666 1716 3774 1774 tuas,

1271 1763 1500 1823 Ρριιτθοιί
1528 1770 1740 1831 decoris
1761 1791 1866 1848 ego
1882 1796 2023 1848 sum,
2058 1793 2115 1841 οι
2141 1780 2187 1840 Β
2221 1789 2241 1823 ι
2281 1780 2516 1832 transtra
2547 1787 2636 1870 tua
2665 1781 2911 1840 fecerunt
2942 1788 3039 1847 tibi
3063 1805 3131 1845 ex
3152 1791 3327 1848 ebore
3358 1793 3577 1863 Indico,
3599 1808 3651 1853 et
3674 1816 3774 1870 pra-

2214 1878 2235 1912 ι
2275 1863 2465 1919 toriola
2491 1867 2558 1923 de
2591 1869 2780 1926 insulis
2814 1873 2998 1932 italiae.
3031 1897 3052 1931 ι
3085 1877 3303 1945 Quanta
3335 1863 3690 1952 pulchritudo.
3704 1906 3772 1944 n-

2206 1951 2289 2007 vis
2317 1961 2374 2008 et
2402 1956 2749 2025 supellectilis
2778 1963 2919 2034 ejus,
2950 1975 3011 2021 ut
3032 1982 3215 2025 remos
3258 1951 3510 2030 haberet
3547 1978 3769 2044 cedria;

2204 2058 2309 2099 non
2340 2048 2634 2117 undelibet,
2665 2055 2761 2109 sed
2799 2057 2865 2112 de
2903 2057 3098 2125 Basan,
3125 2070 3181 2117 et
3209 2071 3478 2120 transtra
3503 2069 3769 2128 eburneas

2203 2135 2516 2201 prteteriola
2563 2140 2679 2199 sive
2706 2143 2924 2204 cellaria
2956 2148 3012 2202 in
3044 2150 3246 2219 quibus
3276 2170 3515 2213 merces
3548 2163 3765 2228 pretiuT

2202 2222 2354 2278 simae
2396 2239 2749 2299 reponuntur,
2786 2234 2855 2290 de
2887 2236 3076 2295 insulis
3114 2241 3420 2310 Chettiim,
3453 2222 3604 2316 quid
3632 2254 3769 2307 nmis

2203 2307 2413 2368 [uillam
2444 2318 2727 2387 vertimus,
2777 2338 2847 2379 ex
2887 2341 2953 2382 ea
2987 2330 3210 2401 regione
3263 2307 3414 2404 qui

2199 2400 2456 2472 pinquior
2478 2415 2591 2475 est,
2615 2425 2806 2502 omnes

2199 2490 2584 2578 intelligentes.‘
2627 2501 2883 2562 Dicamus
2929 2524 3061 2582 ergo
3094 2509 3263 2581 juxta
3311 2519 3611 2596 ἀνι-μῄ

2199 2581 2318 2639 ﬁeri
2355 2589 2508 2644 navis
2554 2590 2730 2665 Tyriae
2776 2597 2842 2651 de
2876 2581 3050 2654 Basan
3076 2642 3092 2668 ,
3145 2605 3216 2660 de
3269 2621 3401 2676 qua
3425 2581 3491 2664 et

2196 2674 2497 2733 scribitur:
2536 2698 2555 2730 ι
2583 2682 2729 2737 Dixit
2775 2685 3074 2756 Dominus,
3112 2694 3182 2749 de
3226 2674 3429 2754 Basan

2196 2774 2514 2824 convertam
2559 2769 2628 2827 de
2667 2774 2934 2844 profundo
2980 2783 3147 2838 maris
3188 2783 3389 2856 (Psal.
3448 2796 3681 2863 um}:
3722 2795 3766 2849 Et

2195 2854 2552 2927 ignominiam
2572 2873 2924 2933 peccatorum
2953 2854 3224 2928 convertit
3256 2877 3569 2949 Dominus,
3600 2896 3651 2940 et
3673 2902 3765 2941 aa-

2190 2950 2359 3003 vertit
2383 2950 2437 3005 in
2469 2967 2650 3010 remos
2674 2995 2690 3022 ,
2740 2968 2800 3012 ut
2837 2974 2962 3016 cum
2999 2965 3271 3033 apostolis
3313 2973 3650 3045 navigantes
3673 2994 3764 3048 pat-

2191 3036 2300 3092 sint
2345 3040 2414 3094 ad
2466 3050 2667 3099 terram
2710 3056 2767 3102 et
2814 3050 2883 3104 ad
2918 3050 3097 3107 littora
3150 3036 3495 3126 pervenire:
3549 3066 3614 3120 Et
3660 3036 3764 3123 iiut

1929 3103 2051 3108 -ν---
2876 3103 2881 3104 κ
3150 3103 3243 3126 τ..-
3272 3103 3494 3118 -νιων,
3549 3103 3614 3120 υ.
3660 3103 3763 3123 ιη...

499 3103 664 3161 disse.
729 3108 867 3167 Vera
913 3128 1090 3174 autem
1131 3131 1187 3178 et
1211 3126 1451 3194 perfecta
1485 3133 1827 3201 pulchritudo
1853 3143 1905 3196 ίη
1938 3146 2081 3201 "uno
2110 3128 2156 3191 C
2190 3133 2426 3183 transtra
2454 3131 2520 3186 de
2547 3133 2730 3201 ebore,
2760 3153 2885 3192 cum
2907 3142 3388 3204 mortiﬁcaverint
3426 3167 3643 3223 corpora
3665 3171 3763 3221 su,

504 3194 781 3223 I‘nm:n.-~
813 3203 915 3223 _2-9
946 3206 958 3218 ο
1032 3209 1087 3223 η.
1143 3213 1154 3223 .
1214 3215 1226 3223 .

504 3194 784 3254 hominum
810 3203 916 3259 nisi
944 3206 996 3261 in
1028 3209 1229 3269 Christi
1256 3194 1503 3289 corpore,
1533 3226 1677 3293 quod
1696 3228 2085 3300 interpretatur

497 3281 766 3354 Ecclesia,
794 3299 849 3345 et
872 3296 1159 3355 multorum
1190 3281 1501 3364 sanctorum
1529 3281 1821 3373 virtutibus
1838 3281 2079 3393 rcongre-

495 3381 678 3443 gatur.
722 3378 875 3436 Unde
924 3395 980 3439 et
1018 3388 1134 3458 ipse
1181 3392 1421 3464 loquitur
1465 3402 1534 3456 ad
1559 3418 1852 3474 sponsam:
1899 3378 2077 3470 «fota

495 3463 720 3532 pulchra
749 3485 829 3537 es,
857 3477 1103 3543 proxima
1150 3498 1288 3552 mea,
1339 3496 1395 3543 et
1441 3494 1653 3549 macula
1698 3513 1804 3554 non
1830 3504 1992 3558 estin
2025 3514 2080 3563 te

501 3552 678 3625 (Cant.
708 3561 803 3631 Iv).
840 3582 859 3616 ι
1111 3620 1114 3624 Α
1676 3570 1691 3583 ’

576 3647 865 3709 «Finitimi
913 3658 988 3712 tui
1029 3662 1120 3731 qui
1172 3672 1221 3721 te
1269 3669 1671 3732 :ediﬁcaverunt
1716 3680 2083 3751 impleverunt

497 3754 517 3786 ι
554 3738 803 3797 decorem
828 3754 999 3803 tuum.
1030 3753 1312 3813 Abietibus
1334 3762 1399 3817 de
1421 3762 1585 3819 Sanir
1606 3738 1992 3832 exstruxerunt
2023 3789 2076 3836 te

497 3844 516 3875 ι
539 3841 677 3905 (cum
704 3836 952 3894 omnibus
998 3843 1249 3902 tabulatis
1282 3852 1469 3907 maris.
1512 3855 1745 3915 Cedrum
1775 3864 1841 3919 de
1868 3865 2074 3927 Libano

493 3935 513 3966 ε
551 3916 789 3977 tulerunt
816 3934 874 3979 ut
896 3926 1139 3987 facerent
1169 3937 1262 3992 tibi
1301 3941 1520 3998 malum.
1556 3964 1575 3997 ι
1613 3948 1657 4004 Ο
1688 3950 1872 4021 igitur,
1904 3956 2065 4030 Tyre,

486 4020 609 4073 qua:
636 4009 817 4069 dixisti
863 4031 962 4085 per
1006 4027 1309 4092 superbiam
1339 4071 1355 4097 ,
1412 4051 1430 4084 ι
1462 4009 2072 4121 Ροτΐθοιίνὰρεοιοίεόρεδ

485 4111 627 4165 sum,
673 4104 790 4161 sive
820 4123 921 4177 ego
967 4112 1220 4174 decorem
1275 4124 1404 4180 mihi
1436 4129 1787 4202 circumdedi,
1823 4153 1945 4195 cum
1992 4143 2070 4199 sis

484 4186 589 4241 sita
618 4189 673 4244 in
719 4195 897 4251 medio
936 4203 1094 4269 mari,
1144 4210 1269 4264 audi
1310 4226 1512 4281 quanta
1560 4221 1657 4277 tibi
1696 4186 1791 4279 Dei
1818 4224 2069 4299 largitate

482 4281 681 4337 collata
708 4286 834 4340 sint.
869 4289 1105 4351 Finitimi
1133 4308 1189 4353 et
1215 4309 1538 4364 contermini
1589 4314 1694 4380 tui,
1743 4318 1834 4386 qui
1866 4281 1969 4376 utin
1999 4323 2066 4380 dc

481 4369 789 4444 longinquis
807 4380 900 4433 sed
933 4382 999 4436 de
1020 4385 1208 4445 vicinis
1232 4403 1358 4448 sunt
1387 4400 1713 4470 regionibus,
1735 4407 1838 4477 ipsi
1867 4411 2056 4483 imple-

479 4476 676 4537 verunt
701 4470 951 4530 decorem
982 4486 1164 4550 tuum;
1210 4496 1264 4542 et
1304 4496 1361 4544 tu

477 4553 713 4613 alienum
744 4563 864 4617 est?
903 4565 970 4621 Et
999 4567 1239 4641 loquitur
1264 4580 1419 4648 quasi
1448 4583 1516 4638 ad
1540 4582 1747 4645 'navem
1778 4553 2054 4668 τροπιζιῶς,

477 4645 626 4668 ..-λε-
657 4649 735 4668 -Βμ
779 4652 827 4668 ’Λ
1070 4659 1082 4668 “
1122 4662 1133 4668 “
1190 4663 1200 4668 ⁸

476 4645 629 4702 urbis
654 4649 966 4719 signiﬁcans
992 4645 1476 4737 pulchritudinem,
1512 4685 1566 4730 et
1602 4692 1785 4736 rerum
1809 4645 2055 4744 ἓ)ωηίυὲ

414 4760 417 4761 ν
476 4733 864 4798 abundantiam
886 4784 904 4812 ,
952 4756 1013 4803 ut
1048 4762 1333 4824 postquam
1362 4733 1665 4823 universam
1695 4769 1838 4829 illius
1879 4778 2055 4847 supel-

1761 4825 1834 4829 ρ-
1880 4825 2030 4847 __,--

474 4825 705 4887 lectilem
732 4836 1098 4909 descripserit,
1126 4848 1345 4917 malum,
1369 4864 1654 4925 antennas,
1685 4877 1885 4931 remos,
1911 4869 2053 4939 vela,

471 4933 709 4990 proram,
734 4928 998 4996 carinam,
1023 4931 1200 5001 funes,
1223 4946 1517 5014 opertoria,
1541 4951 1730 5021 pelles,
1752 4965 1806 5010 et
1833 4970 2050 5030 cetera,

2186 3224 2272 3278 vel
2323 3242 2478 3282 usum
2533 3230 2773 3287 dentium
2822 3236 2891 3289 ad
2935 3236 3122 3295 laudes
3168 3241 3276 3297 Dei
3322 3249 3657 3305 conmlcrint.
3700 3252 3767 3307 Et

2182 3316 2488 3381 prmtoriola
2536 3319 2651 3376 sive
2695 3323 2915 3381 cellaria
2963 3328 3030 3383 de
3079 3329 3287 3388 insulis
3339 3336 3617 3405 Chettiim,
3658 3355 3763 3412 qu

2177 3401 2333 3471 juxta
2386 3405 2639 3464 Hebraici
2682 3415 2952 3470 sermonis
3001 3420 3416 3493 etymologiam
3469 3430 3681 3483 vertitur
3717 3429 3760 3485 ὴ

2180 3507 2511 3563 percussam,
2541 3508 2601 3554 ut
2642 3503 2816 3575 plagis
2843 3506 3037 3563 diaboli
3070 3526 3179 3566 non
3226 3522 3353 3570 tam
3407 3519 3758 3575 interiectas}

2179 3596 2343 3650 quam
2374 3588 2625 3656 probata.
2665 3592 2963 3653 Possumus
2986 3614 3053 3654 ex
3080 3601 3254 3659 ebore
3276 3616 3339 3662 et
3375 3609 3755 3680 sylvestresdo-

2172 3678 2296 3727 'mos
2344 3675 2526 3733 dicere
2567 3680 2635 3736 de
2664 3682 2855 3740 insulis
2879 3685 3169 3756 Chettiim,
3204 3707 3356 3762 quas
3389 3675 3633 3757 bat-elici
3668 3715 3751 3754 una

2175 3762 2230 3817 in
2262 3764 2422 3821 domo
2448 3768 2567 3836 Dei,
2598 3773 2691 3828 sed
2720 3774 2775 3830 in
2806 3777 2929 3832 navi
2956 3778 3116 3850 Tyria
3146 3781 3449 3845 fabricare
3474 3800 3748 3846 conantur:

2174 3859 2230 3906 et
2260 3854 2360 3923 ipsi
2401 3856 2668 3917 habentes
2717 3864 2851 3919 ebur
2890 3883 3047 3923 suum
3101 3876 3430 3942 sermonis,
3485 3889 3545 3934 et
3588 3881 3748 3951 lingat

2172 3943 2501 4002 :edilieantes
2550 3953 2745 4023 templa
2777 3956 2868 4011 Dei
2901 3960 3097 4030 templo
3124 3969 3448 4035 contraria,
3499 3982 3558 4026 et

2171 4032 2487 4104 sylvestres,
2511 4040 2818 4100 habitacula
2846 4048 3165 4118 bestiarum,
3213 4071 3348 4111 cum
3386 4059 3746 4133 δεύρωηὸ

2170 4134 2257 4179 cat
2286 4127 2339 4181 in
2376 4130 2537 4186 domo
2561 4133 2657 4188 Dei
2691 4151 2912 4194 nemora
2960 4150 3017 4197 et
3037 4144 3218 4216 sylvas
3242 4158 3304 4203 et
3329 4151 3499 4210 lucos
3523 4172 3629 4212 non
3650 4172 3745 4214 ei:

2166 4216 2288 4285 plan
2297 4220 2507 4277 tandos.

2242 4324 2261 4357 ι
2296 4308 2497 4380 Byssus
2525 4315 2670 4369 varia
2697 4316 2764 4371 de
2789 4318 3026 4392 Egypto
3051 4332 3199 4380 texta
3234 4339 3326 4385 est
3374 4333 3483 4390 tibi
3512 4337 3572 4391 in
3593 4337 3740 4393 νὼ

2171 4413 2192 4447 ι
2226 4407 2284 4453 ut
2311 4411 2602 4469 poneretur
2628 4405 2684 4459 in
2704 4409 2868 4475 malo,
2894 4412 3220 4482 hyacinthus
3242 4427 3301 4473 et
3321 4418 3583 4494 purpura
3604 4427 3741 4483 dei-

1403 4505 1564 4563 ρυωε
1595 4507 1747 4555 mum
1771 4519 1892 4562 esse
1917 4513 2060 4578 quod
2085 4484 2139 4544 D
2168 4506 2188 4540 ι
2223 4490 2355 4546 sulis
2382 4492 2513 4583 eli_sa
2563 4494 2706 4552 facta
2750 4509 2875 4555 sunt
2920 4484 3339 4573 operimentum
3362 4484 3549 4569 tuum.
3583 4536 3602 4569 ι
3628 4516 3738 4583 ω.

2164 4576 2375 4633 dixerat
2425 4578 2601 4652 Tyrus
2632 4602 2645 4638 :
2684 4605 2702 4638 ι
2731 4586 2965 4647 Perfecti
3006 4593 3218 4652 decoris
3271 4614 3381 4670 ego
3432 4617 3601 4670 sum,
3632 4576 3737 4660 rid

2168 4684 2189 4718 ι
2219 4667 2551 4727 circumdedi
2592 4674 2725 4730 mihi
2759 4677 2873 4767 ipsa
2920 4667 3383 4751 pulchritudinem
3406 4732 3427 4757 ,
3464 4713 3484 4746 ι
3520 4667 3737 4767 θέε-ιη

2159 4752 2289 4822 quid
2315 4768 2347 4808 a
2376 4756 2603 4828 singulis
2626 4766 2896 4834 acceperit
2932 4769 3261 4841 regionibus,
3293 4752 3731 4839 illud

2159 4841 2455 4916 Scriptum
2498 4864 2515 4904 :
2548 4871 2568 4904 ι
2604 4852 2743 4920 Quid
2791 4856 2977 4923 habes,
3017 4864 3159 4931 quod
3200 4880 3311 4922 non
3354 4874 3657 4944 accepisti!
3683 4873 3730 4931 Si

2157 4942 2341 4991 autem
2386 4941 2668 5011 accepisti,
2696 4946 2825 5015 quid
2871 4948 3145 5019 gloriaris,
3170 4958 3330 5025 quasi
3362 4941 3727 5034 nou—acume-

2156 5022 2271 5078 ris?
2299 5025 2350 5098 (1
2378 5027 2501 5085 Cor.
2528 5032 2624 5105 iv.)
2655 5053 2676 5088 ι
2706 5035 3041 5097 Describitur
3076 5022 3207 5116 ergo
3233 5048 3364 5117 quid
3409 5022 3727 5125 unaquaque

2152 5113 2334 5169 mittat
2360 5123 2660 5189 provincia,
2696 5129 2990 5186 secundum
3011 5113 3589 5209 illud'Virgilianurn:

2344 5267 2476 5343 ludia
2490 5275 2649 5343 mittit
2670 5275 2818 5343 ebur,
2843 5281 3015 5332 molles
3032 5296 3119 5334 sua
3140 5286 3276 5337 thura
3292 5291 3457 5342 Sabei
3474 5307 3490 5343 :

2341 5331 2400 5411 ﬁt
2421 5333 2627 5411 Qalybcs
2650 5338 2760 5411 duri
2785 5331 2986 5408 ferrum,
3011 5331 3276 5411 uiuam;
3288 5331 3475 5405 ἔδειτῶ

2340 5393 2587 5458 Castorea,
2615 5406 2713 5448 etc.

2151 5514 2350 5587 Byssus
2398 5521 2450 5575 in
2480 5523 2712 5598 Egypto
2754 5547 2914 5600 quam
2944 5537 3177 5593 maxime
3212 5542 3480 5610 nascitur,
3507 5559 3578 5601 ex
3630 5558 3721 5616 φ

2149 5616 2460 5666 contextum
2510 5627 2593 5670 est
2640 5618 2815 5689 Tyriae
2843 5625 2995 5680 navis
3041 5628 3239 5695 velum,
3271 5634 3415 5702 quod
3449 5634 3721 5705 suspensi-

2149 5704 2239 5753 tur
2266 5701 2429 5770 malo,
2458 5713 2513 5760 et
2540 5709 2936 5779 operimentum
2979 5715 3138 5787 illius,
3183 5701 3327 5792 quod
3372 5723 3429 5780 in
3473 5726 3609 5782 solis
3634 5741 3717 5778 ca-

3733 320 3822 380 771
