3916 6356
141 364 252 431 7'73

1093 373 1442 432 COMMENT.
1483 372 1548 426 IN
1588 369 2038 426 EZECIIIELEM.
2073 402 2145 412 —
2177 373 2304 430 LIB.
2349 375 2420 432 X.

3284 375 3385 430 775

139 484 257 540 lore
293 494 453 555 atque
495 485 781 556 tranquillo
810 484 988 538 nautis
1032 491 1192 551 atque
1235 480 1540 536 vectoribus
1572 494 1708 548 prze-
1735 486 1784 543 Α
1813 478 1878 531 Et
1904 487 2050 532 certe
2076 478 2230 548 juxta
2258 479 2573 550 Apostolum
2614 480 2794 553 (Rom.
2820 475 3065 555 ix)'nibil
3113 485 3166 539 in
3195 485 3386 538 matris

136 575 237 630 bet
264 575 632 630 umbraculum
667 593 680 629 :
713 575 779 628 de
811 573 1101 644 hyacintho
1129 579 1184 626 et
1221 585 1458 640 purpura
1490 569 1570 634 fit,
1597 583 1715 638 qua:

140 675 271 721 sunt
297 669 362 722 de
391 666 600 730 insulis,
630 665 774 720 Elisa
809 664 939 718 Ionii
965 663 1234 733 maris.sic
1260 661 1534 731 appellans
1564 661 1714 714 insu-

139 759 253 825 las;
280 774 441 830 porro
463 758 616 828 juxta
639 756 778 812 LXX
798 757 864 810 de
888 757 1050 826 bysso
1073 755 1124 808 in
1149 762 1378 810 stratum
1401 762 1452 808 et
1475 752 1715 822 requiem

140 851 320 920 Tyriae
350 849 501 904 navis
523 848 823 904 velamenta
855 854 1125 909 texuntur,
1156 854 1217 899 ut
1258 845 1343 898 his
1370 850 1554 912 operta
1595 841 1714 910 glo-

142 943 337 997 riosior
365 942 455 1004 sit,
485 948 540 996 et
563 940 888 995 circumdata
923 939 1178 992 amictum
1209 937 1405 990 habeat
1442 934 1714 1004 pulchrio-

142 1049 258 1087 rem
280 1050 293 1086 :
314 1035 531 1104 byssum
563 1040 741 1086 autem
767 1029 959 1085 referri
986 1029 1054 1084 ad
1091 1036 1310 1090 terram,
1328 1026 1456 1095 quia
1477 1038 1542 1079 ex
1571 1033 1714 1077 terra

136 1124 332 1188 oritur,
361 1130 415 1176 et
441 1122 791 1192 hyacinthum
820 1121 886 1175 ad
912 1135 1115 1185 aerem,
1144 1133 1432 1189 purpuram
1453 1115 1523 1170 ad
1564 1128 1714 1170 mare

138 1226 207 1265 ex
239 1227 343 1280 quo
386 1211 690 1274 conficitur,
721 1210 900 1265 addito
936 1209 1155 1264 coccino
1184 1209 1267 1263 bis
1296 1207 1485 1271 tincto,
1522 1206 1714 1276 quibus

139 1301 412 1371 pontiﬁcis
469 1301 784 1356 vestimenta
835 1307 1111 1363 texuntur,
1156 1311 1297 1366 saepe
1343 1295 1715 1350 admonuimus

137 1386 285 1453 quod
339 1394 569 1455 quatuor
593 1385 856 1440 elementa
884 1383 1206 1454 signiﬁcent,
1257 1391 1479 1443 terram,
1513 1381 1710 1450 ignem,

136 1490 346 1539 acrem,
393 1485 448 1530 et
497 1490 684 1544 aquas,
721 1490 788 1528 ex
825 1475 1019 1543 quibus
1066 1478 1314 1527 constant
1360 1470 1560 1534 omnia,
1596 1483 1714 1536 quae

137 1565 242 1620 sibi
293 1565 583 1634 assumpsit
617 1564 811 1634 Tyrus,
841 1571 900 1616 ut
948 1562 1040 1616 Dei
1071 1560 1333 1616 creaturis
1378 1574 1483 1614 non
1531 1567 1714 1612 utatur

134 1668 264 1709 cum
303 1654 496 1724 gratia,
527 1654 620 1708 sed
650 1653 816 1718 dicat,
848 1672 866 1703 ι
888 1651 1116 1706 Perfecti
1144 1650 1352 1704 decoris
1380 1663 1478 1719 ego
1507 1663 1648 1714 sum,
1687 1668 1707 1701 ι

131 1743 224 1797 vel
253 1744 502 1798 decorem
531 1743 661 1796 mihi
687 1743 799 1811 ipsa
837 1741 1184 1796 circumdedi.

1815 578 1970 624 utero
2003 570 2279 625 constituti
2304 571 2428 626 boni
2453 572 2537 627 vel
2566 572 2690 626 mali
2715 572 2972 638 fecerant,
2994 589 3091 628 nec
3117 574 3388 628 habebant

1815 661 2067 715 meritum
2098 676 2199 716 nec
2245 661 2524 728 offensam,
2557 671 2616 716 ut
2655 663 2790 716 alter
2813 665 3121 734 eligeretur,
3156 674 3210 719 ct
3251 665 3388 720 alter

1816 752 2157 822 abjiceretur,
2180 753 2284 808 nisi
2307 754 2447 823 quod
2474 755 2526 807 in
2555 763 2700 825 typo,
2731 762 2790 807 ut
2812 742 3062 819 diximus,
3088 755 3386 826 Synagoga:

1813 841 1868 895 et
1883 842 2154 908 Ecclesiae,
2172 844 2350 898 senior
2368 843 2663 914 repellitur,
2680 852 2732 899 et
2744 845 3240 914 assumiturjunior.
3259 844 3387 899 0m-

1814 947 1930 998 nes,
1958 934 2149 1003 inquit,
2191 949 2354 991 naves
2389 935 2556 989 maris
2584 943 2638 989 et
2674 945 2850 989 nautae
2876 951 3060 989 earnm
3091 936 3308 991 fuerunt
3331 937 3384 992 in

1812 1023 2006 1093 populo
2042 1023 2419 1094 negotiationis
2447 1023 2641 1094 Tyriaz,
2673 1024 2788 1078 sive
2831 1024 2885 1077 in
2926 1025 3204 1078 occidente
3244 1024 3390 1081 occi—

1813 1113 2010 1180 dentis,
2033 1116 2301 1183 quomodo
2323 1113 2810 1169 diciturCanticum
2832 1116 3186 1182 canticorum,
3216 1127 3272 1171 et
3290 1129 3392 1171 sm-

1814 1205 1932 1260 cula
1965 1206 2304 1273 sazculorum,
2334 1215 2388 1261 et
2409 1221 2571 1277 opera
2612 1221 2856 1276 operum,
2884 1217 2944 1261 ut
2981 1209 3248 1262 canticum
3279 1222 3390 1261 ma-

1807 1295 1897 1365 jus
1933 1296 2052 1350 aliis
2081 1297 2309 1351 canticis
2352 1297 2442 1361 sit,
2474 1303 2528 1350 et
2558 1296 2811 1350 saeculum
2854 1296 3111 1364 prolixius
3141 1296 3261 1350 aliis
3291 1302 3388 1350 Sce-
3455 1322 3459 1324 -

1811 1386 1969 1449 culis,
2001 1402 2242 1456 opusque
2277 1386 2487 1440 cazteris
2511 1385 2763 1454 operibus
2789 1386 2972 1439 utilius
3000 1403 3012 1439 :
3047 1386 3124 1439 sic
3153 1385 3387 1455 appella-

1815 1485 1900 1530 tur
1941 1477 2194 1532 oecidens
2242 1475 2554 1542 occidentis,
2592 1484 2650 1530 ut
2697 1477 3118 1546 magnitudinem
3145 1477 3388 1531 occiden-

1813 1567 1998 1621 talium
2023 1567 2256 1636 partium
2283 1565 2565 1636 significet.
2598 1565 2665 1620 Et
2691 1565 2926 1636 pulchra:
2953 1580 3117 1618 naves
3146 1565 3311 1618 maris
3333 1574 3388 1618 et

1811 1666 1988 1712 nauta:
2017 1672 2202 1712 earum
2227 1663 2281 1708 et
2316 1655 2566 1724 remiges,
2594 1656 2684 1724 qui
2715 1655 2766 1708 in
2799 1654 2974 1724 Tyria:
3013 1654 3164 1707 navis
3189 1654 3388 1708 auxilio

1812 1754 1955 1809 sunt,
1988 1759 2090 1798 non
2113 1751 2341 1815 pergunt
2366 1744 2432 1797 ad
2457 1744 2741 1806 orientem,
2771 1757 2873 1796 nec
2917 1743 2984 1795 ad
3009 1751 3188 1794 ortum
3233 1741 3390 1795 lumi-

215 1853 234 1884 ί
275 1833 614 1888 Nammores
663 1831 878 1887 Sidonis
911 1838 966 1885 ει
992 1829 1177 1884 Aradii
1227 1827 1442 1883 Γυθτυηῑ
1483 1828 1712 1897 remiges
1739 1823 1787 1883 Β
1815 1837 1918 1899 nis,
1945 1835 2037 1890 ubi
2067 1835 2145 1890 sol
2177 1833 2401 1901 justitia:
2425 1833 2684 1894 nascitur,
2715 1832 2808 1885 sed
2847 1831 2912 1884 ad
2943 1831 3274 1885 occidentem
3303 1845 3390 1884 oc-

138 1942 167 1977 c
201 1925 298 1978 tui.
334 1925 616 1995 Sapientes
653 1925 749 1990 tui,
780 1924 942 1994 Tyre,
995 1921 1122 1977 facti
1173 1929 1297 1976 sunt
1326 1920 1712 1990 gubernatores

141 2034 163 2065 ‹
200 2014 294 2067 tui.
327 2029 483 2069 senes
503 2013 662 2070 Giblii
689 2023 745 2068 et
769 2013 1059 2083 prudentes
1080 2012 1196 2082 ejus
1218 2012 1559 2081 praebuerunt
1581 2024 1722 2062 nau-

141 2123 162 2154 ε
201 2113 302 2168 tas,
328 2105 392 2158 ad
416 2104 774 2160 ministerium
800 2104 964 2158 varia:
991 2101 1337 2172 supellectilis
1368 2111 1489 2155 tum.
1514 2101 1714 2156 Omnes

141 2212 162 2244 ι
199 2208 361 2249 naves
390 2195 556 2250 maris
575 2204 633 2250 et
657 2204 833 2249 nauta:
856 2209 1041 2248 earum
1071 2192 1288 2248 fuerunt
1313 2193 1364 2245 in
1395 2191 1592 2260 popqu
1619 2205 1713 2244 ne-

141 2301 162 2334 ‹
199 2283 508 2353 gotiationis
532 2293 654 2338 tute.
669 2304 686 2336 ι
708 2284 928 2339 Dixerat
949 2298 1109 2353 supra
1131 2281 1423 2336 :«Finitiini
1447 2281 1520 2334 tui
1546 2280 1636 2349 qui
1663 2275 1746 2334 te”

131 2373 538 2430 anlilioaverunt
561 2373 914 2443 impleverunt
935 2375 1182 2428 decorem
1207 2380 1374 2435 tuu‘m,
1388 2389 1405 2421 ι
1426 2379 1711 2440 antequam

134 2464 356 2517 veniant
383 2462 449 2516 ad
480 2478 573 2518 eos
599 2464 690 2532 qui
728 2463 884 2534 longe
911 2464 1173 2527 habitant,
1199 2462 1566 2531 proximarum
1589 2475 1714 2531 pro-

135 2554 438 2607 vinciarum
462 2553 718 2608 describit
739 2553 956 2608 auxilia.
993 2553 1360 2615 Ilabitatores,
1394 2551 1586 2618 inquit,
1612 2551 1711 2615 tui,

132 2645 252 2697 sive
279 2643 544 2713 principes
571 2643 787 2698 Sidonis
810 2651 866 2699 et
901 2642 1107 2707 Aradii,
1135 2657 1254 2710 qua:
1285 2641 1459 2694 vicina
1500 2650 1584 2694 est
1627 2639 1711 2693 in-

133 2733 278 2795 sula,
303 2734 534 2803 remiges
557 2733 630 2786 tui
648 2749 663 2798 ;
682 2733 952 2803 sapientes
971 2733 1068 2797 tui,
1084 2748 1118 2784 (ι
1137 2732 1296 2801 Tyre,
1315 2730 1439 2784 facti
1471 2739 1595 2784 sunt
1617 2713 1715 2800 gu-

133 2822 453 2876 bernatores
481 2822 575 2875 tui.
604 2821 685 2874 Ad
729 2822 998 2891 sapientes
1041 2821 1185 2876 enim
1217 2821 1434 2890 proprie
1480 2820 1714 2888 pertinet

130 2912 479 2980 gubernatio,
512 2910 788 2982 Scriptura
815 2912 1025 2966 dicente
1053 2924 1069 2964 :
1101 2929 1120 2960 ι
1143 2911 1346 2977 Quibus
1381 2923 1486 2962 non
1513 2916 1596 2962 est
1619 2923 1728 2978 gum

134 3002 408 3068 bernatio,
423 3002 620 3057 cadunt
639 3002 794 3072 quasi
822 3001 1002 3057 foliaa
1025 3001 1192 3056 Senes
1224 3001 1336 3055 sive
1361 3000 1604 3055 seniores
1622 2997 1715 3053 Gi-

135 3093 232 3147 blii
263 3103 317 3146 et
344 3093 632 3162 prudentes
657 3093 773 3164 ejus
793 3092 1138 3163 praebuerunt
1161 3099 1353 3144 nautas
1377 3089 1443 3144 ad
1473 3087 1715 3142 ministe-

137 3184 300 3248 rium,
335 3184 448 3238 sive
482 3183 918 3240 confortaverunt
947 3181 1228 3236 consilium
1256 3179 1401 3250 Tyri,
1426 3187 1482 3234 et
1506 3179 1708 3232 variam
1736 3173 1781 3235 C

132 3273 520 3346 supellectilem
567 3273 926 3344 praebuerunt.
980 3272 1285 3338 Omnesque
1334 3268 1501 3322 maris
1545 3281 1708 3320 naves

132 3376 196 3421 et
223 3373 398 3420 nauta:
425 3380 610 3420 earum
648 3364 863 3420 fuerunt
900 3365 952 3417 in
985 3361 1180 3431 popqu
1209 3358 1584 3428 negotiationis
1607 3357 1648 3410 Τ
1651 3372 1711 3427 yo

135 3456 256 3521 riae,
291 3456 405 3510 sive
432 3455 484 3508 in
515 3456 791 3509 occidente
816 3452 1128 3508 occidentis.
1148 3448 1260 3503 l‘Ioc
1295 3449 1487 3502 iterum
1513 3461 1708 3500 secun-

137 3547 268 3599 dum
314 3545 566 3599 litteram.
595 3545 856 3599 Cancrum
886 3543 1040 3612 juxta
1087 3540 1341 3609 mysticus
1385 3537 1708 3602 intellectus,

138 3636 267 3705 quia
301 3635 503 3689 Sidonii
537 3637 955 3704 interpretantur
982 3641 1284 3695 venatores,
1323 3638 1378 3684 et
1413 3630 1595 3684 Aradii
1622 3632 1728 3684 de-l

138 3734 418 3797 ponentes,
443 3725 682 3780 dicemus
703 3724 902 3794 Tyrum
941 3723 1228 3793 gloriosam
1282 3730 1338 3775 et
1385 3721 1712 3790 superbissi-

141 3834 288 3872 mam
315 3819 605 3882 civitatem,
637 3833 756 3886 qua:
777 3825 936 3870 vento
963 3814 1124 3868 ﬂante
1165 3821 1352 3883 postea
1387 3812 1713 3867 conterenda

137 3917 245 3971 est,
287 3909 484 3962 habere
514 3908 659 3960 cives
700 3907 814 3960 sive
845 3904 1113 3976 principes
1149 3911 1450 3964 venatores,
1481 3901 1547 3955 de
1589 3901 1713 3969 qui-

137 3997 244 4052 bu's
273 3997 530 4066 scriptum
563 4003 644 4050 est
671 4013 684 4048 :
718 4013 736 4045 ‹
769 3994 962 4047 Anima
993 4001 1174 4048 nostra
1206 3991 1358 4061 quasi
1388 4006 1575 4058 passer
1596 4006 1716 4045 ere-

134 4097 234 4158 pta
282 4095 367 4141 est
415 4087 481 4139 de
527 4087 716 4155 laqueo
763 4083 1071 4137 venantium
1095 4081 1266 4152 (l’sal.
1318 4080 1530 4149 cum).
1565 4100 1582 4132 ι
1613 4079 1716 4134 Ubi

135 4178 290 4231 enim
320 4191 418 4230 nos
462 4175 688 4242 legimus
731 4173 1062 4237 venantium,
1106 4173 1158 4225 ἱ.ι
1187 4171 1414 4225 Hebraeo
1455 4171 1716 4239 scriptum

136 4275 230 4322 eSt
277 4265 615 4320 Sidoniorum
643 4282 656 4318 :
683 4263 775 4317 Isti
807 4272 1076 4317 venantur
1101 4262 1344 4317 incautas
1395 4261 1624 4324 animas,
1662 4261 1717 4315 in

137 4358 461 4415 sublimibus
486 4357 825 4420 constitutas,
855 4355 922 4409 ad
952 4366 1166 4409 terrena
1205 4354 1496 4417 deducunt,
1524 4362 1578 4407 et
1601 4352 1716 4406 cili-

137 4452 359 4505 ciuntur
389 4447 618 4518 remiges
643 4455 700 4500 ut
729 4447 926 4501 ducant
946 4461 1041 4500 eas
1067 4446 1135 4498 ad
1165 4442 1462 4514 naufragia.
1490 4441 1714 4513 Sapien-

143 4554 226 4598 tos
254 4549 432 4595 autem
462 4539 609 4610 Tyri,
650 4539 742 4608 qui
791 4539 844 4592 in
880 4537 1075 4592 malam
1116 4547 1322 4605 partem
1353 4535 1712 4604 accipiuntur,

138 4649 239 4705 per
264 4648 428 4702 quam
457 4631 814 4701 sapientiores
846 4639 973 4684 sunt
1000 4628 1092 4682 ﬁlii
1126 4627 1469 4681 tenebrarum
1499 4641 1563 4680 ac
1592 4625 1716 4681 filiis

141 4725 297 4789 lucis,
328 4724 430 4794 ipsi
455 4724 758 4793 gubernant
787 4722 986 4792 Tyrum
1033 4719 1310 4789 naufragio
1337 4726 1714 4787 prmparatam.

141 4817 399 4870 Seniores
435 4814 596 4869 Giblii
627 4823 681 4870 et
712 4815 1001 4884 prudentes
1038 4809 1156 4879 ejus
1196 4811 1540 4878 praebuerunt
1586 4823 1717 4862 nau-

142 4916 228 4960 tas
253 4907 393 4978 Tyro
429 4907 497 4961 ad
523 4905 902 4969 ministerium,
932 4903 1047 4958 sive
1072 4901 1510 4956 confortaverunt
1535 4897 1718 4952 consi-

142 5000 277 5053 lium
300 4997 434 5067 ejus.
468 4995 633 5052 Sacra
679 5003 865 5051 narrat
910 4993 1132 5049 historia
1181 4992 1418 5046 seniores
1451 4989 1714 5060 plurimos

139 5091 315 5145 fuisse
359 5105 390 5144 a
439 5089 665 5145 Domino
699 5089 1034 5159 reprobatos,
1061 5093 1117 5140 et
1154 5084 1398 5155 juniores
1421 5083 1619 5138 electos
1660 5082 1714 5135 in

142 5195 330 5252 typum
357 5179 655 5252 Synagogze
681 5187 735 5232 et
761 5177 1033 5231 Ecclesize.
1068 5173 1260 5229 Senior
1282 5173 1412 5229 Cain
1443 5172 1714 5242 abjicitur,

139 5280 198 5324 et
223 5270 358 5325 Abel
390 5269 576 5340 junior
617 5267 848 5338 eligitur.
881 5265 1070 5321 Ismael
1106 5264 1246 5318 filius
1271 5263 1564 5328 Abraham,
1589 5261 1718 5317 alie-

141 5377 250 5416 nus
274 5377 303 5415 a
330 5370 484 5432 patre
511 5369 612 5425 est,
636 5367 689 5414 et
714 5358 862 5414 Isaac
881 5357 1062 5427 junior
1089 5356 1458 5412 haereditatem
1480 5355 1714 5425 accepit;

145 5453 383 5507 filiorum
426 5467 643 5522 quoque
685 5451 834 5506 Isaae
894 5450 1074 5505 senior
1114 5451 1255 5505 Esau
1283 5461 1507 5506 venator
1533 5461 1632 5515 est,
1667 5457 1722 5505 et

141 5553 378 5612 vagatur
423 5544 480 5599 in
527 5543 749 5598 saltibus
779 5561 792 5596 :
818 5539 1002 5611 junior
1043 5541 1210 5596 Jacob
1259 5542 1574 5611 simpliciter
1619 5541 1719 5596 do-

144 5650 297 5689 mum
328 5633 551 5688 habitat.
596 5633 746 5688 Uude
793 5632 1050 5701 scriptum
1087 5641 1173 5687 est
1214 5632 1268 5686 et
1317 5633 1370 5686 in
1413 5632 1715 5688 Malaehia:

150 5747 170 5778 (
201 5725 368 5782 .Iacob
396 5725 581 5792 dilexi,
605 5725 744 5781 Esau
772 5733 948 5781 autem
977 5724 1103 5780 odio
1134 5724 1292 5780 habui
1318 5721 1570 5795 (Malam.
1596 5725 1656 5796 ι).
1693 5746 1710 5776 ι

1811 1932 2059 2012 cidentis,
2090 1931 2179 1984 ubi
2225 1931 2402 1985 lumen
2449 1930 2735 2000 occumbit,
2767 1939 2823 1983 et
2858 1927 2997 1982 unde
3045 1927 3384 1982 tenebrarum

1813 2023 2090 2079 exordium
2118 2030 2219 2077 est.
3251 2040 3254 2043 ·

1887 2132 1905 2163 ι
1939 2111 2114 2166 Persce
2139 2121 2193 2166 et
2218 2111 2395 2182 Lydii,
2426 2120 2480 2166 et
2499 2111 2692 2182 Libyes
2723 2119 2876 2187 erant
2919 2109 2972 2162 in
2998 2108 3236 2163 exercitu
3274 2113 3385 2170 tuo,

1819 2219 1836 2252 ι
1869 2201 1970 2254 viri
2001 2200 2286 2256 bellatores
2339 2201 2436 2266 tui,
2464 2201 2710 2271 clypeum
2749 2208 2802 2254 et
2844 2199 3049 2268 galeam
3097 2196 3396 2266 suspende-'

1817 2307 1840 2340 ς
1868 2297 1991 2342 runt
2018 2289 2074 2342 in
2119 2297 2170 2343 te
2195 2303 2292 2357 pro
2317 2297 2508 2343 ornatu
2545 2293 2653 2342 tuo.
2671 2283 2676 2286 ’
2694 2307 2711 2337 ι
2747 2287 2938 2340 Persas
2967 2283 3133 2337 fuisse
3162 2279 3392 2337 fortissi-

1811 2394 1948 2444 mos,
1979 2389 2208 2449 quorum
2251 2393 2346 2433 rex
2373 2379 2544 2449 Cyrus
2584 2379 2733 2446 [sane
2761 2378 3013 2431 vaticinio
3044 2375 3385 2445 praedicatus,

1811 2470 2070 2525 subverso
2097 2469 2316 2539 Astiage
2344 2483 2469 2539 rege
2507 2468 2801 2532 Medorum,
2831 2465 3156 2537 Babylonem
3181 2478 3380 2533 cmpe-

1813 2557 1902 2624 rit,
1931 2565 1986 2612 et
2018 2572 2175 2612 sacra
2200 2563 2254 2611 et
2281 2557 2555 2612 saacularis
2578 2563 2762 2609 narrat
2779 2553 3025 2608 historia.
3048 2552 3226 2623 Lydos
3251 2564 3386 2620 quo-

1811 2656 1916 2720 que
1941 2649 2032 2704 illo
2071 2658 2312 2719 tempore
2342 2649 2484 2702 inter
2507 2656 2694 2719 gentes
2742 2645 3142 2700 robustissimas
3176 2650 3391 2711 reputa-

1813 2749 1915 2807 tos,
1942 2756 2173 2809 quorum
2201 2756 2295 2795 rex
2326 2740 2545 2795 Croesus
2573 2739 2641 2792 ab
2668 2737 2855 2793 eodem
2881 2735 3022 2806 Cyro
3064 2744 3253 2804 captus
3295 2734 3384 2798 sit,

1812 2830 2109 2902 Xenophon
2138 2831 2327 2887 scribit
2354 2831 2685 2901 plenissime,
2711 2838 2767 2884 et
2791 2829 2988 2899 Libyas
3017 2828 3139 2883 eum
3179 2827 3386 2897 Trogo-

1811 2923 1973 2993 dytis,
2015 2934 2071 2977 et
2114 2922 2462 2991 Ethiopibus
2509 2921 2720 2975 venisse
2746 2927 2948 2974 contra
2990 2917 3286 2972 Jerusalem
3332 2916 3399 2970 in”

1811 3013 2260 3083 Paralipomenon
2282 3011 2554 3067 volumine
2579 3010 2824 3079 legimus.
2845 3009 2944 3076 Qui
2975 3010 3099 3077 quia
3126 3008 3230 3062 illis
3257 3015 3390 3062 tem-

1813 3104 2034 3173 poribus
2083 3101 2449 3157 llorentissimi
2477 3107 2634 3154 erant
2677 3107 2732 3153 et
2768 3098 2959 3153 famosi
2991 3100 3056 3152 ad
3084 3097 3272 3166 prmlia‘
3295 3111 3392 3165 pu-

1813 3203 2082 3264 gnatores,
2108 3191 2284 3262 Tyriae
2308 3191 2458 3244 urbis
2487 3187 2798 3244 defensores
2831 3199 2949 3241 esse
2997 3193 3386 3250 memorantur,

1808 3289 1864 3334 et
1891 3281 1957 3334 ad
2003 3279 2283 3333 terrendos
2313 3277 2495 3332 hostes
2522 3285 2673 3332 scuta
2719 3283 2773 3329 et
2803 3273 2982 3343 galeas
3010 3273 3064 3326 in
3113 3287 3390 3326 murorum

1808 3368 2224 3440 propugnaculis
2265 3367 2634 3438 suspendisse.
2666 3364 2937 3435 Spiritalis
2982 3371 3159 3416 autem
3197 3361 3389 3416 intelli-

1809 3460 1988 3530 gentia
2035 3458 2163 3512 illud
2210 3464 2385 3521 sonat,
2415 3455 2556 3525 quod
2608 3454 2804 3517 Persaz,
2827 3451 2918 3522 qui
2967 3452 3390 3520 interpretantur

1811 3557 2082 3604 tentantes
2111 3547 2224 3601 sive
2261 3545 2465 3608 tentati,
2497 3551 2554 3598 et
2586 3542 2758 3613 Lydii,
2805 3556 2940 3611 quos
2980 3547 3264 3610 generatos
3305 3539 3388 3592 in-

1812 3640 2122 3710 telligimus,
2149 3646 2204 3690 et
2241 3637 2455 3707 Libyes,
2485 3633 2576 3702 qui
2624 3632 2888 3686 Hebraico
2924 3644 3172 3686 sermone
3200 3629 3385 3699 appel-

1813 3733 1992 3787 lantur
2016 3733 2169 3802 phut,
2200 3738 2254 3783 et
2282 3736 2564 3782 vertuntur
2590 3725 2645 3779 iu
2671 3739 2733 3780 os
2762 3724 2830 3778 ab
2853 3738 2948 3778 ore
2980 3737 3088 3776 non
3131 3722 3199 3775 ab
3241 3733 3385 3785 osse,

1812 3822 2012 3878 frustra
2060 3822 2264 3891 Tyrum
2292 3818 2532 3872 nitantur
2578 3814 2880 3878 defendere,
2913 3813 3038 3868 dum
3095 3811 3391 3866 tentatione

1815 3919 2136 3984 superentur
2160 3918 2214 3966 et
2257 3907 2593 3981 generationi
2623 3921 2687 3960 ac
2714 3904 2923 3960 libidini
2953 3903 3214 3968 serviant,
3269 3917 3392 3958 cas-

1816 4018 1981 4074 saque
2025 4009 2230 4055 tantum
2261 3999 2426 4053 verba
2455 3995 2830 4064 multiplicent,
2855 4007 2960 4047 non
3005 3991 3266 4047 habentes
3298 4006 3390 4062 ga-

1816 4095 1954 4150 leam
1983 4091 2190 4156 salutis,
2224 4103 2324 4144 nec
2359 4094 2569 4142 scutum
2595 4085 2742 4150 fidei,
2771 4085 2864 4138 sed
2911 4082 3137 4153 gloriam
3183 4088 3389 4134 tantum

1817 4183 2204 4253 strepitumque
2238 4190 2547 4234 sermonum
2598 4173 2936 4245 prmtendant
2958 4171 3028 4225 ad
3053 4177 3300 4224 ornatum
3328 4169 3392 4220 il-

1817 4275 1940 4330 lius.

1891 4387 1909 4418 ι
1941 4364 2060 4420 Filii
2086 4361 2268 4418 Aradii
2301 4375 2420 4415 cum
2455 4356 2697 4414 exercitu
2739 4369 2838 4410 suo
2883 4360 3039 4408 erant
3065 4365 3228 4420 super
3265 4364 3391 4402 mu-

1821 4477 1840 4510 ‹
1876 4473 1966 4513 ros
1992 4464 2113 4510 tuos
2152 4454 2207 4508 in
2246 4452 2496 4506 circuitu.
2531 4448 2636 4504 Sed
2663 4455 2719 4502 et
2742 4445 2982 4517 Pigmaei,
3014 4444 3106 4514 qui
3147 4449 3305 4496 erant
3338 4441 3391 4494 in
3449 4445 3452 4450 '

1823 4570 1841 4602 ‹
1876 4549 2115 4603 turribus
2140 4545 2264 4610 tuis,
2291 4545 2575 4614 pharetras
2601 4554 2726 4594 suas
2765 4535 3159 4605 suspenderunt
3187 4532 3240 4585 in
3269 4546 3391 4583 mu-

1822 4659 1841 4692 ‹
1877 4640 1952 4694 ris
1996 4639 2102 4693 tuis
2145 4651 2242 4707 per
2268 4648 2481 4705 gyrum,
2513 4630 2616 4701 ipsi
2645 4627 3049 4696 compleverunt
3091 4619 3394 4691 pulchritu-

1823 4749 1842 4782 ι
1875 4730 2052 4784 dinem
2107 4735 2272 4780 tuam.
2307 4743 2325 4773 ι
2358 4721 2478 4792 (11.)
2533 4720 2770 4774 Verbum
2823 4713 3087 4783 gamadim
3113 4749 3130 4775 ,
3184 4708 3393 4778 Aquila:

1817 4821 1990 4890 prima
2032 4817 2198 4873 editio
2231 4813 2506 4884 Pigmwos,
2539 4807 2896 4879 Symmachus
2923 4803 3122 4865 Medos,
3167 4799 3394 4868 Septua-

1820 4910 1965 4980 ginta
1983 4907 2240 4968 custodes,
2258 4901 2555 4958 Theodotio
2579 4898 2864 4970 gomadim,
2879 4897 3051 4966 ipsum
3069 4891 3393 4946 Ilebraicum
3417 4912 3424 4918 -

1819 4996 2158 5068 interpretati
2201 5002 2348 5058 sunt,
2385 4992 2621 5047 Aradum
2661 4987 2908 5051 insulam,
2935 5001 3054 5056 quae
3085 4991 3192 5038 tota
3224 4982 3295 5036 sit
3319 4982 3426 5067 ei-.

1819 5092 1960 5146 vitas
1988 5099 2043 5153 et
2065 5097 2251 5143 contra
2294 5102 2354 5142 se
2396 5085 2629 5156 positum
2653 5083 2908 5153 oppidum
2932 5076 3260 5133 Antaradum
3299 5075 3396 5128 ha-

1820 5182 1964 5245 beat,
2006 5181 2288 5248 vicinaque
2317 5179 2387 5234 sit
2411 5178 2554 5248 Tyro
2599 5185 2655 5230 et
2681 5172 2978 5244 praetendat
3027 5169 3082 5223 in
3121 5167 3395 5222 Phtenicis

1823 5271 2003 5325 littore
2032 5269 2355 5324 continentis
2376 5275 2554 5333 teme,
2587 5278 2756 5334 usque
2798 5261 2956 5316 hodie
2997 5258 3289 5314 cernimus.
3329 5255 3394 5310 Ili

1825 5372 1950 5418 sunt
1995 5362 2048 5415 in
2077 5361 2318 5415 exercitu
2365 5358 2517 5414 urbis
2557 5356 2733 5426 Tyria:
2779 5351 3136 5419 custodesque
3166 5348 3395 5402 turrium

1821 5451 1958 5521 ejus,
1980 5459 2034 5507 et
2055 5451 2446 5520 suspenderunt
2462 5448 2744 5517 pharetras
2765 5456 2890 5498 suas
2910 5456 3006 5511 per
3026 5453 3238 5511 gyrum,
3253 5453 3398 5492 com-

1819 5543 2074 5612 plentque
2093 5539 2542 5610 pulchritudinem
2575 5533 2710 5602 ejus,
2741 5542 2800 5587 ut
2827 5530 3132 5602 sagittarios
3159 5542 3278 5583 esse
3303 5529 3399 5580 do-

1822 5641 2001 5697 ceant,
2032 5632 2146 5686 sive
2188 5627 2414 5700 pygmwi
2455 5633 2596 5690 sunt,
2639 5625 2740 5679 hoc
2769 5632 2854 5679 est
2895 5621 3208 5685 bellatores,
3232 5627 3287 5671 et
3328 5617 3432 5670 ad-

1823 5725 1958 5780 bella
1997 5710 2401 5793 proriiptissimi.
2429 5716 2522 5772 Sin
2551 5726 2727 5772 autem
2748 5715 2931 5771 Aradii
2959 5713 3289 5783 deponentes
3311 5719 3399 5763 50‘-
