3916 6356
137 363 249 419 ’17η
347 365 358 375 ’

1108 335 1460 431 COMMENT.
1495 374 1565 431 1N
1603 375 2062 436 EZECHIELEM.
2099 408 2170 422 -
2199 380 2326 438 LIB.
2364 382 2454 452 x.

3305 391 3409 449 778

141 475 410 546 scriptum
431 484 515 532 est
545 495 558 531 :
589 497 608 529 ι
643 476 690 532 Α
719 479 970 538 domibus
995 483 1270 553 eburneis,
1312 502 1380 542 ex
1417 488 1612 558 quibus
1640 488 1731 544 de—
1757 493 1812 556 Α
1835 505 1961 546 nam
1988 491 2058 548 de
2082 491 2288 552 Galaad
2314 503 2371 553 et
2411 505 2642 556 stacten.
2680 499 2750 557 Et
2785 509 2847 558 ut
2891 506 3229 567 manifestius
3271 511 3415 568 scire

140 565 480 623 lectaverunt
525 576 578 625 te
627 569 751 625 ﬁliae
798 587 986 644 regum
1041 575 1096 630 in
1149 576 1357 632 honore
1402 578 1557 650 tuo,(
1580 576 1728 634 Psal.

139 654 318 726 μιν).
339 675 359 709 ι
382 656 490 714 Sed
509 673 617 715 non
642 668 768 715 sunt
790 663 1026 729 candidi,
1051 679 1152 722 nec
1175 665 1455 722 imitantur
1474 683 1730 739 sponsam

138 746 212 801 tle
242 763 349 818 qua
375 749 576 805 dicitur
611 768 626 806 :
656 769 676 803 ι
710 752 840 820 Quae
877 763 963 811 est
1006 756 1111 812 ista
1155 774 1276 829 quae
1309 761 1555 818 ascendit
1584 761 1705 817 deal

135 837 288 904 bata,
323 838 559 896 innitens
597 856 760 913 super
784 841 1102 902 fratruelem
1125 863 1282 903 suum
1313 848 1490 920 (Cant.
1517 851 1674 924 vin)?
1705 870 1724 904 ι

135 927 342 986 Verum
369 933 620 991 hebenini
650 936 791 1007 nigri
821 938 1040 1007 coloris,
1065 942 1155 1012 qui
1181 959 1288 1000 non
1325 952 1551 1014 possunt
1575 961 1726 1002 suam

134 1030 353 1077 mutare
393 1023 796 1094 nigritudinem,
826 1025 1062 1086 Ieremia
1092 1031 1304 1089 dicente
1347 1052 1361 1088 :
1395 1053 1415 1087 ί
1456 1033 1513 1090 Si
1548 1045 1728 1092 muta-

132 1108 221 1162 bit
240 1108 493 1182 IEthiops
518 1112 713 1182 pellem
742 1131 894 1171 suam
919 1128 973 1173 et
995 1121 1196 1190 pardus
1224 1123 1543 1181 varietatem
1572 1141 1728 1182 suam

132 1197 274 1268 (Jer.
303 1208 447 1271 xm).
484 1222 503 1254 ι
538 1201 710 1275 Syrus
737 1222 973 1278 quoque,
1005 1211 1060 1266 id
1088 1221 1192 1279 est,
1233 1229 1406 1283 aram,
1434 1216 1527 1287 qui
1565 1217 1716 1272 inter-

128 1298 386 1356 pretatur
412 1293 659 1349 excelsus
683 1304 737 1350 et
767 1305 938 1355 tumet
961 1303 1215 1373 superbia
1256 1307 1569 1377 negociator
1596 1308 1726 1380 Tyri

128 1386 241 1443 est,
269 1388 324 1434 et
350 1380 403 1433 in
429 1381 775 1440 multitudine
811 1403 1036 1459 operum
1066 1391 1357 1464 Tyriorum
1401 1394 1576 1451 defert
1603 1395 1728 1452 falsi

127 1469 375 1525 nominis
401 1472 704 1541 scientiam,
734 1476 934 1534 multas
958 1481 1251 1536 varietates
1289 1491 1344 1537 et
1375 1492 1582 1540 stacten
1600 1487 1728 1541 odo-

126 1557 212 1612 ris
236 1559 425 1628 optimi
454 1564 859 1633 repromittens,
891 1578 948 1624 et
969 1585 1265 1641 purpuram
1308 1574 1471 1645 regite
1495 1576 1726 1648 dignita-

127 1647 226 1714 tis,
250 1658 306 1705 et
351 1654 618 1710 scutulata
667 1671 732 1712 ex
777 1668 894 1714 arte
917 1661 1222 1730 dialectica,
1267 1673 1322 1719 et
1364 1647 1586 1738 byssum
1623 1684 1724 1740 pro

117 1753 240 1807 quo
269 1739 622 1814 Sepnaginta
653 1749 855 1806 tharsis
875 1752 1214 1823 interpretati
1245 1765 1389 1824 sunt,
1417 1767 1574 1816 terrm
1599 1739 1724 1832 ope-

113 1831 286 1888 ribus
313 1835 528 1893 deditus
559 1857 572 1894 :
601 1848 656 1895 et
679 1843 930 1908 sericum,
958 1860 1060 1914 pro
1083 1862 1190 1916 quo
1215 1849 1268 1903 in
1310 1847 1540 1906 Hebraeo
1587 1831 1722 1908 scri-
1748 1872 1798 1933 B

113 1933 281 1992 ptum
313 1934 397 1980 est
429 1931 661 1997 ramoth,
692 1932 835 2001 quod
879 1933 1270 2006 interpretatur
1315 1940 1453 1996 visio
1481 1943 1671 1997 mortis
1701 1959 1714 1996 :

113 2012 314 2066 omnia
341 2014 488 2070 enim
514 2032 680 2088 opera
711 2028 931 2078 terrena
968 2025 1037 2079 ad
1087 2027 1366 2085 interitum
1404 2043 1714 2103 properant.

115 2101 199 2157 Et
229 2103 519 2163 Chodchod
569 2111 829 2182 quidquid
859 2114 989 2171 illud
1033 2127 1146 2185 est,
1192 2121 1336 2190 quod
1378 2101 1714 2195 intelligitur,

115 2211 434 2267 proponens
481 2200 536 2256 in
586 2203 845 2261 nundinis
876 2207 1028 2279 Tyri,
1061 2209 1248 2267 Dadan
1299 2222 1478 2270 autem
1523 2232 1590 2273 ex
1633 2217 1719 2273 his

117 2289 422 2358 mercibus,
453 2309 575 2363 quae
601 2297 1036 2367 negotiatoribus
1064 2301 1181 2371 ejus
1204 2304 1505 2377 insulisque
1531 2308 1720 2364 dicun-

121 2387 221 2432 tur
249 2381 469 2448 adferri,
492 2384 578 2440 vel
605 2385 770 2443 Indiae
813 2390 964 2462 regio
992 2391 1336 2465 intelligenda
1367 2407 1471 2462 est,
1495 2398 1578 2454 vel
1603 2398 1718 2454 Idu-

119 2485 386 2526 rumorum
411 2488 475 2528 ac
501 2484 669 2530 vasta:
699 2477 1030 2547 solitudinis,
1053 2491 1113 2536 ut
1139 2485 1379 2540 nonnulli
1422 2487 1714 2556 aestimant,
1775 2493 1778 2496 ’

121 2569 388 2631 sonatque
425 2566 834 2636 cognationem,
869 2579 929 2625 ut
964 2571 1375 2632 similitudinem
1409 2578 1716 2636 divinorum

122 2650 436 2721 dogmatum
468 2655 522 2709 in
542 2657 813 2714 haereticis
837 2676 1247 2730 cognoscamus.

207 2757 226 2790 t
269 2739 402 2796 Juda
433 2753 487 2798 et
519 2753 664 2801 terra
707 2749 873 2803 Israel
922 2750 1024 2820 ipsi
1067 2753 1348 2811 inStitores
1384 2758 1463 2812 tui
1499 2759 1555 2814 in
1595 2758 1713 2816 fru-

129 2854 153 2887 t
185 2845 366 2893 mento
395 2839 593 2908 primo,
634 2841 937 2898 balsamum
968 2854 1023 2899 et
1049 2848 1154 2902 mel
1183 2857 1235 2904 et
1279 2849 1456 2905 oleum
1482 2860 1538 2907 et
1580 2854 1716 2909 resi-

126 2947 151 2980 ‹
185 2943 310 2983 nam
331 2943 729 3000 proposuerunt
750 2935 806 2989 in
830 2937 1086 2994 nundinis
1112 2940 1235 2995 tuis.
1260 2960 1278 2992 ι
1307 2941 1514 2997 Dicitur
1533 2953 1713 3000 autem

118 3020 320 3089 quibus
350 3029 494 3076 terra
519 3022 724 3091 Iudaea,
752 3041 872 3096 quae
910 3044 1054 3084 nunc
1080 3030 1381 3100 appellatur
1418 3033 1710 3104 Palestina,

117 3112 364 3168 abundet
391 3115 562 3185 copiis
601 3116 884 3188 ~frumento
931 3121 1178 3179 balsamo
1224 3125 1380 3180 melle
1405 3134 1460 3182 et
1496 3127 1616 3184 oleo
1657 3138 1714 3186 et

119 3203 332 3270 resina,
363 3220 483 3274 quae
511 3221 541 3260 a
561 3206 697 3263 Juda
718 3220 774 3264 et
799 3210 964 3268 Israel
990 3214 1056 3267 ad
1096 3213 1226 3285 Tyri
1266 3217 1536 3274 nundinas
1565 3219 1715 3276 defe-
1741 3239 1788 3302 ρ

121 3305 342 3351 runtur.
384 3296 627 3369 Cumque
660 3303 948 3360 manifesta
984 3307 1058 3362 sit
1095 3307 1296 3375 littera,
1317 3308 1473 3378 juxta
1505 3313 1718 3382 spirita-

119 3387 236 3443 lem
274 3405 489 3445 sensum
530 3393 773 3450 dieemus
801 3412 909 3452 non
947 3399 1143 3455 debere
1175 3408 1376 3456 terram
1423 3403 1715 3461 confessio-

116 3480 212 3535 nis
241 3491 294 3536 et
317 3498 537 3539 sensum
563 3489 838 3543 cernentis
863 3487 1054 3558 Deum,
1080 3493 1173 3562 qui
1195 3493 1432 3550 refertur
1451 3497 1520 3551 ad
1548 3497 1715 3554 eccle-

116 3571 260 3627 siam
309 3574 520 3631 deferre
568 3576 711 3649 Tyro
744 3581 980 3650 primum
1020 3585 1288 3652 triticum,
1322 3589 1467 3658 quod
1512 3591 1713 3646 cadens

114 3665 180 3719 in
217 3673 415 3722 terram
456 3669 867 3741 multiplicatur,
888 3683 945 3730 et
971 3677 1238 3748 accipitur
1265 3694 1364 3749 pro
1391 3683 1557 3738 verbo
1591 3682 1709 3739 Dei.

121 3776 146 3808 ε
186 3753 302 3811 Νοιι
330 3759 475 3817 enim
507 3761 561 3816 in
590 3777 734 3832 pane
781 3766 894 3821 solo
935 3767 1068 3822 vivit
1108 3770 1290 3837 homo,
1335 3772 1432 3827 sed
1467 3773 1522 3828 in
1562 3775 1712 3830 omni

111 3858 372 3902 sermone
400 3847 495 3902 Dei
524 3849 740 3921 (Matth.
782 3858 877 3926 ιν).
918 3875 936 3910 ι
967 3857 1101 3913 Dein
1122 3859 1423 3916 balsamum
1450 3865 1594 3933 quod
1616 3880 1712 3918 na-

110 3937 294 3991 scitur
339 3938 395 3993 in
430 3940 604 3996 vineis
645 3942 910 4016 Engaddi,
963 3949 1077 4003 sive
1127 3961 1463 4022 unguentum
1507 3955 1574 4011 de
1603 3972 1710 4027 quo

103 4027 382 4096 scriptum
426 4040 547 4086 est:
579 4051 598 4082 ι
642 4032 797 4089 Sicut
845 4048 1179 4108 unguentum
1226 4043 1280 4096 in
1329 4045 1527 4115 capite,
1565 4049 1710 4118 quod

103 4118 399 4176 descendit
429 4122 487 4176 in
527 4123 750 4179 barbam
779 4126 962 4184 Aaron
990 4129 1161 4203 (Paul.
1190 4136 1419 4208 ωηιξη).
1452 4157 1470 4189 ι
1504 4138 1574 4192 Ει
1602 4139 1711 4195 mel

100 4225 286 4280 super
327 4226 433 4281 quo
487 4213 727 4284 loquitur
775 4227 830 4274 et
881 4220 1138 4280 Salomon
1177 4243 1191 4280 :
1235 4246 1254 4280 t
1290 4227 1395 4284 Mel
1429 4230 1706 4300 invenisti,

98 4303 341 4358 comede
369 4314 630 4374 quantum
670 4310 805 4366 satis
831 4321 934 4368 est.
969 4313 1028 4369 Si
1067 4319 1210 4373 enim
1234 4319 1355 4390 plus
1385 4325 1703 4394 comederis,

96 4408 335 4450 evomes
361 4395 516 4464 illud,
548 4419 567 4451 ι
602 4401 727 4456 dum
753 4405 1040 4462 saturitate
1065 4409 1234 4465 nimia
1260 4412 1369 4467 mel
1394 4415 1622 4471 vertitur
1647 4418 1704 4473 in

97 4487 480 4557 ahsynthium.
513 4489 702 4548 Oleum
747 4511 981 4569 quoque,
1017 4499 1083 4555 de
1125 4517 1232 4571 quo
1262 4503 1316 4559 in
1355 4505 1703 4565 tabernaculo

94 4576 207 4630 Dei
244 4575 464 4633 lucerna
507 4585 843 4653 accenditur,
875 4603 943 4643 ne
970 4599 1186 4661 aptetur
1225 4593 1354 4654 illud
1390 4599 1547 4654 nobis
1572 4617 1700 4671 pro-
1725 4596 1782 4657 D

93 4667 428 4737 pheticum:
469 4689 486 4722 t
522 4672 710 4728 Oleum
755 4676 809 4731 in
855 4676 1089 4751 Egypto
1130 4687 1479 4745 venundabas
1524 4667 1697 4761 (Ose.

95 4757 231 4827 xu).
264 4778 282 4809 ι
316 4758 469 4827 Quod
495 4761 541 4817 si
575 4764 630 4818 in
657 4764 890 4838 ngypto
915 4777 969 4823 et
996 4771 1049 4825 in
1083 4771 1224 4844 Tyro
1248 4776 1428 4844 fuerit,
1460 4757 1701 4837 vertetur

95 4850 161 4903 in
212 4855 564 4922 contrarium,
617 4865 672 4912 et
718 4857 928 4914 dicetur
965 4863 1032 4918 de
1082 4879 1192 4920 eo:
1227 4885 1246 4918 ‹
1282 4868 1470 4924 Oleum
1516 4882 1698 4929 autem

93 4945 407 5009 peccatoris
435 4961 545 5000 non
570 4946 867 5022 impinguet
896 4964 1058 5024 caput
1083 4972 1285 5014 meum.
1326 4980 1346 5011 ›
1381 4959 1487 5018 Sed
1517 4974 1572 5019 et
1613 4982 1698 5020 re-

95 5031 226 5086 sina
249 5031 383 5088 levis
401 5044 502 5103 est,
533 5047 657 5108 apta
688 5044 1025 5112 corporibus,
1052 5054 1106 5100 et
1127 5062 1228 5117 pro
1255 5051 1524 5107 medicina
1547 5055 1694 5110 acci-

91 5124 269 5194 pitur.
300 5126 455 5184 Unde
491 5138 544 5185 et
572 5133 626 5187 in
659 5131 892 5190 Ieremia
924 5139 1187 5209 scriptum
1211 5151 1298 5198 est
1334 5162 1346 5196 :
1390 5166 1407 5196 t
1442 5145 1695 5219 Nunquid

94 5216 286 5272 resina
312 5235 418 5276 non
461 5233 545 5279 est
572 5225 627 5279 in
670 5227 870 5284 Calaad
911 5240 1004 5287 aut
1033 5234 1274 5292 medicus
1297 5253 1406 5294 non
1448 5251 1532 5296 est
1571 5243 1645 5298 ibi
1677 5263 1691 5298 :

93 5326 275 5379 quare
319 5330 425 5370 non
470 5321 715 5376 ascendit
756 5325 965 5380 curatio
1011 5325 1136 5382 ﬁlia:
1189 5332 1368 5402 populi
1423 5334 1530 5389 mei
1557 5335 1691 5408 (Jer.

93 5404 246 5476 vin).
284 5428 304 5460 ι
333 5408 482 5467 Hanc
515 5414 750 5471 resinam
795 5419 1030 5476 habebat
1072 5432 1128 5479 et
1151 5423 1318 5482 Jacob
1346 5427 1498 5500 (Gen.
1535 5404 1690 5506 run)

92 5511 270 5566 quam
299 5502 550 5561 mittebat
585 5507 695 5565 ﬁlio
725 5508 922 5582 Ioseph
949 5529 1072 5569 cum
1096 5517 1252 5573 melle
1281 5529 1336 5574 et
1369 5502 1690 5594 terebintho,

94 5588 355 5659 nucibus,
392 5595 746 5668 thymiamate
791 5611 846 5659 et
892 5613 1082 5662 stacte.
1112 5605 1436 5668 lsmahelitte
1478 5588 1694 5690 quoque

94 5680 196 5749 qui
237 5696 484 5742 emerunt
530 5687 727 5763 Joseph
759 5695 827 5751 de
874 5705 1017 5754 terra
1051 5699 1216 5756 Israel
1257 5703 1409 5770 (Gen.
1458 5680 1688 5784 xitxvit),

95 5771 223 5828 haec
256 5774 308 5829 in
340 5775 634 5850 Egyptum
672 5785 1052 5858 deportabant,
1091 5793 1442 5864 thymiamata
1467 5808 1523 5854 et
1555 5771 1689 5859 rasit

425 5876 698 5942 Parant.
745 5883 878 5944 CX.

1833 584 2119 653 possimus,
2165 586 2294 656 quid
2332 588 2404 644 sit
2444 587 2797 661 frumentum,
2843 594 3162 668 balsamum,
3196 603 3324 669 mel,
3359 612 3416 658 et

1830 673 2030 742 oleum,
2061 679 2408 750 resinamque
2443 683 2511 739 ad
2535 692 2834 742 mercatum
2872 687 3004 746 ferri
3041 690 3192 764 Tyri,
3223 695 3414 752 audia-

1831 780 1952 822 mus
1996 766 2208 824 Domini
2238 772 2403 828 verba
2424 771 2656 832 dicentis
2686 794 2701 831 :
2735 796 2754 830 t
2789 776 2966 836 Nolite
3007 781 3138 838 dare
3166 795 3415 842 sanctum

1830 858 2055 914 canibus
2086 901 2100 926 ,
2141 877 2318 933 neque
2364 868 2692 938 margaritas
2734 879 2944 928 vestras
3007 876 3236 934 mittatis
3285 888 3414 936 ante

1828 963 2021 1018 porcos
2045 950 2260 1022 (Matth.
2286 955 2405 1028 vn).
2445 977 2463 1009 ι
2493 959 2702 1017 Mulieri
2730 978 2945 1034 quoque
2965 966 3273 1026 cbananaate
3293 987 3415 1042 qua:

1826 1055 1925 1111 pro
1948 1041 2056 1097 ﬁlia
2081 1045 2408 1113 precabatur
2435 1051 2620 1107 dicens
2649 1071 2662 1107 :
2700 1073 2719 1107 ι
2750 1055 2887 1111 Filia
2925 1073 3048 1114 mea
3074 1061 3216 1116 male
3250 1076 3416 1118 vexa-

1828 1138 1920 1186 tur
1945 1133 2268 1192 adaemonio
2311 1137 2528 1208 (Matth.
2577 1142 2688 1215 xv).
2722 1165 2742 1197 ›
2769 1144 3069 1218 Respondit
3112 1151 3408 1208 Dominus:

1833 1241 1852 1274 t
1877 1221 1995 1278 Non
2018 1235 2230 1295 oportet
2256 1229 2444 1287 tollere
2466 1247 2661 1302 panem
2685 1235 2918 1294 ﬁliorum
2945 1248 3001 1296 et
3022 1241 3154 1298 dare
3178 1257 3304 1299 eum
3327 1259 3418 1300 ca-

1827 1312 2006 1370 nibus.
2050 1315 2158 1373 Sed
2196 1319 2323 1390 quia
2360 1323 2569 1380 exierat
2594 1327 2660 1381 de
2692 1326 2892 1386 ﬁnibus
2921 1330 3048 1404 Tyri
3075 1342 3131 1389 et
3173 1333 3412 1402 Sidonis,

1828 1412 1884 1459 et
1904 1406 2301 1478 propinquabat
2323 1418 2484 1469 terra:
2527 1414 2694 1474 Israel
2720 1419 2930 1478 idcirco
2957 1424 3102 1493 quod
3128 1436 3419 1498 rogaverat

1827 1506 2117 1553 consecuta
2139 1509 2242 1556 est.

1905 1605 1923 1638 t
1956 1587 2324 1650 Damascenus
2349 1598 2659 1668 negotiator
2681 1609 2805 1659 tuus
2827 1604 2883 1660 in
2912 1606 3261 1665 multitudine
3287 1625 3417 1682 ope—

1833 1694 1853 1729 t
1886 1694 2009 1734 rum
2061 1689 2277 1739 tuorum
2323 1686 2379 1740 in
2405 1690 2561 1759 copia
2609 1692 2944 1751 diversarum
2973 1713 3159 1768 opum,
3207 1701 3263 1756 in
3289 1703 3416 1758 vino

1833 1787 1852 1820 ι
1887 1771 2092 1844 pingui,
2120 1773 2175 1829 in
2224 1775 2363 1833 lanis
2387 1779 2586 1837 coloris
2619 1786 2827 1854 optimi.
2867 1807 2886 1840 ι
2922 1787 3206 1860 Signiﬁcat
3234 1801 3416 1848 autem

1825 1862 1969 1929 quod
2003 1863 2145 1920 inter
2177 1875 2402 1925 caeteras
2439 1872 2831 1943 negotiationes
2867 1876 2995 1949 Tyri
3035 1880 3105 1935 ad
3143 1882 3415 1939 nundinas

1825 1947 1942 2018 ejus
1967 1953 2032 2008 de
2057 1955 2321 2013 Damasco
2341 1958 2686 2019 deferebatur
2704 1979 2888 2020 Vinum
2908 1947 3342 2040 pinguissimum,
3359 1982 3417 2028 et

1823 2040 1948 2096 lana
1961 2046 2229 2118 praecipue
2253 2051 2396 2119 quod
2409 2067 2576 2123 usque
2600 2054 2761 2111 hodie
2779 2058 3069 2116 cernimus.
3103 2060 3198 2117 Sin
3231 2072 3415 2119 autem

1823 2131 2120 2193 Damascus
2163 2138 2558 2212 interpretatur
2603 2148 2918 2219 sanguinem
2951 2153 3162 2222 bibens,
3201 2165 3258 2210 et
3302 2156 3413 2213 lle-

1822 2224 2092 2284 braeorum
2125 2247 2253 2289 vera
2296 2237 2518 2294 traditio
2543 2249 2650 2307 est,
2690 2257 2940 2314 campum
2967 2246 3023 2301 in
3046 2263 3153 2317 quo
3190 2249 3414 2305 interfe-

1822 2326 1942 2376 ctus
1968 2330 2054 2376 est
2098 2323 2255 2393 Abel,
2299 2342 2330 2382 a
2369 2329 2639 2399 parricida
2676 2332 2809 2390 Cain
2838 2334 3004 2392 fuisse
3045 2337 3098 2393 in
3127 2338 3409 2404 Damasco,

1821 2411 1968 2467 unde
1994 2421 2049 2468 et
2090 2413 2241 2471 locus
2281 2418 2387 2474 hoc
2424 2421 2713 2494 insignitus
2737 2428 2999 2484 vocabulo
3040 2429 3131 2484 sit.
3165 2429 3319 2486 Juste
3359 2440 3416 2488 et

1821 2499 2021 2559 Paulus
2045 2505 2183 2576 (Act.
2212 2508 2290 2580 ιχ)
2315 2518 2438 2580 post
2484 2507 2919 2574 interfectionem
2950 2517 3208 2590 Stephani
3249 2521 3414 2591 primi

1821 2593 1879 2649 in
1920 2595 2139 2655 Christo
2165 2603 2446 2674 martyris,
2477 2607 2721 2674 perrexit
2749 2609 2805 2663 in
2843 2608 3186 2679 Damascum,
3210 2622 3271 2668 ut
3296 2630 3415 2669 cre-

1822 2684 2008 2742 dentes
2031 2688 2086 2743 in
2108 2688 2326 2748 Christo
2350 2695 2562 2752 vinctos
2586 2698 2811 2756 duceret
2833 2700 2886 2756 in
2910 2701 3268 2770 Hierusalem,
3293 2705 3416 2760 Dei-

1820 2794 1926 2850 que
1953 2781 2326 2841 misericordia
2361 2789 2452 2858 qui
2484 2789 2611 2845 fecit
2633 2792 2902 2849 videntem
2932 2803 2988 2850 et
3025 2812 3248 2861 caecum,
3281 2815 3414 2855 ocu-

1819 2868 1901 2924 los
1931 2873 2112 2928 carnis
2139 2876 2342 2943 amisit,
2367 2886 2427 2932 ut
2452 2881 2651 2936 mentis
2675 2884 2965 2954 acciperet,
2993 2888 3413 2960 cecideruntque

1819 2976 2075 3031 squamse.
2102 2965 2365 3023 draconis
2385 2984 2451 3025 ex
2491 2971 2663 3028 oculis
2695 2973 2812 3043 ejus
2857 2977 3052 3046 quibus
3082 2978 3262 3035 lumen
3291 2997 3412 3052 per-

1820 3051 2033 3107 diderat
2073 3056 2339 3122 veritatis,
2388 3067 2447 3113 ut
2495 3060 2602 3116 iret
2631 3062 2700 3118 ad
2729 3064 2910 3120 vicum
2968 3069 3060 3138 qui
3113 3051 3414 3140 appellatur

1819 3143 2043 3212 Rectus,
2069 3154 2123 3202 et
2151 3147 2420 3206 inveniret
2452 3151 2741 3222 Ananiam,
2784 3158 2878 3226 qui
2907 3158 2962 3212 in
3006 3159 3188 3230 lingua
3224 3172 3411 3220 nostra

1817 3233 2213 3308 interpretatur
2259 3241 2534 3301 obediens.
2587 3246 2664 3302 De
2709 3248 2811 3304 hac
2855 3251 3022 3320 igitur
3065 3254 3152 3308 cui
3205 3256 3411 3311 dictum

1817 3336 1901 3382 est
1930 3343 1945 3383 :
1980 3350 1998 3380 t
2027 3331 2309 3390 Maledicta
2336 3345 2504 3403 terra,
2531 3353 2652 3408 quae
2678 3342 2889 3411 aperuit
2909 3359 2971 3400 os
2995 3361 3177 3414 suum,
3203 3356 3260 3402 et
3277 3348 3410 3404 hau-

1816 3418 1888 3473 sit
1913 3424 2231 3495 sanguinem
2284 3427 2470 3484 fratris
2510 3432 2586 3486 tui
2615 3431 2768 3504 (Gen.
2806 3437 2906 3509 ιν),
2939 3458 2958 3490 ι
2993 3437 3121 3510 Tyri
3153 3435 3410 3498 nundin'aa

1815 3525 2237 3588 congregantur,
2261 3530 2316 3575 et
2341 3521 2528 3577 vinum
2554 3523 2772 3596 pingue,
2797 3535 2852 3583 et
2878 3528 3013 3586 lanae
3043 3531 3408 3602 splendentes,

1815 3603 1931 3659 sive
1959 3623 1977 3656 ι
2003 3607 2192 3663 vinum
2211 3609 2278 3665 de
2298 3609 2539 3669 Chelbon
2564 3635 2583 3666 ›
2618 3617 2762 3687 quod
2783 3618 3172 3691 interpretatur
3185 3622 3405 3680 lacteus.

1813 3694 1958 3751 LXX
1980 3713 2079 3768 pro
2109 3720 2128 3753 t
2157 3700 2296 3758 lanis
2328 3705 2522 3763 coloris
2555 3709 2767 3780 optimi,
2789 3732 2808 3764 ι
2841 3731 2858 3764 t
2891 3713 3030 3771 lana:
3056 3717 3122 3772 de
3149 3717 3346 3785 Mileto,
3380 3739 3402 3774 ι

1813 3788 1928 3844 sive
1957 3787 2097 3847 Soor
2125 3806 2431 3853 senserunt.
2470 3799 2711 3858 Miletum
2736 3806 2792 3861 in
2813 3804 3082 3864 Hebraico
3109 3825 3219 3867 non
3241 3813 3406 3868 habe-

1815 3887 1921 3946 tur,
1939 3883 2033 3937 sed
2054 3885 2180 3954 quia
2204 3886 2328 3944 inde
2343 3889 2482 3947 lanae
2494 3896 2779 3966 praecipuae
2792 3897 3128 3968 deferuntur,
3144 3919 3243 3973 pro
3268 3904 3408 3961 Soor

1812 3969 2052 4030 Miletum
2103 3977 2444 4051 interpretati
2508 3997 2653 4042 sunt.
2729 3990 2810 4045 Ex
2883 4008 2990 4063 quo
3058 3969 3405 4068 perspicuum

1812 4063 1956 4132 quod
1981 4063 2158 4135 Tyrus
2201 4068 2342 4126 lacte
2384 4084 2638 4130 vescatur
2675 4078 2936 4147 infantiae,
2978 4093 3034 4139 et
3058 4063 3402 4144 ivest-imenta

1811 4169 1921 4210 non
1944 4155 2141 4214 habeat
2164 4163 2403 4233 propria,
2427 4167 2520 4222 sed
2541 4168 2758 4226 aliunde
2781 4181 2836 4227 et
2863 4189 2931 4229 ex
2949 4176 3116 4233 variis
3145 4190 3403 4250 congesta

1809 4248 2128 4317 provinciis.
2153 4251 2287 4308 Illud
2324 4265 2506 4314 autem
2550 4262 2694 4330 quod
2727 4262 3024 4322 Damascus
3071 4248 3399 4342 interpreta-

1811 4345 1900 4392 tur
1928 4343 2148 4412 sanguis
2176 4345 2360 4414 cilicii,
2404 4358 2461 4405 et
2509 4355 2728 4422 sanguis
2757 4358 2950 4424 osculi,
2995 4364 3247 4427 praesenti
3291 4381 3401 4422 non

1810 4433 2063 4488 convenit
2094 4434 2233 4503 loco,
2283 4438 2596 4512 frequenter
2617 4446 2762 4501 cnim
2791 4447 3017 4507 Hebraea
3051 4455 3271 4511 nomina
3299 4473 3401 4529 pro

1809 4523 2122 4584 diversitate
2152 4541 2468 4590 accentuum
2498 4546 2554 4592 et
2599 4541 2897 4598 mutatione
2942 4544 3264 4615 litterarum,
3300 4523 3401 4604 vo-

1807 4615 2112 4688 caliumque
2133 4622 2218 4676 vel
2264 4627 2500 4681 maxime
2542 4645 2663 4698 quae
2703 4635 2845 4703 apud
2887 4635 3008 4692 illos
3043 4637 3245 4696 habent
3272 4657 3401 4712 pro-

1808 4709 2066 4776 prietates
2106 4729 2232 4770 suas
2266 4718 2417 4773 varie
2463 4719 2910 4791 interpretantur.

1885 4820 1902 4850 ι
1934 4800 2068 4869 Dan,
2097 4812 2152 4859 et
2183 4805 2412 4873 Graecia,
2459 4817 2514 4864 et
2561 4810 2749 4878 Mozel,
2778 4814 3032 4874 nundinis
3067 4821 3175 4877 tuis
3201 4838 3395 4892 posue-

1805 4897 1932 4942 runt
1958 4889 2160 4946 ferrum
2188 4893 2544 4952 fabrefactum
2581 4919 2594 4954 :
2631 4911 2804 4959 stacte
2833 4914 2889 4960 et
2931 4909 3172 4966 calamus
3200 4913 3253 4967 in
3299 4933 3393 4972 ne.-

1804 4981 2098 5049 gotiatione
2133 4994 2244 5040 tua.
2281 5007 2301 5040 »
2332 4987 2496 5055 LXX,
2530 5012 2548 5044 t
2579 4993 2718 5061 Dan,
2745 5005 2800 5052 et
2819 4996 3008 5068 Javan,
3039 5010 3094 5058 et
3115 5003 3307 5073 Mozel,
3336 5008 3389 5062 in

1804 5075 2062 5131 nundinis
2111 5081 2235 5144 tuis,
2277 5101 2296 5134 ι
2324 5097 2444 5152 qua:
2472 5085 2526 5140 in
2552 5087 2789 5146 editione
2813 5108 3001 5149 eorum
3045 5087 3111 5151 de
3147 5097 3391 5157 Theodo-

1805 5165 1950 5222 tione
1979 5169 2159 5224 addita
2195 5181 2339 5228 sunt.
2379 5193 2398 5225 ι
2431 5175 2656 5234 Ferrum
2684 5180 2885 5238 factum
2914 5201 3077 5256 opere
3113 5197 3168 5243 et
3192 5200 3308 5246 rota
3335 5193 3388 5248 in

1801 5260 2166 5317 conmixtione
2189 5271 2278 5318 tua
2305 5277 2406 5320 est.
2439 5286 2457 5318 ›
2489 5268 2565 5324 Ex
2593 5273 2810 5328 nomine
2837 5276 3162 5344 patriarcha
3190 5281 3303 5336 Dan
3336 5292 3391 5339 et

1799 5349 1972 5406 tribus
2006 5361 2061 5408 et
2086 5352 2237 5411 locus
2268 5356 2321 5411 in
2345 5373 2452 5429 quo
2486 5360 2750 5417 habitavit
2785 5365 2979 5434 tribus,
3006 5385 3202 5426 nomen
3234 5389 3388 5429 acce-

1798 5441 1896 5511 pit,
1927 5443 2019 5499 ubi
2054 5446 2213 5502 hodie
2259 5449 2491 5517 Paneas,
2518 5469 2638 5523 qum
2668 5459 2938 5525 quondam
2976 5459 3223 5520 Caesarea
3259 5465 3386 5522 Phi-

1799 5533 1927 5605 lippi
1952 5539 2270 5596 vocabatur.
2299 5541 2452 5600 Unde
2479 5554 2533 5599 et
2558 5545 2809 5608 Jordanis
2830 5553 3024 5611 ﬂuvius
3045 5558 3271 5614 sortitus
3300 5569 3385 5616 est

1798 5629 2116 5686 vocabulum
2145 5633 2266 5701 Jor,
2295 5636 2444 5692 rivus
2489 5638 2738 5698 videlicet
2768 5645 2888 5702 Dan
2931 5649 3023 5719 qui
3053 5647 3171 5706 ﬁuit
3198 5651 3265 5706 de
3293 5650 3383 5707 Li-

1798 5721 1956 5780 bano.
1986 5721 2156 5780 Javan
2190 5735 2370 5784 autem
2401 5729 2667 5789 Graeciam
2694 5746 2872 5806 sonat,
2900 5754 3021 5810 quae
3052 5741 3380 5813 interpreta-

1798 5819 1906 5879 tur,
1947 5821 2007 5869 ut
2047 5815 2303 5887 diximus,
2337 5819 2433 5877 Est
2463 5831 2518 5877 et
2556 5839 2662 5882 non
2706 5836 2790 5885 est
2814 5843 2950 5901 ιρι-ο
2989 5825 3154 5888 Mozel
3201 5837 3382 5889 autem

2821 5920 2901 5983 95
