3916 6356
552 376 654 433 779

1198 375 1257 430 B.
1301 371 1555 429 RABANI
1587 369 1811 430 NAURI
1847 370 2175 431 ARMEP.
2211 370 2522 433 IOGUNT.
2560 370 2848 433 0PM“)!
2884 374 3065 435 PARS
3100 375 3165 435 ll.

547 488 905 560 Symmachus
932 484 1209 541 transtulit
1226 483 1489 554 dcta-sus,
1514 490 1575 537 ut
1598 484 1673 538 sit
1692 496 1915 544 meus:
1940 484 2137 541 Danet
2156 494 2207 553 Α
2310 501 2331 535 ι
2371 481 2690 540 Venditores
2730 483 2872 541 Saba
2917 494 2972 542 et
3007 486 3176 543 nemo
3217 486 3318 559 ipsi
3344 486 3687 542 venatores
3724 490 3789 541 tui

540 576 750 634 Gracia
797 575 1104 632 ualerent
1130 574 1189 629 in
1221 574 1475 629 nundinis
1499 574 1607 630 tuis
1642 573 1851 631 ferrum
1884 576 2121 631 fabrefa-

541 676 844 734 cta-,ete.
872 665 1539 736 Aqtn'iaveroprellosel
1568 666 1843 735 posuitde
1874 667 2122 733 Usal,de

541 757 741 827 quibus
760 756 1093 811 credendum
1109 763 1197 811 est
1217 755 1546 826 regionibus,
1577 755 1801 823 ferrum,
1831 767 1887 813 et
1915 767 2122 813 stacten

541 854 599 903 et
619 846 913 912 calamum,
938 846 1009 902 ad
1032 845 1161 918 Tyri
1194 846 1465 903 nundinas
1503 848 1802 916 deportata.
1845 849 2121 905 Dicamus-

539 957 645 1012 φη
670 940 1087 1011 Μαντὼ,
1117 941 1174 996 id
1196 924 1303 1007 est,
1329 941 1504 997 rava.
1534 981 1551 1007 ,
1583 941 1791 998 ferrum
1814 943 2012 998 habeat
2037 943 2117 999 fa-

539 1031 862 1097 brefactum,
889 1040 951 1088 et
970 1032 1037 1086 ad
1060 1030 1199 1087 bella
1226 1032 1707 1102 promptissimum,
1733 1032 2120 1104 dialecticaqu

540 1132 661 1180 arte
677 1130 1053 1179 unum
1068 1121 1285 1193 iactans
1304 1137 1364 1177 se
1387 1130 1585 1177 cuncta
1600 1121 1807 1191 iudicio
1826 1130 1883 1178 et
1910 1125 2120 1181 ratione

537 1213 809 1286 protssre,
829 1212 1183 1283 vocalemque
1199 1227 1395 1268 sonum
1415 1214 1507 1283 qui
1535 1215 1924 1285 interpretatur
1943 1215 1999 1269 in
2025 1230 2117 1270 ca-

540 1306 684 1360 lamo
708 1312 765 1360 ot
788 1312 1001 1359 stacten
1026 1303 1215 1359 odoris
1231 1303 1422 1373 optimi
1452 1304 1814 1373 repromittat
1859 1304 1991 1360 Sive
2012 1302 2120 1360 fer-

540 1393 1348 1460 rumfsbrefaetumetrotam,
1384 1409 1505 1464 qua
1541 1395 2119 1466 verborumeenposi-

538 1488 684 1543 tione
712 1487 978 1551 volvatur,
1007 1494 1062 1541 et
1089 1501 1309 1542 cursum
1332 1486 1534 1543 habeat
1555 1487 1840 1542 orationis.

611 1576 1309 1634 ιιιαιωιιιιίιοτωωί
1367 1577 1425 1631 in
1489 1578 1759 1647 tapetibus
1817 1577 2118 1631 adseden-

541 1684 561 1719 ι
605 1667 751 1725 dum.
803 1687 827 1722 s
1315 1686 1335 1719 ι
1368 1669 1523 1724 Desit
1590 1668 1957 1740 negotiatores
2014 1668 2114 1734 tui,

533 1773 657 1814 cum
691 1756 959 1828 iumentis
979 1760 1171 1816 electis
1206 1761 1278 1817 ad
1318 1775 1533 1817 currus.
1561 1781 1582 1814 t
1625 1762 1849 1816 Multum
1894 1759 2112 1817 Hebrai-

2232 591 2255 625 ο
2298 588 2421 629 cum
2448 574 2715 629 universis
2742 575 2932 645 primis
2970 577 3326 643 aromatibus,
3362 584 3418 632 et
3467 575 3669 647 lapide
3708 592 3807 647 pre-

2232 682 2255 718 s
2298 666 2593 723 tioslssituo
2615 674 2671 721 et
2694 681 2849 733 auro,
2877 669 3024 738 quod
3063 679 3458 740 proposuerunt
3489 670 3561 723 in
3583 681 3804 723 mercata

2231 773 2252 807 s
2292 765 2404 813 tuo.
2438 777 2461 810 ι
2500 757 2561 811 In
2587 757 2818 813 Psalmis
2840 758 2933 813 ubi
2964 759 3225 830 scriptum
3248 767 3335 815 est
3368 777 3385 813 :
3423 778 3445 810 s
3474 757 3671 829 Reges
3697 759 3802 812 An-

2224 845 2357 901 buns
2380 855 2436 901 et
2464 845 2605 903 Saba
2634 862 2865 904 munera
2898 848 3125 905 σπεῖραι
3155 850 3253 905 tibi
3290 848 3473 921 (Pani.
3518 848 3733 920 ιιιι),›
3759 851 3800 903 ‘n

2224 935 2686 995 Hebraobabet:
2730 940 3795 1012 tltegesﬁabeetSabasnuI-eraole-

2224 1028 3795 1102 renttibi.tQuorumunumSabapersiulitta-m

2222 1120 2500 1187 scribitur,
2548 1121 2779 1177 alterum
2820 1138 2920 1193 per
2960 1125 3190 1188 sameclt,
3220 1130 3601 1194 quam
3639 1122 3795 1177 littera

2223 1210 2421 1266 similis
2435 1220 2542 1268 est.
2573 1211 2706 1279 Quia
2732 1214 2898 1285 igitur
2919 1212 3062 1269 Saba
3090 1214 3499 1282 interpretatur
3520 1214 3791 1275 comedo.

2221 1299 3793 1376 bocdiceudumest,quodinpraesentilocononeenm-

2223 1392 2431 1449 sionem
2477 1394 2746 1467 signiﬁcet
2770 1436 2786 1463 ,
2848 1395 2943 1453 sed
2989 1396 3362 1462 aversionem,
3398 1395 3489 1451 de
3546 1410 3653 1465 qua
3685 1395 3790 1465 ‘l‘yis

2220 1500 2448 1541 munera
2495 1486 2825 1552 deferuntur,
2873 1501 2994 1542 cum
3051 1487 3323 1543 universis
3369 1486 3720 1540 aromatibus
3749 1495 3786 1539 et

2220 1574 2480 1631 odoribus
2524 1576 2749 1651 optimis
2793 1586 2853 1633 et
2892 1576 3068 1649 lapide
3102 1578 3349 1648 pretioso
3389 1585 3453 1631 es
3506 1591 3661 1638 aure,
3698 1592 3785 1646 qu

2218 1670 2399 1724 omnia
2433 1670 2493 1724 in
2527 1668 2659 1741 Tyri
2695 1668 2950 1725 muttinis
2985 1678 3384 1740 proponuntur.
3434 1667 3513 1722 Et
3545 1667 3644 1738 ipsi
3678 1670 3783 1721 eain

2220 1758 2555 1815 mentiuntur
2574 1760 2795 1815 odorem
2813 1758 3077 1831 optimum
3106 1759 3463 1831 lapidemque
3502 1756 3781 1829 pretiosa,

533 1865 657 1906 cum
701 1858 763 1906 et
804 1848 951 1906 LXX
986 1850 1047 1905 in
1088 1851 1344 1921 praelati
1379 1851 1500 1908 loco
1540 1852 1869 1921 discrepant,
1916 1858 2112 1922 praeter
2138 1852 2188 1915 Β
2214 1868 2323 1924 quo
2341 1860 2624 1909 exstruere
2642 1853 3014 1924 perversitatis
3035 1867 3147 1907 suae
3173 1852 3433 1907 nituntur
3461 1852 3781 1913 ecclesiae!

532 1957 733 1999 nomen
774 1942 1013 2013 regionis
1050 1942 1197 2012 quod
1241 1943 1807 1999 vicinumestDedan
1833 1951 1890 1998 et
1918 1942 2105 1998 Dadan

533 2031 742 2087 inﬁnita
768 2032 966 2103 quippe
992 2032 1245 2088 tutantia
1290 2034 1345 2088 in
1382 2034 1655 2105 tapetibus
1687 2036 1757 2089 ad
1793 2018 2109 2099 sedendum,

531 2132 589 2181 et
603 2122 866 2193 iumenti
886 2124 1073 2182 metis
1094 2125 1167 2180 ad
1193 2141 1413 2182 currus.
1434 2127 1544 2182 Nec
1576 2126 1800 2183 dubium
1823 2127 1957 2197 quin
1980 2140 2113 2195 quan

529 2213 700 2287 δήσω
724 2230 920 2274 currus
954 2224 1015 2273 et
1034 2218 1165 2288 equi
1193 2219 1249 2273 in
1274 2219 1477 2274 malam
1504 2228 1717 2289 partem
1756 2219 2110 2288 accipiantur,

529 2304 579 2364 si
608 2308 809 2363 terreri
834 2307 965 2375 sint,
985 2308 1227 2379 alioquin
1251 2310 1319 2365 de
1334 2310 1674 2374 calentibus,
1700 2317 1757 2363 et
1783 2310 1931 2364 Elias
1948 2322 2109 2364 curru

529 2397 739 2469 rapitur
773 2398 1179 2470 appellaturque
1216 2401 1285 2455 ab
1309 2400 1488 2455 Eiiseo
1505 2419 1524 2451 ι
1546 2409 1701 2470 pater
1724 2400 1817 2466 mi,
1841 2408 1995 2470 pater
2013 2400 2109 2466 mi,

528 2486 718 2560 auriga
740 2496 797 2542 et
837 2502 1035 2545 curuis
1056 2488 1223 2545 Israel
1247 2487 1295 2560 (1
1316 2487 1352 2541 ν
1385 2489 1512 2560 Reg.
1558 2506 1626 2555 ιι;
1653 2489 1737 2544 IV
1766 2489 1893 2560 Reg.
1932 2490 2031 2562 vt),
2058 2497 2114 2547 et

527 2576 682 2634 Giezi
714 2579 1033 2650 aperiuntur
1056 2580 1219 2645 sculi,
1259 2590 1319 2637 ut
1347 2596 1545 2638 currus
1569 2582 1625 2637 in
1648 2589 1837 2636 monte
1862 2590 1920 2637 et
1942 2598 2112 2653 equos

527 2671 711 2729 videat
731 2673 851 2728 sine
869 2673 1265 2740 asoensoribus,
1287 2674 1516 2730 sessioni
1533 2674 1745 2730 Domini
1758 2683 2106 2744 preparatus.

525 2764 585 2818 lu
605 2764 875 2833 tapetibus
893 2773 1072 2821 autem
1088 2781 1397 2822 sermonum
1413 2766 1759 2836 pulchritudo
1775 2775 2112 2822 monstratur

526 2854 585 2909 in
624 2854 818 2924 quibus
845 2855 1113 2912 vehuntur
1141 2865 1198 2912 et
1244 2857 1591 2927 requiescunt
1620 2858 1898 2913 institores
1922 2856 2111 2913 Dedan

521 2945 762 3001 sessione
787 2948 1083 3017 composita
1109 2947 1389 3003 venientes
1413 2949 1481 3002 ad
1510 2949 1780 3004 nundinas
1810 2949 1958 3021 T‘vri.

599 3054 621 3088 ι
660 3037 866 3097 Arabia
890 3046 949 3094 et
972 3039 1210 3096 universi
1234 3040 1505 3109 principes
1530 3039 1708 3095 Cedar
1737 3041 1837 3111 ipsi
1862 3041 2107 3113 negotia-

2178 1936 2189 1943 ’
2215 1958 2409 1999 aurum
2436 1945 2579 2015 quod
2606 1943 2889 2013 pollicetur
2911 1944 2969 1999 in
3010 1956 3193 2010 sensu,
3231 1942 3547 2014 omniaque
3574 1956 3781 2014 pervasa

2216 2049 2362 2092 sunt:
2378 2037 2673 2092 nihilenim
2687 2038 2922 2109 gratuito
2935 2037 3225 2107 accipiunt,
3242 2034 3776 2107 necgrarisn-ibsmt,

2215 2129 2315 2185 sed
2339 2130 2589 2185 universa
2616 2138 2942 2195 mercantur,
2974 2145 3094 2184 cum
3122 2143 3274 2202 reges
3302 2127 3575 2183 Arabum
3598 2135 3651 2182 et
3673 2126 3779 2181 Stin

2214 2220 2383 2291 gratis
2401 2218 2621 2276 Christo
2638 2235 2861 2276 munera
2875 2219 3132 2289 offerant:
3154 2218 3211 2275 hi
3224 2226 3357 2274 sunt
3382 2219 3486 2288 qui
3513 2218 3684 2273 omnis
3702 2228 3777 2269 ur-

2213 2313 2297 2383 pis
2317 2313 2453 2367 lucri
2477 2328 2639 2369 causa
2662 2313 2885 2378 faciunt,
2904 2320 2955 2368 et
2973 2312 3042 2367 ab
3065 2325 3130 2367 eo
3151 2313 3267 2366 haec
3294 2324 3547 2364 munera
3570 2321 3773 2377 suscepi»

2213 2392 2361 2472 runt,
2385 2406 2477 2476 qui
2506 2406 2636 2461 dicit
2654 2407 2711 2460 in
2733 2403 3250 2477 Evangeliowatm.
3277 2404 3360 2475 η’)
3387 2420 3407 2456 τ
3437 2423 3457 2454 ι
3492 2399 3622 2457 Haec
3640 2401 3773 2455 estsit

2214 2494 2409 2550 tradita
2433 2504 2555 2551 sunt
2586 2495 2737 2560 mihi,
2762 2510 2881 2566 quae
2908 2494 2953 2549 si
2977 2494 3238 2550 cecideris
3259 2493 3407 2548 dabo
3594 2490 3771 2553 «Rata,

2212 2584 2329 2641 sive
2355 2584 2511 2654 juxta
2551 2585 2691 2640 LXX
2716 2585 2982 2658 Bhegma,
3006 2586 3059 2639 in
3086 2584 3235 2639 nullo
3260 2584 3375 2638 aiio
3405 2581 3772 2653 Scriptum!!-

2211 2675 2331 2731 loco
2363 2676 2605 2731 invenire
2635 2676 2804 2746 potui,
2833 2691 2932 2745 nec
2962 2688 3080 2746 qua:
3107 2674 3261 2745 regio
3282 2674 3379 2737 sit,
3414 2676 3621 2744 quidve
3641 2672 3769 2741 signi-

2212 2767 2357 2832 ﬁcet,
2388 2766 2495 2820 nisi
2525 2767 2666 2836 quod
2692 2765 3036 2821 manifestum
3062 2776 3165 2831 est,
3198 2775 3257 2820 et
3284 2780 3358 2820 ex
3391 2779 3463 2819 eo
3522 2764 3663 2833 quod
3680 2760 3771 2828 jun-

2210 2857 2377 2930 gitur,
2409 2855 2553 2911 Saba
2576 2857 2807 2911 vicinam
2837 2855 2961 2911 huic
2992 2857 3285 2927 provinciis
3311 2869 3443 2911 esse
3479 2856 3746 2925 ιἰιςὶωιω.

2287 2964 2309 2997 t
2346 2944 2517 3011 Arari,
2563 2953 2618 2999 et
2661 2944 2904 3010 Chaone,
2962 2952 3018 2999 et
3074 2945 3245 3008 Eden,
3301 2944 3675 3014 negotiatores
3698 2941 3769 2993 tui.

2217 3058 2236 3090 ι
2283 3036 2443 3102 Saba,
2475 3034 2647 3091 Assur
2668 3045 2723 3092 et
2749 3036 3005 3091 Chelmad
3036 3035 3353 3090 venditores
3375 3037 3479 3102 tui,
3510 3036 3611 3106 ipsi
3637 3047 3773 3103 nege-

524 3147 543 3181 ι
591 3136 739 3186 tores
763 3145 961 3191 manus
989 3139 1118 3198 tua),
1139 3146 1263 3187 cum
1286 3133 1445 3203 agnis
1463 3140 1522 3186 et
1556 3133 1818 3188 arietibus
1839 3140 2107 3189 venerunt
2152 3201 2176 3203 _
2219 3147 2240 3180 ι
2279 3128 2504 3183 tiatores
2539 3128 2616 3182 tui
2666 3126 3017 3182 multifariam
3063 3125 3366 3181 involucris
3412 3124 3698 3197 hyacinthi,
3733 3130 3777 3177 et

524 3239 545 3275 ι
588 3223 659 3278 ad
686 3230 759 3278 te.
794 3242 817 3277 s
849 3223 960 3280 Pro
1002 3242 1021 3275 ι
1053 3224 1228 3293 agnis,
1258 3201 1523 3281 arietibus
1546 3234 1604 3279 et
1627 3225 1799 3280 bardis
1827 3245 1849 3278 ι
1880 3224 2106 3295 Septua-
2134 3201 2182 3266 (ἶ
2217 3240 2234 3273 t
2278 3221 2692 3293 pelymitorum,
2721 3234 3087 3290 gazarumque
3114 3218 3513 3287 pretiosarum,
3538 3231 3653 3285 qua:
3674 3215 3775 3268 eb-

517 3311 670 3381 ginta
701 3330 721 3364 t
761 3314 1019 3378 camelos,
1052 3322 1107 3368 et
1133 3314 1353 3380 arietes,
1395 3323 1451 3369 ct
1495 3328 1663 3384 agnos
1693 3334 1712 3367 ι
1764 3316 2103 3386 interpretati

515 3411 663 3459 sunt.
699 3402 899 3461 Arabia
930 3414 1111 3465 autem
1141 3414 1196 3464 et
1240 3407 1515 3478 principes
1561 3408 1740 3463 Cedar
1788 3424 1908 3478 quin
1943 3408 2105 3465 hodie

519 3494 917 3553 Saracenorum
956 3497 1105 3569 regio
1141 3507 1250 3565 est,
1280 3500 1421 3555 sicut
1460 3499 1517 3554 in
1555 3497 1805 3555 Jeremiin
1829 3515 2100 3569 sermone,

514 3588 608 3657 qui
645 3588 931 3646 advenam
967 3590 1142 3647 Cedar
1185 3593 1471 3657 scribitur,
1526 3592 1839 3662 plenissime
1880 3594 2103 3649 demon-

514 3684 745 3737 Stratuta
787 3687 903 3746 est,
941 3681 1217 3737 abundant
1250 3682 1337 3737 bis
1370 3682 1737 3738 animantibus
1770 3683 1923 3754 agnis
1954 3685 2102 3739 vide-

517 3767 664 3834 licet,
693 3778 749 3825 et
774 3771 1035 3828 arietibus
1056 3779 1113 3827 et
1139 3773 1306 3829 haedis
1327 3780 1382 3828 et
1410 3772 1539 3843 Tyri
1559 3774 1827 3829 nundinas
1855 3776 1959 3830 hac
1984 3776 2102 3831 illa-

516 3862 663 3917 tione
677 3862 1051 3933 multiplicant.
1070 3863 1179 3922 Sed
1192 3872 1250 3921 et
1259 3866 1590 3923 camelorum
1600 3865 1933 3923 fertilissima
1950 3868 2101 3939 regio

514 3962 601 4010 est
622 3955 695 4012 ob
720 3968 1042 4027 pascuorum
1063 3959 1230 4014 eremi
1261 3958 1603 4016 latitudinem
1621 3962 1870 4031 aerisque
1890 3970 2094 4029 tempe-

512 4048 681 4115 riem,
712 4048 911 4119 quibus
953 4051 1059 4106 hoc
1086 4052 1284 4108 animal
1323 4052 1639 4109 delectatur.
1681 4053 1880 4109 Arabia
1914 4062 2098 4109 autem

511 4139 896 4212 interpretatur
920 4158 1131 4212 uespera
1155 4154 1211 4199 et
1238 4143 1416 4201 Cedar
1439 4145 1687 4201 tsnsbrw.
1721 4144 1797 4199 De
1828 4159 1935 4214 qua
1957 4153 2013 4199 et
2039 4145 2097 4198 in

508 4227 739 4287 Psalmis
762 4230 1003 4287 dicitur:
1037 4250 1058 4284 ι
1086 4232 1345 4290 Habitavi
1372 4249 1498 4290 cum
1528 4233 1903 4289 habitantibus
1919 4234 2098 4289 Cedar

512 4317 688 4387 (Psal.
718 4320 891 4393 CXIX);
926 4340 945 4373 t
986 4337 1105 4391 quin
1136 4325 1383 4394 regiones
1412 4322 1662 4379 deferunt
1689 4322 1833 4394 Tyro
1857 4323 2097 4379 camelos

512 4408 845 4481 gravissimis
886 4421 1234 4480 peccaturum
1261 4413 1519 4469 oneribus
1549 4422 1940 4484 praegravatus,
1978 4414 2097 4471 sive

510 4513 680 4569 agnos
700 4508 760 4556 et
777 4499 997 4565 arietes,
1014 4511 1071 4556 et
1090 4502 1272 4557 haedos
1290 4516 1426 4571 quos
1448 4501 1728 4557 immolant
1747 4502 1803 4557 in
1827 4503 2091 4559 altaribus

2214 3332 2235 3365 t
2276 3314 2474 3369 voluta:
2497 3321 2552 3368 et
2576 3314 2812 3368 astricta
2841 3321 2998 3367 erant
3026 3312 3264 3367 funibus.
3301 3328 3329 3364 ο
3369 3313 3519 3375 Ann,
3547 3312 3681 3374 sive,
3711 3317 3775 3363 ut

2206 3401 2351 3457 LXX
2378 3403 2582 3466 dixere,
2618 3400 2880 3466 Chai-reis,
2910 3401 2962 3456 in
2992 3402 3173 3473 lingua
3214 3410 3410 3455 nostra
3453 3408 3605 3454 sunt
3650 3399 3778 3468 fors-

2207 3493 2368 3556 mina,
2401 3492 2623 3548 Cbanne
2666 3493 3123 3563 prwparatiom,
3152 3491 3304 3546 Eden
3331 3490 3577 3545 delicias.
3614 3489 3672 3544 in
3694 3503 3773 3544 n-

2204 3586 2496 3657 gotiatione
2538 3600 2667 3655 ergo
2697 3586 2823 3655 Tyri
2862 3600 2960 3654 per
2996 3598 3224 3639 carneos
3262 3598 3484 3647 sensus,
3534 3583 3624 3651 qui
3661 3582 3773 3635 indi-

2203 3686 2397 3732 cantur
2422 3676 2475 3729 in
2504 3674 2886 3739 foraminibus,
2920 3684 3029 3729 tota
3057 3674 3238 3730 saeculi
3272 3674 3567 3728 hominum
3592 3686 3767 3742 prepa-

2204 3766 2341 3821 ratio
2370 3773 2473 3831 est,
2496 3766 2591 3835 qui
2622 3764 2766 3819 solas
2794 3764 3013 3819 delicias
3032 3773 3247 3833 putant,
3279 3764 3327 3818 si
3360 3770 3605 3833 augeant
3624 3760 3769 3830 Tyria

2201 3857 2352 3911 urbis
2374 3856 2717 3911 commercia.
2758 3857 2831 3910 De
2855 3854 2997 3910 Saba
3023 3870 3180 3925 supra
3204 3855 3469 3909 diximus.
3519 3856 3682 3908 Assur
3702 3854 3765 3907 is-

2201 3954 2530 4017 terpretatur
2559 3946 2810 4015 dirigens.
2860 3945 3145 4010 Chclmad,
3178 3946 3293 4001 sive
3319 3954 3387 3999 ut
3428 3946 3487 3999 in
3529 3945 3766 4014 aliquit:

2200 4037 2597 4106 exemplaribus
2620 4036 2953 4101 continetur,
2982 4035 3223 4099 Cherma,
3257 4035 3608 4090 transfertur
3628 4052 3679 4088 is
3708 4036 3765 4086 si-

2200 4146 2324 4185 aeas
2338 4146 2360 4194 ;
2382 4129 2525 4184 baud
2553 4130 2774 4185 dubium
2795 4128 2925 4199 quin
2959 4128 3317 4185 Sodomoru
3343 4132 3443 4199 qui
3483 4131 3703 4185 veniunt
3728 4130 3767 4182 ὴ

2198 4229 2443 4275 meream
2471 4219 2637 4290 Tyri,
2676 4228 2735 4273 ut
2760 4234 2927 4289 prava
2956 4220 3221 4291 dirigant,
3252 4219 3367 4274 imo
3404 4233 3643 4292 arguant
3676 4236 3765 4289 ρον

2197 4312 2304 4379 nis,
2333 4323 2389 4369 et
2422 4313 2699 4382 corrigunt
2728 4328 2847 4384 quae
2877 4310 3087 4370 fuerant
3117 4312 3443 4385 depravata,
3474 4314 3638 4384 juxta
3666 4312 3763 4370 illi!

2196 4405 2341 4476 quod
2381 4407 2434 4462 in
2476 4407 2706 4462 Psalmis
2742 4406 2943 4463 dicitur
2979 4425 2994 4463 :
3036 4408 3109 4464 llt
3133 4409 3389 4464 destruas
3424 4410 3703 4465 inimicust
3724 4417 3765 4461 ct

2196 4498 2446 4554 ultorem.
2477 4498 2792 4568 [iubentque
2813 4498 3163 4554 multifariam
3191 4500 3620 4569 supellectilem,
3636 4512 3684 4555 et
3706 4503 3768 4554 is-

508 4556 644 4657 itiis,
667 4605 789 4662 quae
810 4590 878 4647 de
912 4556 1096 4662 iniquo
1124 4556 1324 4646 rebelli-
1339 4590 1502 4648 corde
1525 4556 2014 4649 εωυιιτιιιζέέςῑ
2033 4556 2093 4649 cf.
2114 4556 2173 4620 Β
2194 4591 2437 4647 credibili
2479 4556 2749 4646 varietate
2786 4591 3124 4655 distinctam,
3167 4556 3290 4661 qua:
3314 4556 3629 4647 involucris
3654 4591 3765 4661 ne

506 4684 561 4739 in
603 4681 705 4738 hoc
731 4682 919 4738 eodem
948 4683 1210 4754 propheta
1243 4683 1300 4738 in
1337 4683 1547 4739 visione
1580 4692 1863 4753 pastorum
1888 4683 2089 4739 arietes

501 4789 673 4846 aquas
694 4773 1009 4845 purissimas
1027 4775 1413 4832 conturbantes
1431 4782 1485 4830 et
1516 4774 1875 4847 impiugentes
1902 4773 2091 4830 lateri-

2191 4683 2358 4738 cintbi
2413 4682 2635 4736 astricta
2688 4690 2772 4737 est
2800 4722 2814 4747 ,
2867 4682 2982 4736 sive
3035 4680 3277 4735 thesauri
3324 4694 3529 4736 eorum
3580 4682 3763 4736 sane

2190 4775 2690 4846 constringuuntur,
2708 4790 2843 4845 quos
2870 4774 3377 4828 thesaurizaverunt
3404 4772 3515 4828 sibi
3543 4776 3601 4828 in
3627 4784 3757 4829 terra.

503 4867 606 4922 bus
672 4880 802 4924 oves
839 4873 897 4922 et
936 4866 1191 4922 cornibus
1238 4866 1576 4933 dimicantes,
1630 4865 1859 4938 legimus
1904 4865 2088 4921 haedos
2183 4862 2340 4935 juxta
2364 4864 2649 4933 illudquod
2670 4864 2932 4932 scriptum
2949 4871 3061 4918 est:
3092 4862 3761 4933 rFunibuspeeccatm

503 4974 718 5032 quoque
744 4959 838 5031 qui
864 4957 934 5013 ad
960 4957 1237 5011 sinistram
1254 4965 1401 5011 stare
1435 4965 1790 5022 consuerunt,
1815 4965 1873 5014 et
1891 4971 2083 5027 agnos.

501 5054 596 5123 qui
629 5052 963 5109 mentiuntur
987 5062 1208 5117 agnum,
1231 5048 1299 5104 de
1322 5063 1428 5119 quo
1452 5052 1713 5120 scriptum
1734 5060 1820 5107 est
1848 5068 1865 5106 :
1896 5069 1915 5102 ι
1942 5051 2087 5106 Ecce

509 5163 527 5194 ι
556 5144 745 5213 Agnus
759 5140 879 5204 Dei,
897 5152 1029 5195 ecce
1045 5137 1138 5208 qui
1159 5137 1300 5195 tollit
1319 5149 1541 5210 peccata
1555 5143 1740 5197 mundi
1756 5140 1939 5215 (locis.
1963 5142 2027 5214 ι).
2055 5162 2077 5196 s

504 5232 564 5286 lu
592 5233 789 5286 bonam
815 5237 1028 5299 partem
1053 5228 1292 5285 anhelos
1318 5230 1505 5286 scribit
1528 5231 1715 5298 lenias,
1747 5232 1814 5288 de
1849 5231 2082 5302 Indian,

505 5322 648 5393 quod
677 5320 1060 5391 interpretatur
1086 5320 1294 5376 Domini
1311 5319 1593 5389 judicium,
1608 5322 1796 5378 venire
1823 5322 2079 5380 Hierusa-

504 5412 635 5477 lem,
653 5419 708 5466 et
721 5410 891 5481 Epha.
910 5419 967 5466 et
988 5411 1188 5469 arietes
1207 5409 1276 5466 de
1286 5409 1555 5480 Nabajotb
1581 5420 1639 5466 et
1659 5409 1803 5468 Saba
1830 5411 2081 5469 deferen-

505 5513 588 5561 tes
609 5519 804 5561 aurum
829 5511 885 5559 et
909 5503 1055 5569 thus,
1074 5518 1306 5574 quorum
1331 5503 1439 5561 duo
1458 5503 1644 5560 ultima
1669 5503 1833 5559 etiam
1857 5520 1891 5560 a
1910 5504 2080 5577 Magis

502 5594 800 5654 atteruntur
846 5593 1091 5651 Domino.
1126 5591 1327 5664 lstique
1378 5594 1575 5651 cameli
1630 5594 1874 5667 deposito
1911 5610 2081 5653 onere

502 5694 849 5761 peccatorum
867 5692 1093 5757 possunt
1113 5685 1316 5743 intrare
1334 5694 1541 5743 arctam
1564 5694 1620 5741 et
1635 5693 1922 5760 angustam
1934 5687 2079 5749 viam

500 5794 623 5856 qua
644 5778 792 5837 ducit
810 5780 878 5835 ad
906 5777 1086 5833 vitam.

2194 4970 2418 5011 suorum
2447 4957 2815 5025 unusquisque
2842 4956 3233 5025 constringitur
3260 4953 3453 5027 (Prae.
3498 4959 3563 5031 ν)
3582 5000 3604 5024 ,
3637 4976 3656 5009 t
3684 4968 3763 5009 ore

2188 5048 2495 5103 habuerunt
2514 5049 2937 5118 negotiationem
2964 5046 3211 5112 liberam,
3241 5048 3339 5103 sed
3360 5060 3573 5104 cuncta
3594 5060 3762 5121 peca-

2189 5147 2368 5195 torum
2395 5139 2623 5194 vinculis
2644 5148 2968 5196 nexuerant.
2990 5138 3269 5193 lnvolncra
3284 5139 3648 5210 hyacinthina
3664 5152 3767 5209 pre-

2187 5238 2308 5303 pter
2320 5229 2518 5286 coloris
2527 5229 2937 5285 similitudinem
2948 5227 3243 5284 referamus
3255 5229 3323 5283 ad
3336 5244 3541 5285 aereas
3550 5239 3766 5301 pete-I-

2188 5331 2301 5389 tes,
2332 5336 2455 5391 qua:
2478 5321 2761 5376 thesauros
2785 5335 2913 5376 suos
2942 5319 3125 5375 seculi
3160 5320 3423 5375 nundinis
3446 5320 3765 5392 largis-ﬂ.

2264 5431 2284 5465 t
2327 5411 2529 5469 Cedros
2549 5426 2764 5483 quoque
2786 5410 3059 5469 habebant
3081 5411 3139 5467 in
3158 5411 3629 5483 negotiationibus
3652 5412 3765 5466 tui.

2192 5524 2211 5556 t
2252 5502 2429 5559 Naves
2464 5502 2656 5569 maris,
2692 5502 2965 5573 principes
2998 5502 3076 5557 tui
3102 5502 3157 5558 in
3195 5502 3576 5572 negotiatione
3610 5514 3719 5558 tus.
3748 5518 3765 5549 ο

2185 5595 2294 5651 Pro
2322 5596 2500 5652 cedria
2540 5593 2895 5666 Septuaginta
2928 5596 3225 5666 maritast
3251 5595 3677 5653 must-Istus.
3710 5595 3769 5649 ﬁ

2185 5688 2313 5758 quia
2361 5704 2524 5759 supra
2555 5689 2623 5744 de
2648 5696 2879 5758 utroque
2908 5688 3160 5755 diximus,
3208 5686 3547 5757 superﬂuum
3578 5699 3667 5747 est
3698 5689 3771 5744 lo-

2187 5780 2324 5836 ctori
2352 5795 2549 5852 augere
2577 5778 2874 5836 fastidium.
