3916 6356
155 403 250 462 781

1126 402 1476 462 COMMENT.
1513 401 1581 456 IN
1619 399 2072 457 EZECHIELEM.
2112 431 2182 441 —-
2220 400 2346 456 LIB.
2388 399 2458 454 Χ.

3305 398 3408 456 ⁸182

232 521 327 575 «Et
350 519 548 590 repleta
564 530 690 576 eset
709 520 1007 592 glorificata
1021 521 1156 589 (sive
1173 517 1480 591 aggravata)
1497 518 1657 572 nimis
1672 517 1721 571 in
1751 518 1805 578 Α
1828 518 1990 571 finem
2013 516 2258 574 habuerit
2279 517 2581 579 ruinarum,
2604 515 2999 572 multitudinem
3023 525 3226 580 autem,
3243 531 3403 584 quam

158 632 182 665 ι
219 611 377 668 corde
405 610 588 664 maris.
616 631 634 662 ι
670 608 840 673 Nihil,
870 610 1076 678 inquit,
1109 609 1206 664 tibi
1244 608 1444 672 defuit,
1485 607 1630 676 quod
1669 607 1735 660 ad

152 703 372 762 divitias
418 702 652 771 pertinet
692 700 1008 765 insularum,
1034 715 1151 770 qum
1186 708 1365 755 tamen
1394 698 1730 769 glorificatio,

155 797 259 854 fuit
283 795 592 866 aggravatio
611 793 952 864 possidentis,
984 793 1110 848 dum
1133 808 1238 848 non
1263 799 1438 862 potest
1461 792 1732 846 moderate

156 888 298 943 ferre
323 886 538 944 divitias
571 903 582 938 :
613 899 918 953 quanquam
949 893 1004 938 ct
1029 892 1317 953 paupertas
1343 898 1482 952 smpe
1507 881 1730 936 tentatio

151 979 246 1032 sit.
277 975 427 1032 Unde
453 984 507 1030 et
533 974 784 1030 Salomon
813 971 994 1046 (Prov.
1027 973 1158 1043 xxx)
1187 973 1494 1030 necessaria
1520 981 1729 1027 tantum

149 1066 385 1138 postulat
408 1107 424 1132 ,
463 1073 517 1120 et
537 1065 754 1122 divitias
776 1080 840 1120 ac
864 1072 1242 1136 paupertatem
1265 1065 1468 1136 pariter
1493 1064 1729 1119 detesta-

151 1167 244 1213 tur
285 1175 297 1212 :
343 1173 410 1214 ne
457 1157 511 1212 in
548 1156 716 1212 altero
762 1157 1032 1226 superbia,
1068 1164 1124 1212 et
1165 1156 1220 1211 in
1266 1155 1438 1212 altero
1479 1154 1730 1225 subrepat

149 1250 484 1321 impatientia
511 1259 674 1320 atque
706 1248 1067 1304 mendacium.

231 1360 248 1390 ‹
292 1341 347 1395 In
383 1341 536 1409 aquis
582 1339 766 1396 multis
817 1338 1155 1394 adduxerunt
1192 1346 1247 1394 te
1293 1337 1523 1408 remiges
1567 1338 1663 1393 tui.
1701 1357 1722 1390 ι

145 1432 326 1503 Supra
357 1432 588 1502 remiges
634 1429 809 1502 Tyriae
847 1431 1088 1488 civitatis
1127 1430 1380 1490 Sidonios
1413 1431 1640 1500 legimus
1672 1438 1728 1486 et

141 1522 396 1585 Aradios,
450 1537 679 1592 quorum
715 1522 868 1576 alteri
915 1530 1220 1587 venatores,
1270 1522 1422 1576 alteri
1459 1522 1723 1589 interpre-

145 1626 336 1674 tantur
385 1619 712 1689 dcponentes
751 1637 765 1673 :
800 1627 1067 1673 venantur
1103 1618 1247 1673 enim
1275 1632 1459 1670 eorum
1489 1615 1720 1679 animus,

139 1725 288 1778 quos
315 1709 461 1778 inter.
482 1709 657 1764 saeculi
687 1708 849 1780 hujus
889 1707 1081 1763 fluctus
1106 1722 1205 1761 suo
1234 1706 1437 1762 ducunt
1473 1705 1722 1770 arbitrio,

140 1805 206 1852 et
238 1813 344 1854 non
370 1798 437 1854 ad
465 1798 674 1853 excelsa
706 1799 1008 1864 sublevant,
1027 1797 1118 1852 sed
1141 1797 1196 1851 in
1221 1795 1484 1866 profunda
1505 1796 1718 1850 demer-

1835 609 2272 664 commixtionem
2319 608 2666 678 Septuaginta
2715 610 3121 674 transtulerunt,
3168 611 3405 679 exceptis

1831 701 2180 769 principibus,
2204 701 2394 770 vulgus
2415 700 2706 771 significat,
2736 701 2825 769 qui
2850 702 3052 770 shape
3080 704 3296 757 nomine
3319 705 3404 756 di-

1831 789 2094 859 gnitatum
2138 791 2304 846 simili
2325 791 2530 860 judicio
2565 799 2933 846 conterentur.
2977 792 3247 862 Mhtaque
3274 809 3403 864 pre-

1830 880 2010 948 phetia
2036 887 2136 945 est,
2169 881 2310 936 inter
2338 883 2526 936 urbem
2565 889 2619 935 et
2653 897 2870 946 navem,
2897 891 2952 936 et
2979 898 3044 936 ex
3075 883 3248 938 altero
3271 883 3405 939 alto-

1829 985 1950 1023 rum
1976 969 2266 1040 intelligas,
2295 979 2350 1026 et
2378 979 2555 1026 tamen
2587 981 2872 1041 utrumque
2901 971 2968 1028 ad
2993 974 3405 1030 consumatis-

1829 1079 1952 1120 nem
1984 1065 2164 1120 saeculi
2192 1067 2459 1135 pertineat
2487 1077 2648 1136 atque
2673 1069 2727 1123 in
2762 1066 3124 1138 naufragium.

1903 1175 1922 1208 ι
1965 1156 2011 1210 Α
2034 1156 2211 1211 sonitu
2236 1157 2489 1212 clamoris
2509 1160 2932 1227 gubernatorum
2953 1169 3166 1216 tuorum
3189 1171 3405 1218 centur-

1834 1265 1854 1298 ι
1894 1245 2169 1301 babuntur
2215 1247 2419 1304 classes
2466 1257 2521 1302 et
2565 1250 2892 1304 descendent
2930 1251 2995 1308 de
3025 1253 3254 1308 navibus
3293 1254 3405 1310 suis

1835 1353 1855 1387 ι
1899 1351 2108 1398 omnes,
2145 1338 2235 1407 qui
2277 1339 2532 1394 tenebant
2579 1355 2808 1394 remum.
2846 1341 3034 1397 Natum
3069 1350 3124 1397 et
3169 1344 3402 1399 universi

1831 1443 1851 1476 ‹
1894 1427 2282 1494 gubernatores
2301 1428 2468 1484 maris
2486 1439 2836 1498 vectoresque
2855 1437 2910 1486 et
2930 1442 3164 1500 prorem
3182 1434 3238 1489 in
3263 1443 3403 1488 terra

1831 1535 1849 1566 ι
1893 1517 2110 1570 stabunt
2133 1515 2408 1584 ejulabunt
2429 1533 2588 1588 super
2609 1531 2660 1574 te
2680 1535 2811 1577 voce
2826 1537 3014 1593 magna
3032 1532 3085 1577 et
3099 1523 3409 1579 clamabunt

1829 1627 1850 1662 ι
1891 1625 2092 1664 amare.
2107 1609 2174 1664 Et
2187 1609 2541 1679 superjacient
2554 1613 2828 1681 pulverem
2843 1616 3110 1684 capitibus
3120 1617 3253 1681 suis,
3269 1626 3326 1672 et
3337 1619 3406 1671 ci-

1829 1720 1849 1752 ι
1895 1717 2022 1755 nere
2045 1712 2488 1772 conspergentur,
2505 1712 2560 1758 et
2576 1706 2764 1759 radent
2780 1722 2944 1776 super
2963 1717 3016 1762 te
3034 1708 3330 1773 calvitium,
3349 1718 3404 1763 et

1830 1810 1849 1843 ι
1891 1794 2238 1861 accingentur
2264 1795 2472 1860 ciliciis,
2497 1805 2552 1851 et
2575 1797 2862 1864 plorabant
2884 1807 2938 1854 te
2965 1801 3020 1854 in
3043 1801 3403 1856 amaritudine

139 1897 284 1958 gunt
324 1908 337 1942 :
389 1905 486 1943 nec
521 1889 802 1944 imitantur
831 1903 926 1943 eos
965 1887 1057 1957 qui
1084 1902 1256 1957 usque
1295 1887 1364 1942 ad
1407 1886 1723 1942 matutinam
1752 1869 1800 1936 Β
1833 1901 1852 1935 t
1899 1883 2091 1936 animae
2126 1883 2334 1953 ploratu
2365 1887 2733 1953 amarissimo,
2769 1897 2822 1942 et
2851 1900 3130 1945 assumant
3158 1908 3322 1962 super
3353 1901 3406 1948 te

140 1978 385 2050 vigiliam
410 1979 746 2049 navigantes,
771 1977 1046 2049 fregerunt
1072 1977 1290 2033 insanos
1320 1977 1483 2032 maris
1509 1975 1724 2041 ﬂuctus,

140 2080 202 2128 et
240 2071 522 2128 Demlnunt
555 2070 892 2132 Salvatoretn
921 2071 1191 2141 suscipere
1219 2078 1570 2135 meruerunt,
1613 2076 1724 2126 sta-

142 2164 354 2235 timque
386 2163 477 2220 tali
510 2173 726 2220 vectore
761 2173 816 2219 et
844 2165 1043 2224 comite
1082 2171 1446 2234 pervenerunt
1491 2163 1558 2216 ad
1605 2178 1728 2234 por-

145 2264 266 2311 tum
292 2256 507 2326 quietis,
539 2257 605 2312 de
629 2273 736 2327 quo
760 2257 813 2312 in
846 2254 1134 2326 Evangelio
1167 2256 1376 2326 plenius
1405 2254 1675 2310 scribitur.

1837 1995 1854 2027 ι
1897 1991 2114 2030 carmen
2155 1976 2376 2046 lugubre
2398 2018 2411 2039 ,
2441 1986 2496 2031 et
2530 1978 2782 2048 plangant
2814 1989 2884 2036 te.
2925 2001 2944 2032 ι
2979 1983 3206 2048 Quando
3235 1986 3408 2054 Tyrus

1830 2065 2110 2130 ceciderit,
2153 2068 2538 2137 gubernatores
2585 2069 2728 2125 illius
2774 2072 3152 2137 turbabuntur,
3188 2076 3407 2129 descen-

1829 2155 2061 2226 dentque
2093 2159 2158 2213 de
2186 2157 2449 2214 classibus
2479 2168 2532 2214 et
2564 2161 2792 2232 remiges
2813 2173 3164 2232 vectoresque
3186 2180 3251 2221 ac
3274 2181 3404 2235 pro-

1830 2257 1960 2302 reta:
2009 2248 2122 2302 sive
2169 2257 2364 2313 nautae,
2407 2258 2462 2303 et
2512 2251 2749 2306 universi
2788 2254 3176 2321 gubernatores
3219 2257 3401 2320 maris,

229 2365 248 2400 ι
294 2346 496 2402 Ventus
544 2354 725 2402 auster
765 2347 1021 2404 contrivit
1071 2356 1124 2401 te
1164 2347 1217 2402 in
1262 2346 1430 2402 corde
1471 2345 1654 2400 utaris.
1702 2363 1722 2397 ι
1824 2343 2013 2414 jactati
2044 2343 2290 2398 ﬂuctibus
2335 2344 2516 2400 stabili
2564 2345 2852 2415 aliquando
2891 2349 3190 2404 consistent
3214 2351 3404 2421 gradu,

143 2442 350 2497 Omnes
380 2441 578 2498 divitia:
606 2441 732 2513 Tyri
767 2451 956 2497 austro
975 2441 1140 2496 ﬂante
1165 2440 1503 2510 dispereunt,
1539 2437 1632 2508 qui
1657 2438 1729 2492 si-

143 2533 493 2604 gniﬁcantius
531 2531 790 2588 Hebraice
825 2530 1032 2597 Cadini,
1072 2546 1232 2601 quem
1271 2545 1369 2584 nos
1411 2529 1464 2584 in
1509 2535 1728 2584 ventum

145 2634 399 2680 urentem
452 2625 743 2680 transferre
791 2641 1093 2696 possumus.
1139 2623 1218 2680 De
1265 2639 1374 2692 quo
1415 2621 1625 2678 dicebat
1675 2631 1732 2677 et

144 2727 371 2772 sanctus
403 2735 414 2771 :
454 2736 472 2768 ι
507 2716 607 2772 Per
629 2718 770 2772 diem
797 2718 876 2772 sol
904 2733 1010 2776 non
1034 2725 1154 2772 uret
1183 2725 1254 2782 te,
1281 2730 1456 2785 neque
1486 2715 1610 2770 luna
1635 2730 1732 2784 per

142 2819 366 2864 noctem
392 2806 562 2878 (Psal.
595 2807 741 2879 cxx).
779 2828 797 2862 ι
832 2807 944 2866 Hoc
971 2818 1136 2863 vente
1157 2807 1323 2864 Iacob
1350 2815 1571 2862 exustus
1593 2815 1726 2872 erat,

1831 2431 2105 2500 ejulabunt
2129 2447 2289 2501 super
2315 2448 2379 2488 ea
2409 2448 2540 2488 voce
2565 2449 2786 2504 magna,
2820 2451 2983 2506 quam
3012 2439 3165 2508 prius
3191 2440 3304 2495 suis
3330 2439 3409 2495 lo-

1829 2522 2173 2592 cupletabant
2199 2525 2489 2588 mercibus,
2524 2533 2579 2580 et
2613 2527 2811 2582 mentis
2839 2532 3260 2586 amaritudinem
3293 2533 3406 2586 ela-

1829 2627 1981 2667 more
2024 2612 2332 2683 signabttnt,
2373 2614 2647 2683 pulverem
2694 2631 2910 2686 quoque
2946 2618 3060 2674 sive
3090 2628 3294 2674 terram
3318 2619 3406 2688 ja-

1829 2704 1977 2758 cient
2015 2719 2177 2773 super
2219 2705 2395 2775 capita
2439 2722 2536 2762 sua
2568 2722 2666 2776 pro
2696 2709 2929 2764 terrenis
2966 2712 3220 2780 operibus
3247 2727 3403 2784 agen-

1832 2804 1912 2849 tes
1941 2795 2331 2864 paenitentiam,
2375 2805 2428 2852 et
2450 2797 2632 2853 cinere
2661 2809 3092 2871 conspargentur
3111 2803 3194 2857 vel
3223 2804 3405 2860 vitula‘.

144 2908 206 2954 ct
240 2907 417 2953 tamen
454 2916 561 2954 non
596 2899 882 2964 contritus,
932 2899 1058 2954 dum
1090 2898 1364 2968 loquitur:
1411 2916 1430 2950 ι
1501 2897 1600 2952 Fui
1635 2913 1731 2967 per

1838 2886 1979 2956 iuxta
2025 2887 2212 2956 legem,
2244 2896 2303 2941 ut
2331 2889 2703 2956 puriﬁcentur,
2745 2890 2831 2944 vel
2875 2899 3024 2945 certe
3068 2895 3411 2950 substerneut

153 3009 172 3038 ι
226 2989 365 3043 diem
394 2998 614 3044 exustus
661 2999 792 3044 testu
819 2997 874 3043 et
909 2989 1031 3060 gelu
1073 2989 1248 3046 noctis
1278 2985 1432 3058 (Gen.
1482 2985 1656 3058 xxxi).
1706 3006 1725 3038 ι

144 3078 232 3132 llli
262 3093 472 3148 quoque
500 3079 591 3148 qui
633 3079 700 3134 ah
735 3080 867 3133 hora
910 3079 1081 3148 prima
1121 3078 1370 3134 conducti
1414 3087 1538 3134 sunt
1572 3078 1730 3134 totius

146 3170 264 3224 diei
298 3170 529 3226 caloretn
552 3178 606 3226 et
628 3179 790 3226 aestus
818 3170 1051 3226 tulerunt
1078 3169 1294 3242 (Matth.
1329 3171 1442 3241 xx),
1471 3178 1526 3226 et
1548 3178 1728 3224 tamen

145 3262 426 3332 accipiunt
469 3261 770 3329 denarium,
802 3262 930 3333 quia
958 3263 1135 3318 exusti
1177 3271 1302 3318 sunt
1348 3273 1401 3320 et
1445 3277 1552 3318 non
1594 3277 1726 3318 con-

148 3353 287 3408 triti.
321 3352 471 3408 Unde
500 3362 554 3408 et
584 3369 779 3424 sponsa
811 3354 940 3409 dicit
967 3354 1019 3408 in
1047 3352 1315 3408 Cantico;
1359 3371 1378 3408 t
1415 3353 1578 3424 Nigra
1609 3368 1730 3408 sum

146 3456 208 3502 et
233 3446 480 3508 formosa,
511 3447 636 3516 quia
681 3447 911 3518 dispexit
930 3463 1016 3502 me
1047 3447 1147 3511 sol,
1182 3466 1202 3502 ›
1230 3448 1364 3512 sive,
1384 3455 1444 3504 ut
1465 3446 1656 3502 melius
1675 3446 1732 3502 in

148 3535 422 3594 Hebraico
450 3537 777 3603 continetur,
809 3558 826 3590 ι
847 3537 1177 3594 decoloravit
1202 3553 1288 3594 me
1313 3539 1394 3596 sol
1423 3537 1599 3610 (Cant.
1630 3537 1726 3610 ι).›

236 3647 252 3680 ί
293 3628 500 3684 Divitiae
527 3638 650 3695 tuae,
675 3639 730 3684 et
759 3631 994 3684 thesauri
1025 3630 1122 3695 tui,
1149 3637 1204 3683 et
1233 3628 1509 3699 multiplex
1532 3628 1734 3684 instru-

158 3739 178 3772 ι
213 3728 454 3776 mentum
477 3729 649 3778 tuum.
674 3739 694 3776 ι
721 3719 870 3776 Multi
893 3720 964 3774 ita
991 3719 1173 3791 legunt
1202 3737 1216 3773 :
1253 3738 1272 3770 ι
1303 3719 1360 3774 ln
1383 3718 1545 3774 corde
1569 3717 1734 3776 maris

153 3810 360 3866 divitiae
396 3819 519 3874 tuae,
552 3819 606 3865 et
630 3812 869 3866 thesauri
900 3811 990 3874 tui,
1020 3819 1073 3865 et
1104 3811 1378 3881 multiplex
1407 3809 1734 3866 instrumen-

158 3911 276 3954 tum
308 3909 508 3962 tuum,»
537 3909 596 3954 ut
631 3916 818 3955 omnes
848 3901 974 3971 Tyri
1003 3901 1203 3954 divitia:
1231 3901 1588 3969 universaque
1614 3899 1736 3953 sub-

158 3991 362 4045 stantia
393 3991 446 4044 in
481 3989 641 4044 corde
665 3990 828 4044 maris
855 3991 924 4044 sit
945 3991 1152 4059 posita,
1185 3999 1241 4046 et
1281 3990 1460 4046 saeculi
1487 3985 1735 4044 [luctibus

162 4082 443 4142 obruatur,
493 4080 730 4148 nihilque
772 4079 1003 4132 habeant
1041 4080 1229 4134 stabile
1264 4081 1594 4133 habitatores
1621 4080 1737 4148 ejus

163 4182 328 4238 atque
364 4178 690 4238 perpetuum,
716 4169 932 4238 impleto
973 4169 1062 4224 illo
1093 4171 1402 4240 evangelico
1437 4189 1446 4222 :
1493 4191 1509 4220 (
1540 4168 1733 4232 Stulte,

64 4317 66 4320 ,
164 4263 267 4314 hac
305 4268 458 4313 nocte
487 4259 729 4313 auferent
769 4259 1002 4312 animam
1034 4268 1179 4313 tuam
1219 4275 1250 4314 a
1298 4269 1377 4312 te:
1413 4274 1530 4331 qum
1557 4266 1736 4312 autem

160 4348 672 4421 prwparastimujus
699 4349 890 4403 erunt?
924 4348 1073 4419 (Luc.
1107 4349 1258 4419 xu),i
1298 4357 1352 4402 ct
1391 4349 1480 4403 illo
1504 4348 1735 4417 Aposto—

161 4443 267 4496 lico
303 4458 315 4494 ζ
363 4459 381 4492 t
412 4439 512 4506 Qui
537 4439 719 4494 volunt
742 4440 933 4495 divites
959 4440 1099 4506 ﬁeri,
1139 4440 1380 4494 incidunt
1407 4441 1461 4494 in
1484 4439 1734 4494 tcntatio-

1831 2980 2069 3035 cinerem
2089 2979 2208 3042 sibi,
2232 2979 2388 3048 juxta
2418 2981 2546 3036 illud
2564 2983 2712 3050 quod
2731 2983 2931 3038 dicitur
2954 2984 3022 3041 ad
3050 2984 3407 3052 Hierusalem,

1837 3089 1855 3120 ι
1881 3069 2082 3142 Sparge
2111 3080 2314 3126 terram
2337 3088 2496 3142 super
2529 3082 2693 3142 caput
2729 3083 2904 3139 tuum,
2941 3083 2996 3128 et
3020 3076 3256 3130 cinerem
3288 3080 3413 3132 sub—

1831 3171 2014 3220 sterne
2037 3164 2129 3218 tibi
2153 3171 2206 3220 et
2230 3163 2315 3219 fac
2338 3165 2630 3233 planctum.
2644 3185 2664 3217 ι
2681 3165 2750 3221 Et
2769 3166 2824 3222 in
2846 3167 3133 3236 Evangelio
3152 3169 3411 3238 scriptum

1830 3261 1914 3306 est
1941 3271 1954 3306 :
1998 3271 2015 3304 ‹
2047 3254 2104 3309 Si
2136 3255 2190 3308 in
2223 3253 2364 3325 Tyro
2397 3262 2452 3308 et
2480 3253 2681 3310 Sidone
2706 3253 2850 3312 facta
2873 3264 3058 3314 essent
3097 3256 3210 3312 haec
3238 3259 3409 3328 signa,

1829 3344 1960 3400 olim
1989 3345 2043 3399 in
2073 3340 2230 3400 sacco
2253 3355 2306 3406 et
2332 3345 2513 3402 cinere
2538 3347 2776 3417 egissent
2796 3347 3170 3417 pmnitentiam
3193 3346 3408 3420 (Matth.

1831 3435 1933 3504 xi).
1967 3435 2034 3490 Et
2079 3435 2366 3490 Psalmista
2414 3435 2543 3492 dicit
2593 3454 2606 3490 :
2663 3454 2684 3488 ε
2736 3436 2986 3494 Cinerem
3025 3439 3180 3508 quasi
3215 3453 3412 3508 panem

1833 3527 2223 3586 manducabaru
2277 3526 2448 3598 (Paul.
2491 3527 2600 3595 nl).
2633 3543 2655 3582 ι
2710 3528 3028 3598 Radentque
3068 3545 3232 3600 super
3270 3529 3416 3601 Tyro

1834 3629 1996 3686 caput
2035 3620 2178 3688 quod
2216 3619 2271 3673 in
2319 3619 2464 3675 luctu
2514 3618 2633 3674 fieri
2687 3620 2862 3684 solet,
2919 3634 2986 3674 eo
3033 3630 3313 3689 tempore,
3361 3628 3417 3675 et

1837 3711 2034 3766 facient
2085 3710 2392 3776 calvitium,
2440 3727 2547 3781 quo
2599 3714 2914 3784 magnitudo
2954 3714 3154 3768 doloris
3199 3728 3412 3768 omnem

1837 3805 2128 3860 excluserit
2164 3805 2426 3860 laetitiam.
2447 3805 2822 3875 Apostolorum
2854 3821 2987 3861 vero
3012 3807 3188 3876 capilli
3225 3822 3415 3862 nume-

1838 3897 1943 3951 rati
1987 3906 2174 3959 eraut,
2206 3898 2332 3966 quia
2370 3898 2573 3954 crinem
2607 3914 2762 3951 suum
2800 3899 2969 3952 instar
2998 3897 3414 3953 Nasarmnorum

1839 3987 2064 4041 Domino
2112 3997 2516 4041 consecrarunt.
2569 3988 2633 4040 Et
2678 3989 2906 4042 Samson
2934 3989 3192 4057 quamdiu
3239 3989 3415 4041 crines

1838 4079 2046 4141 habuit,
2075 4079 2315 4146 possedit
2351 4078 2721 4132 fortitudinem
2757 4093 2772 4132 :
2804 4079 2982 4134 ablata
3013 4079 3260 4143 cmsarie,
3291 4094 3416 4146 cap-

1840 4177 1926 4224 tus
1950 4178 2032 4223 est
2053 4169 2429 4239 abAllophylis
2459 4169 2608 4238 (Jud.
2648 4171 2781 4238 xvr).
2813 4171 3036 4236 Quando
3078 4179 3255 4224 autem
3288 4171 3416 4225 dici-

1840 4267 1947 4324 tur,
1968 4277 1986 4308 ‹
2009 4269 2062 4313 et
2088 4259 2434 4328 aceingentur
2454 4259 2667 4323 ciliciis,
2692 4280 2709 4309 ι
2731 4269 2884 4314 vetus
2914 4259 3219 4315 lumborum
3250 4260 3415 4315 libido

1840 4353 2145 4415 damnatur,
2180 4361 2237 4405 ut
2281 4352 2369 4421 qui
2407 4353 2652 4406 vixerant
2700 4353 2754 4406 in
2793 4353 2998 4409 deliciis
3029 4364 3214 4424 postea
3251 4354 3418 4424 poeni-

1842 4453 2048 4509 tentes,
2082 4445 2262 4498 vivant
2292 4445 2346 4498 in
2376 4446 2697 4500 austeritate
2726 4455 2889 4514 atque
2918 4445 3137 4499 duritia.
3168 4445 3417 4500 Ninivitae

161 4548 290 4631 item
326 4540 380 4587 et
418 4531 1012 4631 musci-pulas‘multas,
1135 4531 1493 4631 detrahuntur
1523 4532 1576 4586 in
1614 4546 1738 4600 pro-
1763 4569 1818 4631 D
1846 4537 2083 4591 habuere
2111 4551 2297 4590 saccos
2339 4534 2518 4605 (Joau.
2560 4534 2662 4608 ιιι).
2699 4537 2766 4590 Et
2809 4552 3022 4591 rursum
3050 4538 3118 4591 ad
3164 4537 3419 4592 Hierusa-

154 4621 386 4676 fundum
427 4619 477 4692 (I
531 4618 664 4674 Tim.
704 4619 803 4691 vt).
856 4640 877 4674 ι
933 4619 1212 4675 Manifesta
1260 4628 1344 4676 est
1398 4621 1644 4686 historia,
1686 4618 1813 4676 et"
1844 4627 1949 4681 lem
1978 4627 2214 4682 dicitur:
2251 4645 2269 4677 ε
2314 4625 2510 4698 Plange
2537 4629 2603 4681 ad
2634 4642 2720 4682 me
2748 4629 2902 4696 quasi
2932 4643 3148 4697 sponsa,
3177 4629 3418 4682 accincta

155 4726 447 4788 propterea
473 4714 697 4786 singulis
719 4728 856 4784 pene
881 4713 1157 4768 versiculis
1179 4713 1372 4769 breves
1394 4714 1742 4769 sententiolas

158 4821 497 4880 coaptamus.
528 4810 646 4864 Jam
684 4810 826 4865 enim
866 4809 930 4862 ad
957 4808 1120 4862 finem
1151 4808 1272 4862 libri
1303 4807 1526 4862 festinat
1543 4808 1739 4862 oratio.

245 4922 262 4954 ι
310 4904 494 4957 Nauta:
543 4903 616 4957 tui
659 4912 713 4957 et
758 4902 1145 4972 gubernatores
1187 4901 1287 4964 tui,
1339 4901 1431 4968 qui
1489 4901 1744 4956 tenebant

167 5017 185 5047 ι
237 4994 654 5064 suppellectilem
697 5004 841 5049 tuam
871 5003 925 5046 et
958 4993 1155 5063 populo
1191 5002 1284 5047 tuo
1313 5003 1582 5062 praerant
1608 4993 1739 5047 viri-

168 5105 189 5138 ι
241 5101 344 5155 que
392 5085 677 5140 bellatores
721 5084 918 5155 tui'qui
955 5093 1110 5140 erant
1148 5085 1203 5139 in
1238 5093 1289 5140 te
1326 5100 1449 5139 cum
1496 5087 1743 5140 universa

169 5162 582 5232 (multitudine
607 5185 729 5241 tua,
762 5192 881 5246 qua:
906 5185 988 5232 est
1017 5177 1069 5232 in
1102 5177 1282 5232 medio
1319 5177 1424 5242 tui,
1465 5178 1660 5233 cadent
1686 5178 1743 5233 in

170 5289 189 5320 ι
236 5269 397 5323 corde
433 5269 598 5323 maris
646 5270 700 5324 in
746 5270 831 5325 die
882 5271 1048 5325 ruina:
1101 5280 1224 5326 tute.
1263 5291 1281 5324 ι
1331 5271 1583 5343 Remiges
1632 5273 1746 5326 sive

165 5369 365 5414 nautas
390 5359 540 5415 urbis
565 5360 741 5430 Tyria:
774 5359 1026 5415 Sidonios
1051 5360 1278 5430 legimus
1309 5372 1363 5416 et
1385 5362 1648 5428 Aradios,
1679 5363 1745 5417 de

164 5449 365 5518 quibus
386 5448 498 5519 jam
533 5451 732 5506 dictum
758 5460 841 5505 est
878 5469 889 5504 :
931 5458 986 5505 et
1006 5448 1159 5517 juxta
1190 5451 1481 5506 editionem
1509 5451 1743 5521 Septua-

166 5542 318 5612 ginta
376 5542 711 5598 consiliarios
756 5543 941 5612 Bybli,
989 5557 1108 5611 quae
1157 5541 1410 5597 hehraice
1446 5545 1745 5613 appellatur

167 5632 340 5687 Gebal
367 5651 378 5686 ;
405 5634 551 5690 viros
577 5650 791 5706 quoque
819 5634 1107 5690 bellatores
1122 5633 1236 5702 ejus
1257 5634 1469 5699 Persas,
1495 5637 1671 5707 Lydos
1692 5649 1746 5694 et

173 5723 390 5795 Libyas,
428 5727 516 5796 qui
547 5741 735 5782 omnes
775 5728 986 5794 cadent,
1031 5736 1084 5781 et
1125 5743 1244 5781 esse
1287 5727 1437 5780 nihili
1483 5739 1748 5783 monstra-

170 5812 376 5871 bantur
420 5835 540 5874 cum
568 5819 817 5874 ceciderit
846 5818 1038 5890 Tyrus,
1069 5828 1122 5874 et
1149 5818 1394 5873 universa
1425 5819 1593 5890 gloria
1631 5821 1746 5889 ejus

1846 4723 2021 4777 cilicio
2063 4738 2224 4792 super
2250 4723 2428 4775 virum
2458 4739 2613 4775 suum
2640 4721 2952 4789 virginalem
2977 4720 3133 4791 (Joel.
3162 4723 3256 4790 1).»
3306 4740 3324 4772 ε
3353 4722 3420 4776 Et

1845 4815 2136 4884 plorabunt
2166 4823 2238 4880 te,
2261 4815 2455 4883 inquit,
2481 4813 2533 4866 in
2572 4812 2933 4866 amaritudine
2975 4813 3168 4866 animae
3207 4813 3420 4882 ploratu

1851 4907 2208 4960 amarissimo.
2249 4925 2266 4956 ι
2314 4923 2331 4954 ί
2376 4904 2561 4958 Melius
2589 4914 2672 4958 est
2705 4904 2848 4957 enim
2887 4903 3091 4972 ingredi
3121 4904 3174 4958 in
3203 4904 3417 4958 domum

1848 4996 2042 5058 luctus,
2074 5011 2235 5064 quam
2262 4995 2314 5048 in
2345 4995 2502 5049 domo
2523 4994 2750 5048 convivii
2775 4993 2962 5063 (Eccli.
2987 4995 3102 5064 vn).
3136 5014 3155 5046 ι
3190 4994 3256 5049 Ut
3276 4994 3423 5063 plan-

1846 5096 1975 5157 gant
1995 5087 2218 5158 Tyrum,
2235 5094 2514 5140 etcarmen
2533 5085 2754 5156 lugubre
2769 5086 3163 5162 congeminent,
3179 5087 3322 5156 quod
3339 5103 3422 5142 se-

1847 5192 2017 5248 quens
2043 5177 2320 5248 Scriptura
2348 5177 2636 5248 subjungit.
2666 5176 2737 5232 Ut
2775 5186 2951 5233 autem
2976 5178 3213 5234 sciamus
3246 5178 3424 5248 profe-

1847 5283 1992 5328 ctum
2019 5288 2140 5326 esse
2168 5287 2352 5326 eorum
2393 5272 2483 5340 qui
2515 5272 2769 5343 plangunt
2794 5283 3056 5338 ruentem,
3081 5282 3135 5328 et
3159 5273 3249 5342 qui
3277 5274 3426 5343 prius

1848 5362 1902 5416 in
1919 5364 2086 5418 maris
2099 5363 2260 5418 corde
2274 5372 2328 5417 et
2347 5364 2397 5416 in
2416 5364 2589 5418 medio
2603 5364 2744 5418 illius
2761 5365 3136 5428 versabantur,
3151 5365 3426 5434 propheta:

1852 5470 1950 5511 nos
1975 5455 2164 5510 doceat
2203 5455 2523 5524 exemplum,
2557 5456 2644 5524 qui
2681 5464 2735 5508 et
2779 5456 2890 5523 ipse
2925 5457 3178 5527 plangere
3207 5456 3430 5525 iubetur

1853 5545 2074 5617 Tyrum,
2114 5555 2174 5600 ut
2221 5547 2436 5615 explete
2477 5555 2714 5614 tempore
2739 5548 3070 5614 pmnitentiae
3108 5549 3425 5602 restituatur

1853 5638 1908 5692 in
1953 5640 2232 5708 antiquum
2278 5648 2507 5700 statum,
2545 5647 2599 5692 et
2631 5648 2902 5710 assumpta
2945 5640 3169 5710 cythara
3200 5638 3426 5693 Domino

1854 5738 2123 5800 personet.
2159 5729 2298 5798 Lege
2345 5729 2556 5783 lsaiam.
2589 5729 2813 5796 Quidam
2842 5731 3067 5786 ridicule
3103 5731 3218 5798 (sed
3245 5739 3426 5784 tamen

1856 5830 1938 5877 est
1967 5821 2250 5877 dicendum
2278 5820 2419 5890 quod
2442 5820 2686 5893 legimus)
2717 5826 3106 5893 gubernatores
3148 5822 3428 5890 episcopos
