3916 6356
486 368 590 425 783
1130 359 1195 422 Β.
1232 359 1489 420 RABANI
1521 361 1742 420 MAURI
1774 357 2098 418 ARCHIEP.
2135 355 2448 415 MOGUNT.
2485 353 2773 413 .OPERUM
2827 353 3010 409 PARS
3044 351 3107 409 II.
3673 349 3775 406 τε*

486 480 888 546 haereticorum,
911 477 1677 550 consiliatoresrpresbyteros,
1700 483 1948 546 proretas
1980 489 2072 542 ar-
2097 473 2152 534 Α
2175 473 2343 527 maris
2389 480 2447 527 et
2497 479 2791 541 tempestas
2811 469 3075 526 demersit
3112 481 3198 522 me
3238 465 3417 538 (Psal.
3467 466 3704 539 vam).
3752 489 3769 520 ι

485 570 850 634 chidiaconos,
872 568 1106 638 remiges
1129 575 1290 638 atque
1315 575 1507 623 nautas
1529 567 1781 622 diaconos
1802 565 2062 634 interpre—
2169 564 2371 620 Omnes
2401 563 2588 620 insula
2613 562 2699 618 vel
2721 563 3054 626 habitatores
3076 559 3402 624 insularum,
3429 573 3567 628 quae
3589 559 3767 614 saeculi

489 670 674 717 tantur
713 680 726 715 :
780 655 1026 716 vectores
1055 675 1185 715 vero
1227 659 1296 714 ad
1335 666 1590 714 cunctum
1622 657 1878 728 pupulum
1923 656 2064 712 refe-
2165 657 2326 727 hujus
2350 655 2604 712 ﬂuctibus
2640 656 3020 719 verberantur,
3067 651 3361 723 stupebuut
3403 666 3582 722 super
3614 659 3694 713 te.
3724 663 3769 706 et

482 761 627 810 runt.
679 750 740 807 Si
776 751 1104 808 addidissent
1147 750 1460 808 nauclerum
1499 749 1792 812 diabolum,
1841 747 2060 816 imples-

482 851 602 900 sent
625 843 962 913 tragoediam.
993 842 1099 909 Qui
1125 857 1314 899 omnes
1343 841 1620 911 ejulabunt
1643 837 1870 910 pariter,
1892 847 1948 893 et
1967 838 2062 892 ﬂe-

481 936 615 992 bunt
653 935 1014 1000 amarissime,
1056 942 1113 989 et
1151 942 1315 1006 agent
1347 933 1740 1003 paenitentiam,
1772 943 2058 1002 postquam

481 1027 822 1099 naufragium
848 1026 1114 1083 senserint
1152 1027 1306 1081 navis
1345 1040 1456 1080 suae
1478 1020 1501 1089 ,
1533 1033 1589 1080 et
1619 1023 1678 1080 in
1712 1031 1857 1078 terra
1893 1031 2058 1077 stete-

481 1120 613 1185 rint,
640 1131 961 1187 omnemque
985 1115 1236 1173 decorem
1258 1114 1379 1170 falsi
1407 1115 1644 1169 nominis
1664 1113 1902 1170 scientiae
1925 1111 2060 1167 ami-

477 1210 676 1276 serint,
695 1217 751 1264 et
774 1223 872 1278 pro
892 1207 1085 1279 gaudio
1108 1213 1271 1276 atque
1290 1205 1493 1270 lmtitia,
1508 1205 1579 1264 .in
1601 1204 1780 1260 cordis
1801 1203 2059 1258 amaritu-

479 1302 605 1364 dine
626 1301 999 1372 ptenitentiam
1027 1312 1260 1355 maerore
1283 1298 1636 1369 signaverint.

552 1410 574 1445 ‹
618 1391 748 1459 Quae
766 1399 848 1448 est
867 1399 928 1446 ut
946 1389 1140 1461 Tyrus,
1159 1404 1278 1459 quae
1295 1389 1564 1444 obmutuit
1581 1389 1636 1444 in
1659 1389 1836 1444 medio
1860 1389 2059 1446 maris?

483 1502 502 1536 ‹
547 1498 666 1553 quae
704 1483 760 1538 in
798 1483 945 1538 exitu
984 1480 1405 1551 negotiationum
1432 1487 1646 1534 tuarum
1685 1479 1750 1533 de
1786 1478 1924 1533 mari
1957 1479 2058 1533 im-
2110 1537 2114 1542 ,

482 1591 502 1625 ς
546 1573 704 1644 plesti
747 1572 971 1644 populos
1013 1571 1231 1637 multos,
1258 1571 1315 1626 in
1363 1570 1707 1626 multitudine
1745 1569 2056 1625 divitiarum

481 1683 501 1716 ‹
543 1674 780 1731 tuarum,
814 1675 871 1721 et
892 1665 1214 1736 populorum
1241 1672 1477 1729 tuorum,
1521 1663 1705 1719 ditasti
1735 1677 1888 1733 reges
1916 1661 2056 1716 mul-

479 1777 499 1812 ι
543 1766 645 1814 tos.
672 1757 822 1814 Nunc
851 1759 1084 1814 contrita
1097 1773 1159 1813 es
1181 1774 1212 1811 a
1237 1757 1394 1821 mari,
1421 1757 1474 1810 in
1493 1754 1772 1825 profundis
1796 1770 2056 1825 aquarum

2165 763 2320 819 reges
2352 763 2537 803 earum
2577 753 2894 816 tempestate
2921 742 3174 814 perculsi,
3207 742 3452 807 sentient
3481 741 3763 798 interitum

2162 855 2317 896 suum
2343 858 2356 894 :
2400 841 2780 908 imitantesquc
2811 852 2997 893 vocem
3023 835 3228 892 colubri
3262 834 3574 890 sibilabunt
3603 845 3662 889 et
3689 836 3760 892 (E-

2161 940 2287 986 cent
2321 948 2334 984 :
2374 949 2392 981 ‹
2425 930 2509 984 Ad
2534 929 2762 984 nihilum
2798 929 3024 985 deducta
3053 942 3132 994 es,
3167 946 3186 978 ι
3229 926 3346 980 sive
3395 944 3416 975 ί
3469 923 3625 978 facta
3655 943 3760 997 per-

2162 1020 2295 1076 ditio
2323 1035 2403 1085 cs,
2443 1038 2461 1072 ι
2497 1029 2558 1074 ιιι
2596 1035 2701 1074 non
2747 1025 2936 1072 natura
2983 1015 3304 1088 perditionis
3338 1016 3644 1080 habueris,
3677 1019 3755 1069 sed

2159 1113 2512 1178 voluntatem,
2540 1121 2597 1166 et
2630 1127 2736 1168 non
2758 1111 2886 1165 eris.
2915 1110 3069 1176 Quod
3095 1108 3142 1164 si
3175 1108 3280 1162 huc
3302 1123 3486 1177 usque
3518 1109 3751 1175 dixisset,

2159 1219 2356 1276 magna
2420 1204 2645 1275 quaestio
2697 1210 3012 1258 nasceretur
3039 1242 3067 1270 ,,
3113 1200 3386 1272 quomodo
3436 1215 3554 1254 non
3605 1214 3746 1254 ἐξὲά

2159 1310 2320 1365 quam
2367 1310 2511 1350 nunc
2541 1295 2785 1352 videmus
2828 1301 3200 1350 exstructam:
3233 1293 3332 1347 sed
3377 1307 3452 1346 ex
3491 1309 3590 1355 eo,
3627 1297 3748 1362 quid

2161 1388 2450 1458 sequitur:
2489 1403 2651 1458 usque
2692 1387 2750 1442 in
2783 1385 3058 1451 swculum,
3103 1384 3263 1448 unius
3306 1385 3498 1439 seculi
3556 1395 3749 1454 tempus

2159 1484 2412 1550 ostendit,
2458 1480 2600 1550 quod
2624 1478 2782 1548 juxta
2810 1486 3021 1532 aetatem
3053 1475 3291 1530 hominis
3327 1491 3613 1532 annorum
3647 1492 3748 1545 sep-

2160 1576 2401 1645 tuaginta
2431 1573 2633 1630 circulo
2667 1579 3005 1642 supputetur,
3041 1568 3156 1624 sive
3194 1583 3304 1623 non
3347 1567 3472 1621 eris
3511 1568 3645 1631 Deo,
3677 1569 3743 1620 di-

2159 1674 2314 1722 cente
2357 1663 2636 1735 Apostolo,
2687 1682 2704 1713 (
2754 1661 2856 1729 Qui
2897 1659 3110 1717 vocavit
3152 1673 3237 1726 ea,
3285 1673 3414 1728 qua:
3460 1673 3576 1718 non
3614 1669 3742 1712 erant

2159 1756 2460 1828 (Rom.1v).
2498 1775 2517 1808 ι
2552 1755 2619 1810 Et
2659 1754 2795 1810 Isaia
2825 1754 3085 1822 propheta
3122 1770 3135 1804 :
3181 1768 3200 1801 ι
3232 1750 3382 1805 Ecce
3427 1749 3740 1804 confunden-

479 1869 497 1901 ι
539 1865 670 1919 opes
720 1856 858 1915 tuae,
889 1857 945 1904 et
986 1849 1162 1904 omnis
1203 1846 1490 1902 multitudo
1517 1853 1637 1912 tua,
1677 1861 1794 1915 qua:
1843 1854 1962 1902 erat
1997 1845 2051 1900 in
2079 1843 2128 1906 Β
2158 1856 2243 1902 tur
2269 1855 2323 1902 et
2343 1847 2663 1902 erubescent
2699 1859 2887 1900 onmes
2918 1842 3212 1898 adversarii
3237 1841 3342 1895 tui.
3396 1842 3580 1896 Erunt
3617 1845 3737 1897 enim

479 1958 498 1990 ι
543 1939 720 1994 medio
749 1939 829 1994 tui
855 1939 1193 2004 cecrderunt,
1221 1937 1459 1992 universi
1497 1935 1829 1993 habitatores
1853 1935 2052 1992 insula-

479 2049 500 2082 ι
542 2047 665 2087 rum
693 2031 1088 2101 obstupuerunt
1107 2046 1270 2101 super
1294 2037 1370 2096 te,
1400 2039 1454 2084 et
1474 2044 1629 2100 reges
1653 2045 1838 2084 earum
1861 2042 2051 2084 omnes

478 2141 498 2173 σ
538 2128 855 2192 tempestate
878 2121 1112 2191 perculsi
1137 2129 1484 2175 mutaverunt
1506 2119 1706 2176 vultus.
1740 2119 2050 2190 Negotiato—

477 2232 497 2264 ‹
541 2228 629 2268 res
652 2213 891 2281 gentium
923 2213 1275 2268 sibilaverunt
1300 2227 1463 2282 super
1487 2220 1562 2266 te.
1587 2211 1668 2266 Ad
1697 2211 1922 2265 nihilum
1951 2211 2051 2266 de-

476 2324 495 2354 ‹
541 2292 703 2358 ducta
735 2318 818 2369 es,
856 2311 914 2360 et
943 2318 1052 2358 non
1075 2303 1184 2358 eris
1215 2302 1356 2356 ultra
1398 2317 1569 2372 usque
1613 2302 1668 2355 in
1705 2301 1981 2356 sacculum.
2026 2321 2044 2353 ι

469 2393 871 2450 Gubernatores
918 2395 1150 2465 remiges
1195 2403 1424 2462 proreta:
1475 2401 1639 2463 atque
1691 2403 1938 2449 vectores
1995 2394 2049 2448 in

468 2484 690 2554 planctu
709 2485 839 2556 Tyri
863 2485 965 2541 ista
987 2485 1384 2550 memorabunt,
1405 2500 1525 2554 quae
1551 2484 1657 2540 alia
1677 2484 1956 2540 civitatum
1977 2484 2050 2538 ita

467 2575 746 2641 conticuit,
759 2582 821 2629 ut
841 2575 1094 2645 loquendi
1116 2574 1366 2630 ﬁduciam
1382 2589 1488 2630 non
1506 2573 1750 2640 haberet,
1766 2583 1820 2629 et
1840 2573 2054 2630 audiret

469 2667 600 2722 illud
623 2668 1001 2738 Evangelicum
1024 2685 1039 2723 :
1079 2685 1097 2717 ‹
1118 2668 1256 2723 Tace
1278 2677 1332 2724 et
1357 2670 1664 2724 obmutesce
1691 2667 1885 2738 (Marc.
1907 2668 2002 2738 ιν).
2026 2686 2044 2718 ι

468 2756 536 2811 Et
554 2756 620 2812 de
639 2757 902 2814 Psalmis:
938 2777 956 2809 ί
988 2757 1264 2814 Peccatori
1295 2767 1474 2814 autem
1499 2759 1636 2814 dixit
1660 2758 1802 2814 Deus
1830 2777 1841 2812 :
1873 2757 2051 2825 Quare

468 2857 526 2902 tu
570 2863 791 2905 enarras
829 2848 1066 2918 justitias
1102 2865 1274 2916 meas,
1315 2859 1370 2905 et
1397 2852 1626 2906 assumis
1669 2858 2050 2906 testamentum

464 2955 646 2996 meum
667 2955 765 3011 per
785 2956 846 2996 os
865 2940 1233 3013 tuum?(Psal.
1252 2941 1426 3016 χιιι.)
1459 2961 1478 2994 ι
1507 2941 1733 3010 Quantis
1755 2942 2048 3007 mercibus,

464 3048 500 3088 ο
538 3032 697 3106 Tyre,
742 3033 909 3092 ditata
956 3050 1035 3101 es,
1071 3035 1279 3104 etquid
1315 3043 1466 3090 tanto
1499 3035 1684 3092 labore
1711 3035 1950 3105 quaesisti
1990 3041 2051 3088 ut

464 3125 652 3182 diebus
697 3141 761 3182 ac
794 3125 1041 3182 noctibus
1067 3127 1308 3196 peritura
1350 3117 2041 3197 naufragio'cougregarcs.

461 3215 700 3286 Implesti
739 3220 955 3288 quidem
975 3195 1199 3289 populos
1227 3217 1440 3282 multos,
1464 3227 1519 3274 et
1546 3195 1736 3288 opibus
1763 3195 1872 3274 tuis
1896 3218 2044 3274 locu-
2072 3195 2118 3260 δ

462 3306 678 3376 pletasti
699 3323 853 3379 reges
871 3348 886 3373 ,
929 3309 996 3364 de
1015 3310 1211 3377 quibus
1233 3309 1491 3378 scriptum
1518 3318 1601 3364 est
1630 3328 1644 3363 :
1675 3329 1693 3362 ε
1741 3310 2044 3366 Astiterunt

463 3411 621 3466 reges
641 3405 817 3463 terrae,
834 3407 888 3452 et
907 3399 1178 3468 principes
1199 3406 1566 3452 convenerunt
1593 3399 1649 3452 in
1673 3413 1839 3452 unum
1862 3399 2044 3454 adver-

463 3500 558 3544 sus
582 3485 866 3541 Dominum
889 3495 947 3541 et
968 3487 1224 3542 adversus
1251 3487 1526 3542 Christum
1549 3487 1666 3557 ejus
1697 3487 1866 3560 (Psal.
1893 3488 1984 3560 u);
2018 3510 2037 3543 ι

463 3574 560 3629 sed
599 3589 742 3629 nunc
785 3575 1018 3630 contrita
1059 3591 1118 3631 es
1163 3577 1217 3631 in
1262 3576 1421 3642 mari,
1449 3585 1504 3632 et
1532 3578 1589 3632 in
1612 3593 1875 3647 aquarum
1903 3595 2037 3650 pro-

463 3662 663 3729 fundis,
685 3661 841 3731 juxta
868 3662 1014 3730 illud,
1045 3665 1188 3734 quod
1210 3665 1277 3720 de
1299 3666 1583 3723 Pharaone
1614 3670 1875 3738 scripturn
1909 3678 1993 3726 est
2019 3689 2032 3726 :

472 3772 491 3805 ι
536 3754 741 3810 Currus
779 3754 1078 3811 Pharaonis
1105 3763 1160 3809 et
1189 3754 1556 3814 fortitudinem
1593 3757 1708 3826 ejus
1733 3759 1956 3828 proiecit
1984 3762 2037 3815 in

466 3846 625 3912 mari,
645 3845 738 3916 qui
781 3846 1058 3916 demersus
1110 3854 1194 3903 est
1227 3848 1282 3903 in
1333 3848 1658 3919 profundum
1707 3852 1862 3920 quasi
1905 3853 2041 3922 lapis

468 3937 666 4009 (Exod.
694 3936 838 4011 xv),»
867 3946 922 3994 et
951 3938 1128 3995 dicere
1148 3948 1401 4009 poterat:
1435 3939 1600 3998 «Veni
1629 3944 1683 3998 iu
1714 3944 2040 4014 profundum

2152 1944 2304 2014 quasi
2317 1957 2424 1998 non
2441 1940 2698 2013 sint(Isa.
2716 1939 2848 2011 ηπ).
2875 1959 2891 1991 ι
2913 1938 2979 1993 Et
2992 1937 3209 2003 Esther,
3219 1937 3382 2006 juxta
3403 1934 3735 2006 Septuaginta

2151 2036 2480 2107 Interpretes
2514 2053 2526 2088 :
2559 2055 2577 2085 ‹
2611 2033 2690 2090 Ne
2715 2033 2901 2090 tradas
2924 2040 3197 2100 sceptrum
3225 2039 3390 2084 tuum
3421 2029 3516 2084 his
3544 2029 3628 2098 qui
3646 2045 3732 2082 ean

2151 2137 2278 2185 sunt
2311 2127 2524 2200 (Esther
2567 2124 2701 2198 xw).
2750 2143 2768 2176 ι
2811 2124 2878 2183 Et
2921 2123 2977 2178 in
3015 2121 3292 2177 Psalmis:
3341 2120 3580 2174 Dimitte
3625 2120 3732 2173 mihi

2151 2227 2213 2274 ut
2234 2217 2522 2288 refrigerer
2537 2216 2851 2286 priusquam
2871 2214 3080 2278 abeam,
3105 2220 3159 2266 et
3184 2209 3436 2280 amplius
3458 2224 3573 2262 non
3597 2224 3694 2262 ero.
3713 2228 3728 2257 )

2151 2307 2282 2374 Quae
2312 2305 2642 2371 testimonia,
2689 2318 2796 2373 quo
2833 2299 2999 2358 sensu
3047 2300 3371 2370 accipienda
3422 2299 3564 2362 sint,
3601 2315 3730 2368 supra

2152 2401 2406 2455 diximus.
2437 2396 2631 2453 Omnia
2669 2403 2850 2451 autem
2881 2395 3000 2449 haac
3038 2393 3105 2448 ad
3133 2392 3542 2447 haereticorum
3573 2408 3731 2462 posse

2151 2506 2272 2546 mus
2308 2489 2513 2546 referre
2541 2503 2862 2560 personam,
2907 2487 2998 2557 qui
3039 2488 3092 2540 in
3127 2485 3475 2542 contritione
3518 2487 3638 2556 Tyri
3668 2497 3730 2539 at-

2151 2601 2257 2654 que
2299 2583 2580 2654 naufragio
2611 2583 2844 2638 sentient
2872 2595 3116 2636 errorem
3141 2594 3302 2634 suum
3329 2619 3345 2642 ,
3386 2586 3450 2633 et
3497 2579 3550 2632 in
3582 2579 3732 2632 medie

2152 2674 2318 2728 maris
2358 2673 2555 2744 positi,
2607 2672 2840 2739 liberare
2897 2687 3024 2727 suas
3081 2671 3293 2726 animas
3339 2671 3724 2740 concupiscent

2150 2767 2517 2837 plangentque
2550 2763 2690 2820 male
2720 2763 2938 2818 divitias
2961 2770 3339 2832 congregatas,
3386 2762 3590 2829 quibus
3615 2761 3729 2814 mul-

2152 2865 2234 2913 tos
2271 2857 2578 2912 ditaverant
2609 2870 2764 2925 reges
2789 2873 2802 2907 :
2846 2854 3184 2924 patriarchas
3210 2851 3483 2906 videlicet
3511 2867 3659 2912 suos,
3684 2861 3725 2903 et

2150 2947 2342 3016 vulgus
2386 2945 2652 3017 ignobile,
2697 2959 2926 3013 quorum
2967 2943 3024 2997 in
3069 2941 3249 2996 medio
3296 2957 3435 3011 opes
3496 2947 3726 2994 corruent

2151 3041 2308 3096 mari.
2365 3039 2709 3095 Habitatores
2753 3051 2968 3106 quoque
3012 3034 3254 3090 omnium
3302 3032 3644 3095 insularum,
3688 3033 3727 3084 si

2155 3141 2338 3189 tamen
2349 3131 2680 3188 voluerimus
2693 3129 2760 3184 ad
2777 3127 2973 3184 bonam
2994 3136 3202 3196 partem
3221 3125 3450 3187 referre,
3466 3142 3580 3194 qua:
3592 3125 3727 3178 dicta

2147 3235 2298 3291 sunt,
2341 3225 2724 3293 obstupesceut
2755 3235 2919 3291 super
2938 3218 3266 3274 contritione
3303 3218 3448 3289 Tyri,
3477 3228 3528 3270 et
3567 3231 3719 3284 reges

2147 3315 2446 3372 insularum
2489 3312 2760 3377 omnium,
2797 3311 2882 3366 vel
2920 3310 3018 3379 ipsi
3059 3310 3213 3379 quasi
3259 3317 3575 3378 tempestate
3605 3322 3727 3375 per-

2148 3407 2283 3462 culsi
2309 3448 2324 3473 ,
2364 3403 2649 3460 mutabunt
2676 3403 2873 3468 vultus,
2923 3402 3007 3457 vel
3049 3410 3196 3458 certe
3225 3402 3415 3458 cordis
3454 3415 3725 3456 mererem

2151 3499 2277 3557 fletu
2301 3507 2357 3554 et
2393 3497 2650 3568 lacrymis
2669 3496 3000 3560 indicabunt,
3024 3495 3376 3565 stuporisque
3416 3490 3725 3564 magnitudi-

2150 3607 2276 3646 nem
2302 3589 2662 3645 admiratioue
2698 3595 2754 3641 et
2788 3585 2947 3641 sibilo
2973 3584 3342 3649 testabuntur,
3367 3583 3638 3654 quomodo
3656 3581 3724 3634 ni-

2149 3680 2243 3735 hili
2263 3679 2407 3734 facta
2430 3679 2525 3744 sit,
2549 3687 2606 3734 et
2624 3676 2863 3747 perierit,
2882 3691 3000 3745 quae
3025 3674 3256 3730 salutem
3279 3673 3478 3729 multis
3500 3674 3724 3744 gentibus

2145 3772 2515 3842 promittebat.
2539 3770 2606 3824 Et
2630 3769 2768 3823 ultra
2791 3785 2899 3825 non
2919 3771 3046 3830 erit,
3067 3783 3413 3842 nequaquam
3436 3779 3592 3823 certo
3612 3778 3724 3822 tem-

2146 3877 2298 3932 pore,
2326 3871 2386 3917 ut
2404 3865 2562 3919 αὶὼνα
2584 3862 2997 3933 interpretemur
3019 3861 3072 3914 in
3095 3839 3380 3922 sacculum,
3409 3859 3516 3915 sed
3543 3860 3595 3914 in
3621 3872 3724 3928 per-

2148 3961 2390 4023 petuum,
2421 3954 2546 4023 quia
2583 3953 2726 4010 idem
2753 3967 2934 4010 sermo
2954 3962 3246 4022 utrumque
3268 3951 3577 4022 significat.

471 4085 3722 4113 ww

1583 4195 1887 4275 LIBER
1960 4195 2101 4274 UN
2109 4197 2588 4278 DECIMUS.

461 4449 464 4454 .
539 4397 885 4465 Consequens
924 4402 1046 4450 erat
1078 4403 1140 4450 ut
1174 4394 1516 4464 prophetiam
1542 4392 1674 4464 Tyri
1703 4405 1760 4451 et
1783 4398 2044 4471 principis
2070 4405 2122 4465 D
2155 4419 2174 4454 ι
2207 4401 2384 4457 minus
2415 4401 2560 4456 Deus
2593 4416 2608 4454 :
2644 4398 2724 4454 Eo
2756 4397 2900 4469 quod
2933 4397 3203 4456 elevatum
3238 4406 3326 4454 est
3356 4412 3464 4454 cor
3501 4406 3657 4453 tuum
3683 4405 3725 4453 et

469 4491 598 4562 Tyri
628 4505 736 4546 uno
764 4489 1034 4546 volumine
1066 4490 1614 4559 comprehenderem,
1645 4499 1701 4546 et
1735 4499 1844 4548 tam
1877 4491 2040 4557 locis,

469 4599 630 4656 quam
651 4583 1036 4642 vaticinatione
1057 4583 1398 4654 coniunctos,
1421 4597 1761 4653 nequaquam
1787 4583 2045 4640 librorum
2090 4615 2094 4622 ι

465 4678 656 4734 ordine
687 4691 995 4747 separarem
1014 4717 1029 4742 ,
1065 4675 1160 4732 sed
1186 4675 1310 4746 quia
1344 4674 1495 4745 plura
1529 4682 1686 4742 sunt,
1715 4691 1834 4744 quae
1861 4675 2046 4731 dicun—

466 4781 575 4836 tur,
607 4779 662 4826 et
691 4771 907 4828 modum
939 4768 1268 4840 prolixitatis
1297 4768 1596 4832 excedunt,
1628 4768 1748 4824 ideo
1782 4768 1838 4830 in
1877 4768 2046 4824 unde-

467 4863 666 4918 cimum
695 4861 891 4916 librum
922 4860 1088 4916 dilata
1115 4868 1200 4912 est
1229 4858 1572 4927 explanatio,
1599 4873 1761 4927 quam
1796 4858 2048 4914 videlicet

468 4960 578 5006 tam
614 4951 709 5006 Dei
744 4949 1146 5010 misericordia,
1181 4963 1342 5017 quam
1372 4950 1533 5003 etiam
1563 4951 1800 5006 omnium
1833 4958 2046 5006 sancto-

468 5057 588 5096 rum
615 5041 979 5102 orationibus,
1012 5040 1080 5093 ad
1107 5038 1308 5094 calcem
1335 5041 1600 5096 credimus
1623 5050 2001 5110 perventuram
2026 5059 2039 5094 :

468 5137 531 5184 ut
564 5138 752 5184 contra
788 5127 1124 5183 Pharaonem
1163 5143 1410 5198 quoque,
1449 5131 1844 5190 etuniversam
1875 5130 2046 5201 Egy-

455 5226 657 5290 ptum,
688 5233 808 5287 quae
844 5218 901 5273 in
937 5218 1222 5275 Ezechiele
1256 5219 1456 5289 scripta
1491 5230 1650 5287 sunt,
1691 5221 2039 5278 disseramus.

1011 5333 1237 5392 CAPUT
1275 5335 1508 5391 XXVIII.

477 5419 703 5497 Verbum
718 5423 944 5497 ﬂamini
967 5436 1148 5480 contra
1172 5427 1459 5497 principem
1485 5425 1609 5495 Tyri
1633 5434 1685 5480 et
1711 5425 1774 5479 de
1801 5425 2044 5497 superbia

537 5494 676 5620 eius.
707 5492 887 5549 Sermo
919 5496 1126 5550 Domini
1157 5492 1350 5552 contra"
1371 5492 1619 5553 Sidonem
1639 5535 1654 5562 ,
1689 5505 1738 5551 et
1767 5492 2042 5566 proutissio

593 5565 752 5620 omini
780 5565 843 5617 de
870 5567 1245 5620 conarcaamlis
1278 5567 1400 5620 ﬁliis
1435 5565 1622 5620 Israel.

593 5565 752 5620 omini
780 5565 843 5617 de
870 5567 1245 5636 congregandis
1276 5567 1400 5635 ﬁliis
1435 5565 1634 5626 Israel.

547 5700 568 5732 ι
598 5681 666 5736 Et
711 5679 886 5736 factus
927 5687 1011 5736 est
1058 5695 1237 5736 sermo
1283 5679 1494 5737 Domini
1545 5679 1611 5734 ad
1656 5694 1774 5745 me,
1813 5679 2040 5736 dicens:

478 5771 636 5830 tFili
674 5773 934 5840 hominis,
980 5773 1065 5828 dic
1099 5772 1327 5843 principi
1376 5772 1501 5841 Tyri
1537 5790 1548 5826 :
1589 5770 1712 5827 Haec
1762 5771 1892 5826 dicit
1936 5768 2040 5825 Do-

2159 4511 2178 4544 ‹
2212 4491 2429 4558 dixisti,
2467 4488 2611 4546 Deus
2645 4503 2744 4560 ego
2777 4504 2932 4554 sum,
2972 4497 3028 4544 et
3063 4487 3120 4542 in
3155 4487 3417 4544 cathedra
3458 4488 3565 4544 Dei
3599 4488 3720 4545 sedi.

2156 4599 2174 4632 ι
2212 4582 2266 4635 in
2307 4581 2470 4640 corde
2505 4579 2706 4644 maris,
2746 4594 2870 4633 cum
2906 4578 2983 4636 sis
3029 4577 3192 4632 homo
3229 4585 3288 4638 et
3318 4593 3434 4634 non
3470 4578 3652 4639 Deus,
3681 4584 3726 4630 et

2153 4691 2171 4723 ‹
2209 4673 2406 4729 dedisti
2435 4687 2531 4728 cor
2556 4680 2707 4726 tuum
2733 4669 2888 4739 quasi
2917 4684 3010 4724 cor
3039 4669 3153 4724 Dei.
3180 4667 3656 4739 Eccesapientior

2153 4782 2170 4815 ‹
2203 4770 2264 4816 ιιι
2283 4760 2540 4816 Daniele?
2564 4759 3029 4831 Omne‘secretum
3053 4764 3270 4828 nonest
3292 4758 3680 4814 absconditum
3703 4772 3723 4806 ε

2151 4877 2170 4908 ε
2203 4865 2275 4912 te.
2310 4855 2370 4910 In
2400 4854 2664 4926 sapientia
2692 4862 2746 4908 et
2775 4851 3058 4922 prudentia
3095 4859 3186 4910 tua
3221 4848 3407 4908 fecisti
3449 4851 3554 4905 tibi
3589 4850 3722 4906 forti-

2151 4965 2171 4998 ¢
2205 4944 2446 5002 tudinem
2464 4983 2480 5011 ,
2509 4952 2565 5000 et
2593 4942 2873 5013 acquisisti
2902 4956 3092 5012 aurum
3122 4947 3176 4996 et
3201 4947 3500 5017 argentum
3535 4941 3596 4996 in
3625 4941 3722 4995 the

2150 5055 2170 5090 (
2201 5036 2382 5092 sauris
2402 5034 2525 5091 tuis.
2552 5034 2612 5088 In
2637 5031 2978 5098 multitudine
2997 5031 3286 5106 ,Sapieutite,
3303 5039 3446 5098 tuae,
3475 5041 3534 5087 et
3559 5048 3622 5103 ιη
3643 5044 3725 5098 ue-

2151 5145 2172 5180 c
2204 5125 2499 5198 gotiatione
2565 5132 2654 5180 tua
2716 5123 3107 5201 multiplicasti.
3149 5120 3726 5188 tibi.fortitudinem,

2149 5239 2167 5271 ι
2203 5227 2259 5274 et
2308 5219 2571 5274 elevatum
2605 5224 2691 5272 est
2743 5230 2839 5272 cor
2875 5224 3040 5284 tuum
3093 5215 3150 5270 in
3204 5213 3412 5280 robore,
3451 5221 3587 5286 tuo;
3615 5227 3728 5284 pru-

2148 5331 2166 5364 ι
2200 5319 2387 5381 pterea
2433 5310 2548 5365 haec
2593 5308 2724 5364 dicit
2747 5305 3009 5368 Dominus
3035 5305 3197 5370 Deus,
3231 5305 3308 5376 Eo
3351 5305 3524 5373 quod
3561 5306 3728 5360 eleta-

2149 5423 2167 5457 σ
2205 5413 2318 5472 tum
2343 5410 2430 5458 est
2451 5417 2545 5460 cor
2574 5408 2726 5472 tuum
2745 5439 2760 5466 ,
2790 5397 2943 5469 quasi
2972 5397 3214 5468 corDei,
3243 5395 3450 5454 idcirco

2147 5515 2166 5548 ‹
2203 5496 2465 5552 adducam
2495 5507 2656 5562 super
2691 5501 2744 5546 te
2782 5490 2985 5564 alienos
3016 5487 3425 5564 robustissimos
3454 5475 3732 5559 gentium.

2066 5631 2068 5634 ,
2147 5605 2165 5638 ‹
2198 5593 2253 5638 et
2280 5561 2791 5651 nudabuntigladios
2817 5562 2944 5646 suus
2969 5592 3131 5650 super
3157 5561 3629 5644 pulchritudinem
3656 5588 3734 5630 sa-

2149 5693 2167 5728 ‹
2197 5670 2414 5744 pientiae
2455 5678 2558 5726 tuac
2581 5710 2594 5734 ,
2633 5677 2687 5723 ct
2738 5667 2975 5736 pollueut
3026 5667 3282 5722 decorem.
3313 5674 3518 5744 tuum,
3573 5667 3733 5732 inter-

2150 5786 2165 5818 ι
2201 5763 2384 5820 lic-ient
2419 5769 2502 5828 te,
2540 5768 2591 5815 et
2635 5760 2844 5815 tradent.
2883 5767 2964 5824 te,
3012 5765 3066 5814 et
3108 5753 3356 5812 morieris
3400 5753 3458 5811 in
3505 5749 3729 5818 interim
