3916 6356
169 409 285 502 ass

1115 383 1458 488 contuear.
1498 425 1566 482 IN
1599 415 2045 481 EZECHIEhEM.
2086 455 2156 466 .—
2193 426 2316 481 LIB.
2359 425 2448 480 χι.

3315 423 3418 478 786

185 577 207 611 ι
242 537 545 614 occisorum
579 527 632 607 in
658 549 825 607 corde
861 548 1044 601 maris.
1077 542 1326 614 Nunquid
1350 543 1535 598 dicens
1571 541 1759 612 loque-
1783 544 1838 604 Α
1863 555 1988 610 pum
2007 580 2020 603 ,
2052 555 2172 609 qua:
2200 541 2397 610 scripta
2425 547 2551 594 sunt
2577 539 2921 594 disseramus.
2959 556 2978 590 ‹
3011 540 3144 594 Cum
3171 540 3279 604 sis,
3309 541 3417 606 ait,

185 671 206 705 ι
246 650 340 716 ris,
367 647 508 702 Deus
542 659 642 716 ego
675 651 802 699 sum“
825 653 1006 697 coram
1033 637 1476 694 interﬁcientibus
1515 647 1586 701 te,
1626 649 1748 690 cum

186 759 210 796 ι
245 742 319 797 sis
352 740 513 794 homo
547 746 604 793 et
645 747 752 791 non
777 734 952 799 Deus,
989 732 1044 786 in
1068 745 1231 785 manu
1256 729 1614 785 occidentium
1663 729 1754 782 te?

188 851 207 884 ε
244 828 415 885 Morte
453 824 949 884 incircumcisorum
986 821 1235 878 morieris
1266 821 1322 876 in
1358 835 1522 877 manu
1553 818 1752 874 alieno-

191 939 211 974 ι
247 936 384 985 rum,
413 919 537 989 quia
569 931 667 989 ego
701 901 908 972 locutus
944 929 1084 979 sum,
1122 913 1198 968 ait
1230 913 1490 968 Dominus
1524 911 1686 966 Deus.
1728 927 1746 962 ι

181 1001 456 1083 (meram)
480 1008 754 1076 Quomodo
781 1015 959 1062 autem
974 1003 1310 1077 Tyriaeurbis
1334 1004 1434 1059 sub
1461 1003 1632 1073 ﬁgura
1658 1018 1753 1056 na-

177 1103 268 1158 vis
291 1102 520 1170 primum
542 1099 760 1165 divitiae,
787 1098 979 1154 deinde
1007 1097 1160 1151 ruina
1182 1095 1533 1167 planctusque
1554 1091 1756 1149 descri-

178 1201 306 1262 ptus
339 1199 449 1258 est,
508 1191 586 1246 sic
617 1190 682 1245 ad
715 1189 1010 1259 principem
1041 1186 1165 1258 Tyri
1211 1186 1444 1256 primum
1483 1199 1661 1240 sermo
1695 1183 1757 1256 ﬁt

178 1281 532 1352 prephetalis,
555 1280 696 1352 quod
709 1289 920 1335 erectus
937 1279 1007 1334 sit
1026 1294 1123 1348 per
1145 1277 1476 1348 superbiam,
1492 1292 1592 1332 nec
1613 1277 1754 1332 bene

180 1389 314 1430 usus
335 1376 542 1445 opibus,
567 1388 702 1443 quas
723 1373 974 1428 habebat.
998 1370 1130 1426 Dein
1155 1368 1330 1424 luctus
1353 1364 1413 1424 et
1437 1368 1754 1423 lamentatio

177 1466 249 1519 de
284 1466 501 1536 quantis
534 1465 690 1520 bonis
722 1465 788 1518 ad
823 1462 963 1518 mala
1010 1470 1213 1532 quanta
1248 1460 1585 1531 pervenerit;
1637 1459 1753 1529 pri-

177 1573 330 1612 mum
379 1557 544 1628 igitur
590 1557 764 1626 prima
811 1553 1036 1609 dicenda
1080 1561 1223 1608 sunt.
1261 1551 1532 1621 Scriptum
1567 1557 1652 1606 est
1698 1549 1753 1604 in

173 1645 323 1700 Isaia
355 1646 423 1700 ad
453 1660 634 1715 regem
665 1643 951 1714 Babylonis
976 1641 1488 1706 Nabuchodonosor,
1522 1639 1664 1707 quod
1692 1653 1752 1693 se

177 1735 277 1790 Dei
314 1737 567 1807 potentiae
595 1737 920 1805 coaequarit,
951 1742 1004 1790 et
1031 1735 1086 1789 in
1114 1742 1323 1788 tantam
1352 1732 1528 1787 elatus
1563 1732 1634 1786 sit
1667 1746 1753 1786 ar-

177 1830 520 1899 rogantiam,
551 1837 610 1882 ut
638 1829 860 1882 auderet
889 1825 1068 1880 dicere
1102 1843 1115 1877 :
1152 1841 1174 1876 (
1207 1823 1382 1894 Super
1410 1823 1588 1877 sidera
1628 1821 1752 1876 οωΙὶ

1856 634 1911 689 in
1943 633 2118 687 medio
2148 632 2315 696 mari,
2354 652 2372 684 ι
2402 640 2457 688 et
2507 631 2564 686 in
2614 631 2800 687 insulae
2844 630 3076 687 tenearis
3123 633 3418 704 angustiis,

1854 723 1977 794 plus
2006 723 2204 788 dicam,
2233 737 2358 778 cum
2386 723 2462 778 sis
2491 723 2674 788 homo,
2695 731 2750 777 et
2777 723 3023 776 humanae
3047 723 3232 778 carnis
3259 721 3424 794 fragi-

1855 817 2007 872 litate
2053 816 2447 882 circumdatus,
2499 825 2707 871 tumore
2741 815 2918 870 cordis
2949 815 3153 882 elatus,
3195 815 3252 870 in
3285 815 3424 871 solio

1854 909 1987 973 Dei,
2028 910 2081 963 in
2121 908 2274 963 caelis
2312 916 2366 963 te
2404 907 2653 964 habitare
2695 907 2989 963 arbitratus
3032 922 3109 962 es.
3149 906 3426 978 Simulque

1856 1002 1981 1073 quia
2017 1003 2192 1072 jactas
2235 1001 2552 1071 sapientiam
2593 1001 2860 1056 intentum
2883 1041 2899 1068 ,
2929 1008 2990 1055 ut
3019 1001 3167 1072 regni
3201 1003 3280 1055 tui
3322 1002 3424 1057 ho—

1854 1093 2030 1148 mines
2075 1091 2413 1147 Salomonem
2460 1092 2831 1162 aenigmatibus
2868 1101 3255 1163 provocarent,
3296 1107 3431 1147 nun-

1846 1185 1986 1255 ‘quid
2033 1184 2325 1254 sapientior
2372 1198 2430 1239 es
2492 1185 2740 1250 Daniele,
2790 1185 2881 1254 qui
2934 1185 3030 1240 Dei
3075 1185 3250 1255 gratia
3296 1185 3428 1240 vicit

1857 1288 2045 1330 omnes
2070 1289 2256 1344 magos
2269 1283 2322 1329 et
2343 1275 2597 1339 hariolos,
2619 1283 2674 1330 et
2690 1289 2834 1330 nunc
2856 1275 2910 1329 in
2925 1275 3195 1346 Babylone
3215 1277 3429 1347 sapien-

1856 1368 2100 1423 tissimus
2125 1369 2242 1422 est?
2263 1367 2388 1422 Sive
2415 1368 2489 1422 ita
2518 1367 2918 1439 intelligendum
2947 1368 3108 1422 etiam
3136 1368 3431 1438 sapientior

1857 1459 1932 1514 sis
1962 1459 2212 1524 Daniele,
2245 1460 2335 1528 qui
2365 1459 2603 1513 omnium
2629 1459 2966 1515 confessione
2995 1461 3427 1530 sapientissimus

1857 1558 1940 1605 est
1970 1567 1983 1603 :
2014 1559 2070 1604 et
2097 1549 2404 1604 divitiarum
2434 1565 2497 1604 ac
2537 1551 2790 1620 potentim
2836 1550 3206 1621 magnitudine
3237 1551 3332 1605 Dei
3378 1558 3430 1604 te

1849 1641 2044 1710 cupias
2064 1641 2317 1711 potentia:
2345 1656 2642 1711 coaequare,
2669 1650 2847 1696 tamen
2870 1643 3106 1712 capiaris
3134 1645 3202 1698 ab
3231 1643 3426 1698 adver-

1857 1734 2032 1798 sariis,
2053 1743 2107 1789 et
2126 1734 2260 1788 urbe
2284 1735 2512 1803 perdita,
2543 1734 2724 1788 multis
2745 1733 3072 1793 confodieris
3093 1735 3422 1791 vulneribus.
3456 1764 3465 1769 -

1855 1825 1924 1880 Et
1942 1826 2082 1880 ultra
2107 1841 2212 1881 non
2231 1825 2394 1890 dices,
2428 1827 2568 1880 Deus
2583 1841 2682 1894 ego
2708 1842 2844 1889 sum,
2877 1826 2970 1880 sed
2996 1828 3182 1880 doctus
3210 1819 3430 1879 interitu

175 1921 498 1985 ascendam,
545 1927 600 1974 et
642 1933 737 1974 ero
781 1915 972 1972 similis
1015 1915 1290 1970 Altissimo
1341 1913 1488 1985 (Isa.
1517 1912 1687 1985 xxv);
1727 1931 1746 1964 ι

1868 1919 2126 1972 hominem
2170 1925 2222 1972 te
2251 1932 2370 1972 esse
2401 1907 2710 1986 cognosces,
2741 1932 2844 1971 non
2876 1918 3064 1971 Deum.
3111 1916 3204 1970 Sin
3247 1924 3429 1970 autem

176 2014 657 2082 przecipitatusque
680 2012 745 2067 de
782 2010 915 2066 solio
944 2008 1142 2064 meruit
1169 2008 1390 2062 audire:
1425 2027 1444 2058 ‹
1477 2005 1755 2073 Quomodo

180 2102 379 2156 cecidit
415 2099 651 2166 Lucifer,
691 2101 782 2171 qui
819 2114 976 2153 mane
1001 2098 1314 2153 oriebatur?
1356 2115 1374 2147 ι
1409 2095 1477 2150 Et
1513 2096 1578 2150 de
1610 2095 1754 2149 Pha-

178 2206 346 2245 raone
385 2182 438 2244 in
478 2190 580 2246 hoc
615 2191 802 2245 eodem
833 2189 1095 2259 propheta
1126 2205 1139 2240 :
1179 2205 1196 2237 ‹
1229 2186 1345 2241 Mea
1384 2193 1510 2241 sunt
1536 2184 1756 2239 ﬁumina

178 2289 241 2334 et
285 2295 382 2351 ego
429 2279 532 2335 feci
583 2294 666 2335 ea.
702 2300 720 2332 ›
755 2279 823 2333 Et
851 2282 915 2334 de
945 2279 1190 2349 principe
1219 2278 1377 2348 Tyri,
1429 2277 1572 2348 quod
1615 2277 1758 2331 elato

179 2372 347 2426 corde
396 2371 592 2425 dixerit
640 2380 997 2440 arroganter:
1032 2387 1052 2420 «
1087 2371 1230 2424 Deus
1277 2383 1376 2438 ego
1411 2383 1560 2430 sum,
1599 2376 1655 2421 et
1704 2367 1757 2421 in

180 2460 440 2516 cathedra
469 2460 562 2514 Dei
589 2461 722 2524 sedi,
760 2479 781 2513 ι
813 2460 929 2515 sive
959 2477 979 2510 ε
1011 2459 1068 2514 in
1111 2459 1420 2513 habitaculo
1461 2459 1555 2513 Dei
1600 2458 1756 2512 habi-

185 2552 317 2604 tavi.
353 2570 373 2604 ι
409 2549 542 2605 Cum
575 2551 646 2605 sit
676 2552 838 2607 homo
868 2559 922 2606 et
952 2567 1059 2606 non
1090 2551 1252 2606 Deus.
1285 2551 1416 2618 Quae
1447 2566 1756 2622 quanquam

182 2641 469 2696 videantur
488 2643 632 2699 vires
660 2644 910 2698 humanae
939 2643 1243 2711 fragilitatis
1262 2644 1543 2710 excedere,
1571 2651 1626 2698 et
1648 2659 1758 2698 non

188 2739 302 2786 tam
336 2733 613 2788 hominum
649 2733 813 2788 verba
851 2746 996 2798 esse,
1030 2749 1190 2803 quam
1231 2733 1616 2788 insanientium
1647 2734 1756 2788 dte-

185 2837 442 2889 monum,
477 2832 656 2879 tamen
681 2825 835 2895 juxta
862 2825 1146 2898 ὖπερϐολήν
1183 2825 1440 2878 debemus
1479 2824 1757 2894 accipere,

188 2914 333 2982 quod
364 2913 420 2968 in
459 2921 667 2968 tantum
701 2914 1054 2970 intumuerint
1101 2922 1155 2969 et
1203 2914 1498 2969 nescierint
1543 2928 1762 2968 mensu-

189 3017 309 3057 ram
350 3018 501 3058 suam
540 3015 598 3059 ut
631 3004 756 3059 elati
783 3004 1043 3059 felicitate
1069 3003 1282 3070 saeculi,
1313 3011 1368 3058 et
1396 3002 1546 3074 regni
1574 3010 1762 3073 poten-

190 3096 266 3150 tia
287 3135 300 3160 ,
335 3096 461 3150 dum
488 3097 776 3166 prtesentia
805 3098 944 3152 bona
971 3103 1164 3167 putant
1193 3111 1313 3151 esse
1337 3101 1594 3166 perpetua
1612 3134 1628 3161 ,
1660 3095 1760 3149 ho-

185 3187 362 3242 mines
389 3202 447 3242 se
473 3201 595 3243 esse
621 3189 945 3254 nescierint,
971 3196 1029 3243 et
1056 3195 1317 3244 aeternum
1347 3187 1449 3243 sibi
1477 3187 1763 3258 imperium

179 3278 513 3359 Vrindicarint
534 3317 550 3345 ,
591 3279 716 3334 licet
753 3281 854 3335 sub
893 3289 1020 3350 typo
1059 3281 1395 3351 Ρΐίῐιοίρυων
1432 3294 1761 3351 regumque’

188 3460 512 3516 adversariae
567 3461 1020 3517 demonstrentur.
1095 3462 1171 3517 De
1233 3463 1427 3532 quibus
1479 3462 1668 3517 scribit
1706 3469 1762 3517 et

189 3550 466 3620 apostolus
495 3550 692 3607 Paulus
721 3551 956 3623 (Ep/rea.
987 3567 1042 3606 vr
1066 3551 1086 3624 )
1120 3570 1133 3604 :
1167 3569 1188 3603 ι
1222 3551 1339 3608 Non
1370 3560 1454 3608 est
1482 3553 1637 3608 nobis
1662 3568 1761 3623 pu-

187 3655 296 3710 gna
338 3642 597 3698 adversus
643 3657 891 3708 carnem,
941 3650 998 3697 et
1041 3644 1388 3714 sanguinem,
1434 3644 1528 3698 sed
1573 3651 1762 3699 contra

187 3733 464 3804 principes
487 3744 540 3790 et
566 3743 860 3805 potestates
881 3743 1230 3806 rectoresque
1252 3737 1598 3793 tenebrarum
1626 3737 1760 3791 ista-

192 3840 358 3891 rum,
393 3834 447 3879 et
491 3825 752 3896 spiritalia
800 3827 1054 3896 nequitias
1097 3828 1152 3881 in
1195 3828 1525 3884 caelestibus.
1563 3845 1582 3878 ι
1613 3827 1681 3882 Et
1705 3827 1762 3881 in

193 3916 301 3971 alio
343 3916 462 3971 loco
504 3917 576 3988 (1
605 3915 726 3971 Cor.
757 3918 842 3989 ιι)
871 3933 886 3972 :
921 3935 942 3970 ε
977 3918 1308 3988 Sapientiam
1347 3920 1582 3989 loquitur
1623 3920 1764 3974 inter

193 4006 497 4078 perfectos,
529 4009 848 4078 sapientiam
874 4022 1004 4062 vero
1044 4023 1152 4063 non
1181 4008 1366 4063 mundi
1392 4009 1550 4079 hujus
1590 4022 1765 4077 neque

181 4103 497 4172 principum
775 4100 936 4156 istius
971 4101 1063 4168 qui
1102 4101 1471 4156 destruuntur.
1503 4121 1524 4154 ι
1562 4101 1630 4155 Et
1660 4101 1764 4158 ite-

199 4207 318 4244 rum
342 4232 356 4256 ,
389 4191 453 4244 de
483 4189 749 4259 sapientia
790 4189 1104 4258 disputans,
1134 4189 1211 4243 ait
1236 4190 1256 4260 (
1278 4188 1459 4260 Ibid.)
1493 4207 1504 4241 :
1541 4209 1557 4240 ‹
1594 4189 1768 4255 Quam

198 4279 377 4334 nullus
402 4279 468 4333 de
487 4278 822 4348 principibus
850 4277 1031 4333 mundi
1063 4276 1220 4346 hujus
1245 4278 1512 4350 cognovit.
1537 4277 1595 4332 Si
1622 4278 1770 4332 enim

197 4370 574 4441 cognovissent
614 4383 887 4438 nunquam
929 4369 1203 4423 dominum
1243 4369 1429 4440 gloriae
1467 4369 1770 4424 cruciﬁxis-

183 4465 338 4516 'sent.
375 4479 392 4512 ι
427 4461 484 4514 In
511 4459 750 4515 Danielis
779 4461 1302 4531 quoque'prophetia
1329 4463 1612 4531 perspicue
1641 4460 1790 4530 legi-'

198 4553 287 4611 tur
316 4555 494 4628 (Dan.
525 4573 558 4610 ι
583 4555 603 4628 )
630 4597 644 4621 ,
673 4557 924 4626 princeps
963 4555 1243 4611 lsraelitici
1285 4555 1493 4626 pepuli,
1541 4553 1772 4610 Michael

1855 2003 2101 2061 volu'mus
2129 2006 2426 2075 principem
2452 2005 2579 2075 Tyri
2629 2007 2870 2060 eamdem
2901 2006 3080 2060 dicere
3107 2014 3432 2074 potestatem

1858 2099 1943 2153 eui
1966 2113 1996 2152 a
2017 2098 2127 2152 Deo
2141 2097 2342 2152 credita
2363 2106 2444 2151 est
2465 2098 2578 2166 ipsa
2602 2098 2811 2163 civitas,
2839 2099 2950 2152 sive
2975 2098 3273 2168 provincia,
3298 2097 3431 2152 illud

1860 2207 2199 2246 assumamus
2232 2190 2616 2246 testimonium.
2647 2190 2758 2261 Ego
2785 2191 2914 2256 dixi,
2962 2190 3032 2244 dii
3059 2189 3221 2256 estis,
3253 2197 3308 2244 et
3333 2187 3431 2243 ﬁlii

1859 2281 2078 2336 Excelsi
2125 2294 2331 2336 omnes.
2366 2278 2473 2335 Vos
2517 2288 2696 2335 autem
2749 2281 2886 2335 sicut
2937 2280 3183 2334 homines
3234 2279 3434 2332 morie-

1859 2371 2028 2436 mini,
2058 2378 2111 2424 et
2143 2372 2283 2426 sicut
2312 2387 2453 2426 unus
2483 2372 2548 2425 de
2576 2370 2908 2441 principibus
2938 2369 3161 2424 cadetis.
3196 2369 3430 2424 Tradita:

1859 2462 2004 2516 enim
2035 2461 2139 2516 illis
2171 2470 2297 2515 sunt
2323 2463 2389 2515 ad
2419 2461 2713 2530 regendum
2746 2459 3067 2529 provinciae,
3099 2458 3253 2529 quasi
3288 2457 3433 2528 judi-

1861 2552 2014 2608 cibus
2053 2553 2122 2607 ab
2159 2553 2518 2622 imperatore,
2561 2551 2652 2619 qui
2695 2549 2845 2604 obliti
2884 2551 3142 2604 honorem
3183 2563 3340 2603 suum
3367 2562 3437 2604 ex

1863 2643 2084 2699 alterius
2114 2642 2358 2711 jussione
2399 2641 2665 2712 pendere,
2695 2641 2870 2710 qualis
2900 2656 3072 2710 nuper
3101 2638 3437 2695 lleradianus

1861 2737 1918 2790 in
1958 2733 2140 2790 Africa
2179 2733 2300 2789 fuit.
2333 2732 2513 2788 Erecti
2559 2739 2683 2787 sunt
2719 2741 2902 2787 mente
2941 2732 3219 2802 tyrannica
3249 2739 3437 2784 contra

1863 2841 2046 2898 regem
2076 2834 2129 2881 et
2159 2826 2446 2881 Dominum
2486 2841 2643 2880 suum
2664 2864 2679 2890 ,
2705 2833 2765 2878 ut
2793 2825 2850 2878 in
2891 2830 3004 2879 toto
3039 2824 3171 2878 orbe
3211 2821 3439 2892 dispersi

1866 2919 1966 2972 sub
1994 2917 2302 2971 nominibus
2333 2915 2651 2970 idololatriae
2671 2955 2686 2981 ,
2709 2916 2937 2970 deorum
2967 2915 3069 2968 sibi
3097 2913 3316 2967 nomina
3345 2926 3439 2966 as~

1867 3015 2174 3072 sumerent,
2227 3016 2281 3061 et
2325 3005 2496 3060 inﬂati
2541 3004 2790 3075 superbia
2830 3005 2886 3058 in
2932 3002 3194 3072 judicium
3242 3000 3441 3056 diaboli

1867 3099 2168 3154 inciderent
2208 3107 2263 3152 et
2307 3097 2580 3168 laqueum.
2620 3097 2697 3151 De
2726 3111 2836 3166 quo
2867 3104 2923 3150 et
2952 3094 3202 3149 Salvator
3227 3093 3440 3149 locutus

1869 3191 1925 3244 in
1961 3188 2251 3260 Evangelio
2287 3195 2408 3244 est:
2444 3207 2462 3239 ι
2493 3187 2616 3242 Vidi
2653 3185 2913 3242 Satanam
2942 3184 3100 3255 quasi
3129 3183 3310 3255 fulgur
3347 3197 3439 3237 ca-

1788 3279 1834 3348 C
1867 3283 2082 3337 dentem
2113 3282 2177 3336 de
2205 3281 2344 3336 caelo
2375 3279 2543 3353 (Luc.
2576 3279 2670 3350 ι).
2703 3298 2721 3331 ι

192 3376 249 3423 et
278 3369 628 3441 singularium
656 3371 869 3426 urbium
896 3370 984 3425 vel
1022 3371 1421 3440 provinciarum
1463 3378 1760 3441 potestates
1847 3401 1849 3404 ‹

1944 3392 1962 3424 ‹
1997 3373 2065 3427 Et
2096 3372 2270 3428 factus
2301 3380 2384 3427 est
2413 3385 2594 3426 sermo
2622 3371 2835 3425 Domini
2865 3371 2933 3424 ad
2962 3385 3051 3424 me
3081 3370 3268 3425 dicens
3294 3385 3306 3422 :
3337 3367 3441 3424 Fili

1872 3483 1894 3516 ε
1923 3464 2160 3519 hominis
2181 3503 2196 3528 ,
2229 3463 2346 3516 leva
2373 3463 2649 3532 planctum
2679 3477 2841 3532 super
2871 3475 3052 3532 regem
3080 3461 3241 3533 Tyri,
3273 3467 3330 3514 et
3356 3459 3442 3514 di-

1869 3575 1889 3605 ι
1925 3567 2016 3608 ces
2048 3554 2098 3608 ei
2125 3572 2137 3606 :
2163 3551 2290 3608 Haec
2327 3552 2456 3607 dicit
2491 3553 2749 3608 Dominus
2783 3552 2924 3607 Deus
2951 3571 2962 3605 :
2991 3553 3070 3606 Tu
3106 3551 3442 3622 signaculum

1871 3664 1888 3696 ι
1921 3644 2309 3710 similitudinis,
2339 3645 2528 3714 plenus
2555 3644 2818 3714 sapientia
2840 3653 2894 3698 et
2917 3643 3188 3714 perfectus
3207 3644 3438 3709 decore;

1870 3760 1889 3791 ι
1919 3740 1976 3794 in
2006 3739 2212 3794 deliciis
2239 3739 2476 3808 paradisi
2506 3738 2603 3793 Dei
2641 3738 2808 3794 fuisti.
2855 3738 3042 3792 Omnis
3081 3737 3216 3807 lapis
3242 3737 3445 3808 pretio—

1871 3845 1892 3880 ‹
1924 3844 2016 3884 sus
2035 3830 2426 3900 operimentum
2447 3837 2595 3883 tuum
2617 3869 2632 3894 ,
2655 3829 2891 3894 sardius,
2915 3827 3157 3898 tepazius
3180 3837 3235 3883 et
3245 3826 3440 3897 jaspis,

1871 3941 1894 3972 ‹
1923 3929 1980 3976 et
1998 3922 2341 3992 chrysolitus,
2363 3930 2416 3977 et
2431 3939 2599 3993 onyx,
2621 3929 2676 3978 et
2698 3923 2918 3977 berillus
2939 3923 3225 3993 sapphirus
3248 3931 3304 3978 et
3324 3935 3443 3977 car-

1874 4030 1894 4063 ‹
1928 4013 2198 4066 bunculus
2224 4019 2277 4066 et
2306 4012 2643 4083 smaragdos.
2686 4013 2893 4067 Aurum
2924 4029 3060 4083 opus
3091 4013 3302 4068 decoris
3331 4013 3444 4080 tui,

1875 4122 1893 4154 ι
1927 4110 1985 4158 et
2008 4102 2276 4158 foramina
2302 4111 2396 4157 tua
2421 4103 2478 4156 in
2506 4104 2592 4157 die
2613 4142 2629 4168 ,
2654 4118 2760 4172 qua
2784 4103 3038 4158 conditus
3059 4119 3120 4158 es
3144 4111 3448 4173 praeparata

1876 4215 1894 4246 ‹
1927 4201 2073 4249 sunt.
2113 4194 2191 4249 Tu
2231 4195 2435 4250 cherub
2471 4203 2722 4250 extentus
2759 4203 2815 4249 et
2851 4205 3166 4265 protegens,
3203 4204 3258 4249 et
3291 4195 3449 4265 posui

1879 4305 1898 4338 ι
1933 4294 1985 4341 te
2016 4287 2070 4340 in
2101 4295 2283 4341 monte
2312 4295 2498 4341 sancto
2529 4287 2644 4340 Dei.
2675 4287 2732 4340 ln
2761 4287 2941 4341 medio
2970 4287 3204 4356 lapidum
3248 4287 3446 4358 ignito-

1879 4397 1897 4432 ι
1931 4395 2048 4434 rum
2081 4379 2362 4434 ambulasti
2383 4421 2397 4445 ,
2431 4380 2704 4449 perfectus
2734 4379 2788 4433 in
2818 4379 2921 4434 viis
2952 4379 3058 4433 tuis
3085 4395 3116 4433 a
3148 4379 3234 4434 die
3260 4378 3450 4434 condi-

1879 4487 1898 4521 ‹
1929 4469 2095 4523 tionis
2132 4477 2266 4534 tum,
2305 4469 2475 4524 donec
2511 4471 2726 4524 inventa
2763 4477 2848 4524 est
2884 4468 3141 4538 iniquitas
3181 4469 3237 4522 in
3273 4477 3344 4523 te.
3385 4467 3447 4525 In

1879 4577 1900 4611 ι
1933 4560 2276 4614 multitudine
2314 4559 2694 4630 negotiationis
2741 4567 2845 4614 tua:
2883 4559 3087 4630 repleta
3137 4569 3262 4615 sunt
3311 4559 3453 4616 inte-

182 4643 251 4702 ἐι
303 4647 552 4718 princeps
607 4643 826 4702 Graeciae
884 4646 1242 4716 princepsque
1308 4645 1618 4701 Persarum.
1700 4638 1844 4700 EtD
1875 4668 1896 4702 ι
1930 4650 2076 4704 riora
2128 4656 2216 4702 tua
2266 4649 2580 4718 iniquitate,
2627 4657 2684 4702 et
2729 4649 2990 4716 peccasti,
3021 4657 3078 4702 et
3123 4646 3255 4716 ejeci
3286 4657 3341 4703 te
3379 4648 3448 4704 de

189 4739 373 4795 Moses
428 4739 665 4809 apertius
714 4740 903 4794 scribit
951 4739 1006 4792 in
1053 4739 1458 4793 Deuteronomii
1507 4739 1765 4794 cantico:

179 4829 480 4898 "(Quando
507 4829 775 4885 dividebat
802 4828 1108 4884 Altissimus
1137 4838 1323 4900 gentes
1342 4871 1358 4897 ,
1388 4829 1774 4885 disseminabat

199 4917 339 4976 ﬁlios
373 4920 545 4975 Adam
578 4939 590 4975 :
638 4921 916 4976 constituit
953 4922 1214 4976 terminos
1256 4921 1567 4987 nationum,
1616 4921 1773 4990 juxta

201 5027 486 5069 numerum
514 5009 822 5083 angelorum
841 5011 987 5077 Dei,i
1009 5012 1141 5076 sive,
1156 5020 1218 5066 ut
1243 5011 1435 5067 melius
1460 5011 1691 5066 habetur
1717 5012 1774 5066 in

201 5103 496 5171 lichraico,
534 5097 552 5157 ἀ
582 5106 735 5177 juxta
764 5119 1049 5160 numerum
1088 5105 1320 5159 ﬁliorum
1354 5105 1538 5160 Israel.
1577 5105 1647 5159 Et
1683 5104 1768 5160 fa-

175 5204 350 5250 ‘ctum
389 5201 507 5261 est,
545 5201 670 5265 pars
703 5193 915 5250 Domini
957 5195 1184 5266 populus
1227 5193 1342 5264 eius
1384 5194 1582 5260 Jacob,
1624 5195 1767 5249 funi-

201 5285 356 5345 culus
401 5285 728 5344 haereditatis
779 5288 893 5357 ejus
919 5287 1084 5344 Israel
1131 5287 1324 5359 (Deut.
1353 5287 1573 5360 xxxn).
1611 5307 1629 5339 ι
1662 5286 1772 5343 Nec

202 5380 522 5436 mirabimur
546 5382 601 5436 in
628 5373 783 5451 parte
813 5379 1084 5434 contraria
1102 5381 1367 5450 pessimos
1385 5395 1540 5450 reges
1565 5379 1620 5433 in
1648 5387 1774 5449 typo

175 5467 676 5543 ‘przevaricatorum
702 5471 1006 5543 prazcedcre
1033 5471 1334 5541 principum
1352 5512 1366 5537 ,
1394 5485 1515 5526 cum
1541 5472 1775 5541 optimos

174 5575 176 5582 '
204 5561 557 5632 reges'David
585 5571 640 5617 et
669 5555 1008 5618 Salomonem
1035 5569 1090 5616 et
1116 5559 1317 5616 Josiam
1346 5570 1400 5615 et
1427 5560 1773 5616 Patriarchas

204 5642 264 5708 'et
297 5649 596 5724 Prophetas
637 5654 693 5709 in
735 5654 905 5723 ﬁgura
953 5654 1165 5708 Domini
1205 5652 1502 5710 Salvat’oris
1542 5669 1774 5724 praeces-

209 5743 346 5824 sisse
370 5745 672 5800 doceamus.
696 5744 864 5817 lgitur
881 5745 1034 5815 juxta
1058 5753 1344 5816 utramque
1367 5746 1776 5818 intelligentiam

208 5849 396 5905 regum
435 5828 646 5906 pariter
683 5833 1038 5908 Superborum
1076 5846 1132 5895 et
1171 5843 1536 5908 apostatarum
1569 5838 1774 5908 princi-

1880 4761 1900 4794 ι
1934 4750 2117 4798 monte
2165 4740 2293 4806 Dei,
2343 4749 2398 4794 et
2447 4741 2657 4810 perdidi
2700 4748 2778 4806 te,
2814 4755 2847 4795 ο
2885 4741 3117 4806 cherub,
3162 4750 3450 4812 protegens

1881 4855 1902 4888 ‹
1933 4837 1999 4892 de
2031 4836 2209 4891 medio
2244 4835 2482 4903 lapidum
2518 4835 2830 4904 ignitorum.
2869 4833 2937 4888 Et
2973 4834 3208 4889 levatum
3237 4843 3324 4889 est
3353 4847 3448 4896 cor

1881 4943 1902 4977 ‹
1930 4933 2082 4979 tuum
2113 4925 2168 4979 in
2199 4925 2394 4978 decore
2423 4931 2537 4977 tuo.
2571 4922 2860 4978 Perdidisti
2890 4923 3211 4993 sapientiam
3241 4924 3300 4977 in
3327 4923 3451 4994 pulv

1881 5032 1902 5064 σ
1935 5013 2238 5068 chritudine
2271 5021 2384 5077 tua,
2421 5014 2477 5066 in
2512 5021 2712 5068 terram
2736 5011 2938 5083 proieci
2974 5021 3026 5068 te
3054 5030 3068 5066 :
3092 5022 3218 5067 ante
3252 5012 3452 5081 faelem

1881 5125 1901 5156 ‹
1935 5119 2120 5175 regum
2169 5103 2290 5158 dedi
2327 5111 2407 5170 te,
2449 5111 2510 5157 ut
2545 5111 2832 5158 cernerent
2879 5112 2949 5158 te.
3001 5103 3058 5157 ln
3103 5103 3450 5161 multitudine

1882 5211 1901 5246 ‹
1936 5195 2281 5264 iniquitatum
2311 5202 2525 5248 tuarum
2561 5203 2617 5250 et
2651 5195 2705 5249 in
2743 5195 3029 5264 iniquitate
3065 5196 3445 5266 negotiationis

1881 5302 1899 5335 ι
1931 5291 2077 5349 tuae,
2121 5283 2358 5354 polluisti
2401 5284 2882 5340 sanctiﬁcationem
2929 5293 3106 5351 tuam,
3156 5287 3450 5356 producam

1881 5393 1900 5427 ι
1930 5389 2058 5446 ergo
2087 5375 2263 5445 ignem
2292 5375 2358 5430 de
2387 5375 2565 5431 medio
2595 5377 2672 5430 tui
2701 5376 2793 5445 qui
2826 5379 3072 5432 comedat
3107 5386 3190 5446 te,
3225 5387 3280 5435 et
3313 5381 3453 5437 dabo

1855 5485 1902 5519 ι(
1930 5475 1984 5522 te
2013 5467 2068 5522 in
2098 5467 2336 5521 cinerem
2365 5480 2526 5536 super
2558 5475 2759 5522 terram
2795 5470 2850 5523 in
2885 5479 3174 5540 conspectu
3208 5473 3451 5528 omnium

1885 5576 1904 5609 ί
1937 5559 2230 5613 videntium
2281 5566 2352 5612 te.
2393 5557 2592 5614 Omnes
2625 5561 2714 5631 qui
2753 5562 2986 5618 viderint
3020 5571 3072 5619 te
3108 5566 3162 5620 in
3200 5566 3450 5636 gentibus

1885 5670 1903 5703 ‹
1933 5650 2314 5720 obstupescent
2354 5665 2516 5719 super
2564 5658 2633 5705 te.
2687 5651 2848 5708 Nihili
2888 5653 3065 5712 factus
3105 5673 3195 5724 es,
3239 5665 3295 5710 et
3341 5672 3451 5712 non

1887 5761 1908 5794 ‹
1937 5742 2044 5797 eris
2074 5743 2128 5796 in
2159 5751 2498 5813 perpetuum.
2533 5763 2551 5796 ›
2584 5741 2880 5818 (Ηὶενοη.)
2916 5747 3053 5814 Quia
3087 5748 3321 5802 diximus
3354 5747 3450 5816 qui

1880 5835 1951 5891 sit
1997 5835 2246 5905 princeps
2281 5833 2431 5906 Tyri,
2481 5843 2533 5892 et
2566 5839 2834 5896 quomodo
2867 5839 3134 5896 corruerit
3168 5835 3444 5908 superbia,
