  <div class='ocr_page' id='page_1' title='image "/cluster/home/n/w/nwhite01/storage/ocr_20150623/110/hvd.32044015466865/424.png"; bbox 0 0 3916 6356; ppageno 0'>
   <div class='ocr_carea' id='block_1_1' title="bbox 166 394 269 453">
    <p class='ocr_par' dir='ltr' id='par_1_1' title="bbox 166 394 269 453">
     <span class='ocr_line' id='line_1_1' title="bbox 166 394 269 453; baseline 0 -3"><span class='ocrx_word' id='word_1_1' title='bbox 166 394 269 453; x_wconf 71' lang='grc'><strong>189</strong></span> 
     </span>
    </p>
   </div>
   <div class='ocr_carea' id='block_1_2' title="bbox 1089 394 2434 455">
    <p class='ocr_par' dir='ltr' id='par_1_2' title="bbox 1089 394 2434 455">
     <span class='ocr_line' id='line_1_2' title="bbox 1089 394 2434 455; baseline 0 -1"><span class='ocrx_word' id='word_1_2' title='bbox 1089 394 1438 454; x_wconf 66' lang='grc' dir='ltr'><strong>ΟΟΙΙΕΝΤ.</strong></span> <span class='ocrx_word' id='word_1_3' title='bbox 1476 395 1545 453; x_wconf 80' lang='lat' dir='ltr'><strong>IN</strong></span> <span class='ocrx_word' id='word_1_4' title='bbox 1580 394 2031 455; x_wconf 72' lang='lat' dir='ltr'><strong>EZEGIHELEM.</strong></span> <span class='ocrx_word' id='word_1_5' title='bbox 2069 427 2139 439; x_wconf 90' lang='lat'><strong>—</strong></span> <span class='ocrx_word' id='word_1_6' title='bbox 2176 397 2305 453; x_wconf 86' lang='lat' dir='ltr'><strong>LIB.</strong></span> <span class='ocrx_word' id='word_1_7' title='bbox 2341 397 2434 454; x_wconf 74' lang='lat' dir='ltr'><strong>XI.</strong></span> 
     </span>
    </p>
   </div>
   <div class='ocr_carea' id='block_1_3' title="bbox 3304 396 3408 458">
    <p class='ocr_par' dir='ltr' id='par_1_3' title="bbox 3304 396 3408 458">
     <span class='ocr_line' id='line_1_3' title="bbox 3304 396 3408 458; baseline 0 0"><span class='ocrx_word' id='word_1_8' title='bbox 3304 396 3408 458; x_wconf 69' lang='lat'><strong>7’0</strong></span> 
     </span>
    </p>
   </div>
   <div class='ocr_carea' id='block_1_4' title="bbox 161 508 3412 588">
    <p class='ocr_par' dir='ltr' id='par_1_4' title="bbox 161 508 3412 588">
     <span class='ocr_line' id='line_1_4' title="bbox 161 508 3412 588; baseline 0.002 -22"><span class='ocrx_word' id='word_1_9' title='bbox 161 508 313 566; x_wconf 82' lang='lat' dir='ltr'><strong>dotis</strong></span> <span class='ocrx_word' id='word_1_10' title='bbox 348 509 403 565; x_wconf 85' lang='lat' dir='ltr'><strong>in</strong></span> <span class='ocrx_word' id='word_1_11' title='bbox 435 510 688 581; x_wconf 69' lang='lat' dir='ltr'><strong>praesenti</strong></span> <span class='ocrx_word' id='word_1_12' title='bbox 720 510 843 567; x_wconf 88' lang='lat' dir='ltr'><strong>loco</strong></span> <span class='ocrx_word' id='word_1_13' title='bbox 874 512 1106 568; x_wconf 84' lang='lat' dir='ltr'><strong>multum</strong></span> <span class='ocrx_word' id='word_1_14' title='bbox 1140 522 1201 569; x_wconf 91' lang='lat' dir='ltr'><strong>et</strong></span> <span class='ocrx_word' id='word_1_15' title='bbox 1226 514 1370 568; x_wconf 88' lang='lat' dir='ltr'><strong>inter</strong></span> <span class='ocrx_word' id='word_1_16' title='bbox 1391 526 1480 579; x_wconf 89' lang='lat' dir='ltr'><strong>se,</strong></span> <span class='ocrx_word' id='word_1_17' title='bbox 1502 519 1562 568; x_wconf 92' lang='lat' dir='ltr'><strong>et</strong></span> <span class='ocrx_word' id='word_1_18' title='bbox 1599 513 1743 568; x_wconf 87' lang='lat' dir='ltr'><strong>inter</strong></span> <span class='ocrx_word' id='word_1_19' title='bbox 1767 522 1821 585; x_wconf 70' lang='grc' dir='ltr'><strong>Α</strong></span> <span class='ocrx_word' id='word_1_20' title='bbox 1844 513 2079 586; x_wconf 80' lang='lat' dir='ltr'><strong>Spiritus</strong></span> <span class='ocrx_word' id='word_1_21' title='bbox 2114 513 2288 569; x_wconf 87' lang='lat' dir='ltr'><strong>sancti</strong></span> <span class='ocrx_word' id='word_1_22' title='bbox 2316 511 2502 586; x_wconf 72' lang='lat' dir='ltr'><strong>(ludi.</strong></span> <span class='ocrx_word' id='word_1_23' title='bbox 2524 514 2632 584; x_wconf 86' lang='grc' dir='ltr'><strong>ιιι).</strong></span> <span class='ocrx_word' id='word_1_24' title='bbox 2660 515 2807 585; x_wconf 77' lang='lat' dir='ltr'><strong>Lege</strong></span> <span class='ocrx_word' id='word_1_25' title='bbox 2847 514 3063 571; x_wconf 60' lang='lat' dir='ltr'><strong>Isaiam</strong></span> <span class='ocrx_word' id='word_1_26' title='bbox 3084 516 3158 570; x_wconf 70' lang='lat' dir='ltr'><strong>Et</strong></span> <span class='ocrx_word' id='word_1_27' title='bbox 3188 516 3412 588; x_wconf 84' lang='lat' dir='ltr'><strong>ponitur</strong></span> 
     </span>
    </p>
   </div>
   <div class='ocr_carea' id='block_1_5' title="bbox 162 603 1735 675">
    <p class='ocr_par' dir='ltr' id='par_1_5' title="bbox 162 603 1735 675">
     <span class='ocr_line' id='line_1_5' title="bbox 162 603 1735 675; baseline 0.002 -17"><span class='ocrx_word' id='word_1_28' title='bbox 162 603 516 675; x_wconf 77' lang='lat' dir='ltr'><strong>Septuaginta</strong></span> <span class='ocrx_word' id='word_1_29' title='bbox 560 604 878 675; x_wconf 68' lang='lat' dir='ltr'><strong>interpretes</strong></span> <span class='ocrx_word' id='word_1_30' title='bbox 924 620 1029 660; x_wconf 90' lang='lat' dir='ltr'><strong>non</strong></span> <span class='ocrx_word' id='word_1_31' title='bbox 1068 606 1245 660; x_wconf 84' lang='lat' dir='ltr'><strong>solum</strong></span> <span class='ocrx_word' id='word_1_32' title='bbox 1280 606 1503 672; x_wconf 78' lang='lat' dir='ltr'><strong>ordine,</strong></span> <span class='ocrx_word' id='word_1_33' title='bbox 1543 605 1638 661; x_wconf 90' lang='lat' dir='ltr'><strong>sed</strong></span> <span class='ocrx_word' id='word_1_34' title='bbox 1679 613 1735 661; x_wconf 90' lang='lat' dir='ltr'><strong>et</strong></span> 
     </span>
    </p>
   </div>
   <div class='ocr_carea' id='block_1_6' title="bbox 160 696 1736 772">
    <p class='ocr_par' dir='ltr' id='par_1_6' title="bbox 160 696 1736 772">
     <span class='ocr_line' id='line_1_6' title="bbox 160 696 1736 772; baseline 0.002 -19"><span class='ocrx_word' id='word_1_35' title='bbox 160 712 391 753; x_wconf 82' lang='lat' dir='ltr'><strong>numero</strong></span> <span class='ocrx_word' id='word_1_36' title='bbox 410 696 725 768; x_wconf 76' lang='lat' dir='ltr'><strong>discrepant</strong></span> <span class='ocrx_word' id='word_1_37' title='bbox 748 707 912 771; x_wconf 90' lang='lat' dir='ltr'><strong>atque</strong></span> <span class='ocrx_word' id='word_1_38' title='bbox 950 700 1276 756; x_wconf 73' lang='lat' dir='ltr'><strong>nominibus.</strong></span> <span class='ocrx_word' id='word_1_39' title='bbox 1315 700 1376 756; x_wconf 91' lang='lat' dir='ltr'><strong>In</strong></span> <span class='ocrx_word' id='word_1_40' title='bbox 1412 700 1736 772; x_wconf 68' lang='lat' dir='ltr'><strong>Apocalypsi</strong></span> 
     </span>
    </p>
   </div>
   <div class='ocr_carea' id='block_1_7' title="bbox 160 785 1737 862">
    <p class='ocr_par' dir='ltr' id='par_1_7' title="bbox 160 785 1737 862">
     <span class='ocr_line' id='line_1_7' title="bbox 160 785 1737 862; baseline 0.003 -20"><span class='ocrx_word' id='word_1_41' title='bbox 160 802 377 860; x_wconf 85' lang='lat' dir='ltr'><strong>quoque</strong></span> <span class='ocrx_word' id='word_1_42' title='bbox 411 785 634 843; x_wconf 74' lang='lat' dir='ltr'><strong>Ioannis</strong></span> <span class='ocrx_word' id='word_1_43' title='bbox 652 787 676 858; x_wconf 86' lang='lat'><strong>(</strong></span> <span class='ocrx_word' id='word_1_44' title='bbox 697 787 857 858; x_wconf 75' lang='lat' dir='ltr'><strong>Apoc.</strong></span> <span class='ocrx_word' id='word_1_45' title='bbox 881 803 974 843; x_wconf 75' lang='lat' dir='ltr'><strong>nr</strong></span> <span class='ocrx_word' id='word_1_46' title='bbox 992 788 1036 860; x_wconf 84' lang='lat'><strong>),</strong></span> <span class='ocrx_word' id='word_1_47' title='bbox 1062 790 1151 845; x_wconf 88' lang='lat' dir='ltr'><strong>ubi</strong></span> <span class='ocrx_word' id='word_1_48' title='bbox 1190 791 1257 846; x_wconf 83' lang='lat' dir='ltr'><strong>de</strong></span> <span class='ocrx_word' id='word_1_49' title='bbox 1296 790 1435 846; x_wconf 91' lang='lat' dir='ltr'><strong>vivis</strong></span> <span class='ocrx_word' id='word_1_50' title='bbox 1472 790 1737 862; x_wconf 74' lang='lat' dir='ltr'><strong>lapidibus</strong></span> 
     </span>
    </p>
   </div>
   <div class='ocr_carea' id='block_1_8' title="bbox 162 877 1738 951">
    <p class='ocr_par' dir='ltr' id='par_1_8' title="bbox 162 877 1738 951">
     <span class='ocr_line' id='line_1_8' title="bbox 162 877 1738 951; baseline 0.002 -17"><span class='ocrx_word' id='word_1_51' title='bbox 162 877 497 935; x_wconf 73' lang='lat' dir='ltr'><strong>Hierusalem</strong></span> <span class='ocrx_word' id='word_1_52' title='bbox 520 885 794 934; x_wconf 80' lang='lat' dir='ltr'><strong>exstructa</strong></span> <span class='ocrx_word' id='word_1_53' title='bbox 808 888 1162 947; x_wconf 73' lang='lat' dir='ltr'><strong>memoratur,</strong></span> <span class='ocrx_word' id='word_1_54' title='bbox 1178 881 1454 951; x_wconf 81' lang='lat' dir='ltr'><strong>paululum</strong></span> <span class='ocrx_word' id='word_1_55' title='bbox 1478 881 1534 936; x_wconf 91' lang='lat' dir='ltr'><strong>in</strong></span> <span class='ocrx_word' id='word_1_56' title='bbox 1556 888 1738 937; x_wconf 81' lang='lat' dir='ltr'><strong>extre-</strong></span> 
     </span>
    </p>
   </div>
   <div class='ocr_carea' id='block_1_9' title="bbox 86 969 1738 1040">
    <p class='ocr_par' dir='ltr' id='par_1_9' title="bbox 86 969 1738 1040">
     <span class='ocr_line' id='line_1_9' title="bbox 86 969 1738 1040; baseline 0.001 -15"><span class='ocrx_word' id='word_1_57' title='bbox 86 1009 104 1025; x_wconf 91' lang='lat'><strong>.</strong></span> <span class='ocrx_word' id='word_1_58' title='bbox 160 970 270 1025; x_wconf 85' lang='lat' dir='ltr'><strong>mis</strong></span> <span class='ocrx_word' id='word_1_59' title='bbox 294 970 535 1040; x_wconf 85' lang='lat' dir='ltr'><strong>partibus</strong></span> <span class='ocrx_word' id='word_1_60' title='bbox 555 969 743 1025; x_wconf 90' lang='lat' dir='ltr'><strong>ordine</strong></span> <span class='ocrx_word' id='word_1_61' title='bbox 766 971 1271 1025; x_wconf 87' lang='lat' dir='ltr'><strong>commutatoiidcm</strong></span> <span class='ocrx_word' id='word_1_62' title='bbox 1296 971 1352 1025; x_wconf 93' lang='lat' dir='ltr'><strong>in</strong></span> <span class='ocrx_word' id='word_1_63' title='bbox 1376 970 1738 1027; x_wconf 76' lang='lat' dir='ltr'><strong>fundamentis</strong></span> 
     </span>
    </p>
   </div>
   <div class='ocr_carea' id='block_1_10' title="bbox 161 1059 1736 1133">
    <p class='ocr_par' dir='ltr' id='par_1_10' title="bbox 161 1059 1736 1133">
     <span class='ocr_line' id='line_1_10' title="bbox 161 1059 1736 1133; baseline 0.001 -18"><span class='ocrx_word' id='word_1_64' title='bbox 161 1059 279 1128; x_wconf 76' lang='lat' dir='ltr'><strong>eius</strong></span> <span class='ocrx_word' id='word_1_65' title='bbox 317 1068 588 1130; x_wconf 89' lang='lat' dir='ltr'><strong>ponuntur</strong></span> <span class='ocrx_word' id='word_1_66' title='bbox 628 1059 848 1129; x_wconf 84' lang='lat' dir='ltr'><strong>lapides,</strong></span> <span class='ocrx_word' id='word_1_67' title='bbox 893 1061 966 1115; x_wconf 86' lang='lat' dir='ltr'><strong>ita</strong></span> <span class='ocrx_word' id='word_1_68' title='bbox 1004 1070 1067 1117; x_wconf 87' lang='lat' dir='ltr'><strong>ut</strong></span> <span class='ocrx_word' id='word_1_69' title='bbox 1106 1071 1274 1133; x_wconf 70' lang='lat' dir='ltr'><strong>portat</strong></span> <span class='ocrx_word' id='word_1_70' title='bbox 1312 1062 1457 1117; x_wconf 86' lang='lat' dir='ltr'><strong>illius</strong></span> <span class='ocrx_word' id='word_1_71' title='bbox 1494 1061 1736 1133; x_wconf 75' lang='lat' dir='ltr'><strong>crystalli</strong></span> 
     </span>
    </p>
   </div>
   <div class='ocr_carea' id='block_1_11' title="bbox 157 1149 1739 1223">
    <p class='ocr_par' dir='ltr' id='par_1_11' title="bbox 157 1149 1739 1223">
     <span class='ocr_line' id='line_1_11' title="bbox 157 1149 1739 1223; baseline 0.001 -19"><span class='ocrx_word' id='word_1_72' title='bbox 157 1149 369 1205; x_wconf 84' lang='lat' dir='ltr'><strong>lumine</strong></span> <span class='ocrx_word' id='word_1_73' title='bbox 392 1150 703 1205; x_wconf 74' lang='lat' dir='ltr'><strong>scribantur</strong></span> <span class='ocrx_word' id='word_1_74' title='bbox 730 1151 1051 1207; x_wconf 62' lang='lat' dir='ltr'><strong>mditicatm:</strong></span> <span class='ocrx_word' id='word_1_75' title='bbox 1095 1154 1187 1207; x_wconf 83' lang='lat' dir='ltr'><strong>sed</strong></span> <span class='ocrx_word' id='word_1_76' title='bbox 1222 1154 1275 1207; x_wconf 88' lang='lat' dir='ltr'><strong>in</strong></span> <span class='ocrx_word' id='word_1_77' title='bbox 1311 1161 1532 1223; x_wconf 80' lang='lat' dir='ltr'><strong>pectore</strong></span> <span class='ocrx_word' id='word_1_78' title='bbox 1567 1152 1739 1221; x_wconf 90' lang='lat' dir='ltr'><strong>ponti-</strong></span> 
     </span>
    </p>
   </div>
   <div class='ocr_carea' id='block_1_12' title="bbox 161 1242 1738 1314">
    <p class='ocr_par' dir='ltr' id='par_1_12' title="bbox 161 1242 1738 1314">
     <span class='ocr_line' id='line_1_12' title="bbox 161 1242 1738 1314; baseline 0.003 -19"><span class='ocrx_word' id='word_1_79' title='bbox 161 1242 404 1312; x_wconf 83' lang='lat' dir='ltr'><strong>ﬁcisper</strong></span> <span class='ocrx_word' id='word_1_80' title='bbox 429 1250 664 1312; x_wconf 83' lang='lat' dir='ltr'><strong>quatuor</strong></span> <span class='ocrx_word' id='word_1_81' title='bbox 695 1243 913 1298; x_wconf 87' lang='lat' dir='ltr'><strong>ordines</strong></span> <span class='ocrx_word' id='word_1_82' title='bbox 950 1244 1004 1298; x_wconf 88' lang='lat' dir='ltr'><strong>in</strong></span> <span class='ocrx_word' id='word_1_83' title='bbox 1043 1245 1293 1299; x_wconf 82' lang='lat' dir='ltr'><strong>rationali</strong></span> <span class='ocrx_word' id='word_1_84' title='bbox 1334 1246 1497 1299; x_wconf 88' lang='lat' dir='ltr'><strong>iidem</strong></span> <span class='ocrx_word' id='word_1_85' title='bbox 1534 1244 1738 1314; x_wconf 83' lang='lat' dir='ltr'><strong>lapides</strong></span> 
     </span>
    </p>
   </div>
   <div class='ocr_carea' id='block_1_13' title="bbox 160 1333 1734 1406">
    <p class='ocr_par' dir='ltr' id='par_1_13' title="bbox 160 1333 1734 1406">
     <span class='ocr_line' id='line_1_13' title="bbox 160 1333 1734 1406; baseline 0.001 -17"><span class='ocrx_word' id='word_1_86' title='bbox 160 1334 544 1389; x_wconf 85' lang='lat' dir='ltr'><strong>describuntur</strong></span> <span class='ocrx_word' id='word_1_87' title='bbox 567 1335 586 1406; x_wconf 93' lang='lat'>(</span> <span class='ocrx_word' id='word_1_88' title='bbox 600 1333 771 1389; x_wconf 61' lang='lat' dir='ltr'><strong>Exod.</strong></span> <span class='ocrx_word' id='word_1_89' title='bbox 792 1350 961 1389; x_wconf 80' lang='lat' dir='ltr'><strong>uvm</strong></span> <span class='ocrx_word' id='word_1_90' title='bbox 980 1335 1022 1405; x_wconf 87' lang='lat'><strong>).</strong></span> <span class='ocrx_word' id='word_1_91' title='bbox 1053 1336 1116 1390; x_wconf 90' lang='lat' dir='ltr'><strong>Et</strong></span> <span class='ocrx_word' id='word_1_92' title='bbox 1143 1338 1196 1390; x_wconf 92' lang='lat' dir='ltr'><strong>in</strong></span> <span class='ocrx_word' id='word_1_93' title='bbox 1222 1336 1464 1390; x_wconf 79' lang='lat' dir='ltr'><strong>humeris</strong></span> <span class='ocrx_word' id='word_1_94' title='bbox 1487 1334 1602 1404; x_wconf 81' lang='lat' dir='ltr'><strong>ejus</strong></span> <span class='ocrx_word' id='word_1_95' title='bbox 1626 1336 1734 1390; x_wconf 90' lang='lat' dir='ltr'><strong>duo</strong></span> 
     </span>
    </p>
   </div>
   <div class='ocr_carea' id='block_1_14' title="bbox 158 1423 1737 1499">
    <p class='ocr_par' dir='ltr' id='par_1_14' title="bbox 158 1423 1737 1499">
     <span class='ocr_line' id='line_1_14' title="bbox 158 1423 1737 1499; baseline 0.003 -21"><span class='ocrx_word' id='word_1_96' title='bbox 158 1423 367 1495; x_wconf 76' lang='lat' dir='ltr'><strong>lapides</strong></span> <span class='ocrx_word' id='word_1_97' title='bbox 392 1427 646 1497; x_wconf 80' lang='lat' dir='ltr'><strong>onychini</strong></span> <span class='ocrx_word' id='word_1_98' title='bbox 674 1427 727 1481; x_wconf 89' lang='lat' dir='ltr'><strong>in</strong></span> <span class='ocrx_word' id='word_1_99' title='bbox 754 1427 951 1497; x_wconf 84' lang='lat' dir='ltr'><strong>quibus</strong></span> <span class='ocrx_word' id='word_1_100' title='bbox 990 1429 1268 1484; x_wconf 75' lang='lat' dir='ltr'><strong>duodecim</strong></span> <span class='ocrx_word' id='word_1_101' title='bbox 1306 1430 1737 1499; x_wconf 79' lang='lat' dir='ltr'><strong>patriarcharum</strong></span> 
     </span>
    </p>
   </div>
   <div class='ocr_carea' id='block_1_15' title="bbox 158 1518 1735 1590">
    <p class='ocr_par' dir='ltr' id='par_1_15' title="bbox 158 1518 1735 1590">
     <span class='ocr_line' id='line_1_15' title="bbox 158 1518 1735 1590; baseline 0.003 -20"><span class='ocrx_word' id='word_1_102' title='bbox 158 1518 367 1585; x_wconf 89' lang='lat' dir='ltr'><strong>scripta</strong></span> <span class='ocrx_word' id='word_1_103' title='bbox 410 1525 537 1571; x_wconf 86' lang='lat' dir='ltr'><strong>sunt</strong></span> <span class='ocrx_word' id='word_1_104' title='bbox 583 1518 802 1572; x_wconf 88' lang='lat' dir='ltr'><strong>nomina</strong></span> <span class='ocrx_word' id='word_1_105' title='bbox 847 1534 983 1587; x_wconf 83' lang='lat' dir='ltr'><strong>quos</strong></span> <span class='ocrx_word' id='word_1_106' title='bbox 1026 1535 1186 1574; x_wconf 89' lang='lat' dir='ltr'><strong>verus</strong></span> <span class='ocrx_word' id='word_1_107' title='bbox 1226 1520 1468 1590; x_wconf 80' lang='lat' dir='ltr'><strong>pontifex</strong></span> <span class='ocrx_word' id='word_1_108' title='bbox 1517 1521 1583 1575; x_wconf 91' lang='lat' dir='ltr'><strong>de</strong></span> <span class='ocrx_word' id='word_1_109' title='bbox 1626 1535 1735 1590; x_wconf 90' lang='lat' dir='ltr'><strong>quo</strong></span> 
     </span>
    </p>
   </div>
   <div class='ocr_carea' id='block_1_16' title="bbox 162 1607 1737 1676">
    <p class='ocr_par' dir='ltr' id='par_1_16' title="bbox 162 1607 1737 1676">
     <span class='ocr_line' id='line_1_16' title="bbox 162 1607 1737 1676; baseline 0.003 -15"><span class='ocrx_word' id='word_1_110' title='bbox 162 1607 426 1676; x_wconf 86' lang='lat' dir='ltr'><strong>scriptum</strong></span> <span class='ocrx_word' id='word_1_111' title='bbox 462 1616 545 1661; x_wconf 88' lang='lat' dir='ltr'><strong>est</strong></span> <span class='ocrx_word' id='word_1_112' title='bbox 569 1621 586 1661; x_wconf 88' lang='lat'><strong>:</strong></span> <span class='ocrx_word' id='word_1_113' title='bbox 615 1625 634 1657; x_wconf 84' lang='lat' dir='ltr'><strong>r</strong></span> <span class='ocrx_word' id='word_1_114' title='bbox 662 1608 744 1661; x_wconf 80' lang='lat' dir='ltr'><strong>Tu</strong></span> <span class='ocrx_word' id='word_1_115' title='bbox 771 1622 831 1662; x_wconf 89' lang='lat' dir='ltr'><strong>es</strong></span> <span class='ocrx_word' id='word_1_116' title='bbox 858 1610 1113 1665; x_wconf 84' lang='lat' dir='ltr'><strong>sacerdos</strong></span> <span class='ocrx_word' id='word_1_117' title='bbox 1145 1611 1199 1664; x_wconf 89' lang='lat' dir='ltr'><strong>in</strong></span> <span class='ocrx_word' id='word_1_118' title='bbox 1242 1620 1500 1665; x_wconf 69' lang='lat' dir='ltr'><strong>mternum</strong></span> <span class='ocrx_word' id='word_1_119' title='bbox 1542 1626 1737 1665; x_wconf 90' lang='lat' dir='ltr'><strong>secun-</strong></span> 
     </span>
    </p>
   </div>
   <div class='ocr_carea' id='block_1_17' title="bbox 161 1700 1735 1776">
    <p class='ocr_par' dir='ltr' id='par_1_17' title="bbox 161 1700 1735 1776">
     <span class='ocr_line' id='line_1_17' title="bbox 161 1700 1735 1776; baseline 0.006 -24"><span class='ocrx_word' id='word_1_120' title='bbox 161 1700 296 1753; x_wconf 85' lang='lat' dir='ltr'><strong>dum</strong></span> <span class='ocrx_word' id='word_1_121' title='bbox 334 1701 576 1754; x_wconf 79' lang='lat' dir='ltr'><strong>ordinem</strong></span> <span class='ocrx_word' id='word_1_122' title='bbox 617 1701 1003 1758; x_wconf 82' lang='lat' dir='ltr'><strong>Melchisedech</strong></span> <span class='ocrx_word' id='word_1_123' title='bbox 1032 1705 1050 1775; x_wconf 93' lang='lat'>(</span> <span class='ocrx_word' id='word_1_124' title='bbox 1077 1703 1221 1759; x_wconf 72' lang='lat' dir='ltr'><strong>Paul.</strong></span> <span class='ocrx_word' id='word_1_125' title='bbox 1249 1721 1375 1760; x_wconf 79' lang='lat' dir='ltr'><strong>cxtx</strong></span> <span class='ocrx_word' id='word_1_126' title='bbox 1397 1706 1445 1776; x_wconf 82' lang='lat'><strong>),</strong></span> <span class='ocrx_word' id='word_1_127' title='bbox 1472 1715 1655 1776; x_wconf 87' lang='lat' dir='ltr'><strong>portat</strong></span> <span class='ocrx_word' id='word_1_128' title='bbox 1682 1708 1735 1762; x_wconf 87' lang='lat' dir='ltr'><strong>in</strong></span> 
     </span>
    </p>
   </div>
   <div class='ocr_carea' id='block_1_18' title="bbox 155 1791 1736 1869">
    <p class='ocr_par' dir='ltr' id='par_1_18' title="bbox 155 1791 1736 1869">
     <span class='ocr_line' id='line_1_18' title="bbox 155 1791 1736 1869; baseline 0.006 -26"><span class='ocrx_word' id='word_1_129' title='bbox 155 1800 419 1857; x_wconf 77' lang='lat' dir='ltr'><strong>pectore,</strong></span> <span class='ocrx_word' id='word_1_130' title='bbox 445 1798 628 1859; x_wconf 84' lang='lat' dir='ltr'><strong>portat</strong></span> <span class='ocrx_word' id='word_1_131' title='bbox 650 1791 706 1845; x_wconf 89' lang='lat' dir='ltr'><strong>in</strong></span> <span class='ocrx_word' id='word_1_132' title='bbox 735 1793 1004 1858; x_wconf 86' lang='lat' dir='ltr'><strong>humeris,</strong></span> <span class='ocrx_word' id='word_1_133' title='bbox 1036 1803 1095 1847; x_wconf 89' lang='lat' dir='ltr'><strong>ut</strong></span> <span class='ocrx_word' id='word_1_134' title='bbox 1128 1795 1185 1848; x_wconf 90' lang='lat' dir='ltr'><strong>in</strong></span> <span class='ocrx_word' id='word_1_135' title='bbox 1219 1795 1502 1851; x_wconf 86' lang='lat' dir='ltr'><strong>duodecim</strong></span> <span class='ocrx_word' id='word_1_136' title='bbox 1545 1797 1736 1869; x_wconf 88' lang='lat' dir='ltr'><strong>lapidi-</strong></span> 
     </span>
    </p>
   </div>
   <div class='ocr_carea' id='block_1_19' title="bbox 1838 605 3413 680">
    <p class='ocr_par' dir='ltr' id='par_1_19' title="bbox 1838 605 3413 680">
     <span class='ocr_line' id='line_1_19' title="bbox 1838 605 3413 680; baseline 0.002 -18"><span class='ocrx_word' id='word_1_137' title='bbox 1838 621 1939 679; x_wconf 90' lang='lat' dir='ltr'><strong>per</strong></span> <span class='ocrx_word' id='word_1_138' title='bbox 1968 606 2272 677; x_wconf 82' lang='lat' dir='ltr'><strong>apostolum</strong></span> <span class='ocrx_word' id='word_1_139' title='bbox 2319 606 2540 661; x_wconf 85' lang='lat' dir='ltr'><strong>Paulum</strong></span> <span class='ocrx_word' id='word_1_140' title='bbox 2578 605 2638 679; x_wconf 85' lang='grc' dir='ltr'><strong>(Ι</strong></span> <span class='ocrx_word' id='word_1_141' title='bbox 2680 605 2807 661; x_wconf 78' lang='lat' dir='ltr'><strong>Cor.</strong></span> <span class='ocrx_word' id='word_1_142' title='bbox 2851 608 2937 680; x_wconf 73' lang='grc' dir='ltr'><strong>ιιι)</strong></span> <span class='ocrx_word' id='word_1_143' title='bbox 2974 608 3031 662; x_wconf 84' lang='lat' dir='ltr'><strong>in</strong></span> <span class='ocrx_word' id='word_1_144' title='bbox 3060 608 3413 665; x_wconf 78' lang='lat' dir='ltr'><strong>fundamento</strong></span> 
     </span>
    </p>
   </div>
   <div class='ocr_carea' id='block_1_20' title="bbox 1838 699 3412 771">
    <p class='ocr_par' dir='ltr' id='par_1_20' title="bbox 1838 699 3412 771">
     <span class='ocr_line' id='line_1_20' title="bbox 1838 699 3412 771; baseline -0.001 -14"><span class='ocrx_word' id='word_1_145' title='bbox 1838 699 2094 757; x_wconf 79' lang='lat' dir='ltr'><strong>Ecclesiae</strong></span> <span class='ocrx_word' id='word_1_146' title='bbox 2137 713 2301 768; x_wconf 85' lang='lat' dir='ltr'><strong>super</strong></span> <span class='ocrx_word' id='word_1_147' title='bbox 2340 712 2449 768; x_wconf 82' lang='lat' dir='ltr'><strong>quo</strong></span> <span class='ocrx_word' id='word_1_148' title='bbox 2475 699 2828 766; x_wconf 66' lang='lat' dir='ltr'><strong>aediﬁcentur,</strong></span> <span class='ocrx_word' id='word_1_149' title='bbox 2878 714 3088 766; x_wconf 79' lang='lat' dir='ltr'><strong>aurum,</strong></span> <span class='ocrx_word' id='word_1_150' title='bbox 3128 709 3412 771; x_wconf 78' lang='lat' dir='ltr'><strong>argentum</strong></span> 
     </span>
    </p>
   </div>
   <div class='ocr_carea' id='block_1_21' title="bbox 1838 788 3412 863">
    <p class='ocr_par' dir='ltr' id='par_1_21' title="bbox 1838 788 3412 863">
     <span class='ocr_line' id='line_1_21' title="bbox 1838 788 3412 863; baseline 0 -18"><span class='ocrx_word' id='word_1_151' title='bbox 1838 789 2046 861; x_wconf 85' lang='lat' dir='ltr'><strong>lapides</strong></span> <span class='ocrx_word' id='word_1_152' title='bbox 2091 791 2315 863; x_wconf 87' lang='lat' dir='ltr'><strong>pretiosi</strong></span> <span class='ocrx_word' id='word_1_153' title='bbox 2341 804 2357 844; x_wconf 88' lang='lat'><strong>:</strong></span> <span class='ocrx_word' id='word_1_154' title='bbox 2385 803 2616 861; x_wconf 83' lang='lat' dir='ltr'><strong>quorum</strong></span> <span class='ocrx_word' id='word_1_155' title='bbox 2654 788 2869 846; x_wconf 83' lang='lat' dir='ltr'><strong>colores</strong></span> <span class='ocrx_word' id='word_1_156' title='bbox 2904 797 3072 860; x_wconf 80' lang='lat' dir='ltr'><strong>atque</strong></span> <span class='ocrx_word' id='word_1_157' title='bbox 3106 798 3332 846; x_wconf 81' lang='lat' dir='ltr'><strong>naturas</strong></span> <span class='ocrx_word' id='word_1_158' title='bbox 3354 799 3412 845; x_wconf 86' lang='lat' dir='ltr'><strong>et</strong></span> 
     </span>
    </p>
   </div>
   <div class='ocr_carea' id='block_1_22' title="bbox 1832 879 3415 952">
    <p class='ocr_par' dir='ltr' id='par_1_22' title="bbox 1832 879 3415 952">
     <span class='ocr_line' id='line_1_22' title="bbox 1832 879 3415 952; baseline 0.002 -17"><span class='ocrx_word' id='word_1_159' title='bbox 1832 880 2153 937; x_wconf 83' lang='lat' dir='ltr'><strong>etlicientias</strong></span> <span class='ocrx_word' id='word_1_160' title='bbox 2180 880 2551 952; x_wconf 83' lang='lat' dir='ltr'><strong>singulorum;</strong></span> <span class='ocrx_word' id='word_1_161' title='bbox 2574 896 2684 937; x_wconf 84' lang='lat' dir='ltr'><strong>non</strong></span> <span class='ocrx_word' id='word_1_162' title='bbox 2711 888 2798 937; x_wconf 87' lang='lat' dir='ltr'><strong>est</strong></span> <span class='ocrx_word' id='word_1_163' title='bbox 2830 879 2996 949; x_wconf 68' lang='lat' dir='ltr'><strong>huius</strong></span> <span class='ocrx_word' id='word_1_164' title='bbox 3017 883 3282 952; x_wconf 82' lang='lat' dir='ltr'><strong>temporis</strong></span> <span class='ocrx_word' id='word_1_165' title='bbox 3303 880 3415 938; x_wconf 55' lang='lat' dir='ltr'><strong>dis.</strong></span> 
     </span>
    </p>
   </div>
   <div class='ocr_carea' id='block_1_23' title="bbox 1840 970 3412 1042">
    <p class='ocr_par' dir='ltr' id='par_1_23' title="bbox 1840 970 3412 1042">
     <span class='ocr_line' id='line_1_23' title="bbox 1840 970 3412 1042; baseline -0.001 -14"><span class='ocrx_word' id='word_1_166' title='bbox 1840 973 2112 1039; x_wconf 80' lang='lat' dir='ltr'><strong>sere,setl</strong></span> <span class='ocrx_word' id='word_1_167' title='bbox 2156 974 2434 1042; x_wconf 84' lang='lat' dir='ltr'><strong>proprium</strong></span> <span class='ocrx_word' id='word_1_168' title='bbox 2480 973 2729 1029; x_wconf 83' lang='lat' dir='ltr'><strong>volumen</strong></span> <span class='ocrx_word' id='word_1_169' title='bbox 2774 970 3306 1036; x_wconf 75' lang='lat' dir='ltr'><strong>dosiderant,itaut</strong></span> <span class='ocrx_word' id='word_1_170' title='bbox 3354 972 3412 1027; x_wconf 83' lang='lat' dir='ltr'><strong>in</strong></span> 
     </span>
    </p>
   </div>
   <div class='ocr_carea' id='block_1_24' title="bbox 1834 1063 3412 1136">
    <p class='ocr_par' dir='ltr' id='par_1_24' title="bbox 1834 1063 3412 1136">
     <span class='ocr_line' id='line_1_24' title="bbox 1834 1063 3412 1136; baseline -0.002 -16"><span class='ocrx_word' id='word_1_171' title='bbox 1834 1065 2089 1122; x_wconf 81' lang='lat' dir='ltr'><strong>Ezechiel</strong></span> <span class='ocrx_word' id='word_1_172' title='bbox 2113 1074 2171 1120; x_wconf 93' lang='lat' dir='ltr'><strong>et</strong></span> <span class='ocrx_word' id='word_1_173' title='bbox 2206 1066 2260 1119; x_wconf 91' lang='lat' dir='ltr'><strong>in</strong></span> <span class='ocrx_word' id='word_1_174' title='bbox 2306 1065 2490 1120; x_wconf 80' lang='lat' dir='ltr'><strong>Exodo</strong></span> <span class='ocrx_word' id='word_1_175' title='bbox 2517 1073 2575 1120; x_wconf 89' lang='lat' dir='ltr'><strong>et</strong></span> <span class='ocrx_word' id='word_1_176' title='bbox 2608 1066 2670 1119; x_wconf 86' lang='lat' dir='ltr'><strong>in</strong></span> <span class='ocrx_word' id='word_1_177' title='bbox 2700 1063 3045 1136; x_wconf 71' lang='lat' dir='ltr'><strong>Apocalypsi,</strong></span> <span class='ocrx_word' id='word_1_178' title='bbox 3076 1071 3136 1118; x_wconf 89' lang='lat' dir='ltr'><strong>et</strong></span> <span class='ocrx_word' id='word_1_179' title='bbox 3176 1063 3233 1119; x_wconf 85' lang='lat' dir='ltr'><strong>in</strong></span> <span class='ocrx_word' id='word_1_180' title='bbox 3276 1063 3412 1118; x_wconf 88' lang='lat' dir='ltr'><strong>Isaia</strong></span> 
     </span>
    </p>
   </div>
   <div class='ocr_carea' id='block_1_25' title="bbox 1839 1155 3412 1227">
    <p class='ocr_par' dir='ltr' id='par_1_25' title="bbox 1839 1155 3412 1227">
     <span class='ocr_line' id='line_1_25' title="bbox 1839 1155 3412 1227; baseline -0.003 -14"><span class='ocrx_word' id='word_1_181' title='bbox 1839 1158 1941 1213; x_wconf 85' lang='lat' dir='ltr'><strong>sibi</strong></span> <span class='ocrx_word' id='word_1_182' title='bbox 1992 1170 2181 1212; x_wconf 87' lang='lat' dir='ltr'><strong>omnes</strong></span> <span class='ocrx_word' id='word_1_183' title='bbox 2220 1157 2440 1226; x_wconf 84' lang='lat' dir='ltr'><strong>lapides,</strong></span> <span class='ocrx_word' id='word_1_184' title='bbox 2488 1164 2545 1212; x_wconf 89' lang='lat' dir='ltr'><strong>et</strong></span> <span class='ocrx_word' id='word_1_185' title='bbox 2580 1157 2817 1227; x_wconf 79' lang='lat' dir='ltr'><strong>lapidum</strong></span> <span class='ocrx_word' id='word_1_186' title='bbox 2842 1157 3064 1212; x_wconf 79' lang='lat' dir='ltr'><strong>ordines</strong></span> <span class='ocrx_word' id='word_1_187' title='bbox 3086 1155 3412 1226; x_wconf 83' lang='lat' dir='ltr'><strong>comparati,</strong></span> 
     </span>
    </p>
   </div>
   <div class='ocr_carea' id='block_1_26' title="bbox 1839 1246 3411 1318">
    <p class='ocr_par' dir='ltr' id='par_1_26' title="bbox 1839 1246 3411 1318">
     <span class='ocr_line' id='line_1_26' title="bbox 1839 1246 3411 1318; baseline -0.004 -15"><span class='ocrx_word' id='word_1_188' title='bbox 1839 1263 2091 1317; x_wconf 82' lang='lat' dir='ltr'><strong>magnam</strong></span> <span class='ocrx_word' id='word_1_189' title='bbox 2117 1257 2173 1303; x_wconf 92' lang='lat' dir='ltr'><strong>et</strong></span> <span class='ocrx_word' id='word_1_190' title='bbox 2193 1248 2386 1318; x_wconf 89' lang='lat' dir='ltr'><strong>legenti</strong></span> <span class='ocrx_word' id='word_1_191' title='bbox 2412 1257 2468 1302; x_wconf 89' lang='lat' dir='ltr'><strong>et</strong></span> <span class='ocrx_word' id='word_1_192' title='bbox 2491 1248 2779 1303; x_wconf 71' lang='lat' dir='ltr'><strong>disserenti</strong></span> <span class='ocrx_word' id='word_1_193' title='bbox 2804 1246 3006 1303; x_wconf 81' lang='lat' dir='ltr'><strong>faciant</strong></span> <span class='ocrx_word' id='word_1_194' title='bbox 3036 1246 3411 1316; x_wconf 63' lang='lat' dir='ltr'><strong>questionem.</strong></span> 
     </span>
    </p>
   </div>
   <div class='ocr_carea' id='block_1_27' title="bbox 1846 1335 3414 1408">
    <p class='ocr_par' dir='ltr' id='par_1_27' title="bbox 1846 1335 3414 1408">
     <span class='ocr_line' id='line_1_27' title="bbox 1846 1335 3414 1408; baseline -0.001 -17"><span class='ocrx_word' id='word_1_195' title='bbox 1846 1358 1866 1391; x_wconf 84' lang='lat' dir='ltr'><strong>r</strong></span> <span class='ocrx_word' id='word_1_196' title='bbox 1903 1340 1982 1393; x_wconf 85' lang='lat' dir='ltr'><strong>Tu</strong></span> <span class='ocrx_word' id='word_1_197' title='bbox 2010 1338 2247 1404; x_wconf 82' lang='lat' dir='ltr'><strong>Cherub,</strong></span> <span class='ocrx_word' id='word_1_198' title='bbox 2274 1339 2470 1408; x_wconf 90' lang='lat' dir='ltr'><strong>inquit,</strong></span> <span class='ocrx_word' id='word_1_199' title='bbox 2493 1346 2745 1392; x_wconf 74' lang='lat' dir='ltr'><strong>extentus</strong></span> <span class='ocrx_word' id='word_1_200' title='bbox 2770 1345 2826 1392; x_wconf 89' lang='lat' dir='ltr'><strong>et</strong></span> <span class='ocrx_word' id='word_1_201' title='bbox 2845 1344 3133 1407; x_wconf 74' lang='lat' dir='ltr'><strong>protegens</strong></span> <span class='ocrx_word' id='word_1_202' title='bbox 3150 1335 3208 1389; x_wconf 82' lang='lat' dir='ltr'><strong>in</strong></span> <span class='ocrx_word' id='word_1_203' title='bbox 3230 1342 3414 1390; x_wconf 79' lang='lat' dir='ltr'><strong>monte</strong></span> 
     </span>
    </p>
   </div>
   <div class='ocr_carea' id='block_1_28' title="bbox 1838 1426 3415 1500">
    <p class='ocr_par' dir='ltr' id='par_1_28' title="bbox 1838 1426 3415 1500">
     <span class='ocr_line' id='line_1_28' title="bbox 1838 1426 3415 1500; baseline -0.004 -13"><span class='ocrx_word' id='word_1_204' title='bbox 1838 1441 2028 1487; x_wconf 85' lang='lat' dir='ltr'><strong>sancto</strong></span> <span class='ocrx_word' id='word_1_205' title='bbox 2056 1432 2155 1485; x_wconf 86' lang='lat' dir='ltr'><strong>Dei</strong></span> <span class='ocrx_word' id='word_1_206' title='bbox 2204 1432 2258 1485; x_wconf 91' lang='lat' dir='ltr'><strong>in</strong></span> <span class='ocrx_word' id='word_1_207' title='bbox 2310 1431 2487 1485; x_wconf 89' lang='lat' dir='ltr'><strong>medio</strong></span> <span class='ocrx_word' id='word_1_208' title='bbox 2534 1431 2771 1500; x_wconf 82' lang='lat' dir='ltr'><strong>lapidum</strong></span> <span class='ocrx_word' id='word_1_209' title='bbox 2804 1430 3094 1499; x_wconf 85' lang='lat' dir='ltr'><strong>ignitorurn</strong></span> <span class='ocrx_word' id='word_1_210' title='bbox 3142 1426 3415 1499; x_wconf 82' lang='lat' dir='ltr'><strong>perfectus</strong></span> 
     </span>
    </p>
   </div>
   <div class='ocr_carea' id='block_1_29' title="bbox 1840 1513 3414 1586">
    <p class='ocr_par' dir='ltr' id='par_1_29' title="bbox 1840 1513 3414 1586">
     <span class='ocr_line' id='line_1_29' title="bbox 1840 1513 3414 1586; baseline -0.003 -13"><span class='ocrx_word' id='word_1_211' title='bbox 1840 1517 2147 1573; x_wconf 89' lang='lat' dir='ltr'><strong>ambulasti.</strong></span> <span class='ocrx_word' id='word_1_212' title='bbox 2185 1536 2203 1568; x_wconf 83' lang='grc'><strong>›</strong></span> <span class='ocrx_word' id='word_1_213' title='bbox 2244 1515 2425 1586; x_wconf 83' lang='lat' dir='ltr'><strong>(Greg.</strong></span> <span class='ocrx_word' id='word_1_214' title='bbox 2450 1533 2567 1585; x_wconf 87' lang='lat' dir='ltr'><strong>cap.</strong></span> <span class='ocrx_word' id='word_1_215' title='bbox 2593 1517 2681 1570; x_wconf 78' lang='lat' dir='ltr'><strong>cit.</strong></span> <span class='ocrx_word' id='word_1_216' title='bbox 2702 1524 2753 1569; x_wconf 81' lang='lat' dir='ltr'><strong>et</strong></span> <span class='ocrx_word' id='word_1_217' title='bbox 2783 1513 2955 1585; x_wconf 73' lang='lat' dir='ltr'><strong>nrt.)</strong></span> <span class='ocrx_word' id='word_1_218' title='bbox 2978 1513 3193 1569; x_wconf 72' lang='lat' dir='ltr'><strong>Cherub</strong></span> <span class='ocrx_word' id='word_1_219' title='bbox 3215 1513 3414 1582; x_wconf 81' lang='lat' dir='ltr'><strong>quippe</strong></span> 
     </span>
    </p>
   </div>
   <div class='ocr_carea' id='block_1_30' title="bbox 1837 1605 3415 1680">
    <p class='ocr_par' dir='ltr' id='par_1_30' title="bbox 1837 1605 3415 1680">
     <span class='ocr_line' id='line_1_30' title="bbox 1837 1605 3415 1680; baseline -0.002 -18"><span class='ocrx_word' id='word_1_220' title='bbox 1837 1610 2116 1680; x_wconf 87' lang='lat' dir='ltr'><strong>plenitudo</strong></span> <span class='ocrx_word' id='word_1_221' title='bbox 2167 1609 2406 1663; x_wconf 75' lang='lat' dir='ltr'><strong>scientia:</strong></span> <span class='ocrx_word' id='word_1_222' title='bbox 2454 1608 2844 1677; x_wconf 76' lang='lat' dir='ltr'><strong>interpretatur</strong></span> <span class='ocrx_word' id='word_1_223' title='bbox 2899 1624 2913 1659; x_wconf 90' lang='lat'><strong>:</strong></span> <span class='ocrx_word' id='word_1_224' title='bbox 2958 1615 3016 1662; x_wconf 84' lang='lat' dir='ltr'><strong>et</strong></span> <span class='ocrx_word' id='word_1_225' title='bbox 3068 1605 3271 1661; x_wconf 67' lang='lat' dir='ltr'><strong>idcirco</strong></span> <span class='ocrx_word' id='word_1_226' title='bbox 3308 1605 3415 1661; x_wconf 84' lang='lat' dir='ltr'><strong>iste</strong></span> 
     </span>
    </p>
   </div>
   <div class='ocr_carea' id='block_1_31' title="bbox 1837 1694 3413 1767">
    <p class='ocr_par' dir='ltr' id='par_1_31' title="bbox 1837 1694 3413 1767">
     <span class='ocr_line' id='line_1_31' title="bbox 1837 1694 3413 1767; baseline -0.002 -13"><span class='ocrx_word' id='word_1_227' title='bbox 1837 1700 2052 1756; x_wconf 87' lang='lat' dir='ltr'><strong>Cherub</strong></span> <span class='ocrx_word' id='word_1_228' title='bbox 2080 1700 2301 1763; x_wconf 86' lang='lat' dir='ltr'><strong>dicitur,</strong></span> <span class='ocrx_word' id='word_1_229' title='bbox 2344 1699 2437 1767; x_wconf 91' lang='lat' dir='ltr'><strong>qui</strong></span> <span class='ocrx_word' id='word_1_230' title='bbox 2472 1697 2872 1753; x_wconf 68' lang='lat' dir='ltr'><strong>trauscentisse</strong></span> <span class='ocrx_word' id='word_1_231' title='bbox 2920 1703 3147 1752; x_wconf 64' lang='lat' dir='ltr'><strong>condes</strong></span> <span class='ocrx_word' id='word_1_232' title='bbox 3184 1694 3413 1751; x_wconf 84' lang='lat' dir='ltr'><strong>scientia</strong></span> 
     </span>
    </p>
   </div>
   <div class='ocr_carea' id='block_1_32' title="bbox 1838 1788 3409 1861">
    <p class='ocr_par' dir='ltr' id='par_1_32' title="bbox 1838 1788 3409 1861">
     <span class='ocr_line' id='line_1_32' title="bbox 1838 1788 3409 1861; baseline -0.003 -15"><span class='ocrx_word' id='word_1_233' title='bbox 1838 1807 1945 1846; x_wconf 89' lang='lat' dir='ltr'><strong>non</strong></span> <span class='ocrx_word' id='word_1_234' title='bbox 1997 1792 2273 1846; x_wconf 83' lang='lat' dir='ltr'><strong>dubitatur</strong></span> <span class='ocrx_word' id='word_1_235' title='bbox 2319 1808 2331 1843; x_wconf 92' lang='lat'><strong>:</strong></span> <span class='ocrx_word' id='word_1_236' title='bbox 2375 1790 2466 1858; x_wconf 84' lang='lat' dir='ltr'><strong>qui</strong></span> <span class='ocrx_word' id='word_1_237' title='bbox 2520 1790 2577 1843; x_wconf 84' lang='lat' dir='ltr'><strong>in</strong></span> <span class='ocrx_word' id='word_1_238' title='bbox 2623 1789 2801 1845; x_wconf 85' lang='lat' dir='ltr'><strong>medio</strong></span> <span class='ocrx_word' id='word_1_239' title='bbox 2850 1789 3144 1861; x_wconf 74' lang='lat' dir='ltr'><strong>ignitorum</strong></span> <span class='ocrx_word' id='word_1_240' title='bbox 3170 1788 3409 1857; x_wconf 82' lang='lat' dir='ltr'><strong>lapidum</strong></span> 
     </span>
    </p>
   </div>
   <div class='ocr_carea' id='block_1_33' title="bbox 155 1876 1736 1959">
    <p class='ocr_par' dir='ltr' id='par_1_33' title="bbox 155 1880 1733 1959">
     <span class='ocr_line' id='line_1_33' title="bbox 155 1880 1733 1959; baseline 0.007 -26"><span class='ocrx_word' id='word_1_241' title='bbox 155 1880 267 1934; x_wconf 82' lang='lat' dir='ltr'><strong>bus</strong></span> <span class='ocrx_word' id='word_1_242' title='bbox 299 1881 673 1950; x_wconf 81' lang='lat' dir='ltr'><strong>Apostolorum</strong></span> <span class='ocrx_word' id='word_1_243' title='bbox 710 1897 992 1937; x_wconf 88' lang='lat' dir='ltr'><strong>numerum</strong></span> <span class='ocrx_word' id='word_1_244' title='bbox 1011 1925 1026 1948; x_wconf 95' lang='lat'><strong>,</strong></span> <span class='ocrx_word' id='word_1_245' title='bbox 1055 1892 1109 1939; x_wconf 89' lang='lat' dir='ltr'><strong>et</strong></span> <span class='ocrx_word' id='word_1_246' title='bbox 1132 1885 1187 1939; x_wconf 90' lang='lat' dir='ltr'><strong>in</strong></span> <span class='ocrx_word' id='word_1_247' title='bbox 1215 1887 1425 1942; x_wconf 90' lang='lat' dir='ltr'><strong>duobus</strong></span> <span class='ocrx_word' id='word_1_248' title='bbox 1453 1890 1733 1959; x_wconf 87' lang='lat' dir='ltr'><strong>utriusque</strong></span> 
     </span>
    </p>
   </div>
   <div class='ocr_carea' id='block_1_34' title="bbox 1836 1876 3409 1959">
    <p class='ocr_par' dir='ltr' id='par_1_34' title="bbox 1836 1876 3409 1952">
     <span class='ocr_line' id='line_1_34' title="bbox 1836 1876 3409 1952; baseline -0.003 -16"><span class='ocrx_word' id='word_1_249' title='bbox 1836 1882 2107 1952; x_wconf 81' lang='lat' dir='ltr'><strong>perfectus</strong></span> <span class='ocrx_word' id='word_1_250' title='bbox 2156 1880 2472 1945; x_wconf 79' lang='lat' dir='ltr'><strong>ambulavit,</strong></span> <span class='ocrx_word' id='word_1_251' title='bbox 2528 1879 2654 1949; x_wconf 84' lang='lat' dir='ltr'><strong>quia</strong></span> <span class='ocrx_word' id='word_1_252' title='bbox 2705 1880 2848 1934; x_wconf 85' lang='lat' dir='ltr'><strong>inter</strong></span> <span class='ocrx_word' id='word_1_253' title='bbox 2890 1878 3204 1949; x_wconf 76' lang='lat' dir='ltr'><strong>angelorum</strong></span> <span class='ocrx_word' id='word_1_254' title='bbox 3242 1876 3409 1933; x_wconf 85' lang='lat' dir='ltr'><strong>corda</strong></span> 
     </span>
    </p>
   </div>
   <div class='ocr_carea' id='block_1_35' title="bbox 154 1969 1731 2042">
    <p class='ocr_par' dir='ltr' id='par_1_35' title="bbox 154 1969 1731 2042">
     <span class='ocr_line' id='line_1_35' title="bbox 154 1969 1731 2042; baseline 0.007 -20"><span class='ocrx_word' id='word_1_255' title='bbox 154 1969 495 2024; x_wconf 88' lang='lat' dir='ltr'><strong>Testamenti</strong></span> <span class='ocrx_word' id='word_1_256' title='bbox 524 1980 859 2026; x_wconf 83' lang='lat' dir='ltr'><strong>sacramenta</strong></span> <span class='ocrx_word' id='word_1_257' title='bbox 904 1972 1257 2029; x_wconf 89' lang='lat' dir='ltr'><strong>demonstret.</strong></span> <span class='ocrx_word' id='word_1_258' title='bbox 1309 1975 1548 2042; x_wconf 84' lang='lat' dir='ltr'><strong>Quorum</strong></span> <span class='ocrx_word' id='word_1_259' title='bbox 1592 1994 1731 2034; x_wconf 89' lang='lat' dir='ltr'><strong>unus</strong></span> 
     </span>
    </p>
   </div>
   <div class='ocr_carea' id='block_1_36' title="bbox 154 2058 1735 2138">
    <p class='ocr_par' dir='ltr' id='par_1_36' title="bbox 154 2058 1735 2138">
     <span class='ocr_line' id='line_1_36' title="bbox 154 2058 1735 2138; baseline 0.006 -24"><span class='ocrx_word' id='word_1_260' title='bbox 154 2058 397 2115; x_wconf 81' lang='lat' dir='ltr'><strong>Joannes</strong></span> <span class='ocrx_word' id='word_1_261' title='bbox 443 2061 782 2130; x_wconf 77' lang='lat' dir='ltr'><strong>Evangelista</strong></span> <span class='ocrx_word' id='word_1_262' title='bbox 829 2064 1076 2119; x_wconf 88' lang='lat' dir='ltr'><strong>recubuit</strong></span> <span class='ocrx_word' id='word_1_263' title='bbox 1121 2066 1174 2118; x_wconf 91' lang='lat' dir='ltr'><strong>in</strong></span> <span class='ocrx_word' id='word_1_264' title='bbox 1219 2074 1441 2135; x_wconf 89' lang='lat' dir='ltr'><strong>pectore</strong></span> <span class='ocrx_word' id='word_1_265' title='bbox 1483 2067 1632 2138; x_wconf 84' lang='lat' dir='ltr'><strong>ejus,</strong></span> <span class='ocrx_word' id='word_1_266' title='bbox 1673 2077 1735 2124; x_wconf 91' lang='lat' dir='ltr'><strong>ut</strong></span> 
     </span>
    </p>
   </div>
   <div class='ocr_carea' id='block_1_37' title="bbox 155 2152 1736 2230">
    <p class='ocr_par' dir='ltr' id='par_1_37' title="bbox 155 2152 1736 2230">
     <span class='ocr_line' id='line_1_37' title="bbox 155 2152 1736 2230; baseline 0.005 -23"><span class='ocrx_word' id='word_1_267' title='bbox 155 2153 402 2208; x_wconf 87' lang='lat' dir='ltr'><strong>hauriret</strong></span> <span class='ocrx_word' id='word_1_268' title='bbox 420 2152 619 2209; x_wconf 74' lang='lat' dir='ltr'><strong>ﬂuenta</strong></span> <span class='ocrx_word' id='word_1_269' title='bbox 645 2155 920 2224; x_wconf 66' lang='lat' dir='ltr'><strong>sapientiae</strong></span> <span class='ocrx_word' id='word_1_270' title='bbox 945 2164 999 2212; x_wconf 91' lang='lat' dir='ltr'><strong>et</strong></span> <span class='ocrx_word' id='word_1_271' title='bbox 1022 2166 1202 2227; x_wconf 84' lang='lat' dir='ltr'><strong>posset</strong></span> <span class='ocrx_word' id='word_1_272' title='bbox 1227 2158 1409 2213; x_wconf 86' lang='lat' dir='ltr'><strong>dicere</strong></span> <span class='ocrx_word' id='word_1_273' title='bbox 1433 2178 1446 2213; x_wconf 91' lang='lat'><strong>:</strong></span> <span class='ocrx_word' id='word_1_274' title='bbox 1471 2177 1491 2210; x_wconf 82' lang='grc' dir='ltr'><strong>ι</strong></span> <span class='ocrx_word' id='word_1_275' title='bbox 1514 2158 1570 2213; x_wconf 88' lang='lat' dir='ltr'><strong>In</strong></span> <span class='ocrx_word' id='word_1_276' title='bbox 1592 2161 1736 2230; x_wconf 88' lang='lat' dir='ltr'><strong>prin-</strong></span> 
     </span>
    </p>
   </div>
   <div class='ocr_carea' id='block_1_38' title="bbox 152 2241 1735 2318">
    <p class='ocr_par' dir='ltr' id='par_1_38' title="bbox 152 2241 1735 2318">
     <span class='ocr_line' id='line_1_38' title="bbox 152 2241 1735 2318; baseline 0.005 -20"><span class='ocrx_word' id='word_1_277' title='bbox 152 2244 304 2313; x_wconf 83' lang='lat' dir='ltr'><strong>cipio</strong></span> <span class='ocrx_word' id='word_1_278' title='bbox 327 2251 447 2298; x_wconf 90' lang='lat' dir='ltr'><strong>erat</strong></span> <span class='ocrx_word' id='word_1_279' title='bbox 474 2243 741 2309; x_wconf 78' lang='lat' dir='ltr'><strong>Verbum,</strong></span> <span class='ocrx_word' id='word_1_280' title='bbox 776 2241 1089 2302; x_wconf 69' lang='lat' dir='ltr'><strong>et&#39;Verbum</strong></span> <span class='ocrx_word' id='word_1_281' title='bbox 1127 2256 1245 2303; x_wconf 90' lang='lat' dir='ltr'><strong>erat</strong></span> <span class='ocrx_word' id='word_1_282' title='bbox 1280 2250 1420 2318; x_wconf 87' lang='lat' dir='ltr'><strong>apud</strong></span> <span class='ocrx_word' id='word_1_283' title='bbox 1456 2250 1653 2315; x_wconf 86' lang='lat' dir='ltr'><strong>Deum,</strong></span> <span class='ocrx_word' id='word_1_284' title='bbox 1676 2260 1735 2306; x_wconf 88' lang='lat' dir='ltr'><strong>et</strong></span> 
     </span>
    </p>
   </div>
   <div class='ocr_carea' id='block_1_39' title="bbox 154 2335 1733 2410">
    <p class='ocr_par' dir='ltr' id='par_1_39' title="bbox 154 2335 1733 2410">
     <span class='ocr_line' id='line_1_39' title="bbox 154 2335 1733 2410; baseline 0.005 -20"><span class='ocrx_word' id='word_1_285' title='bbox 154 2335 303 2390; x_wconf 87' lang='lat' dir='ltr'><strong>Deus</strong></span> <span class='ocrx_word' id='word_1_286' title='bbox 322 2344 443 2391; x_wconf 87' lang='lat' dir='ltr'><strong>erat</strong></span> <span class='ocrx_word' id='word_1_287' title='bbox 464 2335 698 2391; x_wconf 82' lang='lat' dir='ltr'><strong>Verbum</strong></span> <span class='ocrx_word' id='word_1_288' title='bbox 717 2376 732 2402; x_wconf 92' lang='lat'><strong>,</strong></span> <span class='ocrx_word' id='word_1_289' title='bbox 762 2337 865 2393; x_wconf 88' lang='lat' dir='ltr'><strong>hoc</strong></span> <span class='ocrx_word' id='word_1_290' title='bbox 889 2347 1009 2393; x_wconf 91' lang='lat' dir='ltr'><strong>erat</strong></span> <span class='ocrx_word' id='word_1_291' title='bbox 1030 2340 1085 2393; x_wconf 91' lang='lat' dir='ltr'><strong>in</strong></span> <span class='ocrx_word' id='word_1_292' title='bbox 1112 2339 1378 2410; x_wconf 88' lang='lat' dir='ltr'><strong>principio</strong></span> <span class='ocrx_word' id='word_1_293' title='bbox 1398 2343 1538 2410; x_wconf 89' lang='lat' dir='ltr'><strong>apud</strong></span> <span class='ocrx_word' id='word_1_294' title='bbox 1565 2342 1733 2397; x_wconf 88' lang='lat' dir='ltr'><strong>Deum</strong></span> 
     </span>
    </p>
   </div>
   <div class='ocr_carea' id='block_1_40' title="bbox 154 2418 1735 2503">
    <p class='ocr_par' dir='ltr' id='par_1_40' title="bbox 154 2418 1735 2503">
     <span class='ocr_line' id='line_1_40' title="bbox 154 2418 1735 2503; baseline 0.004 -24"><span class='ocrx_word' id='word_1_295' title='bbox 154 2427 222 2499; x_wconf 78' lang='lat'><strong>(1</strong></span> <span class='ocrx_word' id='word_1_296' title='bbox 227 2443 344 2480; x_wconf 72' lang='lat' dir='ltr'><strong>oon.</strong></span> <span class='ocrx_word' id='word_1_297' title='bbox 368 2426 431 2498; x_wconf 86' lang='grc' dir='ltr'><strong>ι).</strong></span> <span class='ocrx_word' id='word_1_298' title='bbox 446 2446 464 2479; x_wconf 83' lang='lat' dir='ltr'><strong>r</strong></span> <span class='ocrx_word' id='word_1_299' title='bbox 488 2427 582 2481; x_wconf 81' lang='lat' dir='ltr'><strong>isti</strong></span> <span class='ocrx_word' id='word_1_300' title='bbox 608 2435 733 2481; x_wconf 85' lang='lat' dir='ltr'><strong>sunt</strong></span> <span class='ocrx_word' id='word_1_301' title='bbox 760 2418 867 2483; x_wconf 69' lang='lat' dir='ltr'><strong>vivi</strong></span> <span class='ocrx_word' id='word_1_302' title='bbox 898 2428 1201 2498; x_wconf 87' lang='lat' dir='ltr'><strong>Iapides,de</strong></span> <span class='ocrx_word' id='word_1_303' title='bbox 1224 2432 1419 2499; x_wconf 80' lang='lat' dir='ltr'><strong>quibus</strong></span> <span class='ocrx_word' id='word_1_304' title='bbox 1440 2430 1735 2503; x_wconf 64' lang='lat' dir='ltr'><strong>aediﬁcatur</strong></span> 
     </span>
    </p>
   </div>
   <div class='ocr_carea' id='block_1_41' title="bbox 156 2519 1730 2592">
    <p class='ocr_par' dir='ltr' id='par_1_41' title="bbox 156 2519 1730 2592">
     <span class='ocr_line' id='line_1_41' title="bbox 156 2519 1730 2592; baseline 0.006 -20"><span class='ocrx_word' id='word_1_305' title='bbox 156 2519 423 2583; x_wconf 85' lang='lat' dir='ltr'><strong>Ecclesia,</strong></span> <span class='ocrx_word' id='word_1_306' title='bbox 461 2529 518 2575; x_wconf 92' lang='lat' dir='ltr'><strong>et</strong></span> <span class='ocrx_word' id='word_1_307' title='bbox 544 2520 611 2574; x_wconf 90' lang='lat' dir='ltr'><strong>de</strong></span> <span class='ocrx_word' id='word_1_308' title='bbox 632 2521 829 2591; x_wconf 80' lang='lat' dir='ltr'><strong>quibus</strong></span> <span class='ocrx_word' id='word_1_309' title='bbox 855 2523 1045 2577; x_wconf 86' lang='lat' dir='ltr'><strong>scribit</strong></span> <span class='ocrx_word' id='word_1_310' title='bbox 1075 2524 1347 2592; x_wconf 85' lang='lat' dir='ltr'><strong>apostolus</strong></span> <span class='ocrx_word' id='word_1_311' title='bbox 1377 2524 1569 2581; x_wconf 86' lang='lat' dir='ltr'><strong>Petrus</strong></span> <span class='ocrx_word' id='word_1_312' title='bbox 1593 2543 1606 2579; x_wconf 90' lang='lat'><strong>:</strong></span> <span class='ocrx_word' id='word_1_313' title='bbox 1632 2524 1730 2581; x_wconf 83' lang='lat' dir='ltr'><strong>rS‘i</strong></span> 
     </span>
    </p>
   </div>
   <div class='ocr_carea' id='block_1_42' title="bbox 154 2610 1730 2684">
    <p class='ocr_par' dir='ltr' id='par_1_42' title="bbox 154 2610 1730 2684">
     <span class='ocr_line' id='line_1_42' title="bbox 154 2610 1730 2684; baseline 0.006 -22"><span class='ocrx_word' id='word_1_314' title='bbox 154 2610 464 2664; x_wconf 79' lang='lat' dir='ltr'><strong>credidistis</strong></span> <span class='ocrx_word' id='word_1_315' title='bbox 499 2611 624 2680; x_wconf 81' lang='lat' dir='ltr'><strong>quia</strong></span> <span class='ocrx_word' id='word_1_316' title='bbox 636 2613 826 2683; x_wconf 72' lang='lat' dir='ltr'><strong>suavis</strong></span> <span class='ocrx_word' id='word_1_317' title='bbox 844 2613 1103 2669; x_wconf 80' lang='lat' dir='ltr'><strong>Dominus</strong></span> <span class='ocrx_word' id='word_1_318' title='bbox 1134 2615 1200 2668; x_wconf 88' lang='lat' dir='ltr'><strong>ad</strong></span> <span class='ocrx_word' id='word_1_319' title='bbox 1218 2629 1379 2684; x_wconf 85' lang='lat' dir='ltr'><strong>quem</strong></span> <span class='ocrx_word' id='word_1_320' title='bbox 1412 2618 1730 2673; x_wconf 83' lang='lat' dir='ltr'><strong>accedentes</strong></span> 
     </span>
    </p>
   </div>
   <div class='ocr_carea' id='block_1_43' title="bbox 150 2699 1735 2776">
    <p class='ocr_par' dir='ltr' id='par_1_43' title="bbox 150 2699 1735 2776">
     <span class='ocr_line' id='line_1_43' title="bbox 150 2699 1735 2776; baseline 0.006 -24"><span class='ocrx_word' id='word_1_321' title='bbox 150 2699 395 2769; x_wconf 82' lang='lat' dir='ltr'><strong>lapidem</strong></span> <span class='ocrx_word' id='word_1_322' title='bbox 437 2700 724 2767; x_wconf 78' lang='lat' dir='ltr'><strong>viventem,</strong></span> <span class='ocrx_word' id='word_1_323' title='bbox 747 2704 818 2758; x_wconf 88' lang='lat' dir='ltr'><strong>ab</strong></span> <span class='ocrx_word' id='word_1_324' title='bbox 860 2704 1171 2760; x_wconf 73' lang='lat' dir='ltr'><strong>hominibus</strong></span> <span class='ocrx_word' id='word_1_325' title='bbox 1216 2704 1434 2774; x_wconf 71' lang='lat' dir='ltr'><strong>quidem</strong></span> <span class='ocrx_word' id='word_1_326' title='bbox 1478 2709 1735 2776; x_wconf 80' lang='lat' dir='ltr'><strong>reproba-</strong></span> 
     </span>
    </p>
   </div>
   <div class='ocr_carea' id='block_1_44' title="bbox 157 2791 1735 2868">
    <p class='ocr_par' dir='ltr' id='par_1_44' title="bbox 157 2791 1735 2868">
     <span class='ocr_line' id='line_1_44' title="bbox 157 2791 1735 2868; baseline 0.008 -26"><span class='ocrx_word' id='word_1_327' title='bbox 157 2797 306 2853; x_wconf 88' lang='lat' dir='ltr'><strong>tum,</strong></span> <span class='ocrx_word' id='word_1_328' title='bbox 354 2805 387 2845; x_wconf 86' lang='lat' dir='ltr'><strong>a</strong></span> <span class='ocrx_word' id='word_1_329' title='bbox 426 2791 539 2847; x_wconf 78' lang='lat' dir='ltr'><strong>Deo</strong></span> <span class='ocrx_word' id='word_1_330' title='bbox 576 2801 758 2848; x_wconf 71' lang='lat' dir='ltr'><strong>autem</strong></span> <span class='ocrx_word' id='word_1_331' title='bbox 792 2793 1059 2861; x_wconf 87' lang='lat' dir='ltr'><strong>electum,</strong></span> <span class='ocrx_word' id='word_1_332' title='bbox 1096 2797 1491 2863; x_wconf 86' lang='lat' dir='ltr'><strong>honorabilem,</strong></span> <span class='ocrx_word' id='word_1_333' title='bbox 1542 2807 1600 2854; x_wconf 87' lang='lat' dir='ltr'><strong>et</strong></span> <span class='ocrx_word' id='word_1_334' title='bbox 1634 2800 1735 2868; x_wconf 82' lang='lat' dir='ltr'><strong>ipsi</strong></span> 
     </span>
    </p>
   </div>
   <div class='ocr_carea' id='block_1_45' title="bbox 148 2879 1735 2957">
    <p class='ocr_par' dir='ltr' id='par_1_45' title="bbox 148 2879 1735 2957">
     <span class='ocr_line' id='line_1_45' title="bbox 148 2879 1735 2957; baseline 0.006 -22"><span class='ocrx_word' id='word_1_335' title='bbox 148 2879 299 2934; x_wconf 80' lang='lat' dir='ltr'><strong>sicut</strong></span> <span class='ocrx_word' id='word_1_336' title='bbox 318 2881 526 2950; x_wconf 80' lang='lat' dir='ltr'><strong>lapides</strong></span> <span class='ocrx_word' id='word_1_337' title='bbox 538 2882 782 2939; x_wconf 75' lang='lat' dir='ltr'><strong>viventes</strong></span> <span class='ocrx_word' id='word_1_338' title='bbox 803 2884 1145 2940; x_wconf 68' lang='lat' dir='ltr'><strong>ardiﬁcamini</strong></span> <span class='ocrx_word' id='word_1_339' title='bbox 1164 2886 1359 2942; x_wconf 80' lang='lat' dir='ltr'><strong>domus</strong></span> <span class='ocrx_word' id='word_1_340' title='bbox 1383 2887 1653 2957; x_wconf 82' lang='lat' dir='ltr'><strong>spiritales</strong></span> <span class='ocrx_word' id='word_1_341' title='bbox 1676 2890 1735 2945; x_wconf 85' lang='lat' dir='ltr'><strong>in</strong></span> 
     </span>
    </p>
   </div>
   <div class='ocr_carea' id='block_1_46' title="bbox 154 2972 1736 3048">
    <p class='ocr_par' dir='ltr' id='par_1_46' title="bbox 154 2972 1736 3048">
     <span class='ocr_line' id='line_1_46' title="bbox 154 2972 1736 3048; baseline 0.005 -21"><span class='ocrx_word' id='word_1_342' title='bbox 154 2972 526 3029; x_wconf 73' lang='lat' dir='ltr'><strong>sacerdotium</strong></span> <span class='ocrx_word' id='word_1_343' title='bbox 577 2986 822 3030; x_wconf 80' lang='lat' dir='ltr'><strong>sanetum</strong></span> <span class='ocrx_word' id='word_1_344' title='bbox 851 3016 867 3043; x_wconf 91' lang='lat'><strong>,</strong></span> <span class='ocrx_word' id='word_1_345' title='bbox 918 2976 1117 3033; x_wconf 73' lang='lat' dir='ltr'><strong>oﬂ&#39;erre</strong></span> <span class='ocrx_word' id='word_1_346' title='bbox 1160 2979 1436 3048; x_wconf 76' lang='lat' dir='ltr'><strong>spiritales</strong></span> <span class='ocrx_word' id='word_1_347' title='bbox 1484 2982 1736 3036; x_wconf 87' lang='lat' dir='ltr'><strong>victimas</strong></span> 
     </span>
    </p>
   </div>
   <div class='ocr_carea' id='block_1_47' title="bbox 152 3064 1728 3145">
    <p class='ocr_par' dir='ltr' id='par_1_47' title="bbox 152 3064 1728 3145">
     <span class='ocr_line' id='line_1_47' title="bbox 152 3064 1728 3145; baseline 0.005 -27"><span class='ocrx_word' id='word_1_348' title='bbox 152 3064 438 3133; x_wconf 78' lang='lat' dir='ltr'><strong>placentes</strong></span> <span class='ocrx_word' id='word_1_349' title='bbox 478 3066 589 3122; x_wconf 87' lang='lat' dir='ltr'><strong>Deo</strong></span> <span class='ocrx_word' id='word_1_350' title='bbox 634 3082 733 3137; x_wconf 87' lang='lat' dir='ltr'><strong>per</strong></span> <span class='ocrx_word' id='word_1_351' title='bbox 775 3066 959 3124; x_wconf 69' lang='lat' dir='ltr'><strong>desum</strong></span> <span class='ocrx_word' id='word_1_352' title='bbox 1001 3070 1276 3125; x_wconf 80' lang='lat' dir='ltr'><strong>Christum</strong></span> <span class='ocrx_word' id='word_1_353' title='bbox 1322 3070 1402 3143; x_wconf 85' lang='lat' dir='ltr'><strong>(l</strong></span> <span class='ocrx_word' id='word_1_354' title='bbox 1431 3070 1545 3127; x_wconf 81' lang='lat' dir='ltr'><strong>Pet.</strong></span> <span class='ocrx_word' id='word_1_355' title='bbox 1576 3073 1678 3145; x_wconf 84' lang='grc' dir='ltr'><strong>ιι).</strong></span> <span class='ocrx_word' id='word_1_356' title='bbox 1706 3093 1728 3126; x_wconf 71' lang='grc' dir='ltr'><strong>ι</strong></span> 
     </span>
    </p>
   </div>
   <div class='ocr_carea' id='block_1_48' title="bbox 1830 1966 3411 2043">
    <p class='ocr_par' dir='ltr' id='par_1_48' title="bbox 1830 1966 3411 2043">
     <span class='ocr_line' id='line_1_48' title="bbox 1830 1966 3411 2043; baseline -0.003 -15"><span class='ocrx_word' id='word_1_357' title='bbox 1830 1975 2116 2030; x_wconf 85' lang='lat' dir='ltr'><strong>charitatis</strong></span> <span class='ocrx_word' id='word_1_358' title='bbox 2171 1974 2293 2043; x_wconf 82' lang='lat' dir='ltr'><strong>igne</strong></span> <span class='ocrx_word' id='word_1_359' title='bbox 2342 1986 2600 2027; x_wconf 84' lang='lat' dir='ltr'><strong>succensa</strong></span> <span class='ocrx_word' id='word_1_360' title='bbox 2634 1971 2816 2026; x_wconf 83' lang='lat' dir='ltr'><strong>clarus</strong></span> <span class='ocrx_word' id='word_1_361' title='bbox 2865 1970 3038 2039; x_wconf 85' lang='lat' dir='ltr'><strong>gloria</strong></span> <span class='ocrx_word' id='word_1_362' title='bbox 3084 1966 3411 2024; x_wconf 86' lang='lat' dir='ltr'><strong>conditionis</strong></span> 
     </span>
    </p>
   </div>
   <div class='ocr_carea' id='block_1_49' title="bbox 1830 2057 3411 2131">
    <p class='ocr_par' dir='ltr' id='par_1_49' title="bbox 1830 2057 3411 2131">
     <span class='ocr_line' id='line_1_49' title="bbox 1830 2057 3411 2131; baseline -0.006 -9"><span class='ocrx_word' id='word_1_363' title='bbox 1830 2067 2035 2122; x_wconf 80' lang='lat' dir='ltr'><strong>extitit.</strong></span> <span class='ocrx_word' id='word_1_364' title='bbox 2070 2065 2240 2131; x_wconf 81' lang='lat' dir='ltr'><strong>Quem</strong></span> <span class='ocrx_word' id='word_1_365' title='bbox 2272 2063 2410 2118; x_wconf 87' lang='lat' dir='ltr'><strong>bene</strong></span> <span class='ocrx_word' id='word_1_366' title='bbox 2440 2072 2719 2118; x_wconf 71' lang='lat' dir='ltr'><strong>extentum</strong></span> <span class='ocrx_word' id='word_1_367' title='bbox 2750 2069 2806 2116; x_wconf 90' lang='lat' dir='ltr'><strong>et</strong></span> <span class='ocrx_word' id='word_1_368' title='bbox 2832 2067 3201 2131; x_wconf 74' lang='lat' dir='ltr'><strong>protegentem</strong></span> <span class='ocrx_word' id='word_1_369' title='bbox 3231 2057 3364 2114; x_wconf 87' lang='lat' dir='ltr'><strong>dicit</strong></span> <span class='ocrx_word' id='word_1_370' title='bbox 3392 2069 3411 2111; x_wconf 85' lang='lat'><strong>:</strong></span> 
     </span>
    </p>
   </div>
   <div class='ocr_carea' id='block_1_50' title="bbox 1830 2152 3407 2225">
    <p class='ocr_par' dir='ltr' id='par_1_50' title="bbox 1830 2152 3407 2225">
     <span class='ocr_line' id='line_1_50' title="bbox 1830 2152 3407 2225; baseline -0.004 -13"><span class='ocrx_word' id='word_1_371' title='bbox 1830 2156 2006 2213; x_wconf 87' lang='lat' dir='ltr'><strong>Omne</strong></span> <span class='ocrx_word' id='word_1_372' title='bbox 2023 2158 2167 2211; x_wconf 85' lang='lat' dir='ltr'><strong>enim</strong></span> <span class='ocrx_word' id='word_1_373' title='bbox 2205 2156 2346 2225; x_wconf 86' lang='lat' dir='ltr'><strong>quod</strong></span> <span class='ocrx_word' id='word_1_374' title='bbox 2378 2155 2579 2209; x_wconf 75' lang='lat' dir='ltr'><strong>extenti</strong></span> <span class='ocrx_word' id='word_1_375' title='bbox 2614 2154 2962 2224; x_wconf 79' lang='lat' dir='ltr'><strong>protegimus.</strong></span> <span class='ocrx_word' id='word_1_376' title='bbox 3001 2152 3407 2208; x_wconf 79' lang='lat' dir='ltr'><strong>obumbramus.</strong></span> 
     </span>
    </p>
   </div>
   <div class='ocr_carea' id='block_1_51' title="bbox 1830 2243 3411 2316">
    <p class='ocr_par' dir='ltr' id='par_1_51' title="bbox 1830 2243 3411 2316">
     <span class='ocr_line' id='line_1_51' title="bbox 1830 2243 3411 2316; baseline -0.003 -15"><span class='ocrx_word' id='word_1_377' title='bbox 1830 2244 1902 2301; x_wconf 84' lang='lat' dir='ltr'><strong>Et</strong></span> <span class='ocrx_word' id='word_1_378' title='bbox 1964 2246 2091 2316; x_wconf 84' lang='lat' dir='ltr'><strong>quia</strong></span> <span class='ocrx_word' id='word_1_379' title='bbox 2134 2244 2591 2314; x_wconf 82' lang='lat' dir='ltr'><strong>comparationem</strong></span> <span class='ocrx_word' id='word_1_380' title='bbox 2638 2243 2901 2299; x_wconf 84' lang='lat' dir='ltr'><strong>claritatis</strong></span> <span class='ocrx_word' id='word_1_381' title='bbox 2934 2258 3049 2299; x_wconf 68' lang='lat' dir='ltr'><strong>sua:</strong></span> <span class='ocrx_word' id='word_1_382' title='bbox 3090 2250 3411 2299; x_wconf 60' lang='lat' dir='ltr'><strong>uterum</strong></span> 
     </span>
    </p>
   </div>
   <div class='ocr_carea' id='block_1_52' title="bbox 1832 2335 3411 2405">
    <p class='ocr_par' dir='ltr' id='par_1_52' title="bbox 1832 2335 3411 2405">
     <span class='ocr_line' id='line_1_52' title="bbox 1832 2335 3411 2405; baseline 0.001 -14"><span class='ocrx_word' id='word_1_383' title='bbox 1832 2336 2133 2391; x_wconf 86' lang='lat' dir='ltr'><strong>claritatem</strong></span> <span class='ocrx_word' id='word_1_384' title='bbox 2152 2336 2505 2391; x_wconf 77' lang='lat' dir='ltr'><strong>obumbrasse</strong></span> <span class='ocrx_word' id='word_1_385' title='bbox 2520 2335 2776 2398; x_wconf 85' lang='lat' dir='ltr'><strong>creditur,</strong></span> <span class='ocrx_word' id='word_1_386' title='bbox 2792 2336 2907 2405; x_wconf 89' lang='lat' dir='ltr'><strong>ipse</strong></span> <span class='ocrx_word' id='word_1_387' title='bbox 2928 2342 3182 2391; x_wconf 71' lang='lat' dir='ltr'><strong>extentus</strong></span> <span class='ocrx_word' id='word_1_388' title='bbox 3198 2342 3260 2392; x_wconf 84' lang='lat' dir='ltr'><strong>et</strong></span> <span class='ocrx_word' id='word_1_389' title='bbox 3280 2347 3411 2404; x_wconf 82' lang='lat' dir='ltr'><strong>pro-</strong></span> 
     </span>
    </p>
   </div>
   <div class='ocr_carea' id='block_1_53' title="bbox 1830 2425 3408 2497">
    <p class='ocr_par' dir='ltr' id='par_1_53' title="bbox 1830 2425 3408 2497">
     <span class='ocr_line' id='line_1_53' title="bbox 1830 2425 3408 2497; baseline 0.003 -16"><span class='ocrx_word' id='word_1_390' title='bbox 1830 2434 2020 2495; x_wconf 77' lang='lat' dir='ltr'><strong>tegens</strong></span> <span class='ocrx_word' id='word_1_391' title='bbox 2044 2426 2207 2483; x_wconf 74' lang='lat' dir='ltr'><strong>fuisse</strong></span> <span class='ocrx_word' id='word_1_392' title='bbox 2236 2427 2577 2495; x_wconf 86' lang='lat' dir='ltr'><strong>perhibetur;</strong></span> <span class='ocrx_word' id='word_1_393' title='bbox 2612 2425 2853 2497; x_wconf 81' lang='lat' dir='ltr'><strong>reliquos</strong></span> <span class='ocrx_word' id='word_1_394' title='bbox 2870 2427 3019 2485; x_wconf 77' lang='lat' dir='ltr'><strong>enim</strong></span> <span class='ocrx_word' id='word_1_395' title='bbox 3040 2426 3197 2496; x_wconf 70' lang='lat' dir='ltr'><strong>quasi</strong></span> <span class='ocrx_word' id='word_1_396' title='bbox 3218 2426 3408 2485; x_wconf 73' lang='lat' dir='ltr'><strong>obum-</strong></span> 
     </span>
    </p>
   </div>
   <div class='ocr_carea' id='block_1_54' title="bbox 1834 2516 3411 2589">
    <p class='ocr_par' dir='ltr' id='par_1_54' title="bbox 1834 2516 3411 2589">
     <span class='ocr_line' id='line_1_54' title="bbox 1834 2516 3411 2589; baseline 0.001 -16"><span class='ocrx_word' id='word_1_397' title='bbox 1834 2517 2042 2573; x_wconf 78' lang='lat' dir='ltr'><strong>brando</strong></span> <span class='ocrx_word' id='word_1_398' title='bbox 2070 2519 2304 2587; x_wconf 83' lang='lat' dir='ltr'><strong>operuit,</strong></span> <span class='ocrx_word' id='word_1_399' title='bbox 2320 2519 2457 2587; x_wconf 24' lang='lat' dir='ltr'><strong>(quia</strong></span> <span class='ocrx_word' id='word_1_400' title='bbox 2470 2534 2665 2575; x_wconf 74' lang='lat' dir='ltr'><strong>eor-tim</strong></span> <span class='ocrx_word' id='word_1_401' title='bbox 2686 2517 3112 2589; x_wconf 69' lang='lat' dir='ltr'><strong>magnitudinem</strong></span> <span class='ocrx_word' id='word_1_402' title='bbox 3136 2516 3411 2575; x_wconf 71' lang='lat' dir='ltr'><strong>excellen-</strong></span> 
     </span>
    </p>
   </div>
   <div class='ocr_carea' id='block_1_55' title="bbox 1828 2607 3408 2679">
    <p class='ocr_par' dir='ltr' id='par_1_55' title="bbox 1828 2607 3408 2679">
     <span class='ocr_line' id='line_1_55' title="bbox 1828 2607 3408 2679; baseline 0.001 -15"><span class='ocrx_word' id='word_1_403' title='bbox 1828 2609 1913 2664; x_wconf 75' lang='lat' dir='ltr'><strong>tia</strong></span> <span class='ocrx_word' id='word_1_404' title='bbox 1944 2609 2150 2678; x_wconf 77' lang='lat' dir='ltr'><strong>majore</strong></span> <span class='ocrx_word' id='word_1_405' title='bbox 2177 2609 2529 2667; x_wconf 75' lang='lat' dir='ltr'><strong>transcendit.</strong></span> <span class='ocrx_word' id='word_1_406' title='bbox 2567 2607 2720 2677; x_wconf 81' lang='lat' dir='ltr'><strong>Quod</strong></span> <span class='ocrx_word' id='word_1_407' title='bbox 2760 2624 2890 2679; x_wconf 79' lang='lat' dir='ltr'><strong>ergo</strong></span> <span class='ocrx_word' id='word_1_408' title='bbox 2914 2608 3027 2665; x_wconf 79' lang='lat' dir='ltr'><strong>illic</strong></span> <span class='ocrx_word' id='word_1_409' title='bbox 3046 2608 3326 2679; x_wconf 74' lang='lat' dir='ltr'><strong>speciosus</strong></span> <span class='ocrx_word' id='word_1_410' title='bbox 3348 2607 3408 2665; x_wconf 82' lang='lat' dir='ltr'><strong>in</strong></span> 
     </span>
    </p>
   </div>
   <div class='ocr_carea' id='block_1_56' title="bbox 1826 2698 3411 2772">
    <p class='ocr_par' dir='ltr' id='par_1_56' title="bbox 1826 2698 3411 2772">
     <span class='ocr_line' id='line_1_56' title="bbox 1826 2698 3411 2772; baseline -0.002 -16"><span class='ocrx_word' id='word_1_411' title='bbox 1826 2700 2020 2756; x_wconf 75' lang='lat' dir='ltr'><strong>multis</strong></span> <span class='ocrx_word' id='word_1_412' title='bbox 2042 2698 2343 2765; x_wconf 77' lang='lat' dir='ltr'><strong>frondibus,</strong></span> <span class='ocrx_word' id='word_1_413' title='bbox 2362 2701 2510 2769; x_wconf 82' lang='lat' dir='ltr'><strong>quod</strong></span> <span class='ocrx_word' id='word_1_414' title='bbox 2530 2699 2638 2757; x_wconf 87' lang='lat' dir='ltr'><strong>illic</strong></span> <span class='ocrx_word' id='word_1_415' title='bbox 2662 2698 2997 2772; x_wconf 76' lang='lat' dir='ltr'><strong>signaculum</strong></span> <span class='ocrx_word' id='word_1_416' title='bbox 3014 2698 3411 2767; x_wconf 62' lang='lat' dir='ltr'><strong>shilitudiais,</strong></span> 
     </span>
    </p>
   </div>
   <div class='ocr_carea' id='block_1_57' title="bbox 1834 2791 3415 2864">
    <p class='ocr_par' dir='ltr' id='par_1_57' title="bbox 1834 2791 3415 2864">
     <span class='ocr_line' id='line_1_57' title="bbox 1834 2791 3415 2864; baseline 0.004 -17"><span class='ocrx_word' id='word_1_417' title='bbox 1834 2792 1979 2860; x_wconf 81' lang='lat' dir='ltr'><strong>quod</strong></span> <span class='ocrx_word' id='word_1_418' title='bbox 2004 2792 2111 2848; x_wconf 86' lang='lat' dir='ltr'><strong>illic</strong></span> <span class='ocrx_word' id='word_1_419' title='bbox 2130 2791 2365 2857; x_wconf 81' lang='lat' dir='ltr'><strong>Cherub,</strong></span> <span class='ocrx_word' id='word_1_420' title='bbox 2386 2793 2531 2862; x_wconf 76' lang='lat' dir='ltr'><strong>quod</strong></span> <span class='ocrx_word' id='word_1_421' title='bbox 2550 2792 2664 2849; x_wconf 84' lang='lat' dir='ltr'><strong>illic</strong></span> <span class='ocrx_word' id='word_1_422' title='bbox 2684 2800 2972 2864; x_wconf 79' lang='lat' dir='ltr'><strong>protegens</strong></span> <span class='ocrx_word' id='word_1_423' title='bbox 2988 2793 3210 2859; x_wconf 75' lang='lat' dir='ltr'><strong>dicitur,</strong></span> <span class='ocrx_word' id='word_1_424' title='bbox 3228 2793 3333 2849; x_wconf 84' lang='lat' dir='ltr'><strong>hoc</strong></span> <span class='ocrx_word' id='word_1_425' title='bbox 3352 2792 3415 2853; x_wconf 78' lang='lat' dir='ltr'><strong>in</strong></span> 
     </span>
    </p>
   </div>
   <div class='ocr_carea' id='block_1_58' title="bbox 1828 2879 3416 2952">
    <p class='ocr_par' dir='ltr' id='par_1_58' title="bbox 1828 2879 3416 2952">
     <span class='ocr_line' id='line_1_58' title="bbox 1828 2879 3416 2952; baseline 0.003 -17"><span class='ocrx_word' id='word_1_426' title='bbox 1828 2879 1936 2939; x_wconf 77' lang='lat' dir='ltr'><strong>Job</strong></span> <span class='ocrx_word' id='word_1_427' title='bbox 1959 2896 2090 2937; x_wconf 86' lang='lat' dir='ltr'><strong>voce</strong></span> <span class='ocrx_word' id='word_1_428' title='bbox 2118 2883 2395 2939; x_wconf 79' lang='lat' dir='ltr'><strong>Dominica</strong></span> <span class='ocrx_word' id='word_1_429' title='bbox 2409 2882 2705 2940; x_wconf 79' lang='lat' dir='ltr'><strong>Bebetnoth</strong></span> <span class='ocrx_word' id='word_1_430' title='bbox 2735 2883 2837 2939; x_wconf 84' lang='lat' dir='ltr'><strong>iste</strong></span> <span class='ocrx_word' id='word_1_431' title='bbox 2861 2882 3067 2939; x_wconf 72' lang='lat' dir='ltr'><strong>viarum</strong></span> <span class='ocrx_word' id='word_1_432' title='bbox 3092 2882 3187 2939; x_wconf 81' lang='lat' dir='ltr'><strong>Dei</strong></span> <span class='ocrx_word' id='word_1_433' title='bbox 3210 2882 3416 2952; x_wconf 80' lang='lat' dir='ltr'><strong>princi-</strong></span> 
     </span>
    </p>
   </div>
   <div class='ocr_carea' id='block_1_59' title="bbox 1832 2971 3413 3045">
    <p class='ocr_par' dir='ltr' id='par_1_59' title="bbox 1832 2971 3413 3045">
     <span class='ocr_line' id='line_1_59' title="bbox 1832 2971 3413 3045; baseline -0.001 -17"><span class='ocrx_word' id='word_1_434' title='bbox 1832 2974 1985 3043; x_wconf 76' lang='lat' dir='ltr'><strong>pium</strong></span> <span class='ocrx_word' id='word_1_435' title='bbox 2019 2982 2241 3031; x_wconf 77' lang='lat' dir='ltr'><strong>vocatur</strong></span> <span class='ocrx_word' id='word_1_436' title='bbox 2269 2973 2410 3045; x_wconf 74' lang='lat' dir='ltr'><strong>(Job.</strong></span> <span class='ocrx_word' id='word_1_437' title='bbox 2456 2973 2568 3045; x_wconf 73' lang='grc' dir='ltr'><strong>ιι).</strong></span> <span class='ocrx_word' id='word_1_438' title='bbox 2620 2972 2699 3029; x_wconf 89' lang='lat' dir='ltr'><strong>De</strong></span> <span class='ocrx_word' id='word_1_439' title='bbox 2744 2989 2856 3044; x_wconf 85' lang='lat' dir='ltr'><strong>quo</strong></span> <span class='ocrx_word' id='word_1_440' title='bbox 2892 2972 3091 3029; x_wconf 81' lang='lat' dir='ltr'><strong>idcirco</strong></span> <span class='ocrx_word' id='word_1_441' title='bbox 3136 2971 3413 3029; x_wconf 80' lang='lat' dir='ltr'><strong>tammira</strong></span> 
     </span>
    </p>
   </div>
   <div class='ocr_carea' id='block_1_60' title="bbox 1836 3062 3415 3134">
    <p class='ocr_par' dir='ltr' id='par_1_60' title="bbox 1836 3062 3415 3134">
     <span class='ocr_line' id='line_1_60' title="bbox 1836 3062 3415 3134; baseline -0.003 -14"><span class='ocrx_word' id='word_1_442' title='bbox 1836 3066 1892 3120; x_wconf 87' lang='lat' dir='ltr'><strong>in</strong></span> <span class='ocrx_word' id='word_1_443' title='bbox 1932 3064 2139 3134; x_wconf 69' lang='lat' dir='ltr'><strong>quibus</strong></span> <span class='ocrx_word' id='word_1_444' title='bbox 2172 3063 2274 3118; x_wconf 77' lang='lat' dir='ltr'><strong>fuit</strong></span> <span class='ocrx_word' id='word_1_445' title='bbox 2300 3073 2357 3119; x_wconf 89' lang='lat' dir='ltr'><strong>et</strong></span> <span class='ocrx_word' id='word_1_446' title='bbox 2392 3078 2558 3133; x_wconf 76' lang='lat' dir='ltr'><strong>quam</strong></span> <span class='ocrx_word' id='word_1_447' title='bbox 2593 3063 2777 3119; x_wconf 85' lang='lat' dir='ltr'><strong>amisit</strong></span> <span class='ocrx_word' id='word_1_448' title='bbox 2804 3063 3060 3130; x_wconf 75' lang='lat' dir='ltr'><strong>insinuat,</strong></span> <span class='ocrx_word' id='word_1_449' title='bbox 3113 3070 3175 3119; x_wconf 82' lang='lat' dir='ltr'><strong>ut</strong></span> <span class='ocrx_word' id='word_1_450' title='bbox 3224 3062 3415 3118; x_wconf 83' lang='lat' dir='ltr'><strong>territo</strong></span> 
     </span>
    </p>
   </div>
   <div class='ocr_carea' id='block_1_61' title="bbox 156 3153 3415 3233">
    <p class='ocr_par' dir='ltr' id='par_1_61' title="bbox 156 3153 3415 3233">
     <span class='ocr_line' id='line_1_61' title="bbox 156 3153 3415 3233; baseline 0 -23"><span class='ocrx_word' id='word_1_451' title='bbox 156 3158 427 3223; x_wconf 75' lang='lat' dir='ltr'><strong>Quoniam</strong></span> <span class='ocrx_word' id='word_1_452' title='bbox 466 3159 600 3214; x_wconf 85' lang='lat' dir='ltr'><strong>dicit</strong></span> <span class='ocrx_word' id='word_1_453' title='bbox 616 3158 902 3231; x_wconf 79' lang='lat' dir='ltr'><strong>Scriptura</strong></span> <span class='ocrx_word' id='word_1_454' title='bbox 930 3178 945 3217; x_wconf 90' lang='lat'><strong>:</strong></span> <span class='ocrx_word' id='word_1_455' title='bbox 979 3180 999 3214; x_wconf 90' lang='lat' dir='ltr'><strong>r</strong></span> <span class='ocrx_word' id='word_1_456' title='bbox 1031 3163 1170 3219; x_wconf 83' lang='lat' dir='ltr'><strong>Ecce</strong></span> <span class='ocrx_word' id='word_1_457' title='bbox 1194 3179 1392 3233; x_wconf 78' lang='lat' dir='ltr'><strong>ponam</strong></span> <span class='ocrx_word' id='word_1_458' title='bbox 1420 3166 1474 3220; x_wconf 79' lang='lat' dir='ltr'><strong>in</strong></span> <span class='ocrx_word' id='word_1_459' title='bbox 1501 3166 1631 3222; x_wconf 70' lang='lat' dir='ltr'><strong>Sion</strong></span> <span class='ocrx_word' id='word_1_460' title='bbox 1656 3167 1737 3221; x_wconf 67' lang='lat' dir='ltr'><strong>la.</strong></span> <span class='ocrx_word' id='word_1_461' title='bbox 1783 3155 2045 3213; x_wconf 66' lang='lat' dir='ltr'><strong>&#39;bornini</strong></span> <span class='ocrx_word' id='word_1_462' title='bbox 2092 3155 2343 3212; x_wconf 77' lang='lat' dir='ltr'><strong>ostendat</strong></span> <span class='ocrx_word' id='word_1_463' title='bbox 2384 3155 2533 3225; x_wconf 75' lang='lat' dir='ltr'><strong>quod</strong></span> <span class='ocrx_word' id='word_1_464' title='bbox 2558 3154 2677 3225; x_wconf 79' lang='lat' dir='ltr'><strong>ipse</strong></span> <span class='ocrx_word' id='word_1_465' title='bbox 2698 3155 2747 3211; x_wconf 81' lang='lat' dir='ltr'><strong>si</strong></span> <span class='ocrx_word' id='word_1_466' title='bbox 2785 3154 3061 3224; x_wconf 77' lang='lat' dir='ltr'><strong>superbiat</strong></span> <span class='ocrx_word' id='word_1_467' title='bbox 3084 3153 3415 3213; x_wconf 72' lang='lat' dir='ltr'><strong>deelationis</strong></span> 
     </span>
    </p>
   </div>
   <div class='ocr_carea' id='block_1_62' title="bbox 154 3245 1736 3337">
    <p class='ocr_par' dir='ltr' id='par_1_62' title="bbox 154 3252 1736 3329">
     <span class='ocr_line' id='line_1_62' title="bbox 154 3252 1736 3329; baseline 0.007 -24"><span class='ocrx_word' id='word_1_468' title='bbox 154 3252 339 3323; x_wconf 76' lang='lat' dir='ltr'><strong>pideru</strong></span> <span class='ocrx_word' id='word_1_469' title='bbox 366 3254 675 3325; x_wconf 87' lang='lat' dir='ltr'><strong>angularem</strong></span> <span class='ocrx_word' id='word_1_470' title='bbox 695 3294 710 3320; x_wconf 91' lang='lat'><strong>,</strong></span> <span class='ocrx_word' id='word_1_471' title='bbox 733 3256 964 3312; x_wconf 82' lang='lat' dir='ltr'><strong>electum</strong></span> <span class='ocrx_word' id='word_1_472' title='bbox 982 3296 998 3323; x_wconf 91' lang='lat'><strong>,</strong></span> <span class='ocrx_word' id='word_1_473' title='bbox 1043 3259 1370 3327; x_wconf 84' lang='lat' dir='ltr'><strong>pretiosum,</strong></span> <span class='ocrx_word' id='word_1_474' title='bbox 1396 3266 1454 3314; x_wconf 91' lang='lat' dir='ltr'><strong>et</strong></span> <span class='ocrx_word' id='word_1_475' title='bbox 1486 3261 1578 3329; x_wconf 89' lang='lat' dir='ltr'><strong>qui</strong></span> <span class='ocrx_word' id='word_1_476' title='bbox 1616 3276 1736 3317; x_wconf 80' lang='lat' dir='ltr'><strong>cre-</strong></span> 
     </span>
    </p>
   </div>
   <div class='ocr_carea' id='block_1_63' title="bbox 1836 3245 3416 3337">
    <p class='ocr_par' dir='ltr' id='par_1_63' title="bbox 1839 3245 3416 3317">
     <span class='ocr_line' id='line_1_63' title="bbox 1839 3245 3416 3317; baseline -0.001 -13"><span class='ocrx_word' id='word_1_477' title='bbox 1839 3263 1952 3304; x_wconf 67' lang='lat' dir='ltr'><strong>suae</strong></span> <span class='ocrx_word' id='word_1_478' title='bbox 1978 3247 2135 3317; x_wconf 83' lang='lat' dir='ltr'><strong>culpa</strong></span> <span class='ocrx_word' id='word_1_479' title='bbox 2164 3261 2422 3317; x_wconf 85' lang='lat' dir='ltr'><strong>passurus</strong></span> <span class='ocrx_word' id='word_1_480' title='bbox 2447 3247 2538 3312; x_wconf 87' lang='lat' dir='ltr'><strong>sit,</strong></span> <span class='ocrx_word' id='word_1_481' title='bbox 2582 3248 2629 3305; x_wconf 87' lang='lat' dir='ltr'><strong>si</strong></span> <span class='ocrx_word' id='word_1_482' title='bbox 2664 3246 2907 3303; x_wconf 81' lang='lat' dir='ltr'><strong>feriendo</strong></span> <span class='ocrx_word' id='word_1_483' title='bbox 2933 3245 3008 3301; x_wconf 84' lang='lat' dir='ltr'><strong>illi</strong></span> <span class='ocrx_word' id='word_1_484' title='bbox 3059 3261 3284 3316; x_wconf 74' lang='lat' dir='ltr'><strong>parcere</strong></span> <span class='ocrx_word' id='word_1_485' title='bbox 3314 3260 3416 3303; x_wconf 80' lang='lat' dir='ltr'><strong>no—</strong></span> 
     </span>
    </p>
   </div>
   <div class='ocr_carea' id='block_1_64' title="bbox 154 3342 1738 3422">
    <p class='ocr_par' dir='ltr' id='par_1_64' title="bbox 154 3342 1738 3422">
     <span class='ocr_line' id='line_1_64' title="bbox 154 3342 1738 3422; baseline 0.007 -26"><span class='ocrx_word' id='word_1_486' title='bbox 154 3343 244 3397; x_wconf 76' lang='lat' dir='ltr'><strong>dit</strong></span> <span class='ocrx_word' id='word_1_487' title='bbox 264 3342 320 3398; x_wconf 86' lang='lat' dir='ltr'><strong>in</strong></span> <span class='ocrx_word' id='word_1_488' title='bbox 340 3358 415 3399; x_wconf 84' lang='lat' dir='ltr'><strong>eo</strong></span> <span class='ocrx_word' id='word_1_489' title='bbox 442 3358 550 3399; x_wconf 86' lang='lat' dir='ltr'><strong>non</strong></span> <span class='ocrx_word' id='word_1_490' title='bbox 574 3345 935 3402; x_wconf 82' lang='lat' dir='ltr'><strong>confundetur</strong></span> <span class='ocrx_word' id='word_1_491' title='bbox 960 3346 1098 3418; x_wconf 73' lang='lat' dir='ltr'><strong>(Ira.</strong></span> <span class='ocrx_word' id='word_1_492' title='bbox 1125 3364 1298 3404; x_wconf 79' lang='lat' dir='ltr'><strong>xmn</strong></span> <span class='ocrx_word' id='word_1_493' title='bbox 1323 3349 1396 3421; x_wconf 72' lang='lat' dir='ltr'><strong>).r</strong></span> <span class='ocrx_word' id='word_1_494' title='bbox 1427 3350 1604 3421; x_wconf 86' lang='lat' dir='ltr'><strong>Super</strong></span> <span class='ocrx_word' id='word_1_495' title='bbox 1629 3367 1738 3422; x_wconf 89' lang='lat' dir='ltr'><strong>quo</strong></span> 
     </span>
    </p>
   </div>
   <div class='ocr_carea' id='block_1_65' title="bbox 156 3432 1739 3505">
    <p class='ocr_par' dir='ltr' id='par_1_65' title="bbox 156 3432 1739 3505">
     <span class='ocr_line' id='line_1_65' title="bbox 156 3432 1739 3505; baseline 0.006 -19"><span class='ocrx_word' id='word_1_496' title='bbox 156 3439 220 3486; x_wconf 87' lang='lat' dir='ltr'><strong>et</strong></span> <span class='ocrx_word' id='word_1_497' title='bbox 250 3432 357 3488; x_wconf 78' lang='lat' dir='ltr'><strong>Vas</strong></span> <span class='ocrx_word' id='word_1_498' title='bbox 389 3432 680 3490; x_wconf 85' lang='lat' dir='ltr'><strong>electionis</strong></span> <span class='ocrx_word' id='word_1_499' title='bbox 720 3436 840 3505; x_wconf 85' lang='lat' dir='ltr'><strong>pari</strong></span> <span class='ocrx_word' id='word_1_500' title='bbox 874 3450 1010 3491; x_wconf 86' lang='lat' dir='ltr'><strong>voce</strong></span> <span class='ocrx_word' id='word_1_501' title='bbox 1038 3439 1310 3494; x_wconf 85' lang='lat' dir='ltr'><strong>consentit</strong></span> <span class='ocrx_word' id='word_1_502' title='bbox 1334 3440 1557 3496; x_wconf 88' lang='lat' dir='ltr'><strong>dicens:</strong></span> <span class='ocrx_word' id='word_1_503' title='bbox 1588 3461 1607 3493; x_wconf 83' lang='lat' dir='ltr'><strong>r</strong></span> <span class='ocrx_word' id='word_1_504' title='bbox 1636 3441 1739 3496; x_wconf 80' lang='lat' dir='ltr'><strong>Su-</strong></span> 
     </span>
    </p>
   </div>
   <div class='ocr_carea' id='block_1_66' title="bbox 152 3523 1737 3601">
    <p class='ocr_par' dir='ltr' id='par_1_66' title="bbox 152 3523 1737 3601">
     <span class='ocr_line' id='line_1_66' title="bbox 152 3523 1737 3601; baseline 0.018 -27"><span class='ocrx_word' id='word_1_505' title='bbox 152 3523 511 3593; x_wconf 61' lang='lat' dir='ltr'><strong>perardillcati</strong></span> <span class='ocrx_word' id='word_1_506' title='bbox 536 3525 595 3579; x_wconf 84' lang='lat' dir='ltr'><strong>in</strong></span> <span class='ocrx_word' id='word_1_507' title='bbox 620 3524 970 3583; x_wconf 83' lang='lat' dir='ltr'><strong>fundamento</strong></span> <span class='ocrx_word' id='word_1_508' title='bbox 1013 3529 1377 3597; x_wconf 83' lang='lat' dir='ltr'><strong>apostolorum</strong></span> <span class='ocrx_word' id='word_1_509' title='bbox 1412 3540 1469 3585; x_wconf 76' lang='lat' dir='ltr'><strong>et</strong></span> <span class='ocrx_word' id='word_1_510' title='bbox 1502 3532 1737 3601; x_wconf 59' lang='lat' dir='ltr'><strong>DW&#39;</strong></span> 
     </span>
    </p>
   </div>
   <div class='ocr_carea' id='block_1_67' title="bbox 158 3617 1738 3691">
    <p class='ocr_par' dir='ltr' id='par_1_67' title="bbox 158 3617 1738 3691">
     <span class='ocr_line' id='line_1_67' title="bbox 158 3617 1738 3691; baseline 0.006 -21"><span class='ocrx_word' id='word_1_511' title='bbox 158 3624 379 3682; x_wconf 86' lang='lat' dir='ltr'><strong>tarum,</strong></span> <span class='ocrx_word' id='word_1_512' title='bbox 414 3617 537 3688; x_wconf 89' lang='lat' dir='ltr'><strong>ipso</strong></span> <span class='ocrx_word' id='word_1_513' title='bbox 575 3619 820 3689; x_wconf 80' lang='lat' dir='ltr'><strong>angulari</strong></span> <span class='ocrx_word' id='word_1_514' title='bbox 866 3620 1042 3691; x_wconf 83' lang='lat' dir='ltr'><strong>lapide</strong></span> <span class='ocrx_word' id='word_1_515' title='bbox 1072 3621 1295 3678; x_wconf 83' lang='lat' dir='ltr'><strong>Christo</strong></span> <span class='ocrx_word' id='word_1_516' title='bbox 1336 3622 1466 3679; x_wconf 78' lang='lat' dir='ltr'><strong>lesu</strong></span> <span class='ocrx_word' id='word_1_517' title='bbox 1512 3624 1738 3680; x_wconf 83' lang='lat' dir='ltr'><strong>Domino</strong></span> 
     </span>
    </p>
   </div>
   <div class='ocr_carea' id='block_1_68' title="bbox 158 3711 1739 3783">
    <p class='ocr_par' dir='ltr' id='par_1_68' title="bbox 158 3711 1739 3783">
     <span class='ocr_line' id='line_1_68' title="bbox 158 3711 1739 3783; baseline 0.006 -19"><span class='ocrx_word' id='word_1_518' title='bbox 158 3718 371 3777; x_wconf 85' lang='lat' dir='ltr'><strong>nostro,</strong></span> <span class='ocrx_word' id='word_1_519' title='bbox 394 3711 452 3766; x_wconf 86' lang='lat' dir='ltr'><strong>in</strong></span> <span class='ocrx_word' id='word_1_520' title='bbox 477 3727 585 3783; x_wconf 85' lang='lat' dir='ltr'><strong>quo</strong></span> <span class='ocrx_word' id='word_1_521' title='bbox 607 3714 783 3769; x_wconf 85' lang='lat' dir='ltr'><strong>omnis</strong></span> <span class='ocrx_word' id='word_1_522' title='bbox 806 3714 1092 3771; x_wconf 66' lang='lat' dir='ltr'><strong>aedificatio</strong></span> <span class='ocrx_word' id='word_1_523' title='bbox 1116 3726 1431 3773; x_wconf 86' lang='lat' dir='ltr'><strong>constructa</strong></span> <span class='ocrx_word' id='word_1_524' title='bbox 1456 3719 1655 3774; x_wconf 86' lang='lat' dir='ltr'><strong>crescit</strong></span> <span class='ocrx_word' id='word_1_525' title='bbox 1680 3719 1739 3774; x_wconf 83' lang='lat' dir='ltr'><strong>in</strong></span> 
     </span>
    </p>
   </div>
   <div class='ocr_carea' id='block_1_69' title="bbox 162 3800 1739 3878">
    <p class='ocr_par' dir='ltr' id='par_1_69' title="bbox 162 3800 1739 3878">
     <span class='ocr_line' id='line_1_69' title="bbox 162 3800 1739 3878; baseline 0.005 -23"><span class='ocrx_word' id='word_1_526' title='bbox 162 3800 422 3872; x_wconf 86' lang='lat' dir='ltr'><strong>templum</strong></span> <span class='ocrx_word' id='word_1_527' title='bbox 442 3810 694 3859; x_wconf 72' lang='lat' dir='ltr'><strong>sanctum</strong></span> <span class='ocrx_word' id='word_1_528' title='bbox 721 3803 817 3860; x_wconf 85' lang='lat' dir='ltr'><strong>Dei</strong></span> <span class='ocrx_word' id='word_1_529' title='bbox 842 3806 863 3876; x_wconf 92' lang='lat'><strong>(</strong></span> <span class='ocrx_word' id='word_1_530' title='bbox 889 3805 1080 3876; x_wconf 70' lang='lat' dir='ltr'><strong>Epiros.</strong></span> <span class='ocrx_word' id='word_1_531' title='bbox 1108 3807 1211 3878; x_wconf 87' lang='grc' dir='ltr'><strong>ιι).</strong></span> <span class='ocrx_word' id='word_1_532' title='bbox 1243 3827 1262 3861; x_wconf 75' lang='grc' dir='ltr'><strong>ι</strong></span> <span class='ocrx_word' id='word_1_533' title='bbox 1286 3807 1355 3865; x_wconf 76' lang='lat' dir='ltr'><strong>lli</strong></span> <span class='ocrx_word' id='word_1_534' title='bbox 1383 3816 1510 3864; x_wconf 81' lang='lat' dir='ltr'><strong>sunt</strong></span> <span class='ocrx_word' id='word_1_535' title='bbox 1534 3808 1739 3878; x_wconf 85' lang='lat' dir='ltr'><strong>lapides</strong></span> 
     </span>
    </p>
   </div>
   <div class='ocr_carea' id='block_1_70' title="bbox 161 3892 1739 3969">
    <p class='ocr_par' dir='ltr' id='par_1_70' title="bbox 161 3892 1739 3969">
     <span class='ocr_line' id='line_1_70' title="bbox 161 3892 1739 3969; baseline 0.007 -23"><span class='ocrx_word' id='word_1_536' title='bbox 161 3892 1739 3969; x_wconf 63' lang='grc' dir='ltr'><strong>ειεςιιιίιουοειιηιίοιοοοιεειηιιςτειιφωεηευαί</strong></span> 
     </span>
    </p>
   </div>
   <div class='ocr_carea' id='block_1_71' title="bbox 161 3983 1733 4061">
    <p class='ocr_par' dir='ltr' id='par_1_71' title="bbox 161 3983 1733 4061">
     <span class='ocr_line' id='line_1_71' title="bbox 161 3983 1733 4061; baseline 0.003 -24"><span class='ocrx_word' id='word_1_537' title='bbox 161 3983 454 4038; x_wconf 86' lang='lat' dir='ltr'><strong>volvuntur</strong></span> <span class='ocrx_word' id='word_1_538' title='bbox 472 3999 636 4054; x_wconf 79' lang='lat' dir='ltr'><strong>super</strong></span> <span class='ocrx_word' id='word_1_539' title='bbox 654 3993 859 4040; x_wconf 78' lang='lat' dir='ltr'><strong>terram</strong></span> <span class='ocrx_word' id='word_1_540' title='bbox 888 3986 1061 4042; x_wconf 82' lang='lat' dir='ltr'><strong>instar</strong></span> <span class='ocrx_word' id='word_1_541' title='bbox 1081 3997 1322 4045; x_wconf 67' lang='lat' dir='ltr'><strong>rotam</strong></span> <span class='ocrx_word' id='word_1_542' title='bbox 1349 3990 1536 4060; x_wconf 70' lang='lat' dir='ltr'><strong>(Each.</strong></span> <span class='ocrx_word' id='word_1_543' title='bbox 1560 4006 1617 4046; x_wconf 77' lang='grc' dir='ltr'><strong>ιι</strong></span> <span class='ocrx_word' id='word_1_544' title='bbox 1637 3990 1687 4061; x_wconf 87' lang='grc'><strong>);</strong></span> <span class='ocrx_word' id='word_1_545' title='bbox 1715 4010 1733 4041; x_wconf 73' lang='grc' dir='ltr'><strong>ι</strong></span> 
     </span>
    </p>
   </div>
   <div class='ocr_carea' id='block_1_72' title="bbox 164 4075 1740 4147">
    <p class='ocr_par' dir='ltr' id='par_1_72' title="bbox 164 4075 1740 4147">
     <span class='ocr_line' id='line_1_72' title="bbox 164 4075 1740 4147; baseline 0.007 -20"><span class='ocrx_word' id='word_1_546' title='bbox 164 4075 445 4145; x_wconf 81' lang='lat' dir='ltr'><strong>paululum</strong></span> <span class='ocrx_word' id='word_1_547' title='bbox 480 4085 766 4147; x_wconf 83' lang='lat' dir='ltr'><strong>tangentes</strong></span> <span class='ocrx_word' id='word_1_548' title='bbox 802 4079 1058 4145; x_wconf 72' lang='lat' dir='ltr'><strong>humum,</strong></span> <span class='ocrx_word' id='word_1_549' title='bbox 1094 4088 1153 4135; x_wconf 88' lang='lat' dir='ltr'><strong>et</strong></span> <span class='ocrx_word' id='word_1_550' title='bbox 1174 4082 1516 4137; x_wconf 80' lang='lat' dir='ltr'><strong>volubilitate</strong></span> <span class='ocrx_word' id='word_1_551' title='bbox 1538 4097 1636 4137; x_wconf 87' lang='lat' dir='ltr'><strong>sua</strong></span> <span class='ocrx_word' id='word_1_552' title='bbox 1671 4084 1740 4138; x_wconf 89' lang='lat' dir='ltr'><strong>ad</strong></span> 
     </span>
    </p>
   </div>
   <div class='ocr_carea' id='block_1_73' title="bbox 162 4166 1741 4243">
    <p class='ocr_par' dir='ltr' id='par_1_73' title="bbox 162 4166 1741 4243">
     <span class='ocr_line' id='line_1_73' title="bbox 162 4166 1741 4243; baseline 0.006 -22"><span class='ocrx_word' id='word_1_553' title='bbox 162 4166 410 4221; x_wconf 64' lang='lat' dir='ltr'><strong>cretestia</strong></span> <span class='ocrx_word' id='word_1_554' title='bbox 436 4166 773 4224; x_wconf 80' lang='lat' dir='ltr'><strong>festinantes.</strong></span> <span class='ocrx_word' id='word_1_555' title='bbox 796 4169 878 4225; x_wconf 75' lang='lat' dir='ltr'><strong>De</strong></span> <span class='ocrx_word' id='word_1_556' title='bbox 903 4172 1098 4239; x_wconf 78' lang='lat' dir='ltr'><strong>quibus</strong></span> <span class='ocrx_word' id='word_1_557' title='bbox 1122 4181 1178 4228; x_wconf 91' lang='lat' dir='ltr'><strong>et</strong></span> <span class='ocrx_word' id='word_1_558' title='bbox 1198 4174 1480 4243; x_wconf 68' lang='lat' dir='ltr'><strong>Scriptura</strong></span> <span class='ocrx_word' id='word_1_559' title='bbox 1500 4189 1741 4231; x_wconf 86' lang='lat' dir='ltr'><strong>comme-</strong></span> 
     </span>
    </p>
   </div>
   <div class='ocr_carea' id='block_1_74' title="bbox 162 4257 1736 4332">
    <p class='ocr_par' dir='ltr' id='par_1_74' title="bbox 162 4257 1736 4332">
     <span class='ocr_line' id='line_1_74' title="bbox 162 4257 1736 4332; baseline 0.006 -22"><span class='ocrx_word' id='word_1_560' title='bbox 162 4264 364 4310; x_wconf 77' lang='lat' dir='ltr'><strong>morat:</strong></span> <span class='ocrx_word' id='word_1_561' title='bbox 377 4257 656 4329; x_wconf 68' lang='lat' dir='ltr'><strong>«Eceeego</strong></span> <span class='ocrx_word' id='word_1_562' title='bbox 668 4261 1309 4331; x_wconf 70' lang='lat' dir='ltr'><strong>praeparoearbunculum</strong></span> <span class='ocrx_word' id='word_1_563' title='bbox 1320 4263 1551 4332; x_wconf 79' lang='lat' dir='ltr'><strong>lapidem</strong></span> <span class='ocrx_word' id='word_1_564' title='bbox 1568 4274 1736 4330; x_wconf 86' lang='lat' dir='ltr'><strong>tuum,</strong></span> 
     </span>
    </p>
   </div>
   <div class='ocr_carea' id='block_1_75' title="bbox 162 4345 1739 4426">
    <p class='ocr_par' dir='ltr' id='par_1_75' title="bbox 162 4345 1739 4426">
     <span class='ocr_line' id='line_1_75' title="bbox 162 4345 1739 4426; baseline 0.008 -28"><span class='ocrx_word' id='word_1_565' title='bbox 162 4354 222 4399; x_wconf 82' lang='lat' dir='ltr'><strong>et</strong></span> <span class='ocrx_word' id='word_1_566' title='bbox 244 4345 587 4403; x_wconf 81' lang='lat' dir='ltr'><strong>fundamenta</strong></span> <span class='ocrx_word' id='word_1_567' title='bbox 605 4356 698 4404; x_wconf 83' lang='lat' dir='ltr'><strong>tua</strong></span> <span class='ocrx_word' id='word_1_568' title='bbox 711 4352 1044 4421; x_wconf 79' lang='lat' dir='ltr'><strong>sapphirum,</strong></span> <span class='ocrx_word' id='word_1_569' title='bbox 1056 4361 1321 4422; x_wconf 80' lang='lat' dir='ltr'><strong>etponam</strong></span> <span class='ocrx_word' id='word_1_570' title='bbox 1334 4355 1739 4426; x_wconf 73' lang='lat' dir='ltr'><strong>propugnacula</strong></span> 
     </span>
    </p>
   </div>
   <div class='ocr_carea' id='block_1_76' title="bbox 163 4437 1738 4518">
    <p class='ocr_par' dir='ltr' id='par_1_76' title="bbox 163 4437 1738 4518">
     <span class='ocr_line' id='line_1_76' title="bbox 163 4437 1738 4518; baseline 0.008 -25"><span class='ocrx_word' id='word_1_571' title='bbox 163 4446 255 4493; x_wconf 76' lang='lat' dir='ltr'><strong>tua</strong></span> <span class='ocrx_word' id='word_1_572' title='bbox 276 4437 562 4509; x_wconf 71' lang='lat' dir='ltr'><strong>iaspidem,</strong></span> <span class='ocrx_word' id='word_1_573' title='bbox 572 4450 630 4495; x_wconf 90' lang='lat' dir='ltr'><strong>et</strong></span> <span class='ocrx_word' id='word_1_574' title='bbox 644 4450 829 4512; x_wconf 85' lang='lat' dir='ltr'><strong>portas</strong></span> <span class='ocrx_word' id='word_1_575' title='bbox 846 4451 967 4499; x_wconf 84' lang='lat' dir='ltr'><strong>tuas</strong></span> <span class='ocrx_word' id='word_1_576' title='bbox 980 4445 1155 4516; x_wconf 79' lang='lat' dir='ltr'><strong>lapide</strong></span> <span class='ocrx_word' id='word_1_577' title='bbox 1168 4447 1438 4518; x_wconf 61' lang='lat' dir='ltr'><strong>crystallo,</strong></span> <span class='ocrx_word' id='word_1_578' title='bbox 1456 4457 1512 4503; x_wconf 88' lang='lat' dir='ltr'><strong>et</strong></span> <span class='ocrx_word' id='word_1_579' title='bbox 1524 4465 1738 4505; x_wconf 83' lang='lat' dir='ltr'><strong>murum</strong></span> 
     </span>
    </p>
   </div>
   <div class='ocr_carea' id='block_1_77' title="bbox 162 4531 1737 4601">
    <p class='ocr_par' dir='ltr' id='par_1_77' title="bbox 162 4531 1737 4601">
     <span class='ocr_line' id='line_1_77' title="bbox 162 4531 1737 4601; baseline 0.008 -15"><span class='ocrx_word' id='word_1_580' title='bbox 162 4540 319 4586; x_wconf 79' lang='lat' dir='ltr'><strong>tuum</strong></span> <span class='ocrx_word' id='word_1_581' title='bbox 342 4531 606 4600; x_wconf 76' lang='lat' dir='ltr'><strong>lapidibus</strong></span> <span class='ocrx_word' id='word_1_582' title='bbox 635 4534 825 4591; x_wconf 88' lang='lat' dir='ltr'><strong>electis</strong></span> <span class='ocrx_word' id='word_1_583' title='bbox 841 4576 857 4601; x_wconf 90' lang='lat'><strong>,</strong></span> <span class='ocrx_word' id='word_1_584' title='bbox 878 4544 939 4590; x_wconf 81' lang='lat' dir='ltr'><strong>et</strong></span> <span class='ocrx_word' id='word_1_585' title='bbox 958 4551 1152 4593; x_wconf 77' lang='lat' dir='ltr'><strong>omnes</strong></span> <span class='ocrx_word' id='word_1_586' title='bbox 1178 4538 1317 4595; x_wconf 81' lang='lat' dir='ltr'><strong>ﬁlios</strong></span> <span class='ocrx_word' id='word_1_587' title='bbox 1340 4547 1465 4596; x_wconf 71' lang='lat' dir='ltr'><strong>tces</strong></span> <span class='ocrx_word' id='word_1_588' title='bbox 1488 4541 1683 4597; x_wconf 71' lang='lat' dir='ltr'><strong>doctos</strong></span> <span class='ocrx_word' id='word_1_589' title='bbox 1708 4558 1737 4597; x_wconf 84' lang='lat' dir='ltr'><strong>a</strong></span> 
     </span>
    </p>
   </div>
   <div class='ocr_carea' id='block_1_78' title="bbox 1836 3339 3415 3413">
    <p class='ocr_par' dir='ltr' id='par_1_78' title="bbox 1836 3339 3415 3413">
     <span class='ocr_line' id='line_1_78' title="bbox 1836 3339 3415 3413; baseline -0.001 -16"><span class='ocrx_word' id='word_1_590' title='bbox 1836 3342 1960 3407; x_wconf 81' lang='lat' dir='ltr'><strong>luit,</strong></span> <span class='ocrx_word' id='word_1_591' title='bbox 1992 3357 2156 3411; x_wconf 68' lang='lat' dir='ltr'><strong>quem</strong></span> <span class='ocrx_word' id='word_1_592' title='bbox 2180 3342 2419 3397; x_wconf 76' lang='lat' dir='ltr'><strong>er&#39;eando</strong></span> <span class='ocrx_word' id='word_1_593' title='bbox 2440 3341 2497 3399; x_wconf 80' lang='lat' dir='ltr'><strong>in</strong></span> <span class='ocrx_word' id='word_1_594' title='bbox 2533 3341 2701 3413; x_wconf 81' lang='lat' dir='ltr'><strong>gloria</strong></span> <span class='ocrx_word' id='word_1_595' title='bbox 2739 3348 2902 3396; x_wconf 61' lang='lat' dir='ltr'><strong>tanta</strong></span> <span class='ocrx_word' id='word_1_596' title='bbox 2926 3340 3197 3399; x_wconf 77' lang='lat' dir='ltr'><strong>daritalis</strong></span> <span class='ocrx_word' id='word_1_597' title='bbox 3234 3339 3415 3399; x_wconf 75' lang='lat' dir='ltr'><strong>eleva-</strong></span> 
     </span>
    </p>
   </div>
   <div class='ocr_carea' id='block_1_79' title="bbox 1836 3432 3410 3504">
    <p class='ocr_par' dir='ltr' id='par_1_79' title="bbox 1836 3432 3410 3504">
     <span class='ocr_line' id='line_1_79' title="bbox 1836 3432 3410 3504; baseline 0.003 -17"><span class='ocrx_word' id='word_1_598' title='bbox 1836 3435 1936 3489; x_wconf 83' lang='lat' dir='ltr'><strong>vit.</strong></span> <span class='ocrx_word' id='word_1_599' title='bbox 1963 3432 2281 3492; x_wconf 64' lang='lat' dir='ltr'><strong>Considera</strong></span> <span class='ocrx_word' id='word_1_600' title='bbox 2304 3449 2438 3504; x_wconf 87' lang='lat' dir='ltr'><strong>ergo</strong></span> <span class='ocrx_word' id='word_1_601' title='bbox 2466 3435 2646 3500; x_wconf 80' lang='lat' dir='ltr'><strong>homo,</strong></span> <span class='ocrx_word' id='word_1_602' title='bbox 2678 3434 2813 3504; x_wconf 79' lang='lat' dir='ltr'><strong>quid</strong></span> <span class='ocrx_word' id='word_1_603' title='bbox 2834 3434 3014 3491; x_wconf 84' lang='lat' dir='ltr'><strong>elatus</strong></span> <span class='ocrx_word' id='word_1_604' title='bbox 3040 3434 3094 3489; x_wconf 90' lang='lat' dir='ltr'><strong>in</strong></span> <span class='ocrx_word' id='word_1_605' title='bbox 3130 3441 3272 3491; x_wconf 80' lang='lat' dir='ltr'><strong>terra</strong></span> <span class='ocrx_word' id='word_1_606' title='bbox 3294 3448 3410 3491; x_wconf 69' lang='lat' dir='ltr'><strong>ne-</strong></span> 
     </span>
    </p>
   </div>
   <div class='ocr_carea' id='block_1_80' title="bbox 1840 3527 3415 3599">
    <p class='ocr_par' dir='ltr' id='par_1_80' title="bbox 1840 3527 3415 3599">
     <span class='ocr_line' id='line_1_80' title="bbox 1840 3527 3415 3599; baseline -0.002 -15"><span class='ocrx_word' id='word_1_607' title='bbox 1840 3536 2042 3590; x_wconf 79' lang='lat' dir='ltr'><strong>reatur,</strong></span> <span class='ocrx_word' id='word_1_608' title='bbox 2070 3527 2118 3583; x_wconf 87' lang='lat' dir='ltr'><strong>si</strong></span> <span class='ocrx_word' id='word_1_609' title='bbox 2144 3536 2201 3583; x_wconf 91' lang='lat' dir='ltr'><strong>et</strong></span> <span class='ocrx_word' id='word_1_610' title='bbox 2222 3527 2480 3597; x_wconf 63' lang='lat' dir='ltr'><strong>git-asiam</strong></span> <span class='ocrx_word' id='word_1_611' title='bbox 2516 3528 2743 3599; x_wconf 87' lang='lat' dir='ltr'><strong>angelis,</strong></span> <span class='ocrx_word' id='word_1_612' title='bbox 2772 3527 3000 3599; x_wconf 83' lang='lat' dir='ltr'><strong>angelus</strong></span> <span class='ocrx_word' id='word_1_613' title='bbox 3043 3528 3099 3584; x_wconf 90' lang='lat' dir='ltr'><strong>in</strong></span> <span class='ocrx_word' id='word_1_614' title='bbox 3127 3527 3267 3584; x_wconf 74' lang='lat' dir='ltr'><strong>crelo</strong></span> <span class='ocrx_word' id='word_1_615' title='bbox 3289 3543 3415 3599; x_wconf 82' lang='lat' dir='ltr'><strong>pro-</strong></span> 
     </span>
    </p>
   </div>
   <div class='ocr_carea' id='block_1_81' title="bbox 1838 3619 3410 3691">
    <p class='ocr_par' dir='ltr' id='par_1_81' title="bbox 1838 3619 3410 3691">
     <span class='ocr_line' id='line_1_81' title="bbox 1838 3619 3410 3691; baseline -0.002 -14"><span class='ocrx_word' id='word_1_616' title='bbox 1838 3621 2605 3679; x_wconf 71' lang='lat' dir='ltr'><strong>sternitur.Undeetbene</strong></span> <span class='ocrx_word' id='word_1_617' title='bbox 2655 3621 3108 3691; x_wconf 65' lang='lat' dir='ltr'><strong>pupmplretam</strong></span> <span class='ocrx_word' id='word_1_618' title='bbox 3168 3619 3410 3677; x_wconf 76' lang='lat' dir='ltr'><strong>dicitur:</strong></span> 
     </span>
    </p>
   </div>
   <div class='ocr_carea' id='block_1_82' title="bbox 1842 3711 3407 3784">
    <p class='ocr_par' dir='ltr' id='par_1_82' title="bbox 1842 3711 3407 3784">
     <span class='ocr_line' id='line_1_82' title="bbox 1842 3711 3407 3784; baseline 0.002 -22"><span class='ocrx_word' id='word_1_619' title='bbox 1842 3730 1864 3762; x_wconf 83' lang='grc' dir='ltr'><strong>ι</strong></span> <span class='ocrx_word' id='word_1_620' title='bbox 1901 3711 2199 3767; x_wconf 83' lang='lat' dir='ltr'><strong>inebriatus</strong></span> <span class='ocrx_word' id='word_1_621' title='bbox 2223 3721 2309 3768; x_wconf 83' lang='lat' dir='ltr'><strong>est</strong></span> <span class='ocrx_word' id='word_1_622' title='bbox 2336 3712 2389 3766; x_wconf 88' lang='lat' dir='ltr'><strong>in</strong></span> <span class='ocrx_word' id='word_1_623' title='bbox 2410 3712 2554 3769; x_wconf 66' lang='lat' dir='ltr'><strong>celo</strong></span> <span class='ocrx_word' id='word_1_624' title='bbox 2574 3712 2954 3781; x_wconf 67' lang='lat' dir='ltr'><strong>gladius-reus</strong></span> <span class='ocrx_word' id='word_1_625' title='bbox 2978 3711 3115 3784; x_wconf 72' lang='lat' dir='ltr'><strong>(Ira.</strong></span> <span class='ocrx_word' id='word_1_626' title='bbox 3141 3712 3363 3784; x_wconf 76' lang='lat' dir='ltr'><strong>xxxiv);</strong></span> <span class='ocrx_word' id='word_1_627' title='bbox 3386 3731 3407 3765; x_wconf 81' lang='grc' dir='ltr'><strong>ι</strong></span> 
     </span>
    </p>
   </div>
   <div class='ocr_carea' id='block_1_83' title="bbox 1834 3803 3408 3874">
    <p class='ocr_par' dir='ltr' id='par_1_83' title="bbox 1834 3803 3408 3874">
     <span class='ocr_line' id='line_1_83' title="bbox 1834 3803 3408 3874; baseline 0.001 -16"><span class='ocrx_word' id='word_1_628' title='bbox 1834 3804 1967 3858; x_wconf 76' lang='lat' dir='ltr'><strong>sesi</strong></span> <span class='ocrx_word' id='word_1_629' title='bbox 1995 3811 2181 3872; x_wconf 87' lang='lat' dir='ltr'><strong>aperte</strong></span> <span class='ocrx_word' id='word_1_630' title='bbox 2206 3803 2415 3859; x_wconf 78' lang='lat' dir='ltr'><strong>diceret</strong></span> <span class='ocrx_word' id='word_1_631' title='bbox 2442 3820 2586 3874; x_wconf 84' lang='lat' dir='ltr'><strong>:qua</strong></span> <span class='ocrx_word' id='word_1_632' title='bbox 2607 3803 2687 3861; x_wconf 81' lang='lat' dir='ltr'><strong>ira</strong></span> <span class='ocrx_word' id='word_1_633' title='bbox 2704 3803 2901 3862; x_wconf 66' lang='lat' dir='ltr'><strong>teriam</strong></span> <span class='ocrx_word' id='word_1_634' title='bbox 2926 3805 3188 3873; x_wconf 82' lang='lat' dir='ltr'><strong>superbos</strong></span> <span class='ocrx_word' id='word_1_635' title='bbox 3206 3812 3368 3860; x_wconf 81' lang='lat' dir='ltr'><strong>terrae</strong></span> <span class='ocrx_word' id='word_1_636' title='bbox 3391 3842 3408 3870; x_wconf 93' lang='lat'><strong>,</strong></span> 
     </span>
    </p>
   </div>
   <div class='ocr_carea' id='block_1_84' title="bbox 1836 3893 3412 3964">
    <p class='ocr_par' dir='ltr' id='par_1_84' title="bbox 1836 3893 3412 3964">
     <span class='ocr_line' id='line_1_84' title="bbox 1836 3893 3412 3964; baseline 0.003 -16"><span class='ocrx_word' id='word_1_637' title='bbox 1836 3893 2172 3963; x_wconf 70' lang='lat' dir='ltr'><strong>perpendite,</strong></span> <span class='ocrx_word' id='word_1_638' title='bbox 2222 3893 2273 3949; x_wconf 84' lang='lat' dir='ltr'><strong>si</strong></span> <span class='ocrx_word' id='word_1_639' title='bbox 2316 3894 2465 3962; x_wconf 86' lang='lat' dir='ltr'><strong>ipsos</strong></span> <span class='ocrx_word' id='word_1_640' title='bbox 2508 3894 2677 3949; x_wconf 81' lang='lat' dir='ltr'><strong>etiam</strong></span> <span class='ocrx_word' id='word_1_641' title='bbox 2726 3894 3412 3964; x_wconf 72' lang='lat' dir='ltr'><strong>quosinctelojuxtame</strong></span> 
     </span>
    </p>
   </div>
   <div class='ocr_carea' id='block_1_85' title="bbox 1833 3984 3411 4057">
    <p class='ocr_par' dir='ltr' id='par_1_85' title="bbox 1833 3984 3411 4057">
     <span class='ocr_line' id='line_1_85' title="bbox 1833 3984 3411 4057; baseline 0.001 -18"><span class='ocrx_word' id='word_1_642' title='bbox 1833 3984 2053 4041; x_wconf 59' lang='lat' dir='ltr'><strong>conﬁci</strong></span> <span class='ocrx_word' id='word_1_643' title='bbox 2102 3999 2216 4054; x_wconf 72' lang='lat' dir='ltr'><strong>pra:</strong></span> <span class='ocrx_word' id='word_1_644' title='bbox 2252 3985 2505 4043; x_wconf 85' lang='lat' dir='ltr'><strong>elationis</strong></span> <span class='ocrx_word' id='word_1_645' title='bbox 2544 3986 2676 4042; x_wconf 83' lang='lat' dir='ltr'><strong>vitio</strong></span> <span class='ocrx_word' id='word_1_646' title='bbox 2720 3995 3002 4056; x_wconf 66' lang='lat' dir='ltr'><strong>percutere</strong></span> <span class='ocrx_word' id='word_1_647' title='bbox 3034 4003 3144 4045; x_wconf 85' lang='lat' dir='ltr'><strong>non</strong></span> <span class='ocrx_word' id='word_1_648' title='bbox 3170 3986 3411 4057; x_wconf 80' lang='lat' dir='ltr'><strong>peperci.</strong></span> 
     </span>
    </p>
   </div>
   <div class='ocr_carea' id='block_1_86' title="bbox 1840 4073 3414 4146">
    <p class='ocr_par' dir='ltr' id='par_1_86' title="bbox 1840 4073 3414 4146">
     <span class='ocr_line' id='line_1_86' title="bbox 1840 4073 3414 4146; baseline 0.006 -19"><span class='ocrx_word' id='word_1_649' title='bbox 1840 4073 2113 4146; x_wconf 67' lang='lat' dir='ltr'><strong>(Illarum)</strong></span> <span class='ocrx_word' id='word_1_650' title='bbox 2139 4075 2310 4130; x_wconf 85' lang='lat' dir='ltr'><strong>Porro</strong></span> <span class='ocrx_word' id='word_1_651' title='bbox 2332 4077 2476 4145; x_wconf 83' lang='lat' dir='ltr'><strong>quod</strong></span> <span class='ocrx_word' id='word_1_652' title='bbox 2498 4077 2697 4133; x_wconf 82' lang='lat' dir='ltr'><strong>dicitur</strong></span> <span class='ocrx_word' id='word_1_653' title='bbox 2713 4075 2870 4144; x_wconf 69' lang='lat' dir='ltr'><strong>ium</strong></span> <span class='ocrx_word' id='word_1_654' title='bbox 2896 4077 3222 4137; x_wconf 75' lang='lat' dir='ltr'><strong>Hebraieurn</strong></span> <span class='ocrx_word' id='word_1_655' title='bbox 3247 4095 3303 4133; x_wconf 74' lang='grc' dir='ltr'><strong>ει</strong></span> <span class='ocrx_word' id='word_1_656' title='bbox 3333 4076 3414 4135; x_wconf 84' lang='lat' dir='ltr'><strong>Tu</strong></span> 
     </span>
    </p>
   </div>
   <div class='ocr_carea' id='block_1_87' title="bbox 1834 4163 3413 4236">
    <p class='ocr_par' dir='ltr' id='par_1_87' title="bbox 1834 4163 3413 4236">
     <span class='ocr_line' id='line_1_87' title="bbox 1834 4163 3413 4236; baseline 0.003 -17"><span class='ocrx_word' id='word_1_657' title='bbox 1834 4163 2044 4220; x_wconf 75' lang='lat' dir='ltr'><strong>cbomb</strong></span> <span class='ocrx_word' id='word_1_658' title='bbox 2086 4172 2338 4224; x_wconf 77' lang='lat' dir='ltr'><strong>extentus</strong></span> <span class='ocrx_word' id='word_1_659' title='bbox 2362 4174 2422 4223; x_wconf 87' lang='lat' dir='ltr'><strong>et</strong></span> <span class='ocrx_word' id='word_1_660' title='bbox 2448 4174 2757 4236; x_wconf 66' lang='lat' dir='ltr'><strong>protegens.</strong></span> <span class='ocrx_word' id='word_1_661' title='bbox 2814 4188 2836 4223; x_wconf 76' lang='grc' dir='ltr'><strong><em>ο</em></strong></span> <span class='ocrx_word' id='word_1_662' title='bbox 2881 4168 3199 4227; x_wconf 76' lang='lat' dir='ltr'><strong>subauditur</strong></span> <span class='ocrx_word' id='word_1_663' title='bbox 3226 4182 3413 4225; x_wconf 75' lang='lat' dir='ltr'><strong>arcam</strong></span> 
     </span>
    </p>
   </div>
   <div class='ocr_carea' id='block_1_88' title="bbox 1838 4251 3415 4329">
    <p class='ocr_par' dir='ltr' id='par_1_88' title="bbox 1838 4251 3415 4329">
     <span class='ocr_line' id='line_1_88' title="bbox 1838 4251 3415 4329; baseline 0.006 -21"><span class='ocrx_word' id='word_1_664' title='bbox 1838 4251 1935 4308; x_wconf 86' lang='lat' dir='ltr'><strong>Dei</strong></span> <span class='ocrx_word' id='word_1_665' title='bbox 1968 4261 2024 4309; x_wconf 87' lang='lat' dir='ltr'><strong>et</strong></span> <span class='ocrx_word' id='word_1_666' title='bbox 2060 4256 2515 4325; x_wconf 73' lang='lat' dir='ltr'><strong>propitiatoriurn,</strong></span> <span class='ocrx_word' id='word_1_667' title='bbox 2540 4256 2632 4312; x_wconf 64' lang='lat' dir='ltr'><strong>vel</strong></span> <span class='ocrx_word' id='word_1_668' title='bbox 2671 4255 2828 4326; x_wconf 69' lang='lat' dir='ltr'><strong>iam</strong></span> <span class='ocrx_word' id='word_1_669' title='bbox 2868 4257 3223 4329; x_wconf 69' lang='lat' dir='ltr'><strong>Septuaginta</strong></span> <span class='ocrx_word' id='word_1_670' title='bbox 3270 4256 3415 4328; x_wconf 67' lang='grc' dir='ltr'><strong>φησι</strong></span> 
     </span>
    </p>
   </div>
   <div class='ocr_carea' id='block_1_89' title="bbox 1840 4342 3416 4420">
    <p class='ocr_par' dir='ltr' id='par_1_89' title="bbox 1840 4342 3416 4420">
     <span class='ocr_line' id='line_1_89' title="bbox 1840 4342 3416 4420; baseline 0.003 -20"><span class='ocrx_word' id='word_1_671' title='bbox 1840 4342 1957 4414; x_wconf 80' lang='lat' dir='ltr'><strong>ipse</strong></span> <span class='ocrx_word' id='word_1_672' title='bbox 2005 4361 2126 4400; x_wconf 74' lang='lat' dir='ltr'><strong>cum</strong></span> <span class='ocrx_word' id='word_1_673' title='bbox 2170 4347 2379 4405; x_wconf 77' lang='lat' dir='ltr'><strong>cberub</strong></span> <span class='ocrx_word' id='word_1_674' title='bbox 2428 4355 2627 4405; x_wconf 84' lang='lat' dir='ltr'><strong>unctus</strong></span> <span class='ocrx_word' id='word_1_675' title='bbox 2666 4350 2746 4407; x_wconf 76' lang='lat' dir='ltr'><strong>sit</strong></span> <span class='ocrx_word' id='word_1_676' title='bbox 2804 4358 2860 4405; x_wconf 89' lang='lat' dir='ltr'><strong>et</strong></span> <span class='ocrx_word' id='word_1_677' title='bbox 2912 4357 3151 4407; x_wconf 75' lang='lat' dir='ltr'><strong>creatus.</strong></span> <span class='ocrx_word' id='word_1_678' title='bbox 3202 4351 3281 4407; x_wconf 83' lang='lat' dir='ltr'><strong>Ex</strong></span> <span class='ocrx_word' id='word_1_679' title='bbox 3309 4364 3416 4420; x_wconf 81' lang='lat' dir='ltr'><strong>quo</strong></span> 
     </span>
    </p>
   </div>
   <div class='ocr_carea' id='block_1_90' title="bbox 1836 4436 3416 4511">
    <p class='ocr_par' dir='ltr' id='par_1_90' title="bbox 1836 4436 3416 4511">
     <span class='ocr_line' id='line_1_90' title="bbox 1836 4436 3416 4511; baseline 0.005 -20"><span class='ocrx_word' id='word_1_680' title='bbox 1836 4436 2145 4492; x_wconf 83' lang='lat' dir='ltr'><strong>ostenditur</strong></span> <span class='ocrx_word' id='word_1_681' title='bbox 2180 4438 2252 4495; x_wconf 82' lang='lat' dir='ltr'><strong>ad</strong></span> <span class='ocrx_word' id='word_1_682' title='bbox 2278 4438 2556 4499; x_wconf 70' lang='lat' dir='ltr'><strong>hominem</strong></span> <span class='ocrx_word' id='word_1_683' title='bbox 2594 4440 2745 4499; x_wconf 75' lang='lat' dir='ltr'><strong>urbis</strong></span> <span class='ocrx_word' id='word_1_684' title='bbox 2772 4438 2950 4511; x_wconf 71' lang='lat' dir='ltr'><strong>Tyria:</strong></span> <span class='ocrx_word' id='word_1_685' title='bbox 2968 4440 3269 4511; x_wconf 68' lang='lat' dir='ltr'><strong>prindpem</strong></span> <span class='ocrx_word' id='word_1_686' title='bbox 3310 4442 3416 4503; x_wconf 75' lang='lat' dir='ltr'><strong>hoc</strong></span> 
     </span>
    </p>
   </div>
   <div class='ocr_carea' id='block_1_91' title="bbox 1838 4528 3417 4601">
    <p class='ocr_par' dir='ltr' id='par_1_91' title="bbox 1838 4528 3417 4601">
     <span class='ocr_line' id='line_1_91' title="bbox 1838 4528 3417 4601; baseline 0.004 -19"><span class='ocrx_word' id='word_1_687' title='bbox 1838 4528 2112 4597; x_wconf 75' lang='lat' dir='ltr'><strong>pertinere</strong></span> <span class='ocrx_word' id='word_1_688' title='bbox 2148 4545 2260 4587; x_wconf 79' lang='lat' dir='ltr'><strong>non</strong></span> <span class='ocrx_word' id='word_1_689' title='bbox 2306 4545 2490 4600; x_wconf 72' lang='lat' dir='ltr'><strong>posse,</strong></span> <span class='ocrx_word' id='word_1_690' title='bbox 2538 4532 2633 4591; x_wconf 76' lang='lat' dir='ltr'><strong>sed</strong></span> <span class='ocrx_word' id='word_1_691' title='bbox 2662 4531 2735 4591; x_wconf 80' lang='lat' dir='ltr'><strong>ad</strong></span> <span class='ocrx_word' id='word_1_692' title='bbox 2780 4539 3021 4591; x_wconf 73' lang='lat' dir='ltr'><strong>sanetur</strong></span> <span class='ocrx_word' id='word_1_693' title='bbox 3042 4533 3323 4601; x_wconf 60' lang='lat' dir='ltr'><strong>Quondam</strong></span> <span class='ocrx_word' id='word_1_694' title='bbox 3352 4543 3417 4589; x_wconf 79' lang='lat' dir='ltr'><strong>et</strong></span> 
     </span>
    </p>
   </div>
   <div class='ocr_carea' id='block_1_92' title="bbox 158 4614 3416 4697">
    <p class='ocr_par' dir='ltr' id='par_1_92' title="bbox 158 4614 3416 4697">
     <span class='ocr_line' id='line_1_92' title="bbox 158 4614 3416 4697; baseline 0.002 -23"><span class='ocrx_word' id='word_1_695' title='bbox 158 4620 297 4685; x_wconf 77' lang='lat' dir='ltr'><strong>Deo,</strong></span> <span class='ocrx_word' id='word_1_696' title='bbox 314 4622 441 4675; x_wconf 83' lang='lat' dir='ltr'><strong>etin</strong></span> <span class='ocrx_word' id='word_1_697' title='bbox 470 4622 636 4677; x_wconf 84' lang='lat' dir='ltr'><strong>multa</strong></span> <span class='ocrx_word' id='word_1_698' title='bbox 658 4639 793 4693; x_wconf 86' lang='lat' dir='ltr'><strong>pace</strong></span> <span class='ocrx_word' id='word_1_699' title='bbox 816 4625 960 4681; x_wconf 63' lang='lat' dir='ltr'><strong>titius</strong></span> <span class='ocrx_word' id='word_1_700' title='bbox 978 4634 1175 4683; x_wconf 83' lang='lat' dir='ltr'><strong>tuoset</strong></span> <span class='ocrx_word' id='word_1_701' title='bbox 1192 4630 1247 4683; x_wconf 87' lang='lat' dir='ltr'><strong>in</strong></span> <span class='ocrx_word' id='word_1_702' title='bbox 1269 4628 1483 4697; x_wconf 73' lang='lat' dir='ltr'><strong>iustitia</strong></span> <span class='ocrx_word' id='word_1_703' title='bbox 1499 4632 1736 4688; x_wconf 67' lang='lat' dir='ltr'><strong>mdiﬁca-</strong></span> <span class='ocrx_word' id='word_1_704' title='bbox 1762 4614 1816 4676; x_wconf 79' lang='grc' dir='ltr'><strong>Ῐ)</strong></span> <span class='ocrx_word' id='word_1_705' title='bbox 1838 4627 2169 4696; x_wconf 57' lang='lat' dir='ltr'><strong>praecipuam</strong></span> <span class='ocrx_word' id='word_1_706' title='bbox 2191 4623 2588 4690; x_wconf 70' lang='lat' dir='ltr'><strong>fortitudinem,</strong></span> <span class='ocrx_word' id='word_1_707' title='bbox 2617 4639 2738 4693; x_wconf 66' lang='lat' dir='ltr'><strong>tum</strong></span> <span class='ocrx_word' id='word_1_708' title='bbox 2770 4625 2931 4681; x_wconf 79' lang='lat' dir='ltr'><strong>urbis</strong></span> <span class='ocrx_word' id='word_1_709' title='bbox 2962 4623 3140 4695; x_wconf 71' lang='lat' dir='ltr'><strong>Tyria:</strong></span> <span class='ocrx_word' id='word_1_710' title='bbox 3166 4626 3416 4696; x_wconf 79' lang='lat' dir='ltr'><strong>princeps</strong></span> 
     </span>
    </p>
   </div>
   <div class='ocr_carea' id='block_1_93' title="bbox 154 4711 1739 4787">
    <p class='ocr_par' dir='ltr' id='par_1_93' title="bbox 154 4711 1739 4787">
     <span class='ocr_line' id='line_1_93' title="bbox 154 4711 1739 4787; baseline 0.008 -22"><span class='ocrx_word' id='word_1_711' title='bbox 154 4713 312 4765; x_wconf 66' lang='lat' dir='ltr'><strong>lteris</strong></span> <span class='ocrx_word' id='word_1_712' title='bbox 334 4711 483 4783; x_wconf 69' lang='lat' dir='ltr'><strong>(lea.</strong></span> <span class='ocrx_word' id='word_1_713' title='bbox 504 4712 648 4783; x_wconf 74' lang='lat' dir='ltr'><strong>m).</strong></span> <span class='ocrx_word' id='word_1_714' title='bbox 671 4733 690 4766; x_wconf 82' lang='lat' dir='ltr'><strong>r</strong></span> <span class='ocrx_word' id='word_1_715' title='bbox 714 4713 892 4784; x_wconf 56' lang='lat' dir='ltr'><strong>Supra</strong></span> <span class='ocrx_word' id='word_1_716' title='bbox 911 4731 1022 4786; x_wconf 83' lang='lat' dir='ltr'><strong>quo</strong></span> <span class='ocrx_word' id='word_1_717' title='bbox 1047 4718 1177 4787; x_wconf 88' lang='lat' dir='ltr'><strong>quid</strong></span> <span class='ocrx_word' id='word_1_718' title='bbox 1199 4720 1355 4776; x_wconf 85' lang='lat' dir='ltr'><strong>nobis</strong></span> <span class='ocrx_word' id='word_1_719' title='bbox 1383 4722 1655 4777; x_wconf 79' lang='lat' dir='ltr'><strong>videretur</strong></span> <span class='ocrx_word' id='word_1_720' title='bbox 1682 4724 1739 4779; x_wconf 83' lang='lat' dir='ltr'><strong>in</strong></span> 
     </span>
    </p>
   </div>
   <div class='ocr_carea' id='block_1_94' title="bbox 158 4799 1740 4874">
    <p class='ocr_par' dir='ltr' id='par_1_94' title="bbox 158 4799 1740 4874">
     <span class='ocr_line' id='line_1_94' title="bbox 158 4799 1740 4874; baseline 0.009 -21"><span class='ocrx_word' id='word_1_721' title='bbox 158 4799 407 4868; x_wconf 68' lang='lat' dir='ltr'><strong>ejusdem</strong></span> <span class='ocrx_word' id='word_1_722' title='bbox 432 4801 795 4870; x_wconf 64' lang='lat' dir='ltr'><strong>prophetare:</strong></span> <span class='ocrx_word' id='word_1_723' title='bbox 816 4805 1212 4874; x_wconf 77' lang='lat' dir='ltr'><strong>planationibus</strong></span> <span class='ocrx_word' id='word_1_724' title='bbox 1241 4809 1497 4865; x_wconf 74' lang='lat' dir='ltr'><strong>diximus.</strong></span> <span class='ocrx_word' id='word_1_725' title='bbox 1530 4812 1608 4866; x_wconf 81' lang='lat' dir='ltr'><strong>De</strong></span> <span class='ocrx_word' id='word_1_726' title='bbox 1636 4813 1740 4867; x_wconf 69' lang='lat' dir='ltr'><strong>liu-</strong></span> 
     </span>
    </p>
   </div>
   <div class='ocr_carea' id='block_1_95' title="bbox 160 4889 1742 4969">
    <p class='ocr_par' dir='ltr' id='par_1_95' title="bbox 160 4889 1742 4969">
     <span class='ocr_line' id='line_1_95' title="bbox 160 4889 1742 4969; baseline 0.011 -26"><span class='ocrx_word' id='word_1_727' title='bbox 160 4889 458 4959; x_wconf 77' lang='lat' dir='ltr'><strong>iuseentedi</strong></span> <span class='ocrx_word' id='word_1_728' title='bbox 473 4893 743 4963; x_wconf 72' lang='lat' dir='ltr'><strong>lapidibus</strong></span> <span class='ocrx_word' id='word_1_729' title='bbox 760 4903 818 4950; x_wconf 87' lang='lat' dir='ltr'><strong>et</strong></span> <span class='ocrx_word' id='word_1_730' title='bbox 833 4897 1123 4955; x_wconf 81' lang='lat' dir='ltr'><strong>vicesimus</strong></span> <span class='ocrx_word' id='word_1_731' title='bbox 1140 4900 1381 4969; x_wconf 82' lang='lat' dir='ltr'><strong>psalmus</strong></span> <span class='ocrx_word' id='word_1_732' title='bbox 1396 4904 1543 4958; x_wconf 83' lang='lat' dir='ltr'><strong>canit</strong></span> <span class='ocrx_word' id='word_1_733' title='bbox 1566 4921 1581 4956; x_wconf 87' lang='lat'><strong>:</strong></span> <span class='ocrx_word' id='word_1_734' title='bbox 1603 4923 1621 4955; x_wconf 87' lang='grc' dir='ltr'><strong>ι</strong></span> <span class='ocrx_word' id='word_1_735' title='bbox 1641 4905 1742 4959; x_wconf 81' lang='lat' dir='ltr'><strong>Do-</strong></span> 
     </span>
    </p>
   </div>
   <div class='ocr_carea' id='block_1_96' title="bbox 160 4982 1738 5063">
    <p class='ocr_par' dir='ltr' id='par_1_96' title="bbox 160 4982 1738 5063">
     <span class='ocr_line' id='line_1_96' title="bbox 160 4982 1738 5063; baseline 0.01 -27"><span class='ocrx_word' id='word_1_736' title='bbox 160 4982 331 5047; x_wconf 68' lang='lat' dir='ltr'><strong>mine,</strong></span> <span class='ocrx_word' id='word_1_737' title='bbox 356 4984 416 5039; x_wconf 89' lang='lat' dir='ltr'><strong>in</strong></span> <span class='ocrx_word' id='word_1_738' title='bbox 440 4984 639 5040; x_wconf 83' lang='lat' dir='ltr'><strong>virtute</strong></span> <span class='ocrx_word' id='word_1_739' title='bbox 673 4993 764 5040; x_wconf 85' lang='lat' dir='ltr'><strong>tua</strong></span> <span class='ocrx_word' id='word_1_740' title='bbox 788 4987 1057 5042; x_wconf 64' lang='lat' dir='ltr'><strong>laetabitur</strong></span> <span class='ocrx_word' id='word_1_741' title='bbox 1088 5006 1203 5056; x_wconf 75' lang='lat' dir='ltr'><strong>rex,</strong></span> <span class='ocrx_word' id='word_1_742' title='bbox 1225 5000 1282 5047; x_wconf 91' lang='lat' dir='ltr'><strong>et</strong></span> <span class='ocrx_word' id='word_1_743' title='bbox 1318 5008 1480 5063; x_wconf 81' lang='lat' dir='ltr'><strong>super</strong></span> <span class='ocrx_word' id='word_1_744' title='bbox 1502 4995 1738 5051; x_wconf 84' lang='lat' dir='ltr'><strong>salutare</strong></span> 
     </span>
    </p>
   </div>
   <div class='ocr_carea' id='block_1_97' title="bbox 162 5075 1737 5157">
    <p class='ocr_par' dir='ltr' id='par_1_97' title="bbox 162 5075 1737 5157">
     <span class='ocr_line' id='line_1_97' title="bbox 162 5075 1737 5157; baseline 0.01 -30"><span class='ocrx_word' id='word_1_745' title='bbox 162 5082 323 5128; x_wconf 65' lang='lat' dir='ltr'><strong>unum</strong></span> <span class='ocrx_word' id='word_1_746' title='bbox 350 5075 619 5132; x_wconf 81' lang='lat' dir='ltr'><strong>exultabit</strong></span> <span class='ocrx_word' id='word_1_747' title='bbox 639 5079 1008 5134; x_wconf 77' lang='lat' dir='ltr'><strong>vehementer.</strong></span> <span class='ocrx_word' id='word_1_748' title='bbox 1042 5082 1372 5138; x_wconf 73' lang='lat' dir='ltr'><strong>Desidet-ium</strong></span> <span class='ocrx_word' id='word_1_749' title='bbox 1396 5085 1592 5141; x_wconf 75' lang='lat' dir='ltr'><strong>anima:</strong></span> <span class='ocrx_word' id='word_1_750' title='bbox 1614 5088 1737 5157; x_wconf 79' lang='lat' dir='ltr'><strong>ejus</strong></span> 
     </span>
    </p>
   </div>
   <div class='ocr_carea' id='block_1_98' title="bbox 162 5163 1738 5243">
    <p class='ocr_par' dir='ltr' id='par_1_98' title="bbox 162 5163 1738 5243">
     <span class='ocr_line' id='line_1_98' title="bbox 162 5163 1738 5243; baseline 0.01 -27"><span class='ocrx_word' id='word_1_751' title='bbox 162 5163 404 5219; x_wconf 70' lang='lat' dir='ltr'><strong>tribuisti</strong></span> <span class='ocrx_word' id='word_1_752' title='bbox 444 5165 519 5228; x_wconf 86' lang='lat' dir='ltr'><strong>ei,</strong></span> <span class='ocrx_word' id='word_1_753' title='bbox 550 5174 609 5220; x_wconf 85' lang='lat' dir='ltr'><strong>et</strong></span> <span class='ocrx_word' id='word_1_754' title='bbox 647 5166 919 5224; x_wconf 81' lang='lat' dir='ltr'><strong>voluntate</strong></span> <span class='ocrx_word' id='word_1_755' title='bbox 972 5170 1234 5227; x_wconf 75' lang='lat' dir='ltr'><strong>labier-um</strong></span> <span class='ocrx_word' id='word_1_756' title='bbox 1284 5173 1408 5243; x_wconf 75' lang='lat' dir='ltr'><strong>ejus</strong></span> <span class='ocrx_word' id='word_1_757' title='bbox 1440 5191 1547 5231; x_wconf 90' lang='lat' dir='ltr'><strong>non</strong></span> <span class='ocrx_word' id='word_1_758' title='bbox 1586 5177 1738 5231; x_wconf 70' lang='lat' dir='ltr'><strong>frau-</strong></span> 
     </span>
    </p>
   </div>
   <div class='ocr_carea' id='block_1_99' title="bbox 164 5254 1739 5330">
    <p class='ocr_par' dir='ltr' id='par_1_99' title="bbox 164 5254 1739 5330">
     <span class='ocr_line' id='line_1_99' title="bbox 164 5254 1739 5330; baseline 0.013 -23"><span class='ocrx_word' id='word_1_759' title='bbox 164 5254 312 5309; x_wconf 81' lang='lat' dir='ltr'><strong>dasti</strong></span> <span class='ocrx_word' id='word_1_760' title='bbox 336 5270 478 5310; x_wconf 73' lang='lat' dir='ltr'><strong>eum.</strong></span> <span class='ocrx_word' id='word_1_761' title='bbox 511 5256 779 5325; x_wconf 72' lang='lat' dir='ltr'><strong>Quoniam</strong></span> <span class='ocrx_word' id='word_1_762' title='bbox 796 5263 1109 5330; x_wconf 51' lang='lat' dir='ltr'><strong>nvenisti</strong></span> <span class='ocrx_word' id='word_1_763' title='bbox 1131 5280 1255 5322; x_wconf 84' lang='lat' dir='ltr'><strong>eum</strong></span> <span class='ocrx_word' id='word_1_764' title='bbox 1284 5266 1339 5321; x_wconf 81' lang='lat' dir='ltr'><strong>in</strong></span> <span class='ocrx_word' id='word_1_765' title='bbox 1358 5267 1739 5326; x_wconf 73' lang='lat' dir='ltr'><strong>benedictione</strong></span> 
     </span>
    </p>
   </div>
   <div class='ocr_carea' id='block_1_100' title="bbox 162 5344 1739 5430">
    <p class='ocr_par' dir='ltr' id='par_1_100' title="bbox 162 5344 1739 5430">
     <span class='ocr_line' id='line_1_100' title="bbox 162 5344 1739 5430; baseline 0.013 -32"><span class='ocrx_word' id='word_1_766' title='bbox 162 5344 486 5414; x_wconf 64' lang='lat' dir='ltr'><strong>dulceﬁnia,</strong></span> <span class='ocrx_word' id='word_1_767' title='bbox 510 5348 740 5417; x_wconf 74' lang='lat' dir='ltr'><strong>posuisti</strong></span> <span class='ocrx_word' id='word_1_768' title='bbox 768 5349 821 5404; x_wconf 79' lang='lat' dir='ltr'><strong>in</strong></span> <span class='ocrx_word' id='word_1_769' title='bbox 856 5352 1033 5422; x_wconf 79' lang='lat' dir='ltr'><strong>capite</strong></span> <span class='ocrx_word' id='word_1_770' title='bbox 1052 5353 1170 5423; x_wconf 78' lang='lat' dir='ltr'><strong>ejus</strong></span> <span class='ocrx_word' id='word_1_771' title='bbox 1188 5371 1447 5413; x_wconf 69' lang='lat' dir='ltr'><strong>cannam</strong></span> <span class='ocrx_word' id='word_1_772' title='bbox 1473 5359 1540 5415; x_wconf 90' lang='lat' dir='ltr'><strong>de</strong></span> <span class='ocrx_word' id='word_1_773' title='bbox 1558 5359 1739 5430; x_wconf 82' lang='lat' dir='ltr'><strong>lapide</strong></span> 
     </span>
    </p>
   </div>
   <div class='ocr_carea' id='block_1_101' title="bbox 123 5435 1742 5521">
    <p class='ocr_par' dir='ltr' id='par_1_101' title="bbox 123 5435 1742 5521">
     <span class='ocr_line' id='line_1_101' title="bbox 123 5435 1742 5521; baseline 0.011 -33"><span class='ocrx_word' id='word_1_774' title='bbox 123 5435 427 5521; x_wconf 40' lang='lat' dir='ltr'><strong>(pretioso.</strong></span> <span class='ocrx_word' id='word_1_775' title='bbox 484 5455 506 5491; x_wconf 71' lang='grc' dir='ltr'><strong>ι</strong></span> <span class='ocrx_word' id='word_1_776' title='bbox 536 5438 657 5493; x_wconf 66' lang='lat' dir='ltr'><strong>leta:</strong></span> <span class='ocrx_word' id='word_1_777' title='bbox 706 5449 839 5495; x_wconf 83' lang='lat' dir='ltr'><strong>sunt</strong></span> <span class='ocrx_word' id='word_1_778' title='bbox 888 5445 1196 5515; x_wconf 72' lang='lat' dir='ltr'><strong>margaritae</strong></span> <span class='ocrx_word' id='word_1_779' title='bbox 1244 5449 1635 5518; x_wconf 72' lang='lat' dir='ltr'><strong>prophetarum</strong></span> <span class='ocrx_word' id='word_1_780' title='bbox 1684 5457 1742 5504; x_wconf 89' lang='lat' dir='ltr'><strong>et</strong></span> 
     </span>
    </p>
   </div>
   <div class='ocr_carea' id='block_1_102' title="bbox 136 5522 1739 5602">
    <p class='ocr_par' dir='ltr' id='par_1_102' title="bbox 136 5522 1739 5602">
     <span class='ocr_line' id='line_1_102' title="bbox 136 5522 1739 5602; baseline 0.01 -21"><span class='ocrx_word' id='word_1_781' title='bbox 136 5522 149 5529; x_wconf 79' lang='grc'><strong>’</strong></span> <span class='ocrx_word' id='word_1_782' title='bbox 171 5526 559 5595; x_wconf 83' lang='lat' dir='ltr'><strong>apostolorum,</strong></span> <span class='ocrx_word' id='word_1_783' title='bbox 595 5545 715 5599; x_wconf 65' lang='lat' dir='ltr'><strong>qua:</strong></span> <span class='ocrx_word' id='word_1_784' title='bbox 756 5534 1162 5602; x_wconf 82' lang='lat' dir='ltr'><strong>comparatione</strong></span> <span class='ocrx_word' id='word_1_785' title='bbox 1182 5535 1385 5593; x_wconf 84' lang='lat' dir='ltr'><strong>Christi</strong></span> <span class='ocrx_word' id='word_1_786' title='bbox 1416 5555 1606 5597; x_wconf 81' lang='lat' dir='ltr'><strong>ornnes</strong></span> <span class='ocrx_word' id='word_1_787' title='bbox 1643 5555 1739 5597; x_wconf 87' lang='lat' dir='ltr'><strong>ve—</strong></span> 
     </span>
    </p>
   </div>
   <div class='ocr_carea' id='block_1_103' title="bbox 168 5617 1737 5696">
    <p class='ocr_par' dir='ltr' id='par_1_103' title="bbox 168 5617 1737 5696">
     <span class='ocr_line' id='line_1_103' title="bbox 168 5617 1737 5696; baseline 0.013 -28"><span class='ocrx_word' id='word_1_788' title='bbox 168 5617 483 5671; x_wconf 71' lang='lat' dir='ltr'><strong>nundantur:</strong></span> <span class='ocrx_word' id='word_1_789' title='bbox 504 5618 558 5673; x_wconf 89' lang='lat' dir='ltr'><strong>in</strong></span> <span class='ocrx_word' id='word_1_790' title='bbox 584 5617 895 5691; x_wconf 75' lang='lat' dir='ltr'><strong>Evangelia,</strong></span> <span class='ocrx_word' id='word_1_791' title='bbox 940 5631 1000 5679; x_wconf 86' lang='lat' dir='ltr'><strong>ut</strong></span> <span class='ocrx_word' id='word_1_792' title='bbox 1024 5633 1241 5681; x_wconf 76' lang='lat' dir='ltr'><strong>eruatur</strong></span> <span class='ocrx_word' id='word_1_793' title='bbox 1280 5629 1737 5696; x_wconf 78' lang='lat' dir='ltr'><strong>pretiosissimum</strong></span> 
     </span>
    </p>
   </div>
   <div class='ocr_carea' id='block_1_104' title="bbox 168 5707 1739 5787">
    <p class='ocr_par' dir='ltr' id='par_1_104' title="bbox 168 5707 1739 5787">
     <span class='ocr_line' id='line_1_104' title="bbox 168 5707 1739 5787; baseline 0.01 -26"><span class='ocrx_word' id='word_1_794' title='bbox 168 5707 563 5776; x_wconf 74' lang='lat' dir='ltr'><strong>margaritum,</strong></span> <span class='ocrx_word' id='word_1_795' title='bbox 608 5717 664 5766; x_wconf 85' lang='lat' dir='ltr'><strong>et</strong></span> <span class='ocrx_word' id='word_1_796' title='bbox 712 5710 847 5782; x_wconf 79' lang='lat' dir='ltr'><strong>lapis</strong></span> <span class='ocrx_word' id='word_1_797' title='bbox 916 5716 983 5770; x_wconf 85' lang='lat' dir='ltr'><strong>de</strong></span> <span class='ocrx_word' id='word_1_798' title='bbox 1035 5730 1141 5785; x_wconf 81' lang='lat' dir='ltr'><strong>quo</strong></span> <span class='ocrx_word' id='word_1_799' title='bbox 1181 5716 1475 5774; x_wconf 75' lang='lat' dir='ltr'><strong>Zacharias</strong></span> <span class='ocrx_word' id='word_1_800' title='bbox 1528 5721 1739 5787; x_wconf 87' lang='lat' dir='ltr'><strong>scribit,</strong></span> 
     </span>
    </p>
   </div>
   <div class='ocr_carea' id='block_1_105' title="bbox 172 5794 1746 5881">
    <p class='ocr_par' dir='ltr' id='par_1_105' title="bbox 172 5794 1746 5881">
     <span class='ocr_line' id='line_1_105' title="bbox 172 5794 1746 5881; baseline 0.011 -31"><span class='ocrx_word' id='word_1_801' title='bbox 172 5794 321 5866; x_wconf 66' lang='lat' dir='ltr'><strong>quod</strong></span> <span class='ocrx_word' id='word_1_802' title='bbox 350 5803 559 5867; x_wconf 79' lang='lat' dir='ltr'><strong>septem</strong></span> <span class='ocrx_word' id='word_1_803' title='bbox 588 5796 788 5861; x_wconf 76' lang='lat' dir='ltr'><strong>habeat</strong></span> <span class='ocrx_word' id='word_1_804' title='bbox 814 5803 1030 5872; x_wconf 75' lang='lat' dir='ltr'><strong>oculos,</strong></span> <span class='ocrx_word' id='word_1_805' title='bbox 1072 5804 1127 5863; x_wconf 86' lang='lat' dir='ltr'><strong>id</strong></span> <span class='ocrx_word' id='word_1_806' title='bbox 1156 5815 1263 5875; x_wconf 86' lang='lat' dir='ltr'><strong>est,</strong></span> <span class='ocrx_word' id='word_1_807' title='bbox 1291 5814 1500 5879; x_wconf 83' lang='lat' dir='ltr'><strong>septem</strong></span> <span class='ocrx_word' id='word_1_808' title='bbox 1538 5809 1746 5881; x_wconf 81' lang='lat' dir='ltr'><strong>gratias</strong></span> 
     </span>
    </p>
   </div>
   <div class='ocr_carea' id='block_1_106' title="bbox 1840 4714 3417 4787">
    <p class='ocr_par' dir='ltr' id='par_1_106' title="bbox 1840 4714 3417 4787">
     <span class='ocr_line' id='line_1_106' title="bbox 1840 4714 3417 4787; baseline -0.001 -13"><span class='ocrx_word' id='word_1_809' title='bbox 1840 4717 2137 4787; x_wconf 78' lang='lat' dir='ltr'><strong>positasit.</strong></span> <span class='ocrx_word' id='word_1_810' title='bbox 2179 4736 2198 4766; x_wconf 84' lang='grc' dir='ltr'><strong>ι</strong></span> <span class='ocrx_word' id='word_1_811' title='bbox 2258 4715 2329 4770; x_wconf 82' lang='lat' dir='ltr'><strong>Et</strong></span> <span class='ocrx_word' id='word_1_812' title='bbox 2374 4716 2531 4785; x_wconf 77' lang='lat' dir='ltr'><strong>posui</strong></span> <span class='ocrx_word' id='word_1_813' title='bbox 2577 4723 2651 4779; x_wconf 88' lang='lat' dir='ltr'><strong>te,</strong></span> <span class='ocrx_word' id='word_1_814' title='bbox 2682 4714 2966 4787; x_wconf 72' lang='lat' dir='ltr'><strong>inquit,in</strong></span> <span class='ocrx_word' id='word_1_815' title='bbox 3000 4723 3187 4773; x_wconf 80' lang='lat' dir='ltr'><strong>monte</strong></span> <span class='ocrx_word' id='word_1_816' title='bbox 3227 4723 3417 4772; x_wconf 83' lang='lat' dir='ltr'><strong>sancto</strong></span> 
     </span>
    </p>
   </div>
   <div class='ocr_carea' id='block_1_107' title="bbox 1840 4806 3417 4877">
    <p class='ocr_par' dir='ltr' id='par_1_107' title="bbox 1840 4806 3417 4877">
     <span class='ocr_line' id='line_1_107' title="bbox 1840 4806 3417 4877; baseline -0.001 -12"><span class='ocrx_word' id='word_1_817' title='bbox 1840 4808 1960 4872; x_wconf 79' lang='lat' dir='ltr'><strong>Dei,</strong></span> <span class='ocrx_word' id='word_1_818' title='bbox 1996 4829 2018 4861; x_wconf 71' lang='grc' dir='ltr'><strong><em>ο</em></strong></span> <span class='ocrx_word' id='word_1_819' title='bbox 2052 4808 2197 4865; x_wconf 79' lang='lat' dir='ltr'><strong>haud</strong></span> <span class='ocrx_word' id='word_1_820' title='bbox 2237 4806 2456 4865; x_wconf 82' lang='lat' dir='ltr'><strong>dubium</strong></span> <span class='ocrx_word' id='word_1_821' title='bbox 2484 4806 2618 4876; x_wconf 75' lang='lat' dir='ltr'><strong>quin</strong></span> <span class='ocrx_word' id='word_1_822' title='bbox 2642 4806 2953 4875; x_wconf 75' lang='lat' dir='ltr'><strong>paradisum</strong></span> <span class='ocrx_word' id='word_1_823' title='bbox 3004 4806 3290 4877; x_wconf 77' lang='lat' dir='ltr'><strong>signiticet,</strong></span> <span class='ocrx_word' id='word_1_824' title='bbox 3344 4810 3417 4865; x_wconf 79' lang='lat' dir='ltr'><strong>ad</strong></span> 
     </span>
    </p>
   </div>
   <div class='ocr_carea' id='block_1_108' title="bbox 1834 4896 3414 4969">
    <p class='ocr_par' dir='ltr' id='par_1_108' title="bbox 1834 4896 3414 4969">
     <span class='ocr_line' id='line_1_108' title="bbox 1834 4896 3414 4969; baseline 0.002 -16"><span class='ocrx_word' id='word_1_825' title='bbox 1834 4914 1998 4969; x_wconf 74' lang='lat' dir='ltr'><strong>quem</strong></span> <span class='ocrx_word' id='word_1_826' title='bbox 2042 4906 2165 4968; x_wconf 82' lang='lat' dir='ltr'><strong>post</strong></span> <span class='ocrx_word' id='word_1_827' title='bbox 2204 4896 2408 4955; x_wconf 62' lang='lat' dir='ltr'><strong>mlum</strong></span> <span class='ocrx_word' id='word_1_828' title='bbox 2446 4897 2663 4957; x_wconf 74' lang='lat' dir='ltr'><strong>tertium</strong></span> <span class='ocrx_word' id='word_1_829' title='bbox 2701 4896 2899 4954; x_wconf 83' lang='lat' dir='ltr'><strong>Paulus</strong></span> <span class='ocrx_word' id='word_1_830' title='bbox 2930 4906 3150 4968; x_wconf 80' lang='lat' dir='ltr'><strong>raptum</strong></span> <span class='ocrx_word' id='word_1_831' title='bbox 3184 4914 3312 4956; x_wconf 87' lang='lat' dir='ltr'><strong>esse</strong></span> <span class='ocrx_word' id='word_1_832' title='bbox 3355 4913 3414 4955; x_wconf 85' lang='lat' dir='ltr'><strong>se</strong></span> 
     </span>
    </p>
   </div>
   <div class='ocr_carea' id='block_1_109' title="bbox 1832 4987 3415 5059">
    <p class='ocr_par' dir='ltr' id='par_1_109' title="bbox 1832 4987 3415 5059">
     <span class='ocr_line' id='line_1_109' title="bbox 1832 4987 3415 5059; baseline 0 -14"><span class='ocrx_word' id='word_1_833' title='bbox 1832 4990 1971 5045; x_wconf 77' lang='lat' dir='ltr'><strong>dicit</strong></span> <span class='ocrx_word' id='word_1_834' title='bbox 2000 4988 2089 5059; x_wconf 79' lang='lat' dir='ltr'><strong>(II</strong></span> <span class='ocrx_word' id='word_1_835' title='bbox 2128 4988 2253 5043; x_wconf 86' lang='lat' dir='ltr'><strong>Cor.</strong></span> <span class='ocrx_word' id='word_1_836' title='bbox 2300 4988 2421 5059; x_wconf 76' lang='lat' dir='ltr'><strong>nr).</strong></span> <span class='ocrx_word' id='word_1_837' title='bbox 2472 4987 2689 5044; x_wconf 87' lang='lat' dir='ltr'><strong>Cberub</strong></span> <span class='ocrx_word' id='word_1_838' title='bbox 2728 4996 2909 5047; x_wconf 83' lang='lat' dir='ltr'><strong>autem</strong></span> <span class='ocrx_word' id='word_1_839' title='bbox 2958 5002 3160 5059; x_wconf 69' lang='lat' dir='ltr'><strong>genere</strong></span> <span class='ocrx_word' id='word_1_840' title='bbox 3198 5005 3415 5047; x_wconf 77' lang='lat' dir='ltr'><strong>mascu-</strong></span> 
     </span>
    </p>
   </div>
   <div class='ocr_carea' id='block_1_110' title="bbox 1841 5078 3415 5151">
    <p class='ocr_par' dir='ltr' id='par_1_110' title="bbox 1841 5078 3415 5151">
     <span class='ocr_line' id='line_1_110' title="bbox 1841 5078 3415 5151; baseline 0.002 -17"><span class='ocrx_word' id='word_1_841' title='bbox 1841 5081 1953 5135; x_wconf 90' lang='lat' dir='ltr'><strong>lino</strong></span> <span class='ocrx_word' id='word_1_842' title='bbox 2013 5094 2239 5136; x_wconf 80' lang='lat' dir='ltr'><strong>nurnero</strong></span> <span class='ocrx_word' id='word_1_843' title='bbox 2288 5079 2569 5151; x_wconf 81' lang='lat' dir='ltr'><strong>singulari,</strong></span> <span class='ocrx_word' id='word_1_844' title='bbox 2618 5086 2674 5134; x_wconf 89' lang='lat' dir='ltr'><strong>et</strong></span> <span class='ocrx_word' id='word_1_845' title='bbox 2710 5078 2906 5149; x_wconf 87' lang='lat' dir='ltr'><strong>plurali</strong></span> <span class='ocrx_word' id='word_1_846' title='bbox 2936 5079 3196 5139; x_wconf 65' lang='lat' dir='ltr'><strong>dictum:</strong></span> <span class='ocrx_word' id='word_1_847' title='bbox 3222 5081 3415 5137; x_wconf 81' lang='lat' dir='ltr'><strong>cheru-</strong></span> 
     </span>
    </p>
   </div>
   <div class='ocr_carea' id='block_1_111' title="bbox 1841 5171 3416 5243">
    <p class='ocr_par' dir='ltr' id='par_1_111' title="bbox 1841 5171 3416 5243">
     <span class='ocr_line' id='line_1_111' title="bbox 1841 5171 3416 5243; baseline -0.001 -14"><span class='ocrx_word' id='word_1_848' title='bbox 1841 5172 1975 5237; x_wconf 75' lang='lat' dir='ltr'><strong>bim,</strong></span> <span class='ocrx_word' id='word_1_849' title='bbox 2004 5171 2095 5241; x_wconf 81' lang='lat' dir='ltr'><strong>qui</strong></span> <span class='ocrx_word' id='word_1_850' title='bbox 2154 5171 2577 5243; x_wconf 76' lang='lat' dir='ltr'><strong>interpretantur</strong></span> <span class='ocrx_word' id='word_1_851' title='bbox 2614 5172 2858 5229; x_wconf 66' lang='lat' dir='ltr'><strong>scientiae</strong></span> <span class='ocrx_word' id='word_1_852' title='bbox 2890 5172 3203 5236; x_wconf 83' lang='lat' dir='ltr'><strong>multitudo,</strong></span> <span class='ocrx_word' id='word_1_853' title='bbox 3253 5187 3416 5243; x_wconf 83' lang='lat' dir='ltr'><strong>super</strong></span> 
     </span>
    </p>
   </div>
   <div class='ocr_carea' id='block_1_112' title="bbox 1845 5263 3412 5332">
    <p class='ocr_par' dir='ltr' id='par_1_112' title="bbox 1845 5263 3412 5332">
     <span class='ocr_line' id='line_1_112' title="bbox 1845 5263 3412 5332; baseline 0.003 -14"><span class='ocrx_word' id='word_1_854' title='bbox 1845 5263 2041 5331; x_wconf 83' lang='lat' dir='ltr'><strong>quibus</strong></span> <span class='ocrx_word' id='word_1_855' title='bbox 2062 5263 2355 5332; x_wconf 83' lang='lat' dir='ltr'><strong>requiescit</strong></span> <span class='ocrx_word' id='word_1_856' title='bbox 2394 5271 2454 5321; x_wconf 83' lang='lat' dir='ltr'><strong>et</strong></span> <span class='ocrx_word' id='word_1_857' title='bbox 2480 5265 2632 5322; x_wconf 83' lang='lat' dir='ltr'><strong>sedet</strong></span> <span class='ocrx_word' id='word_1_858' title='bbox 2658 5264 2824 5331; x_wconf 85' lang='lat' dir='ltr'><strong>Deus,</strong></span> <span class='ocrx_word' id='word_1_859' title='bbox 2874 5273 2931 5321; x_wconf 85' lang='lat' dir='ltr'><strong>et</strong></span> <span class='ocrx_word' id='word_1_860' title='bbox 2960 5266 3065 5323; x_wconf 84' lang='lat' dir='ltr'><strong>hoc</strong></span> <span class='ocrx_word' id='word_1_861' title='bbox 3106 5279 3271 5323; x_wconf 72' lang='lat' dir='ltr'><strong>cum</strong></span> <span class='ocrx_word' id='word_1_862' title='bbox 3304 5265 3412 5322; x_wconf 80' lang='lat' dir='ltr'><strong>uti-</strong></span> 
     </span>
    </p>
   </div>
   <div class='ocr_carea' id='block_1_113' title="bbox 1842 5354 3418 5430">
    <p class='ocr_par' dir='ltr' id='par_1_113' title="bbox 1842 5354 3418 5430">
     <span class='ocr_line' id='line_1_113' title="bbox 1842 5354 3418 5430; baseline 0.005 -22"><span class='ocrx_word' id='word_1_863' title='bbox 1842 5358 1955 5417; x_wconf 88' lang='lat' dir='ltr'><strong>tur,</strong></span> <span class='ocrx_word' id='word_1_864' title='bbox 2002 5354 2216 5409; x_wconf 88' lang='lat' dir='ltr'><strong>dicente</strong></span> <span class='ocrx_word' id='word_1_865' title='bbox 2260 5354 2521 5423; x_wconf 76' lang='lat' dir='ltr'><strong>propheta</strong></span> <span class='ocrx_word' id='word_1_866' title='bbox 2544 5356 2620 5413; x_wconf 72' lang='lat' dir='ltr'><strong>ad</strong></span> <span class='ocrx_word' id='word_1_867' title='bbox 2647 5370 2772 5413; x_wconf 71' lang='lat' dir='ltr'><strong>eum</strong></span> <span class='ocrx_word' id='word_1_868' title='bbox 2805 5372 2819 5409; x_wconf 90' lang='lat'><strong>:</strong></span> <span class='ocrx_word' id='word_1_869' title='bbox 2860 5372 2879 5405; x_wconf 82' lang='lat' dir='ltr'><strong>r</strong></span> <span class='ocrx_word' id='word_1_870' title='bbox 2904 5354 3011 5423; x_wconf 81' lang='lat' dir='ltr'><strong>Qui</strong></span> <span class='ocrx_word' id='word_1_871' title='bbox 3042 5357 3203 5417; x_wconf 64' lang='lat' dir='ltr'><strong>sedas</strong></span> <span class='ocrx_word' id='word_1_872' title='bbox 3250 5372 3418 5430; x_wconf 82' lang='lat' dir='ltr'><strong>super</strong></span> 
     </span>
    </p>
   </div>
   <div class='ocr_carea' id='block_1_114' title="bbox 1845 5444 3417 5516">
    <p class='ocr_par' dir='ltr' id='par_1_114' title="bbox 1845 5444 3417 5516">
     <span class='ocr_line' id='line_1_114' title="bbox 1845 5444 3417 5516; baseline 0.003 -16"><span class='ocrx_word' id='word_1_873' title='bbox 1845 5444 2146 5509; x_wconf 71' lang='lat' dir='ltr'><strong>cherubim,</strong></span> <span class='ocrx_word' id='word_1_874' title='bbox 2196 5444 2550 5505; x_wconf 72' lang='lat' dir='ltr'><strong>manifestare</strong></span> <span class='ocrx_word' id='word_1_875' title='bbox 2576 5444 2752 5516; x_wconf 59' lang='lat' dir='ltr'><strong>(Paul.</strong></span> <span class='ocrx_word' id='word_1_876' title='bbox 2798 5446 3013 5515; x_wconf 65' lang='lat' dir='ltr'><strong>una).</strong></span> <span class='ocrx_word' id='word_1_877' title='bbox 3070 5466 3088 5500; x_wconf 75' lang='grc' dir='ltr'><strong>ι</strong></span> <span class='ocrx_word' id='word_1_878' title='bbox 3114 5446 3189 5507; x_wconf 75' lang='lat' dir='ltr'><strong>Et</strong></span> <span class='ocrx_word' id='word_1_879' title='bbox 3212 5447 3270 5507; x_wconf 73' lang='lat' dir='ltr'><strong>in</strong></span> <span class='ocrx_word' id='word_1_880' title='bbox 3306 5447 3417 5505; x_wconf 80' lang='lat' dir='ltr'><strong>alio</strong></span> 
     </span>
    </p>
   </div>
   <div class='ocr_carea' id='block_1_115' title="bbox 1844 5532 3418 5605">
    <p class='ocr_par' dir='ltr' id='par_1_115' title="bbox 1844 5532 3418 5605">
     <span class='ocr_line' id='line_1_115' title="bbox 1844 5532 3418 5605; baseline 0.001 -15"><span class='ocrx_word' id='word_1_881' title='bbox 1844 5533 2000 5590; x_wconf 83' lang='lat' dir='ltr'><strong>loco:</strong></span> <span class='ocrx_word' id='word_1_882' title='bbox 2036 5552 2054 5585; x_wconf 86' lang='grc' dir='ltr'><strong>ι</strong></span> <span class='ocrx_word' id='word_1_883' title='bbox 2086 5534 2344 5593; x_wconf 76' lang='lat' dir='ltr'><strong>Ascendit</strong></span> <span class='ocrx_word' id='word_1_884' title='bbox 2371 5550 2535 5605; x_wconf 78' lang='lat' dir='ltr'><strong>super</strong></span> <span class='ocrx_word' id='word_1_885' title='bbox 2574 5532 2855 5597; x_wconf 74' lang='lat' dir='ltr'><strong>cherubim</strong></span> <span class='ocrx_word' id='word_1_886' title='bbox 2878 5544 2939 5593; x_wconf 81' lang='lat' dir='ltr'><strong>et</strong></span> <span class='ocrx_word' id='word_1_887' title='bbox 2966 5537 3194 5604; x_wconf 81' lang='lat' dir='ltr'><strong>volavit;</strong></span> <span class='ocrx_word' id='word_1_888' title='bbox 3219 5537 3418 5599; x_wconf 72' lang='lat' dir='ltr'><strong>uolavit</strong></span> 
     </span>
    </p>
   </div>
   <div class='ocr_carea' id='block_1_116' title="bbox 1846 5625 3414 5702">
    <p class='ocr_par' dir='ltr' id='par_1_116' title="bbox 1846 5625 3414 5702">
     <span class='ocr_line' id='line_1_116' title="bbox 1846 5625 3414 5702; baseline 0.003 -21"><span class='ocrx_word' id='word_1_889' title='bbox 1846 5642 2009 5697; x_wconf 85' lang='lat' dir='ltr'><strong>super</strong></span> <span class='ocrx_word' id='word_1_890' title='bbox 2048 5642 2255 5697; x_wconf 76' lang='lat' dir='ltr'><strong>pennas</strong></span> <span class='ocrx_word' id='word_1_891' title='bbox 2302 5634 2590 5687; x_wconf 64' lang='lat' dir='ltr'><strong>ventorum</strong></span> <span class='ocrx_word' id='word_1_892' title='bbox 2635 5625 2807 5699; x_wconf 74' lang='lat' dir='ltr'><strong>(Paul.</strong></span> <span class='ocrx_word' id='word_1_893' title='bbox 2846 5627 3033 5702; x_wconf 58' lang='lat' dir='ltr'><strong>xw)»</strong></span> <span class='ocrx_word' id='word_1_894' title='bbox 3064 5629 3172 5687; x_wconf 83' lang='lat' dir='ltr'><strong>Iste</strong></span> <span class='ocrx_word' id='word_1_895' title='bbox 3230 5636 3414 5685; x_wconf 83' lang='lat' dir='ltr'><strong>autem</strong></span> 
     </span>
    </p>
   </div>
   <div class='ocr_carea' id='block_1_117' title="bbox 1847 5717 3418 5791">
    <p class='ocr_par' dir='ltr' id='par_1_117' title="bbox 1847 5717 3418 5791">
     <span class='ocr_line' id='line_1_117' title="bbox 1847 5717 3418 5791; baseline 0.001 -16"><span class='ocrx_word' id='word_1_896' title='bbox 1847 5718 2053 5775; x_wconf 84' lang='lat' dir='ltr'><strong>cherub</strong></span> <span class='ocrx_word' id='word_1_897' title='bbox 2090 5718 2207 5773; x_wconf 86' lang='lat' dir='ltr'><strong>sive</strong></span> <span class='ocrx_word' id='word_1_898' title='bbox 2241 5725 2456 5777; x_wconf 63' lang='lat' dir='ltr'><strong>aeuus</strong></span> <span class='ocrx_word' id='word_1_899' title='bbox 2474 5732 2605 5773; x_wconf 80' lang='lat' dir='ltr'><strong>cum</strong></span> <span class='ocrx_word' id='word_1_900' title='bbox 2629 5717 2852 5789; x_wconf 74' lang='lat' dir='ltr'><strong>cbemb,</strong></span> <span class='ocrx_word' id='word_1_901' title='bbox 2874 5726 3127 5781; x_wconf 75' lang='lat' dir='ltr'><strong>extentus</strong></span> <span class='ocrx_word' id='word_1_902' title='bbox 3157 5727 3214 5775; x_wconf 86' lang='lat' dir='ltr'><strong>et</strong></span> <span class='ocrx_word' id='word_1_903' title='bbox 3236 5727 3418 5791; x_wconf 78' lang='lat' dir='ltr'><strong>proto—</strong></span> 
     </span>
    </p>
   </div>
   <div class='ocr_carea' id='block_1_118' title="bbox 1844 5807 3416 5887">
    <p class='ocr_par' dir='ltr' id='par_1_118' title="bbox 1844 5807 3416 5887">
     <span class='ocr_line' id='line_1_118' title="bbox 1844 5807 3416 5887; baseline 0.004 -23"><span class='ocrx_word' id='word_1_904' title='bbox 1844 5823 1980 5882; x_wconf 86' lang='lat' dir='ltr'><strong>gens</strong></span> <span class='ocrx_word' id='word_1_905' title='bbox 2002 5814 2366 5875; x_wconf 77' lang='lat' dir='ltr'><strong>sacramenta.</strong></span> <span class='ocrx_word' id='word_1_906' title='bbox 2388 5807 2601 5887; x_wconf 77' lang='lat' dir='ltr'><strong>positus</strong></span> <span class='ocrx_word' id='word_1_907' title='bbox 2632 5817 2719 5866; x_wconf 82' lang='lat' dir='ltr'><strong>est</strong></span> <span class='ocrx_word' id='word_1_908' title='bbox 2759 5808 2817 5867; x_wconf 93' lang='lat' dir='ltr'><strong>in</strong></span> <span class='ocrx_word' id='word_1_909' title='bbox 2860 5817 3048 5869; x_wconf 79' lang='lat' dir='ltr'><strong>monte</strong></span> <span class='ocrx_word' id='word_1_910' title='bbox 3081 5818 3268 5867; x_wconf 82' lang='lat' dir='ltr'><strong>sancto</strong></span> <span class='ocrx_word' id='word_1_911' title='bbox 3298 5809 3416 5873; x_wconf 66' lang='lat' dir='ltr'><strong>Dei.</strong></span> 
     </span>
    </p>
   </div>
  </div>
