3916 6356
207 445 288 505 I97
1114 453 1464 509 COMMENT.
1505 453 1572 508 ΙΝ
1607 453 2059 517 EZECHIELEM.
2099 489 2171 502 —
2207 460 2334 516 LIB.
2378 460 2468 518 XI.

3311 468 3413 524 798

193 563 476 618 cadent-inm
516 564 569 618 in
610 573 829 632 terram,
876 576 931 622 et
955 585 1073 638 ,pro
1129 569 1322 623 auxilio
1370 569 1744 639 accipientium
1778 578 1820 640 Α
1850 587 2008 627 nares
2043 574 2157 644 ejus
2179 573 2433 645 perforat,
2457 577 2579 645 quia
2607 575 2826 632 callidas
2863 579 2976 648 ejus
2999 579 3218 637 insulias
3241 584 3410 639 acutis

190 655 412 709 vulnera.
445 653 572 710 Haec
598 666 773 711 autem
797 673 891 727 per
909 665 1189 738 μεταφορὰν
1208 659 1458 714 dicuntur
1489 663 1639 731 quasi
1672 662 1740 717 ad

188 760 353 816 regem
373 739 612 818 Egypti,
635 764 698 803 eo
723 747 863 818 quod
885 759 940 803 et
960 751 1071 819 ipsa
1106 751 1380 821 provincia
1404 767 1740 823 nequaquam

185 837 479 894 adversaria
512 838 670 894 fuerit
698 839 900 906 lsraeli,
940 843 1032 898 sed
1061 845 1185 898 dum
1228 861 1420 914 magna
1453 847 1738 914 promittit,

183 943 212 981 a
240 929 324 983 Dei
367 945 458 985 eos
490 931 686 986 auxilio
723 943 1016 1003 separaret.
1049 935 1344 991 Draconem
1384 947 1561 992 autem
1583 938 1738 1007 juxta

177 1021 425 1094 ἀναγωγήν
478 1024 800 1077 contrariam
877 1036 1198 1096 potestatem
1277 1044 1415 1097 saepe
1479 1029 1734 1099 legimus;

175 1113 307 1166 unde
354 1123 406 1166 et
441 1112 653 1170 Pharao
706 1115 903 1172 dicitur
952 1118 1339 1184 διασχέδαστης,
1376 1121 1517 1188 quod
1566 1136 1596 1173 a
1627 1121 1738 1176 Deo

176 1213 375 1272 separet
403 1214 562 1275 atque
608 1223 666 1261 se
707 1207 922 1279 jungat;
957 1218 1010 1263 et
1058 1209 1323 1282 Aigyptus
1376 1214 1426 1267 in
1476 1213 1736 1267 tribulan-

173 1304 244 1348 tes
291 1303 338 1350 et
398 1299 674 1368 afﬂigentes
731 1301 978 1366 vertitur,
1022 1318 1114 1357 eos
1175 1304 1421 1358 videlicet
1458 1321 1592 1372 quos
1633 1307 1735 1360 sibi

173 1388 394 1455 potuerit
444 1388 746 1460 subjugare.
787 1391 890 1445 Iste
919 1392 1080 1446 draco
1118 1403 1199 1448 cst
1242 1398 1626 1464 praevaricator
1673 1397 1737 1450 de

173 1493 273 1546 quo
299 1477 393 1533 Job
418 1480 726 1550 plenissime
761 1483 998 1551 loquitur
1029 1484 1168 1555 (Job.
1204 1485 1311 1557 XL).
1347 1488 1411 1540 Et
1451 1487 1500 1541 in
1527 1487 1733 1557 psalmo

170 1571 421 1640 scriptum
451 1580 532 1625 est
558 1591 570 1626 :
604 1592 620 1624 ι
658 1574 736 1628 Tu
767 1575 1075 1645 confregisti
1119 1579 1294 1647 capita
1340 1579 1609 1643 draconis,
1641 1580 1736 1634 de-

167 1659 284 1715 disti
301 1679 420 1716 eum
447 1664 498 1716 in
518 1680 693 1719 escam
709 1668 917 1736 p0pulis
932 1667 1272 1737 AEthiopibus
1288 1669 1453 1740 (Psal.
1473 1672 1680 1742 Lxxm).
1707 1692 1726 1725 ι

164 1750 230 1803 Et
258 1755 414 1806 draco
446 1770 670 1825 magnus
707 1758 772 1810 ad
811 1759 1261 1827 comparationem
1310 1760 1577 1814 minorum
1612 1763 1734 1816 dra-

162 1857 351 1897 conum
381 1846 593 1913 dicitur;
643 1849 706 1902 de
734 1849 924 1916 quibus
963 1851 1214 1904 canitur:
1252 1871 1270 1901 ι
1308 1851 1384 1904 Tu
1421 1851 1731 1921 confregisti

1841 672 2150 718 sanctorum
2173 665 2416 719 sensibus
2438 674 2683 734 penetrat
2707 683 2991 724 enervans.
3024 670 3291 745 (Hierom)
3316 674 3410 729 Po-

1840 760 1918 814 nit
1946 770 2121 814 autcm
2147 760 2404 814 Dominus
2428 762 2479 814 in
2510 761 2738 816 maxillis
2761 761 3177 821 draconisistius
3201 765 3406 827 frenum

1839 861 1892 906 et
1917 852 2157 923 perforat
2185 851 2320 906 labia
2354 853 2469 922 ejus
2497 862 2655 923 atque
2685 856 3010 926 constringit
3037 859 3260 913 armilla:
3299 861 3408 914 cir—

1839 940 1979 1005 culo,
2027 939 2239 1009 quando
2289 956 2384 1010 per
2407 940 2799 996 ecclesiasticos
2827 941 2990 1008 viros,
3044 946 3131 1013 qui
3163 943 3408 1015 Scriptu-

1835 1030 1913 1084 ris
1955 1031 2154 1084 sanctis
2208 1031 2399 1084 eruditi
2455 1040 2596 1096 sunt,
2645 1032 2868 1100 imponit
2912 1033 2958 1087 ei
3010 1033 3310 1100 silentium,
3354 1046 3409 1091 et

1839 1121 2085 1174 universa
2128 1123 2496 1190 perversitatis
2525 1123 2770 1192 dogmata
2807 1123 3184 1178 dissolvuntur.
3214 1125 3409 1197 Agglu-

1837 1211 2078 1279 tinatque
2141 1212 2311 1281 pisces
2369 1210 2645 1265 fluminum
2689 1213 2804 1280 ejus
2859 1213 3049 1283 pennis
3101 1216 3265 1285 ipsius
3324 1217 3408 1273 vel

1838 1302 2109 1370 squamis,
2177 1302 2370 1370 quibus
2415 1302 2650 1355 lueretici
2701 1317 2796 1371 per
2837 1304 3138 1372 superbiam
3189 1305 3253 1359 ad
3300 1305 3407 1360 alta

1836 1391 2111 1454 festinant,
2141 1402 2198 1446 ut
2234 1403 2285 1446 et.
2316 1393 2417 1463 ipsi
2445 1393 2609 1447 vincti
2649 1409 2768 1446 cum
2811 1395 3061 1460 dracone,
3093 1412 3254 1449 unum
3286 1413 3404 1451 cum

1835 1498 1899 1537 co
1930 1499 2122 1552 corpus
2165 1482 2402 1536 efficiant
2448 1491 2500 1536 et
2539 1483 2855 1552 copulentur
2895 1484 2942 1538 ei
2987 1485 3070 1538 vel
3114 1486 3165 1538 in
3208 1487 3407 1541 erroris

1836 1572 2130 1635 consortio,
2170 1572 2255 1624 vel
2282 1571 2335 1623 in
2377 1585 2550 1640 pcenze
2593 1571 2955 1635 similitudine,
3009 1576 3274 1642 quomodo
3315 1576 3405 1644 qui

1837 1661 2074 1715 adhaxret
2127 1659 2390 1726 Domino,
2442 1676 2580 1715 unus
2630 1669 2712 1715 est
2761 1662 3000 1730 spiritus.
3048 1660 3226 1732 Neque
3277 1679 3406 1718 vero

1836 1768 1999 1806 unum
2035 1753 2196 1807 habet
2233 1754 2424 1808 ﬂumen
2467 1757 2628 1810 draco
2659 1757 2958 1826 Egyptius,
2999 1759 3090 1812 sed
3123 1759 3287 1811 multa
3317 1758 3408 1810 llu-

1835 1844 1998 1908 mina,
2032 1845 2222 1912 quibus
2251 1846 2468 1914 irrrigat
2510 1845 2799 1917 Egyptum
2839 1847 3089 1901 humilem
3127 1857 3287 1918 atque
3316 1850 3405 1903 de-

161 1935 329 2002 capita
356 1936 641 1991 draconum
671 1939 722 1992 in
746 1940 920 2007 aquis,
945 1939 1010 1993 Ει
1036 1941 1088 1993 in
1109 1941 1210 1995 alio
1239 1942 1384 1995 ιοροε
1414 1963 1430 1993 ς
1455 1942 1730 1998 Hocmarc
1758 1939 1804 2000 B
1826 1932 2048 2000 jectam,
2081 1945 2134 1988 et
2169 1935 2298 1988 nihil
2333 1938 2384 1989 in
2419 1951 2475 1989 se
2498 1937 2780 1990 habentem
2811 1939 3086 1999 montium,
3116 1955 3213 1992 nec
3240 1954 3408 2008 aquas

159 2040 402 2094 magnum
432 2036 481 2080 et
511 2028 800 2097 spatiosum
831 2032 1110 2084 manibus:
1137 2031 1242 2085 illic
1266 2032 1470 2100 reptilia
1502 2049 1727 2102 quorum

159 2131 260 2168 non
283 2124 361 2170 est
384 2133 640 2173 numerus
665 2159 679 2185 ,
712 2121 960 2174 animalia
983 2122 1170 2190 pusilla
1203 2139 1322 2176 cum
1348 2123 1587 2193 magnis;
1620 2123 1729 2177 illic

159 2223 315 2260 naves
347 2210 766 2276 pertransibunt.
809 2212 982 2266 Draco
1016 2213 1136 2277 iste,
1180 2230 1337 2283 quem
1381 2214 1621 2268 formasti
1662 2216 1728 2270 ad

156 2300 475 2354 illudendum
506 2303 553 2356 ei
585 2302 754 2374 (Psal.
806 2304 941 2375 CIII).
979 2326 995 2356 ι
1027 2306 1102 2360 De
1138 2323 1242 2374 quo
1272 2316 1324 2359 ct
1367 2307 1417 2359 in
1456 2307 1559 2360 alio
1611 2307 1727 2361 loco

154 2391 344 2446 dicitur
375 2410 387 2445 :
423 2393 537 2462 Ipse
577 2404 659 2449 est
699 2411 791 2450 rex
819 2397 1077 2460 omnium,
1111 2398 1199 2466 qui
1239 2397 1288 2450 in
1318 2398 1472 2467 aquis
1501 2407 1644 2461 sunt,
1672 2407 1727 2452 ct

151 2484 468 2554 principium
518 2484 851 2556 ﬁgurationis
900 2488 1128 2554 Domini,
1179 2489 1267 2556 qui
1320 2487 1496 2543 factus
1537 2498 1638 2552 est,
1671 2498 1726 2542 ut

151 2574 459 2630 illuderetur
502 2578 570 2631 ab
617 2579 819 2650 angelis
859 2580 993 2650 ejus.
1027 2579 1182 2634 Sedet
1216 2592 1393 2635 autem
1425 2582 1536 2635 sive
1567 2582 1726 2636 cubat

145 2665 206 2720 in
241 2667 409 2720 medio
444 2666 721 2723 fluminum
749 2686 987 2734 suorum,
1033 2687 1137 2724 non
1166 2672 1323 2725 unius
1354 2670 1606 2735 fluminis,
1633 2673 1726 2725 sed

148 2757 460 2818 multorum,
495 2774 612 2828 qua:
638 2759 688 2812 in
720 2760 944 2814 diversis
971 2761 1261 2815 haeresibus
1289 2763 1601 2832 accipimus,
1625 2778 1726 2832 per

145 2861 283 2916 quas
331 2845 484 2902 ﬂuxit
529 2850 580 2903 in
633 2849 922 2921 Egyptum
955 2853 1133 2906 saeculi
1187 2854 1340 2908 istius
1384 2862 1435 2908 et
1481 2855 1723 2926 irrigavit

145 2937 353 2991 animas
380 2937 739 3006 seductorum,
758 2957 860 2994 non
885 2941 1080 3010 pluviis
1108 2942 1174 2998 de
1199 2944 1334 2997 cmlo
1361 2945 1720 3012 venientibus,

145 3029 244 3084 sed
284 3027 348 3083 de
373 3040 511 3085 terra
539 3033 691 3101 aquis
716 3034 963 3098 turbidis,
996 3050 1127 3104 quas
1150 3034 1334 3089 bibere
1359 3051 1455 3089 nos
1475 3037 1725 3106 prohibet

137 3121 424 3186 Jeremias,
473 3123 704 3177 dicens:
744 3143 761 3173 ‹
799 3123 934 3190 Quid
992 3126 1082 3178 tibi
1135 3135 1187 3179 et
1232 3128 1332 3181 vite
1378 3123 1618 3197 Aigypti,
1666 3135 1724 3181 ut

139 3211 295 3264 bibas
328 3228 517 3280 aquam
550 3212 844 3283 Geon(Jer.
867 3215 981 3286 11),»
1002 3230 1098 3284 pro
1123 3217 1283 3284 quoin
1317 3213 1579 3271 llebraico
1613 3219 1723 3270 sior

1832 2022 1996 2089 Siloe,
2027 2041 2143 2093 qure
2173 2025 2371 2078 vadunt
2395 2041 2513 2080 cum
2543 2027 2776 2091 silentio,
2803 2029 2892 2081 sed
2931 2027 3172 2082 turbidas
3201 2036 3253 2083 et
3293 2043 3406 2082 cce-

1827 2127 2007 2167 nosas.
2041 2113 2192 2168 Unde
2220 2122 2274 2169 et
2309 2117 2545 2170 extrahit
2567 2132 2688 2169 eum
2725 2118 2979 2173 Dominus
3006 2119 3070 2173 de
3099 2120 3272 2174 medio
3302 2118 3406 2174 ﬂu-

1829 2204 2029 2256 minum
2088 2217 2304 2256 suorum
2335 2245 2347 2269 ,
2403 2213 2460 2257 ut
2510 2220 2845 2274 nequaquam
2905 2207 2983 2261 eis
3036 2209 3253 2263 incubet
3307 2225 3407 2265 nec

1829 2294 2009 2347 sedeat
2045 2294 2097 2346 in
2129 2295 2225 2359 eis,
2257 2302 2312 2348 et
2351 2310 2538 2348 omnes
2564 2297 2739 2365 pisces
2771 2299 3008 2366 squamis
3047 2299 3187 2353 illius
3222 2301 3407 2356 adhae-

1828 2393 1983 2436 reant
2018 2399 2114 2453 pro
2152 2385 2407 2451 qualitate
2434 2386 2708 2450 vitiorum,
2742 2402 2837 2456 per
2856 2395 3028 2441 totum
3059 2404 3251 2458 corpus
3279 2389 3404 2443 dra-

1826 2473 1978 2525 conis
2018 2472 2102 2526 vel
2147 2473 2307 2542 capiti
2356 2474 2439 2526 vel
2478 2476 2652 2528 ventri
2697 2477 2779 2529 vel
2817 2479 3020 2542 eandm,
3055 2487 3108 2531 et
3149 2481 3403 2534 extremis

1825 2559 2070 2631 partibus
2119 2564 2497 2627 adluerentes;
2543 2572 2603 2617 ut
2654 2575 2897 2620 extracto
2947 2567 3181 2621 dracone
3229 2569 3403 2636 pisces

1825 2665 2067 2719 quoque,
2115 2652 2206 2720 qui
2253 2653 2531 2706 adhmrent
2578 2654 2626 2707 ei
2670 2655 2872 2723 pariter
2917 2658 3288 2709 extrahantur.
3336 2657 3403 2710 Et

1825 2742 2105 2811 proﬁci-am
2131 2753 2200 2807 te,
2233 2745 2423 2813 inquit,
2450 2746 2499 2798 in
2529 2748 2822 2811 desertum,
2854 2756 2914 2801 ut
2951 2763 3288 2819 nequaquam
3319 2764 3402 2802 re-

1823 2835 2022 2901 perias,
2053 2849 2185 2902 quos
2214 2835 2467 2903 decipias.
2501 2836 2595 2888 Vel
2639 2845 2783 2890 certe
2813 2837 3075 2906 deponam
3113 2847 3167 2892 te
3193 2839 3256 2891 de
3283 2838 3399 2891 cul-

1827 2923 1970 2975 mine
1999 2923 2263 2992 superbim
2286 2932 2413 2987 tuae,
2453 2933 2505 2977 et
2534 2926 2794 2993 deponam
2837 2934 2889 2978 te
2921 2925 3194 2980 velociter.
3242 2924 3400 2981 quta

1825 3011 1954 3065 illud
1976 3011 2212 3081 Apostoli
2236 3028 2254 3064 -:
2283 3029 2302 3062 ε
2328 3013 2470 3066 Deus
2495 3023 2672 3068 autem
2696 3016 2844 3082 pacis
2868 3025 3115 3069 conterat
3139 3015 3398 3071 Satanam

1825 3106 1926 3161 sub
1945 3107 2176 3176 pedibus
2200 3108 2394 3162 vestris
2415 3109 2668 3162 velociter
2691 3108 2860 3177 (Rom.
2887 3110 2996 3178 xw)
3015 3128 3027 3173 ;
3043 3131 3060 3162 ι
3080 3121 3139 3164 ut
3167 3112 3401 3164 dracone

1826 3199 2056 3250 contrito
2078 3206 2236 3266 atque
2263 3198 2527 3266 deposito,
2555 3198 2732 3267 pisces
2755 3213 2968 3268 quoque
2997 3198 3231 3255 ﬂuminis
3258 3200 3402 3254 iilius

137 3303 400 3370 scriptum
423 3312 522 3367 est,
560 3305 701 3372 quod
726 3305 946 3358 verbum
978 3307 1029 3358 in
1069 3324 1233 3376 aquas
1267 3307 1503 3360 turbidus
1536 3315 1714 3362 trans-

1826 3289 2182 3358 depouantur,
2229 3298 2290 3344 et
2327 3290 2484 3343 cadat
2523 3301 2712 3344 auctor
2756 3292 3064 3357 criminum,
3115 3293 3205 3362 qui
3251 3293 3400 3361 prius

137 3391 318 3445 fertur
362 3402 521 3463 atque
549 3407 817 3448 ccenosas.
865 3394 935 3450 Ut
966 3405 1143 3449 autem
1184 3396 1566 3467 intelligamus,
1600 3413 1719 3466 qua)

137 3483 251 3535 sint
301 3481 537 3555 [Egyptii
585 3483 830 3539 draconis
871 3484 1085 3540 ﬂmuina
1114 3527 1129 3552 ,
1159 3504 1220 3542 ex
1266 3489 1552 3542 ei'mtrariis
1581 3490 1720 3544 scire

135 3574 456 3644 poterimus.
509 3573 765 3628 Dominus
815 3575 1052 3645 loquitur
1111 3577 1175 3630 de
1225 3575 1532 3631 flmninibns
1567 3579 1716 3632 suis:

140 3683 159 3714 ‹
194 3663 294 3728 Qui
335 3664 506 3718 credit
554 3665 605 3718 in
653 3681 756 3731 me,
810 3665 1028 3720 ﬂumina
1071 3665 1134 3720 de
1174 3677 1355 3721 ventre
1402 3669 1516 3737 ejus
1556 3667 1720 3721 fluent

134 3770 295 3823 aqua:
325 3755 459 3807 viva!
481 3751 664 3825 ’(Σοαη.
693 3756 811 3827 vu).
851 3777 868 3807 ι
899 3755 964 3810 Et
989 3757 1054 3810 ad
1087 3756 1481 3812 Samaritanam
1519 3778 1530 3811 :
1569 3777 1585 3810 ι
1617 3757 1719 3825 Qui

130 3841 337 3898 biberit
365 3846 428 3898 de
457 3862 611 3914 aqua,
645 3862 801 3914 quam
833 3863 930 3915 ego
969 3850 1166 3902 dedero
1203 3850 1248 3903 ei
1273 3890 1286 3914 ,
1342 3864 1443 3902 non
1487 3849 1630 3904 sitiet
1664 3852 1717 3903 in

131 3946 428 4002 :cternum,
458 3939 549 3991 sed
580 3940 668 3990 fiet
693 3938 744 3991 in
773 3955 836 3993 eo
865 3940 981 3994 fons
1009 3957 1158 4010 aqum
1199 3942 1440 3996 salientis
1470 3942 1522 3995 in
1551 3942 1717 3996 vitam

130 4045 394 4086 aeternam
419 4031 596 4102 (Joan.
631 4034 723 4102 iv).
757 4055 774 4083 ι
802 4035 908 4088 Ista
940 4044 1063 4088 sunt
1101 4035 1315 4089 ﬂumina
1348 4037 1411 4088 de
1444 4037 1580 4090 cwlo
1619 4051 1714 4091 ve-

129 4125 342 4178 nientia
372 4124 436 4176 de
479 4124 672 4190 quibus
714 4124 878 4177 David
921 4126 1066 4178 canit
1099 4145 1110 4176 :
1149 4144 1164 4174 ‹
1199 4126 1459 4179 Fluminis
1490 4127 1718 4194 impetus

128 4211 379 4266 lmtiﬁcat
423 4212 690 4266 civitatem
727 4212 820 4267 Dei
850 4211 1028 4284 (Psal.
1066 4213 1218 4284 XLV),
1252 4233 1269 4264 ι
1311 4215 1453 4267 haud
1495 4215 1716 4268 dubium

128 4305 270 4374 quin
313 4303 603 4357 Ecclesium
643 4305 926 4374 significet.
972 4305 1387 4358 Cousideremus
1433 4321 1561 4376 ergo
1598 4322 1716 4374 qua)

127 4397 392 4451 draconis
414 4411 590 4464 poena,
616 4399 821 4466 quodve
845 4398 1164 4466 Supplicium
1188 4397 1276 4450 sit.
1300 4395 1584 4464 Sequitur:
1607 4416 1623 4445 ί
1651 4397 1715 4450 Et

127 4502 335 4556 ponam
379 4485 586 4538 frenum
627 4486 705 4537 vel
753 4486 997 4555 laqueum
1033 4487 1085 4539 in
1117 4486 1348 4540 maxillis
1388 4487 1510 4540 tuis.
1563 4505 1580 4535 ›
1615 4487 1713 4540 Cui

125 4578 316 4632 simile
355 4587 433 4631 est
468 4578 590 4630 illud
615 4577 712 4631 Job
747 4597 758 4630 :
801 4596 819 4628 ι
849 4578 1093 4631 Adduces
1127 4587 1303 4631 autem
1339 4579 1624 4631 draconem
1657 4576 1709 4630 in

1823 3387 1970 3433 stare
2021 3394 2079 3433 se
2122 3381 2504 3444 arbitrabatur,
2556 3389 2609 3433 et
2656 3382 2708 3435 in
2762 3388 2874 3434 toto
2909 3383 3042 3436 orbe
3076 3383 3396 3439 discurrere.

1819 3469 1991 3525 Cadat
2022 3479 2202 3524 autem
2252 3485 2413 3539 super
2453 3470 2646 3525 faciem
2693 3479 2848 3524 teme
2895 3486 3024 3535 suae,
3051 3471 3117 3524 ad
3143 3487 3304 3541 quam
3337 3472 3401 3526 de

1820 3562 1958 3616 coelo
1981 3563 2348 3631 prtecipitatus
2371 3571 2476 3626 est,
2507 3573 2565 3616 ut
2593 3578 2930 3632 nequaquam
2957 3562 3096 3616 ultra
3135 3563 3187 3617 in
3225 3564 3396 3618 haue-

1820 3654 2045 3707 ticorum
2069 3654 2314 3708 ecclesiis
2341 3655 2618 3720 colligatur
2651 3671 2664 3707 :
2695 3668 2867 3723 neque
2892 3663 3244 3725 congregetur
3287 3656 3400 3710 sive

1821 3744 2109 3813 sepeliatur
2139 3745 2192 3797 in
2221 3745 2326 3808 his,
2357 3745 2448 3813 qui
2483 3745 2826 3799 crediderunt
2851 3747 2900 3800 ei
2943 3762 3065 3800 cum
3092 3748 3158 3800 ab
3189 3761 3254 3800 eo
3285 3745 3397 3799 fue-

1819 3836 1926 3889 rint
1958 3835 2188 3899 liberati,
2225 3837 2316 3890 sed
2342 3837 2501 3889 detur
2541 3837 2607 3891 ad
2634 3838 2996 3891 devorandum
3023 3837 3213 3892 bestiis
3241 3846 3398 3891 terra:

1817 3938 1872 3983 et
1899 3929 2203 3983 volatilibus
2243 3929 2402 3993 coeli;
2435 3929 2622 3984 bestiis
2663 3929 2770 3984 iliis
2801 3931 2866 3983 de
2910 3930 3103 3998 quibus
3139 3931 3394 3998 scriptum

1817 4031 1940 4074 est:
1978 4040 1996 4071 ‹
2031 4020 2109 4074 Ne
2153 4022 2335 4073 tradas
2379 4020 2569 4073 bestiis
2615 4021 2849 4073 animum
2901 4021 3246 4074 confitentem
3299 4020 3393 4073 tibi

1819 4111 1990 4182 (Paul.
2019 4111 2231 4180 Lxxm).
2263 4129 2281 4162 ι
2313 4111 2381 4163 Et
2406 4111 2711 4164 volatilibus
2737 4111 2878 4174 coeli,
2906 4126 3024 4178 quae
3061 4110 3215 4177 juxta
3251 4109 3393 4163 viam

1819 4210 2113 4255 sementem
2149 4201 2456 4254 comedunt.
2491 4199 2564 4254 Et
2589 4217 2618 4253 a
2656 4199 2933 4253 Salvatore
2979 4201 3390 4268 interpretantur

1817 4308 1936 4347 esse
1963 4292 2182 4345 diaboli.
2221 4292 2337 4346 Non
2365 4293 2536 4346 scium
2575 4294 2716 4347 enim
2748 4294 3001 4361 princeps
3035 4291 3270 4355 malitiae,
3302 4293 3394 4346 sed

1817 4392 1871 4437 et
1921 4377 2171 4450 discipuli
2213 4383 2332 4451 ejus
2377 4383 2571 4437 diaboli
2628 4384 2992 4437 nominantur.
3043 4381 3200 4436 Juxta
3245 4383 3391 4445 illud,

1816 4474 1958 4543 quod
1995 4475 2061 4526 de
2087 4473 2223 4527 Juda
2266 4473 2460 4528 dicitur
2491 4492 2504 4527 :
2559 4490 2578 4524 ι
2610 4472 2798 4527 Nonne
2836 4487 2935 4541 ego
2977 4487 3072 4525 vos
3105 4472 3240 4541 elegi
3273 4473 3397 4524 duo-

1815 4565 2009 4629 decim,
2053 4573 2108 4617 et
2135 4581 2272 4619 unus
2312 4565 2379 4618 de
2418 4564 2570 4618 vobis
2610 4563 2854 4618 diabolus
2888 4562 3005 4617 est?
3035 4582 3051 4614 ›
3079 4562 3261 4633 (Joan.
3294 4565 3393 4627 vi.)

126 4669 322 4730 hamo,
363 4674 416 4719 et
444 4682 608 4735 pones
639 4667 931 4735 capistrum
963 4668 1104 4719 clrea
1143 4682 1299 4720 nares
1323 4667 1457 4735 ejus.
1481 4665 1711 4719 Confidit
1742 4637 1792 4699 Ῐ)
1817 4655 1951 4710 εαξη
2003 4665 2180 4709 amem
2230 4665 2490 4711 vocamur
2527 4654 2790 4719 VOiatilia,
2837 4653 2961 4722 fl“ia
3003 4653 3103 4709 Sibi
3147 4653 3391 4706 sublimia

122 4761 278 4829 quod
299 4760 526 4812 introeat
542 4758 788 4813 Jordanis
803 4760 852 4811 in
869 4775 928 4811 os
943 4760 1078 4828 ejus,
1095 4759 1146 4812 in
1164 4759 1318 4812 oculo
1341 4774 1436 4812 suo
1461 4757 1712 4826 suscipiet

120 4849 285 4902 illum
326 4869 337 4902 :
376 4850 665 4919 perforahit
700 4859 874 4902 autem
906 4851 1035 4903 sude
1061 4865 1215 4902 nares
1248 4847 1392 4917 ejus,
1425 4856 1478 4902 et
1504 4848 1710 4901 armilla

120 4937 339 4992 lnbium
369 4940 508 4994 illius
543 4939 681 5010 (Job.
713 4939 823 5009 XL).
852 4960 866 4988 ι
897 4937 1071 5009 (Greg.
1109 4939 1297 4992 Moral.
1337 4955 1524 5000 xxviii,
1558 4954 1604 4991 c.
1635 4938 1712 5008 8.)

117 5031 274 5098 Quid
302 5031 443 5084 aliud
467 5033 642 5093 sudes,
667 5027 722 5084 id
747 5041 848 5095 est,
874 5033 1021 5099 palos
1036 5032 1347 5100 accipimus,
1367 5031 1453 5098 qui
1471 5031 1717 5083 videlicet

117 5130 476 5174 exacuuntur
509 5132 567 5175 ut
601 5123 846 5192 figantur,
866 5123 965 5176 nisi
989 5132 1138 5176 acuta
1162 5132 1467 5176 sanctorum
1493 5122 1714 5176 consilia

118 5228 254 5280 quae
286 5211 444 5279 hujus
470 5212 757 5266 Behemoth
786 5230 944 5267 nares
964 5214 1257 5283 perforant,
1280 5215 1403 5266 dum
1430 5214 1712 5284 sagacissi-

119 5321 251 5357 mas
270 5305 494 5359 insidias
517 5314 571 5359 et
583 5304 848 5375 vigilando
872 5306 1325 5376 Cil‘CllmSplCilllll,
1345 5315 1398 5359 et
1414 5306 1715 5374 superando

117 5395 499 5463 transfigunt?
524 5395 625 5450 Per
668 5412 824 5450 nares
858 5413 986 5450 vero
1021 5399 1153 5448 odor
1187 5398 1434 5459 trahitur,
1467 5405 1518 5450 et
1558 5398 1716 5450 ducto

120 5484 264 5535 flatu
310 5485 412 5537 hoc
455 5485 648 5554 agitur,
698 5495 752 5537 ut
795 5502 880 5539 res
917 5486 1078 5538 etiam
1112 5503 1228 5554 qua:
1256 5486 1407 5556 longe
1438 5496 1517 5539 est
1546 5487 1718 5555 posita

119 5586 518 5644 cognoscatur.
561 5575 790 5630 Naribus
831 5592 958 5644 ergo
996 5576 1308 5638 Behemoth,
1358 5575 1562 5628 callida:
1602 5574 1718 5642 ejus

123 5668 356 5722 insidia:
384 5669 748 5738 designantur,
779 5684 873 5736 per
901 5685 1031 5736 quas
1063 5665 1407 5735 sagacissime
1440 5667 1625 5718 nititur
1665 5674 1719 5719 et

120 5757 362 5814 occulta
390 5759 570 5812 cor-dis
597 5759 762 5812 nostri
795 5759 928 5810 bona
962 5771 1303 5824 cognoscere,
1349 5763 1404 5807 et
1443 5756 1554 5808 haec
1597 5771 1719 5824 pes-

125 5853 288 5919 sima
303 5849 651 5927 persuasione
667 5849 942 5918 dissipare.
957 5849 1014 5902 lu
1033 5847 1253 5902 sudibus
1269 5846 1449 5920 itaque
1463 5845 1722 5900 Dominus

1821 4749 2220 4816 repromittunt,
2249 4757 2308 4800 ut
2333 4757 2614 4815 postquam
2652 4747 2815 4800 draco
2851 4761 2972 4798 cum
3013 4745 3249 4814 piscibus
3285 4745 3394 4798 suis

1822 4840 2095 4909 depositus
2133 4839 2297 4892 fuerit
2327 4849 2486 4906 atque
2525 4837 2814 4906 projectus,
2844 4845 2898 4890 et
2933 4836 3159 4890 traditus
3199 4837 3262 4889 ad
3305 4835 3370 4888 de

1823 4931 2118 4984 vorandum
2147 4929 2330 4983 bestiis
2359 4938 2675 4996 terrze,qu:e
2701 4926 2832 4980 nihii
2860 4927 2912 4980 in
2936 4941 2993 4980 se
3022 4927 3220 4982 habent
3245 4941 3384 4978 man-

1821 5023 2138 5086 suetudinis,
2165 5031 2218 5076 et
2263 5022 2349 5075 his
2393 5022 2482 5089 qui
2540 5016 2994 5074 circumferuntur
3041 5016 3185 5070 omni
3237 5023 3393 5066 ventu

1819 5117 2094 5178 doctrinm,
2129 5124 2256 5168 tunc
2279 5113 2579 5182 intelligant
2626 5111 2956 5166 habitatores
2997 5108 3150 5162 istius
3189 5106 3390 5168 saeculi,

1817 5209 1957 5277 quod
1987 5209 2100 5275 ipse
2123 5205 2480 5259 sitDominus.
2510 5202 2696 5258 Omnis
2722 5210 2900 5255 autem
2925 5214 3084 5253 causa
3111 5211 3391 5266 ptenarmn

1818 5308 1921 5360 est,
1951 5299 2091 5367 quod
2123 5296 2322 5350 frustra
2357 5294 2535 5349 domui
2561 5292 2729 5347 ‘lsrael
2755 5289 3004 5360 promisit
3034 5287 3309 5348 auxilium,
3342 5294 3396 5338 et

1821 5389 1920 5443 fuit
1951 5390 2000 5442 ei
2031 5391 2178 5459 virga
2207 5387 2292 5441 vel
2317 5387 2544 5441 baculus
2568 5383 2916 5442 arundinetis,
2945 5395 3146 5433 vacuus
3190 5389 3240 5431 et
3275 5379 3393 5431 ina-

1823 5481 1928 5544 nis,
1977 5480 2216 5548 nibiique
2247 5478 2302 5531 in
2348 5492 2406 5531 se
2457 5476 2657 5528 habens
2703 5471 3067 5542 plenitudinis,
3116 5469 3238 5536 quia
3287 5482 3391 5518 non

1822 5579 2034 5638 poterat
2061 5571 2278 5622 dicere:
2318 5586 2335 5617 ι
2373 5565 2480 5620 Nos
2518 5575 2696 5618 autem
2741 5577 2928 5616 omnes
2974 5562 3037 5614 de
3065 5559 3394 5628 plenitudine

1824 5661 1940 5729 ejus
1971 5661 2274 5728 accepimus
2299 5659 2475 5726 (Imm.
2504 5655 2578 5724 1);
2615 5674 2633 5706 ι
2666 5670 2786 5709 cum
2818 5653 3093 5723 Scriptura
3129 5661 3369 5721 przecepc

1827 5753 1896 5805 rit
1916 5769 1958 5804 ες
1980 5749 2094 5802 Non
2120 5747 2401 5817 apparebis
2425 5746 2482 5799 in
2505 5753 2792 5814 conspectu
2824 5742 3029 5796 Domini
3061 5740 3153 5794 Dei
3183 5738 3254 5791 tui
3276 5737 3396 5790 ina-

1825 5841 1914 5896 nis
1961 5847 2055 5894 aut
2098 5852 2302 5892 vacuus
2341 5833 2537 5908 (Exod.
2573 5833 2752 5908 um).
2791 5851 2809 5885 ι
2837 5831 2994 5899 Quod
3055 5836 3234 5885 autem
3283 5841 3395 5888 non
