3916 6356
93 337 187 399 801

873 281 886 386 ί
923 371 928 384 ς
975 365 982 380 .-
1037 320 1394 390 Cunnum.
1433 320 1504 395 tu
1540 317 1994 390 EMHIELEM.
2035 349 2106 386 τ-
2146 318 2271 388 un.
2311 317 2408 376 XI.
2511 359 2514 366 .

3240 311 3348 386 802

96 455 229 527 quod
256 455 466 524 deserto
499 444 836 512 auxilionei
869 442 1092 516 Egypti
1121 443 1459 514 .quaasierunt
1489 439 1663 500 admi-
1691 445 1746 518 ᾼ
1769 425 1848 500 tio
1867 439 2110 513 Egypti,
2137 448 2196 496 et
2219 439 2510 498 reducatur
2529 435 2818 509 captivitas
2859 435 3000 506 ejus,
3034 444 3091 494 et
3122 436 3353 506 colloce-

94 543 342 602 niculum.
381 540 455 618 .Et
492 536 825 598 haecomnia
855 534 1000 599 ﬁent,
1041 542 1100 590 ut
1143 533 1301 589 tertio
1337 538 1668 604 cognoscant

96 631 325 706 Egyptii
346 630 488 702 quod
516 630 633 700 ipse
659 628 730 684 sit
754 626 1031 682 Dominus.
1062 623 1196 682 Haec,
1223 624 1376 679 brevi
1417 636 1670 680 sermone

93 724 495 798 perstrinximus
523 720 761 776 historia
797 717 1146 782 fundamenta
1179 715 1445 786 jacientes
1481 727 1670 768 :nunc

96 814 353 887 allegoria:
387 812 628 870 nubilum
654 809 1030 866 disserendum
1055 814 1160 874 est,
1193 815 1248 863 et
1278 805 1465 861 eadem
1493 801 1671 858 brevi-

94 918 197 964 tate
218 908 388 962 vitare
408 903 711 969 conabitur,
740 912 795 957 et
808 900 965 970 hujus
977 895 1672 970 explanationislongitndi-

93 1017 230 1057 nem.
244 999 324 1054 Ad
344 999 634 1053 draconem
656 1011 834 1051 sermo
857 1003 962 1059 est,
994 993 1087 1063 qui
1106 992 1343 1055 dixerat,
1372 1008 1392 1039 α
1413 987 1530 1044 Mea
1547 991 1674 1040 sunt

91 1093 323 1155 ﬂumina,
346 1098 402 1145 et
425 1104 526 1158 ego
547 1088 649 1143 feci
677 1102 766 1151 ea,
791 1105 808 1136 ι
833 1085 978 1156 quod
998 1083 1220 1138 inducat
1241 1096 1402 1151 super
1419 1092 1544 1136 eum
1557 1076 1678 1145 ipse

94 1185 342 1242 Dominus
367 1181 626 1254 gladium.
655 1181 732 1236 De
745 1178 920 1248 quoin
933 1175 1072 1232 isaia
1084 1174 1342 1244 scriptum
1365 1177 1481 1228 est:
1515 1187 1534 1220 ι
1556 1167 1673 1222 ine-

89 1277 286 1331 briatus
321 1281 405 1328 est
444 1271 654 1342 gladius
690 1282 842 1324 meus
870 1267 926 1322 in
951 1265 1114 1330 caelo,
1142 1284 1161 1317 ι
1195 1276 1342 1320 nunc
1382 1256 1682 1316 descendet.

87 1371 135 1424 in
170 1379 394 1432 terram,
425 1374 486 1419 ut
513 1363 704 1434 perdat
739 1377 808 1416 ex
837 1375 902 1415 ea
942 1358 1218 1414 hominem
1254 1362 1312 1410 et
1342 1351 1672 1422 iumentum,

83 1459 340 1531 quidquid
387 1457 474 1512 vel
521 1455 750 1510 rationis
777 1451 995 1507 videtur
1016 1450 1221 1505 habere
1247 1441 1690 1513 vel-simpliciter-

81 1554 146 1606 tis
180 1571 193 1605 :
236 1560 294 1606 et
322 1549 518 1621 perdat
553 1546 818 1610 absolute,
854 1543 949 1600 sed
979 1540 1224 1603 draconi,
1254 1536 1338 1592 vel
1365 1543 1425 1590 ut
1452 1531 1676 1589 draconi

80 1649 326 1714 pereant,
378 1647 436 1696 et
479 1639 666 1693 vivant
705 1637 834 1693 Deo.
881 1635 949 1688 Et
987 1633 1082 1687 ﬁat
1126 1628 1347 1700 Egypti
1380 1636 1524 1682 terra
1561 1637 1678 1694 per-

77 1733 212 1788 ditio
262 1729 564 1786 secundum
621 1726 954 1796 superiorem
1011 1736 1252 1782 sensum,
1297 1731 1406 1788 quo
1455 1711 1677 1771 draconi

1771 542 1858 590 tur
1888 533 1944 588 in
1969 539 2111 590 terra
2137 531 2424 597 Phatures,
2459 544 2578 600 quae
2616 529 3004 598 interpretatur
3039 529 3196 598 panis
3217 545 3367 588 con-.r

1769 626 2011 684 calcatus
2029 645 2042 680 :
2059 625 2153 681 ubi
2177 624 2333 695 pangis
2349 622 2457 688 ille,
2483 622 2580 693 qui
2598 623 2836 678 dixerat:
2870 641 2888 673 ι
2917 621 3030 694 Ego
3054 638 3173 678 sum
3196 625 3354 694 panis

1771 719 1865 790 qui
1893 718 1960 773 de
1984 715 2120 774 coelo
2135 716 2412 780 descendi,
2444 735 2460 766 ι
2489 714 2760 786 pravitate
2780 715 3033 772 haeretica
3064 715 3356 772 conculca-

1770 817 1860 865 tus
1881 816 2076 874 cst,.ut
2103 824 2226 866 cum
2255 807 2504 864 venerint
2530 807 2601 865 ad
2641 805 2961 876 Emlesiam,
3010 808 3256 864 habitent
3299 809 3354 864 in

1772 914 1914 970 pane
1942 899 2278 958 conculcato.
2308 899 2376 956 Et
2400 913 2739 971 nequaquam
2765 897 3046 954 eleventur
3075 899 3130 956 in
3171 916 3355 972 super-

1773 991 1940 1058 biam,
1979 991 2076 1048 sed
2120 991 2232 1048 sint
2271 989 2328 1044 in
2367 1005 2592 1061 regnum
2635 988 2837 1046 humile
2868 1007 2880 1044 :
2911 997 3054 1044 etut
3082 989 3194 1059 jam
3235 1006 3357 1045 cum

1776 1083 2014 1139 restituti
2040 1081 2243 1138 fuerint
2269 1081 2324 1137 in
2356 1081 2648 1151 pristinum
2671 1088 2896 1145 statum,
2939 1094 2997 1136 se
3018 1096 3118 1151 per
3149 1082 3362 1137 humili-

1777 1186 1944 1234 tatem
1967 1175 2241 1244 dejiciant,
2257 1175 2402 1246 quod
2421 1175 2477 1230 in
2500 1172 2736 1245 Egypto
2751 1170 3004 1239 vixerint,
3024 1173 3364 1228 etlatericias

1776 1269 2141 1328 exstruxerint
2165 1267 2432 1325 civitates.
2461 1267 2528 1323 Et
2555 1267 2697 1322 inter
2732 1265 2896 1322 multa
2936 1280 3096 1336 regna
3123 1264 3366 1322 ecclesia:

1778 1361 1887 1416 sint
1909 1359 2164 1424 humiles,
2191 1366 2247 1414 et
2281 1359 2454 1412 sciant
2479 1357 2532 1411 in
2555 1371 2714 1426 quem
2742 1363 3122 1426 peccaverunt,
3147 1362 3200 1410 et
3222 1354 3362 1408 ultra

1778 1469 1887 1509 non
1928 1453 2168 1518 elevetur
2210 1451 2475 1532 {Eamus
2522 1465 2682 1532 super
2711 1448 2968 1504 ecclesias
3009 1449 3064 1503 in
3094 1456 3206 1503 toto
3237 1449 3368 1502 orbe

1779 1544 2004 1608 divisas,
2033 1544 2129 1598 sed
2154 1527 2430 1615 redigatur
2458 1541 2516 1596 in
2541 1525 2893 1610 paucitatem,-
2927 1539 3173 1608 etgpauci
3220 1539 3273 1593 in
3302 1552 3367 1592 ea

1779 1643 2098 1690 remaneant
2124 1634 2266 1688 inter
2292 1640 2506 1704 gentes;
2569 1638 2624 1685 et
2656 1630 2800 1685 ultra
2841 1645 2945 1685 non
2978 1628 3247 1699 decipiant
3275 1629 3369 1683 do—

1780 1738 1930 1784 mum
1962 1721 2149 1787 Israel,
2178 1721 2232 1777 id
2276 1729 2377 1787 est,
2409 1719 2717 1785 ecclesiam,
2748 1733 2850 1774 nec
2875 1733 3071 1773 vanam
3101 1717 3181 1772 eis
3215 1733 3367 1787 spem

76 1831 287 1898 pereat,
333 1830 392 1878 et
436 1828 562 1890 post
601 1818 960 1890 perditionem
1009 1813 1284 1906 redigatur
1333 1809 1392 1906 in
1433 1804 1678 1906 solitudi-
1703 1820 1835 1906 Biet
1865 1811 2246 1869 conﬁdentiam
2294 1809 2671 1882 repromittant
2708 1809 2965 1864 docentes
3005 1808 3364 1877 iniquitatem,

78 1895 200 1973 nem
227 1955 242 1981 ,
301 1912 600 1983 pessimum
655 1909 923 1979 hospitem
983 1906 1188 1961 habere
1253 1901 1545 1956 desistens.
1607 1895 1678 1950 Et

83 2017 209 2062 tunc
253 2009 587 2074 cognoscent
616 2000 865 2056 homines
903 2005 958 2053 et
991 1995 1256 2068 jumenta,
1279 1999 1336 2047 et
1380 1999 1526 2044 terra
1569 1986 1680 2042 dis-

80 2098 288 2172 perdita
363 2093 510 2164 quod
563 2092 678 2162 ipse
732 2090 802 2146 sit
859 2074 1139 2144 Dominus.
1203 2083 1300 2138 Illo
1357 2095 1520 2136 sensu
1569 2092 1679 2148 quo

83 2168 264 2246 ixxvn
316 2185 532 2257 psalmo
579 2183 842 2253 scriptum
884 2187 969 2236 est
1003 2197 1016 2234 :
1053 2198 1072 2229 ‹
1107 2177 1242 2232 Cum
1285 2173 1562 2230 occideret
1610 2168 1676 2226 il-

81 2284 178 2351 los,
227 2293 356 2337 tunc
403 2278 719 2350 quaerebant
747 2289 890 2330 eum.
931 2291 952 2324 ι
982 2269 1173 2326 Omnis
1210 2267 1357 2323 enim
1405 2263 1497 2336 qui
1533 2276 1707 2331 quae-,

83 2379 191 2444 rit,
236 2377 506 2433 inveniet.
553 2372 754 2440 Deique
795 2356 1185 2421 misericordiae
1235 2368 1338 2424 est,
1383 2366 1446 2410 ut
1492 2352 1682 2411 mundi

80 2471 238 2541 hujus
266 2476 467 2540 pereat
512 2459 861 2524 abundantia,
897 2465 952 2512 et
983 2453 1203 2526 Egypti
1238 2450 1438 2506 ﬂuenta
1466 2447 1677 2504 siccen-
1703 2507 1705 2509 _

80 2572 186 2627 tur,
225 2563 337 2616 imo
389 2569 549 2615 terra
588 2568 777 2610 eorum
829 2551 901 2606 sit
942 2548 1000 2604 in
1039 2544 1358 2602 solitudines
1394 2561 1407 2595 :
1463 2548 1520 2596 et
1552 2554 1680 2596 sen-

79 2651 243 2706 tentia
283 2647 509 2704 Domini
556 2644 848 2712 dissipetur
894 2654 926 2692 a
970 2645 1118 2692 turre
1149 2634 1343 2705 Syene,
1369 2646 1489 2702 quae
1518 2631 1684 2686 inter-

77 2749 323 2812 pretatur
351 2754 542 2810 gyrus,
571 2742 630 2788 ut
657 2733 794 2788 nihil
819 2731 873 2786 in
899 2744 958 2784 se
985 2726 1121 2784 recti
1155 2725 1380 2788 haheat,
1407 2735 1578 2791 usque
1613 2717 1682 2774 ad

79 2808 280 2889 terram
303 2808 652 2899 Ethiopum,
677 2824 768 2895 qui
788 2820 1020 2878 humiles
1041 2816 1400 2889 appellantur,
1416 2821 1478 2867 ut
1495 2808 1687 2866 videli-

79 2935 163 2982 cet
186 2923 372 2979 omnis
394 2918 655 2990 superbia
680 2931 802 2986 quae
828 2929 885 2969 se
920 2919 1110 2968 contra
1136 2907 1235 2963 Dei
1263 2904 1545 2962 scientiam
1566 2914 1686 2958 ere-

78 3023 234 3070 xerat
267 3014 612 3074 destruatur,
634 3015 690 3061 et
708 3003 1022 3062 humilietur
1041 3001 1097 3056 in
1122 2999 1351 3054 salutem
1379 3009 1551 3051 suam.
1574 2990 1687 3047 Nec

76 3127 174 3183 pes
201 3109 471 3172 hominis,
500 3107 602 3162 hoc
624 3109 708 3158 est
727 3097 992 3155 rationale
1017 3093 1294 3165 quippiam
1324 3095 1566 3146 transeat
1589 3099 1689 3157 per

1777 1915 1838 1961 ut
1878 1905 2087 1977 fugiant
2131 1903 2555 1962 ecclesiasticam
2594 1900 2956 1972 disciplinam,
2989 1909 3045 1955 et
3071 1909 3369 1970 sequantur

1778 1996 2064 2072 Egyptias
2093 1997 2414 2068 voluptates.
2443 1995 2570 2052 Haec
2592 2003 2774 2049 autem
2814 1992 2963 2058 ﬁent,
2997 2000 3055 2048 ut
3088 1993 3246 2048 tertio
3271 2007 3365 2049 co-

1779 2097 2042 2162 gnoscant
2059 2088 2324 2160 Egyptii,
2354 2088 2495 2157 quod
2521 2086 2634 2156 ipse
2655 2085 2728 2140 sit
2751 2084 3029 2140 Dominus.
3059 2083 3212 2151 Quod
3236 2082 3367 2136 mihi

1777 2191 2065 2254 pmpterea
2079 2181 2294 2236 videtur
2308 2179 2436 2244 dici,
2463 2186 2521 2232 ut
2545 2177 2781 2248 cognitio
2805 2177 2976 2246 prima
2993 2174 3370 2246 Egyptiorum

1782 2274 1838 2329 in
1874 2272 2172 2337 carnesit,
2218 2271 2456 2328 secunda
2501 2269 2556 2328 in
2602 2269 2802 2332 anima,
2860 2267 3021 2323 tertia
3059 2267 3112 2321 in
3153 2263 3366 2335 spiritu.

1779 2363 1964 2418 Primo
1989 2377 2150 2432 super
2174 2369 2398 2425 terram,
2421 2358 2660 2415 secundo
2683 2358 2872 2414 mundi
2897 2357 3058 2428 hujus
3083 2370 3373 2413 conversa-

1783 2457 1931 2514 tione
1953 2455 2126 2521 ﬁnita,
2155 2454 2314 2510 tertio
2344 2461 2468 2524 post
2489 2450 2964 2507 resurrectionem.
3125 2511 3155 2524 ,η

1859 2568 1878 2599 ι
1904 2548 1973 2604 Et
2002 2546 2204 2602 factum
2232 2552 2317 2603 est
2360 2521 2413 2604 in
2455 2542 2738 2606 vicesimo,
2763 2548 2820 2596 et
2857 2540 3087 2612 septimo
3125 2519 3274 2592 anno
3319 2537 3375 2592 in

1791 2660 1811 2695 ι
1836 2641 2015 2713 primo
2039 2649 2096 2694 et
2137 2655 2244 2694 una
2283 2637 2368 2693 die
2405 2635 2628 2698 mensis,
2660 2635 2864 2689 factum
2911 2641 2996 2686 est
3019 2630 3246 2686 verbum
3272 2629 3376 2686 Do-

1791 2752 1810 2785 ι
1842 2732 2058 2788 miniad
2077 2746 2163 2786 me
2192 2730 2380 2787 dicens
2408 2746 2422 2782 :
2455 2727 2557 2794 Fili
2583 2725 2842 2791 hominis,
2881 2723 3380 2779 Nabuchodonosor

1793 2845 1814 2878 r
1844 2839 1939 2881 rex
1976 2809 2288 2894 Babylonis,
2317 2821 2525 2878 servire
2550 2819 2680 2875 fecit
2706 2818 3008 2874 exercitum
3056 2832 3212 2872 suum
3267 2829 3379 2870 ser-

1793 2935 1812 2968 ‹
1846 2917 2017 2972 vitute
2061 2929 2256 2985 magna
2304 2915 2588 2970 adversum
2627 2910 2848 2981 Tyrum.
2884 2909 3056 2966 Omne
3106 2914 3268 2977 caput
3293 2906 3382 2961 de-

1795 3006 2151 3072 ocalvatum,
2208 3013 2264 3060 et
2322 3004 2498 3060 omnis
2552 3002 2810 3057 humerus
2862 2999 3125 3069 depilatus
3182 3003 3385 3062 est;et

1795 3119 1814 3151 ι
1841 3113 2052 3154 merces
2085 3112 2194 3153 non
2223 3105 2308 3151 est
2353 3094 2560 3150 reddita
2587 3093 2657 3158 ei,
2685 3106 2862 3162 neque
2883 3089 3147 3146 exercitui
3175 3087 3290 3157 ejus
3315 3087 3383 3142 de

80 3180 383 3274 iEgypmm
427 3216 443 3252 :
477 3209 652 3264 neque
696 3207 792 3262 pes
829 3187 1062 3258 jumenti
1113 3183 1392 3256 gradiatur
1422 3180 1478 3236 in
1517 3193 1604 3244 ea,
1626 3183 1683 3230 ut

1797 3213 1815 3245 ι
1853 3192 1997 3264 Tyro
2020 3205 2122 3262 pro
2146 3189 2444 3253 servitute,
2493 3202 2596 3256 qua
2649 3184 2871 3242 servivit
2918 3182 3053 3237 mihi
3095 3181 3383 3236 adversum

80 3293 361 3365 simplices
392 3300 642 3360 quosque
669 3299 777 3340 non
803 3288 1004 3343 teneat,
1033 3292 1168 3347 quos
1187 3272 1430 3331 dimissis
1451 3268 1690 3327 homini-

78 3385 182 3440 bus
209 3385 439 3440 Pharao
466 3381 524 3435 in
549 3376 782 3448 Egypto
819 3381 1008 3428 tenere
1040 3368 1312 3440 cupiebat,
1339 3365 1524 3436 Moyse
1555 3377 1690 3418 con-

79 3478 417 3540 tradicente,
452 3479 508 3526 et
537 3468 749 3525 volente
772 3465 1015 3537 jumenta
1039 3473 1254 3531 quoque
1282 3457 1350 3513 de
1379 3455 1694 3525 captivitate

83 3568 312 3640 Egypti
352 3561 602 3620 liberari.
632 3579 650 3611 ι
686 3558 755 3613 Et
793 3571 922 3619 non,
957 3551 1154 3622 inquit,
1194 3547 1531 3604 habitabitur
1557 3558 1692 3614 qua-

83 3662 346 3732 draginta
382 3654 573 3719 annis;
613 3671 631 3704 ι
683 3649 774 3719 qui
823 3658 1082 3702 numerus
1120 3655 1335 3710 semper
1382 3633 1695 3691 afﬂictionis

80 3762 138 3807 et
165 3725 358 3822 pinna:
389 3753 492 3802 est.
513 3743 666 3800 Unde
687 3747 742 3796 et
769 3737 980 3810 Moyses
1002 3732 1201 3808 (Exod.
1235 3728 1446 3797 xxxrv),
1473 3734 1530 3782 et
1550 3725 1696 3780 Elias

79 3816 208 3916 (II-1
237 3841 382 3910 Reg.
415 3837 554 3908 xxx),
582 3843 637 3890 et
674 3833 789 3902 ipse
817 3828 1066 3884 Salvator
1094 3823 1322 3896 (Matth.
1347 3819 1432 3892 tv)
1461 3816 1697 3888 quadra-

1799 3303 1818 3336 ‹
1851 3299 1994 3338 eam.
2033 3283 2343 3351 Propterea
2376 3279 2493 3334 haec
2521 3279 2652 3334 dicit
2707 3275 2966 3332 Dominus
3020 3273 3161 3329 Deus
3195 3290 3208 3326 :
3242 3271 3386 3327 Ecce

1797 3398 1816 3431 ι
1843 3392 1944 3448 ego
1974 3374 2113 3430 dabo
2124 3373 2624 3430 Nabuchodonosor
2649 3384 2831 3440 regem
2845 3367 3135 3438 Babylonis
3159 3367 3212 3420 in
3241 3373 3386 3421 terra

1799 3489 1818 3523 ι
1853 3467 2098 3540 ΔΕεγριί,
2124 3475 2179 3522 et
2202 3465 2412 3522 auferet
2437 3463 2838 3520 multitudinem
2857 3461 2996 3532 ejus,
3025 3467 3082 3515 et
3106 3457 3388 3528 depraeda-

1801 3582 1820 3614 ‹
1850 3563 2001 3618 bitur
2025 3559 2308 3616 manubias
2337 3557 2476 3626 ejus,
2506 3565 2562 3612 et
2585 3555 2806 3626 diripiet
2830 3552 3001 3622 spolia
3024 3549 3174 3620 ejus;
3209 3559 3268 3605 et
3285 3548 3392 3605 erit

1800 3673 1820 3706 ι
1850 3655 1904 3710 in
1937 3653 2243 3708 mercedem
2266 3648 2529 3706 exercitui
2555 3647 2717 3713 illius,
2743 3653 2798 3700 et
2827 3630 3000 3715 operi,
3031 3655 3139 3712 quo
3168 3639 3395 3697 servivit

1802 3765 1820 3796 ‹
1854 3744 1989 3800 mihi
2022 3730 2308 3799 adversum
2332 3754 2474 3796 eam.
2515 3736 2649 3794 Dedi
2678 3736 2731 3792 ei
2775 3743 2977 3790 terram
3004 3729 3248 3803 Egypti,
3293 3743 3394 3799 pro

1802 3855 1820 3887 ι
1857 3850 1924 3890 eo
1954 3833 2096 3904 quod
2118 3830 2449 3888 laboraverit
2475 3827 2628 3893 mihi,
2649 3827 2726 3881 ait
2744 3825 3006 3882 Dominus
3030 3822 3192 3878 Deus.
3217 3819 3277 3875 In
3309 3819 3394 3874 die

76 3913 241 4005 ginta
290 3929 490 3985 diebus
523 3925 904 3995 jejunaverunt
937 3926 994 3974 et
1032 3916 1300 3972 noctibus.
1336 3913 1403 3966 Et
1433 3925 1530 3980 per
1564 3923 1696 3978 qua-

75 4023 354 4096 draginta
391 4033 563 4074 annos
589 4013 818 4086 populus
843 4020 963 4066 erat
989 4010 1044 4064 in
1085 4005 1399 4068 solitudine,
1424 4010 1486 4058 ut
1510 4009 1697 4071 postea

70 4094 467 4181 circumcisus
514 4115 569 4168 in
611 4108 846 4181 Galgalis
892 4104 1093 4178 (Nam.
1138 4101 1290 4172 xw),-
1330 4094 1618 4167 opprobrio
1646 4100 1706 4148 et

69 4208 404 4288 ignominia
432 4203 651 4277 Egypti
669 4201 1007 4256 liberaretur.
1043 4193 1272 4264 lncujus
1284 4188 1500 4246 numeri
1520 4199 1683 4243 saera

1804 4215 2006 4256 annum
2049 4195 2344 4268 superioris
2375 4191 2644 4251 sermonis
2669 4188 2856 4246 statim
2883 4184 3177 4244 vicesimus
3201 4189 3258 4239 et
3306 4196 3395 4238 se-

71 4274 287 4362 riiento
305 4307 368 4354 et
394 4297 484 4352 hic
513 4274 672 4351 idem
709 4291 974 4363 propheta
1003 4301 1104 4358 pro
1121 4285 1276 4341 tribu
1305 4282 1449 4338 Juda
1473 4277 1683 4350 quadra

1803 4293 2008 4364 ptimus
2035 4296 2270 4360 ponatur
2307 4301 2512 4351 annus,
2554 4291 2620 4340 et-
2655 4283 2712 4337 in
2760 4278 3112 4350 sequentibus
3153 4274 3397 4331 decimus

73 4399 240 4472 ginta
273 4392 478 4448 diebus
500 4362 784 4444 dormit-in
805 4385 994 4440 dextro
1017 4381 1186 4436 latere
1214 4395 1229 4432 :
1261 4386 1315 4434 et
1344 4374 1683 4447 quadringen

1806 4362 2300 4450 duodecimusque:
2331 4385 2386 4433 et
2435 4376 2490 4432 iu
2523 4381 2766 4431 extrema
2805 4367 3168 4439 descriptione
3210 4362 3396 4434 templi

72 4455 155 4546 tis
190 4485 372 4544 annis
414 4480 644 4553 populus
695 4477 999 4534 servi—turus
1033 4471 1090 4530 in
1134 4470 1376 4543 Egypto
1401 4467 1683 4523 nuntiatur

1808 4475 2102 4531 vicesimus
2131 4470 2370 4542 quintus,
2404 4466 2498 4524 sed
2524 4464 2700 4524 facilis
2718 4461 2914 4518 solutio
2939 4466 3042 4518 est.
3077 4457 3214 4524 Quia
3248 4455 3395 4512 enim

78 4581 184 4652 qui
204 4545 440 4634 faciunt
459 4545 1078 4643 quadraginta'deoadas
1103 4565 1221 4620 sive
1236 4569 1473 4632 quatuor
1496 4560 1705 4643 dxa'rov-
1730 4563 1880 4630 ﬁdo
1907 4563 2143 4636 Αζεγριο
2183 4568 2240 4616 ei
2283 4558 2532 4628 superior
2555 4569 2560 4602 ;
2582 4563 2644 4610 ει
2677 4555 2817 4617 hmo,
2845 4562 3162 4620 quam,”
3198 4545 3400 4604 diem;

77 4641 295 4735 Qesn:
342 4641 552 4725 PlN—im
591 4671 818 4735 quoque
859 4662 1046 4718 dilIIYii
1098 4657 1464 4730 quadraginta
1509 4641 1703 4709 diebus
1809 4655 2094 4730 prophetia
2121 4651 2466 4720 contexitur,
2498 4644 2896 4702 licetwdiversis.
2927 4642 2998 4696 sit
3027 4641 3172 4698 facta
3195 4647 3402 4705 tempo-

79 4765 353 4821 inferunt
380 4758 500 4814 orbi
526 4755 887 4824 naufragium.
924 4725 1137 4808 Justuni
1155 4725 1502 4814 enim—erata
1520 4755 1588 4800 ut
1609 4745 1720 4815 qui:
1811 4725 1985 4815 nihl—13,
2007 4739 2188 4800 tamen
2208 4743 2332 4811 quia
2349 4741 2428 4795 de
2443 4751 2554 4793 una
2573 4732 2854 4806 provincia
2879 4725 3400 4800 prophetatumjung

77 4860 468 4931 per'quatuor
493 4816 756 4906 elementa
788 4847 995 4914 mundi,
1026 4846 1225 4916 quibus
1247 4843 1429 4900 omnia
1452 4847 1706 4896 cunstare
1813 4835 2050 4896 ctua-sibi
2079 4841 2222 4890 sum.
2268 4829 2421 4897 Quod
2464 4837 2519 4884 et
2541 4827 2600 4882 in
2642 4822 2879 4880 Ieremia
2927 4820 3124 4877 crebro-
3143 4816 3400 4887 legimus,

84 4908 392 5016 dicuntur,
437 4949 565 5004 dum
607 4961 671 5002 ea
703 4908 990 5015 diligit'et
1020 4908 1208 5007 fovet,
1233 4941 1399 4995 Deum
1447 4935 1718 5001 oﬁendat,
1812 4941 1873 4988 ut
1897 4933 2231 5001 pmpostero
2249 4922 2443 4980 ordine
2467 4923 2736 4989 tempora
2783 4913 3191 4972 describantur;
3239 4908 3399 4968 Prius

81 5049 144 5104 in
181 5033 319 5118 ipso
365 5053 601 5098 numero
634 5002 940 5108 puniretur,
979 5040 1035 5090 et
1059 5002 1228 5088 Israel
1259 5030 1354 5100 qui
1383 5031 1726 5099 peccaverat
1813 5023 1963 5078 enim
2008 5017 2276 5074 Sedecizn--
2303 5015 2362 5069 in
2400 5011 2721 5084 quibusdam
2768 5013 2920 5079 gesta
2962 5002 3298 5066 referuntur,
3347 5005 3404 5057 et

1600 5117 1603 5118 ,
2053 5108 2078 5118 .-
2180 5109 2194 5118 .
2222 5107 2234 5118 .
2413 5105 2426 5117 ι
2532 5112 2543 5118 -
2638 5109 2691 5118 λη
2713 5115 2743 5118 __
2783 5099 2881 5118 l'..2‘_
2954 5097 3005 5118 Ι..
3038 5092 3264 5118 h-..l...:-
3300 5105 3393 5118 -..κ

170 5092 740 5200 sabbatum—reeme
763 5092 1239 5190 decadarummoc
1257 5092 1342 5177 est
1368 5092 1709 5189 septuaginta
1811 5122 2024 5187 posset»
2047 5105 2430 5175 Ioachimrqui
2450 5112 2586 5168 ante
2623 5109 2766 5158 cum}
2783 5099 2903 5154 fuit.
2926 5097 3010 5152 λη
3038 5092 3267 5151 Psalmis
3300 5105 3400 5146 ιιι-ρ

85 5241 395 5288 annorum
408 5221 732 5294 supplicium
753 5221 1067 5277 sustineret.”
1085 5219 1362 5286 Daturque
1382 5185 1528 5268 terra
1545 5185 1683 5282 Ᾱέςγ

1813 5185 1924 5262 tem
1948 5219 1979 5271 δ’
2009 5201 2138 5274 quia
2167 5213 2406 5255 arinen
2423 5201 2537 5252 .est.
2551 5194 2806 5265 :lyricum-
2827 5211 2830 5216 ·
2851 5185 3400 5278 Ιιὶειοςὶεεεοηιο-ιηοιι

1814 5268 2092 5374 quaeritur.-
2111 5298 2362 5353 Dicamus
2369 5288 2824 5365 ergépfiquuxta
2837 5268 3403 5374 litteramzﬁabunhoa.

1817 5369 2052 5450 donosdr
2064 5405 2188 5448 cum
2203 5385 2542 5458 oppugnaret
2553 5382 2754 5454 Tyrum
2764 5418 2779 5444 ,
2795 5383 2852 5433 et
2865 5376 3084 5439 arietes,
3094 5369 3402 5435 machinas.

1816 5485 2130 5553 vineasque,
2168 5493 2233 5536 eo
2269 5475 2420 5550 quod}
2454 5477 2658 5532 cincta
2681 5469 2826 5526 mari
2863 5475 3011 5525 esset
3032 5460 3404 5530 mari,-—Innris

1817 5589 1926 5632 non
1962 5552 2146 5645 “posset
2168 5566 2502 5641 adiungere,
2523 5564 2790 5620 inﬁnitam
2839 5558 3112 5622 exercitus
3141 5552 3403 5610 τωιιιιὶως

1819 5640 2184 5733 dinemjussit
2217 5640 2439 5717 saxafet
2477 5668 2704 5728 aggeres
2739 5658 3100 5723 comportare,
3118 5653 3179 5702 et
3201 5640 3402 5712 exple-

1820 5768 1878 5815 to
1903 5751 2080 5813 medio
2099 5753 2384 5821 Μεπῆτίηω
2411 5743 2551 5806 freto
2569 5745 2970 5820 angustissimo,
2991 5737 3405 5799 ricinum-littus

1805 3941 1824 3975 ‹
1857 3921 1948 3978 illo
1983 3919 2266 3991 pullulabit
2295 3931 2464 3974 cornu
2518 3916 2709 3972 domus
2744 3912 2952 3978 Israel,
3011 3918 3067 3966 et
3111 3909 3208 3966 tibi
3256 3907 3394 3968 dabo

1807 4034 1826 4068 ι
1857 4022 2102 4084 apertum
2146 4027 2209 4067 os
2254 4007 2520 4068 inmedio
2548 4021 2755 4062 eorum.
2804 4005 2872 4059 Et
2919 4003 3095 4060 scient
3131 4000 3388 4070 quoniam

1809 4127 1830 4160 ι
1856 4122 1966 4178 ego
1985 4105 2264 4162 Dominus.
2297 4121 2318 4154 ι
2347 4100 2618 4169 Quaeritur
2655 4095 2927 4169 quomodo
2973 4101 3098 4164 post
3123 4091 3390 4148 decimum

86 5318 174 5396 pti
219 5321 458 5376 deserta
501 5324 558 5369 et
599 5311 850 5368 cirit-atcs
887 5310 1006 5381 ejus
1044 5307 1100 5365 in
1125 5306 1714 5363 ‘medio'ter'ra'rumet

85 5387 336 5469 urbium
358 5413 362 5420 ’
387 5403 788 5468 Suhversaru'm,‘
833 5405 974 5470 quae
1009 5409 1114 5453 non
1155 5387 1721 5451 sunt"cxsitrucva3'de-

86 5496 551 5578 lapidibus,'sed
588 5494 756 5551 latere
784 5499 838 5551 et
873 5491 1136 5564 paleis-ut
1169 5480 1720 5558 dispergaturJEgy-w

87 5576 450 5669 pt.us,"qu:e
475 5586 618 5642 male
657 5581 987 5642 s'ibi'i'fuerat
1023 5579 1305 5668 copulata,
1329 5587 1384 5634 et
1421 5573 1722 5640 ventilatur

92 5659 156 5743 in
188 5659 775 5752 terras,”quo'seilicet
794 5677 1120 5732 frumentum
1141 5663 1177 5728 a
1193 5659 1372 5743 palisis'
1387 5671 1672 5740 separetur
1694 5682 1708 5720 :

91 5777 158 5836 Et
200 5773 581 5849 quadraginta
618 5773 880 5830 annorum
912 5765 1032 5826 line
1058 5764 1344 5838 completo,
1387 5763 1460 5820 sit
1491 5761 1718 5818 restito.
