3916 6356
121 396 229 456 805

1069 390 1421 451 COMMENT.
1464 390 1529 445 IN
1567 387 2021 447 EZECHIELEM.
2060 422 2132 437 —-
2162 392 2289 449 LIB.
2330 391 2422 450 XI.

3265 396 3371 457 806

126 535 145 568 ι
178 512 487 573 simulacra.
508 519 567 566 et
590 524 805 567 cessare
830 508 1026 565 faciam
1052 509 1191 565 idola
1232 510 1299 564 de
1332 508 1614 579 Memphis,
1637 517 1695 564 et
1720 510 1773 571 Α
1797 507 2077 582 Tantaque
2121 511 2227 566 erit
2262 512 2343 566 ira
2362 509 2595 577 Domini,
2624 517 2687 566 ut
2714 510 2982 569 siccentur
3024 515 3161 571 alvei
3204 514 3377 573 ﬁumi-

126 625 145 659 ι
176 606 283 662 dux
318 605 372 660 in
398 611 545 659 terra
587 601 808 673 Egypti
853 615 961 655 non
1000 600 1105 656 erit
1143 599 1395 669 amplius.
1446 600 1513 655 Et
1557 600 1697 656 dabo

124 718 145 750 ι
181 706 443 754 terrorem
470 696 526 752 in
561 705 704 750 terra
754 692 972 764 Egypti
993 733 1008 759 ,
1036 701 1092 748 et
1131 693 1439 763 disperdam
1497 702 1697 748 terram

124 809 147 843 ι
173 788 541 853 Phatures,et
559 786 697 841 dabo
727 784 905 855 ignem
939 782 997 839 in
1021 782 1287 853 Tapbnis,
1313 792 1371 838 et
1402 782 1597 838 faciam
1617 781 1700 851 ju-

123 898 145 932 ι
176 878 318 936 dicta
356 877 413 933 in
448 874 774 932 Alexandria
798 913 819 940 ,
856 881 912 929 et
956 872 1227 929 effundam
1282 872 1700 943 indignationem

124 987 147 1022 ι
177 982 355 1025 meam
406 981 568 1035 super
596 964 868 1021 Pelusium
922 962 1086 1019 robur
1135 960 1374 1032 .Egypti,
1405 970 1462 1017 et
1496 962 1699 1017 interfi-

122 1080 143 1112 ι
175 1061 315 1118 ciam
345 1056 740 1114 multitudinem
764 1054 1121 1109 Alexandriae.
1151 1052 1218 1109 Et
1258 1052 1399 1109 dabo
1443 1052 1621 1122 ignem
1646 1052 1700 1106 in

122 1170 143 1204 ι
173 1152 411 1223 Διὶςνριο
436 1169 449 1204 :
479 1150 632 1220 quasi
680 1148 989 1220 parturiens
1035 1145 1239 1202 dolebit
1284 1144 1594 1210 Pelusium,
1647 1154 1701 1200 et

122 1262 142 1295 ι
175 1242 501 1298 Alexandria
525 1240 634 1297 erit
656 1238 939 1308 dissipata,
968 1244 1025 1293 et
1066 1236 1121 1291 in
1151 1235 1413 1305 Memphis
1442 1234 1702 1306 angustiae

120 1352 141 1384 ι
176 1331 525 1401 ςιιοιιιιὶιιιιω,
555 1327 786 1397 juvenes
834 1324 1174 1396 lleliopoleos
1198 1332 1252 1380 et
1276 1324 1494 1380 Bubasti
1524 1323 1701 1395 gladio

118 1442 139 1474 ι
171 1421 385 1486 cadent,
406 1430 462 1477 et
488 1420 619 1491 ipsa:
645 1418 873 1489 captivae
895 1417 1180 1482 ducentur,
1199 1424 1255 1470 et
1278 1415 1333 1470 in
1349 1414 1588 1485 Taphnis
1622 1415 1703 1469 ni-

118 1531 141 1563 t
169 1521 385 1584 greacet
404 1511 543 1577 dies,
575 1526 700 1566 eum
722 1508 1032 1565 contrivero
1055 1506 1129 1561 ibi
1154 1514 1366 1576 sceptra
1386 1503 1624 1575 Egypti,
1650 1511 1705 1558 et

115 1622 134 1653 ι
173 1604 437 1660 defecerit
454 1604 509 1658 in
529 1618 593 1658 ea
618 1601 871 1674 superbia
891 1600 1144 1671 potentiae
1157 1599 1273 1670 ejus
1298 1613 1315 1655 :
1337 1598 1510 1669 ipsam
1530 1597 1702 1652 nubes

114 1714 133 1744 ι
168 1697 396 1765 aperiet.
428 1694 579 1750 Filiae
604 1703 788 1751 autem
806 1692 923 1765 ejus
944 1692 998 1747 in
1020 1690 1387 1760 captivitatem
1418 1689 1699 1762 ducentur.

114 1802 134 1834 ι
174 1784 245 1838 Et
276 1783 472 1840 faciam
495 1784 698 1856 judicia
731 1784 791 1839 in
813 1780 1047 1853 Egypto
1068 1819 1084 1846 ,
1132 1787 1188 1835 et
1230 1779 1403 1834 scient
1447 1778 1572 1848 quia
1603 1792 1702 1848 ego

1797 618 1945 670 num,
1967 603 2164 659 hocest
2184 601 2289 659 Nili
2320 603 2599 680 διώρυχις,
2615 619 2785 675 usque
2806 605 2873 659 ad
2895 606 3091 672 solum,
3101 615 3158 663 et
3178 609 3235 663 in
3256 626 3373 665 ma-

1797 709 1873 748 nn
1888 694 2254 763 pestilentium
2282 694 2397 750 sive
2421 695 2696 750 hominum
2723 696 3077 765 pessinwrum
3099 700 3375 768 plenitudo

1799 783 2017 856 Egypti
2051 785 2339 850 desoletur,
2367 801 2486 841 mea
2524 787 2667 842 enim
2698 787 2860 842 verba
2907 788 3059 845 irrita
3102 806 3225 848 esse
3269 807 3375 847 non

1798 885 2041 945 possunt.
2091 875 2324 946 lllucque
2358 876 2605 947 proficiet
2646 878 2965 948 indignatio,
2997 888 3053 934 ut
3085 881 3375 941 simulacra

1800 966 2018 1039 Egypti
2042 966 2440 1037 disperdantur,
2464 978 2519 1023 et
2556 977 2770 1024 cessent
2798 969 2938 1025 idola
2980 969 3047 1025 de
3092 970 3379 1041 Memphis,

1800 1074 1921 1129 qua:
1948 1073 2118 1128 usque
2138 1060 2296 1113 hodie
2321 1060 2630 1130 metropolis
2670 1070 2757 1116 est
2792 1063 3189 1131 superstitionis
3210 1063 3378 1134 IEgy-

1800 1152 1947 1224 ptiae,
1974 1152 2087 1208 sive
2108 1152 2395 1221 optimates
2415 1160 2470 1207 et
2518 1152 2790 1222 principes
2824 1152 2891 1208 de
2928 1152 3191 1224 Memphis
3217 1163 3273 1209 et
3314 1154 3383 1209 de

1804 1251 1949 1299 terra
1977 1240 2217 1314 Egypti.
2251 1242 2454 1296 Tantus
2501 1251 2683 1297 autem
2713 1251 2888 1299 terror
2918 1253 3165 1299 cunctam
3208 1243 3380 1315 Egy-

1802 1344 1950 1405 ptum
1975 1334 2287 1404 possidebit,
2320 1342 2380 1389 ut
2398 1342 2540 1389 terra
2562 1332 2827 1390 Phatures
2861 1336 3040 1390 omnis
3066 1345 3291 1404 pereat,
3327 1345 3385 1392 et

1804 1424 1945 1495 ignis
1986 1432 2161 1478 vastet
2206 1422 2478 1493 Taphnis,
2518 1424 2655 1490 sive,
2684 1431 2743 1479 ut
2786 1423 2930 1481 LXX
2968 1426 3385 1494 transtulerunt,

1807 1512 1997 1568 Tanin.
2055 1512 2403 1583 Faciamque,
2435 1514 2535 1580 ait,
2552 1513 2754 1583 judicia
2804 1515 2860 1570 in
2887 1516 3231 1584 Alexandria,
3261 1534 3383 1587 quae

1803 1604 1963 1660 hodie
1998 1603 2077 1659 sic
2103 1614 2367 1659 vocatur:
2395 1612 2653 1661 cazterum
2680 1604 2973 1674 pristinum
2993 1622 3188 1663 nomen
3212 1608 3378 1663 habet

1805 1691 1906 1766 No,
1931 1692 2072 1761 quod
2095 1694 2287 1763 Aquila
2320 1693 2674 1766 Symmachus
2712 1704 2769 1750 et
2799 1696 3119 1761 Theodotio,
3140 1699 3301 1755 “sicut
3323 1699 3379 1754 in

1805 1731 1883 1746 μν
1931 1731 2072 1761 ιιιιυυ
2095 1731 2287 1763 ιιιίυιιια
2321 1731 2674 1766 u’m-muuo
2713 1731 2769 1750 νυ
2808 1731 3119 1761 ιιιυυυυιιν,
3158 1731 3301 1755 οιυυι
3323 1731 3379 1754 ιιι

1805 1731 2031 1839 Hebraeo
2060 1784 2293 1854 positum
2330 1791 2414 1839 est
2461 1785 2871 1843 transtulerunt.
2898 1786 3007 1843 Pro
3048 1804 3155 1858 quo
3202 1790 3389 1845 nescio

116 1895 136 1924 ι
179 1875 452 1933 Dominus.
487 1896 507 1929 ι
560 1876 692 1931 Post
727 1873 1043 1930 vicesimum
1091 1880 1147 1929 et
1193 1871 1483 1941 septimum
1507 1886 1707 1925 annum
1734 1864 1781 1923 B
1809 1873 1937 1941 quid
1973 1873 2213 1929 volentes
2261 1872 2611 1946 Septuaginta
2666 1876 2854 1933 dixere
2892 1877 3208 1950 Diospolim,
3268 1896 3388 1950 quae

110 1969 451 2038 captivitatis
472 1968 616 2039 regis
639 1966 886 2024 Joachim
908 1965 1201 2021 revertitur
1228 1966 1293 2021 ad
1310 1979 1548 2036 praesens
1576 1973 1703 2021 tein-

106 2076 221 2130 pus
263 2060 479 2133 quando
519 2068 707 2114 contra
748 2056 1043 2129 IEgyptum
1084 2063 1322 2127 cmperat
1355 2056 1705 2126 prophetare,

108 2149 171 2204 id
204 2158 304 2215 est,
332 2150 398 2203 ad
426 2164 627 2203 annum
650 2148 922 2203 decimum
946 2155 1000 2203 et
1026 2146 1293 2201 decimum
1316 2158 1578 2210 mensem,
1606 2160 1706 2198 un-

108 2243 329 2300 decima
350 2240 551 2296 mensis
572 2241 675 2294 die.
692 2239 757 2295 Et
780 2239 911 2295 dicit
936 2238 1038 2293 sibi
1065 2244 1391 2307 praeceptum
1406 2252 1434 2290 a
1452 2235 1700 2302 Domino,

112 2344 179 2391 ut
203 2334 451 2404 loquatur
472 2333 540 2391 ad
559 2348 747 2387 omnes
787 2332 1052 2393 nationes,
1078 2337 1134 2386 et
1158 2344 1279 2385 cum
1305 2328 1556 2383 omnibus
1585 2341 1705 2397 spe-

110 2425 327 2481 cialiter
353 2425 421 2480 ad
442 2422 754 2495 Aﬂgyptum.
782 2422 911 2490 Quae
945 2429 1072 2477 sunt
1104 2434 1232 2491 ergo
1271 2435 1390 2489 quae
1430 2418 1705 2489 loquitur?

116 2539 137 2573 ι
172 2519 405 2581 Ululate,
429 2533 530 2583 vae,
561 2532 640 2572 vae
671 2515 798 2579 diei,
838 2513 966 2584 quia
1013 2513 1169 2584 juxta
1219 2519 1303 2566 est
1346 2511 1480 2574 dies,
1511 2519 1564 2565 et
1612 2523 1707 2578 ap-

112 2609 437 2679 propinquat
482 2606 598 2661 dies
619 2602 853 2668 Domini,
888 2623 907 2656 ι
960 2616 1070 2659 non
1101 2601 1247 2655 claro
1290 2599 1401 2655 sole
1453 2597 1702 2664 rutilans,

113 2699 211 2754 sed
243 2705 429 2768 operta
456 2696 707 2759 nubibus,
739 2703 793 2749 et
824 2692 1173 2763 Babyloniam
1200 2689 1452 2746 adferens
1496 2699 1705 2759 tempe-

113 2796 331 2844 statem.
360 2785 601 2856 Cumque
623 2784 829 2856 gladius
869 2783 1097 2853 coeperit
1134 2789 1345 2837 vastare
1388 2778 1701 2851 Egyptum,

111 2896 281 2953 pavor
300 2880 405 2937 erit
428 2880 482 2934 in
506 2877 783 2948 Ethiopia
807 2891 926 2946 quae
956 2875 1137 2931 vicina
1165 2882 1249 2929 est
1267 2872 1524 2944 Egypto,
1547 2888 1613 2927 ne
1638 2872 1706 2927 ad

112 2985 174 3027 se
204 2984 374 3041 usque
410 2966 734 3038 Babylonius
770 2980 957 3021 mucro
1003 2963 1298 3036 perveniat.
1331 2962 1536 3017 Cadent
1562 2961 1703 3015 enim

111 3076 168 3114 tn
196 3058 424 3129 Egypto
448 3056 733 3123 vulnerati,
760 3064 815 3109 et
855 3053 1133 3110 auferetur
1158 3051 1446 3109 multitudo
1478 3050 1624 3105 illius
1653 3057 1706 3105 et

111 3166 286 3219 usque
312 3149 380 3205 ad
415 3147 757 3205 fundamenta
792 3146 971 3201 omnia
1019 3145 1371 3199 destruentur
1399 3182 1412 3208 ,
1471 3141 1544 3195 ita
1573 3142 1704 3196 utsi

1805 1962 2024 2034 [Egypti
2044 1979 2207 2034 parva
2229 1964 2423 2021 civitas
2450 1972 2550 2021 est.
2574 1963 2684 2021 Nos
2711 1973 2889 2021 autem
2907 1983 3007 2037 pro
3050 1967 3131 2023 No
3157 1968 3389 2025 Alexan-

1807 2053 1976 2109 driam
2026 2055 2303 2126 posuimus
2328 2096 2345 2122 ,
2389 2070 2488 2127 per
2525 2056 2999 2126 anticipationem,
3046 2075 3164 2129 quae
3202 2059 3389 2117 Graece

1805 2143 2068 2214 prolepsis
2101 2146 2396 2215 appellatur
2419 2186 2435 2211 ,
2477 2147 2632 2217 juxta
2663 2147 2791 2205 illud
2828 2147 3179 2219 Virgilianum
3207 2166 3223 2205 :
3278 2150 3385 2206 La-

1805 2235 2024 2305 vinaque
2049 2236 2184 2288 venit
2227 2234 2406 2290 liltora
2438 2251 2455 2290 :
2505 2251 2610 2291 non
2635 2252 2742 2306 quo
2782 2250 2846 2293 eo
2873 2248 3134 2309 tempore,
3177 2242 3389 2309 quando

1804 2323 1950 2377 venit
1983 2322 2188 2379 Encas
2222 2324 2276 2379 in
2306 2324 2516 2380 Latium
2549 2323 2770 2388 Lavinia
2799 2327 3125 2395 dicerentur,
3154 2331 3246 2386 sed
3268 2347 3389 2401 quae

1805 2423 1991 2485 postea
2014 2414 2237 2469 Lavinia
2273 2424 2582 2486 nuncupata
2630 2426 2777 2484 sunt,
2802 2426 2860 2473 ut
2884 2420 3216 2475 manifestior
3243 2420 3390 2476 locus

1806 2504 1960 2560 ﬁeret
2007 2504 2227 2560 lectoris
2276 2506 2661 2579 intelligentiae.
2702 2526 2720 2559 ι
2760 2508 2828 2563 Ει
2876 2508 3164 2577 effundam,
3194 2511 3386 2583 inquit,

1807 2595 2228 2667 indignationem
2275 2611 2449 2652 meam
2496 2613 2657 2669 super
2711 2595 2864 2666 Sain,
2905 2620 2925 2652 ι
2969 2617 3130 2673 quam
3180 2618 3277 2659 nos
3333 2604 3388 2658 in

1806 2688 2078 2746 Pelusium
2117 2694 2377 2749 vertimus
2407 2710 2422 2749 :
2454 2703 2511 2751 et
2538 2696 2703 2752 robur
2726 2696 3023 2768 appellatur
3056 2697 3278 2770 Egypti
3322 2715 3389 2755 eo

1806 2780 1948 2851 quod
1987 2791 2203 2852 portum
2240 2784 2439 2839 habeat
2483 2785 2811 2843 tutissimum
2836 2826 2851 2852 ,
2887 2795 2942 2843 et
2998 2789 3391 2860 negotiationes

1806 2873 1974 2927 maris
2023 2874 2094 2928 ibi
2126 2874 2211 2929 vel
2256 2877 2490 2931 maxime
2536 2886 2911 2933 exerceantur.
2946 2877 3097 2935 Unde
3134 2888 3190 2937 et
3232 2888 3390 2949 poeta

1806 2963 2141 3019 Pelusiacam
2169 2966 2400 3036 appellat
2440 2968 2665 3035 lentem,
2707 2984 2812 3023 non
2841 2968 2983 3040 quod
3009 2969 3079 3031 ibi
3112 2983 3278 3039 genus
3309 2972 3386 3023 le-

1807 3054 2040 3125 guminis
2069 3056 2319 3127 gignatur
2359 3056 2444 3112 vel
2471 3059 2725 3125 maxime,
2755 3060 2850 3116 sed
2886 3060 3027 3130 quod
3059 3077 3089 3115 e
3116 3060 3389 3117 Thebaide

1807 3156 1862 3201 et
1891 3148 2037 3203 omni
2067 3148 2299 3219 Aigypto
2327 3164 2423 3219 per
2448 3150 2621 3204 rivum
2652 3148 2755 3203 Nili
2810 3149 2935 3205 illuc
2962 3150 3253 3219 plurimum
3294 3151 3389 3205 de-

110 3216 237 3310 qui's
272 3240 327 3294 in
352 3237 585 3310 IEgypto
614 3237 910 3308 reperiatur
948 3237 1015 3294 de
1044 3234 1323 3306 Ethiopia
1351 3241 1407 3289 et
1441 3232 1609 3306 Libya
1644 3243 1698 3290 et
1724 3216 1769 3279 (ἶ
1802 3235 2029 3292 feratur.
2060 3256 2079 3288 ι
2126 3216 2577 3304 Ειίὶιιιέιΰοίιιιιι,
2606 3239 2704 3305 ait,
2731 3216 3127 3294 multitudinem
3157 3238 3390 3304 Alexan-

110 3332 302 3404 Lydia,
329 3339 384 3385 et
410 3332 463 3385 in
494 3346 778 3387 commune
824 3331 890 3386 de
937 3330 1102 3387 variis
1142 3329 1357 3401 populis
1414 3337 1470 3384 et
1508 3327 1696 3395 Chuh,

110 3421 257 3492 quod
273 3419 625 3492 Symmachus
642 3419 801 3474 vertit
821 3419 874 3473 in
896 3417 1171 3484 Arabiam,
1201 3427 1258 3473 et
1294 3417 1358 3472 de
1397 3415 1519 3471 filiis
1543 3424 1700 3472 terrae

108 3512 356 3576 hederis,
386 3511 489 3569 hoc
514 3518 618 3577 est,
643 3510 709 3566 de
737 3509 933 3580 populo
956 3509 1284 3575 Judaeorum,
1312 3524 1431 3567 cum
1462 3507 1567 3563 illis
1588 3506 1699 3578 gla-

109 3604 207 3661 dio
250 3601 582 3659 cadat.-Pro
632 3602 827 3672 quibus
897 3600 1147 3672 gentibus
1190 3597 1335 3655 LXX
1400 3606 1699 3669 posuerunt

110 3713 130 3747 ι
172 3692 351 3749 Persae
394 3700 448 3748 et
476 3691 760 3749 Cretenses
808 3701 863 3747 et
906 3691 1039 3763 Lydi
1071 3699 1126 3748 et
1172 3691 1373 3764 Libyes
1405 3700 1459 3748 et
1511 3707 1699 3749 omnes

106 3784 390 3842 commixti
418 3801 431 3838 :
464 3793 518 3840 et
554 3784 648 3839 filii
680 3784 1008 3840 Testamenti
1042 3783 1165 3849 mei,
1196 3796 1321 3839 cum
1374 3784 1490 3854 ipsa
1521 3783 1699 3856 gladio

105 3876 325 3933 cadent.
362 3895 381 3927 ι
414 3874 481 3928 Ει
504 3883 561 3928 ιιι
599 3874 861 3929 sciremus
883 3875 979 3928 has
1006 3889 1194 3928 omnes
1219 3882 1409 3944 gentes
1444 3873 1608 3927 fuisse
1643 3873 1699 3927 in

107 3968 316 4023 auxilio
345 3965 588 4037 IEgypti,
618 3982 847 4035 sequens
878 3982 1055 4021 sermo
1091 3967 1447 4021 demonstrat.
1478 3965 1543 4019 Et
1575 3981 1697 4020 cor-

111 4068 274 4115 rucnt
304 4057 582 4115 fulcientes
595 4056 905 4127 Egyptum,
929 4057 1038 4111 sive
1064 4057 1431 4113 sustentacula
1454 4056 1696 4127 ngypli,

108 4150 168 4204 id
191 4158 295 4213 est,
320 4148 471 4203 socii.
509 4148 576 4203 Et
602 4148 776 4202 omnis
819 4149 1068 4217 superbia
1110 4146 1345 4219 imperii,
1370 4147 1487 4203 sive
1507 4156 1697 4202 contu-

108 4238 276 4293 melia
303 4237 629 4294 fortitudinis
661 4237 801 4292 illius
832 4239 1137 4293 destruetur
1181 4254 1245 4293 ac
1290 4240 1606 4309 deponetur.
1653 4238 1700 4292 A

109 4338 267 4385 turre
299 4328 474 4401 Syene
498 4372 513 4397 ,
554 4346 715 4401 quam
760 4331 813 4384 in
843 4331 1102 4386 extremis
1149 4330 1346 4386 finibus
1374 4331 1595 4403 {Egypti
1628 4331 1699 4386 si-

112 4428 229 4475 tam
268 4419 520 4486 diximus,
560 4421 675 4476 sive
731 4439 750 4472 ι
798 4437 829 4476 a
874 4420 1119 4491 Magdalo
1160 4437 1331 4492 usque
1395 4420 1635 4495 Synncn,
1673 4442 1691 4474 ›

113 4512 258 4567 sicut
321 4511 668 4583 Septuaginta
717 4512 1148 4579 transtulerunt,
1202 4508 1390 4569 omnes
1446 4514 1698 4570 civitates

109 4600 331 4673 Egypti
362 4602 589 4655 desertae
642 4610 839 4666 erunt,
889 4610 949 4656 ut
999 4611 1324 4674 cognoscant
1374 4603 1692 4671 Dominum;

107 4690 329 4763 quando
358 4691 496 4763 ignis
515 4690 885 4747 Chaldaeorum
912 4694 1166 4749 universa
1192 4696 1506 4762 vastaverit,
1540 4705 1593 4749 ct
1616 4706 1698 4751 at-

110 4782 231 4837 triti
283 4780 482 4838 fuerint
506 4783 851 4839 auxiliatores
878 4782 1012 4853 ejus,
1040 4793 1095 4840 et
1136 4787 1483 4856 pervenerint
1526 4789 1697 4842 nuntii

104 4875 263 4944 juxta
292 4871 539 4942 Aquilam
576 4883 631 4927 et
655 4870 1078 4929 Theodotionem
1108 4875 1251 4940 siim,
1280 4891 1416 4944 quos
1444 4873 1697 4947 Symma-

110 4964 253 5020 chus
296 4964 570 5019 transtulit
609 4961 945 5032 festinantes,
974 4982 1071 5021 nos
1096 4966 1151 5022 in
1180 4966 1370 5022 trieres
1399 4968 1692 5036 vertimus;

112 5056 193 5110 ita
225 5053 367 5110 enim
410 5055 478 5111 ab
508 5053 749 5112 Hebraeis
783 5057 1088 5128 accepimus
1109 5098 1124 5125 ,
1182 5067 1242 5113 ut
1280 5060 1456 5117 omnis
1487 5060 1698 5117 Ethio-

111 5150 219 5220 piae
246 5147 437 5206 fiducia
471 5159 799 5219 conteratur,
832 5159 887 5209 et
930 5153 1143 5222 quando
1174 5151 1337 5208 fuerit
1368 5152 1547 5208 vicina
1575 5168 1700 5223 pro-

90 5240 291 5298 'vincia
315 5242 573 5311 desolata,
605 5260 773 5315 pavor
810 5254 991 5301 teneat
1032 5246 1351 5317 proximam.
1401 5244 1472 5301 Ut
1516 5253 1697 5300 autem

114 5333 383 5393 sciremus
404 5336 526 5409 quis
550 5344 693 5392 esset
737 5337 839 5391 iste
873 5335 1100 5407 gladius,
1147 5338 1237 5407 qui
1264 5346 1504 5394 vastaret
1531 5335 1696 5409 Aﬂgy-

110 5435 290 5499 ptum,
313 5435 368 5483 et
395 5435 625 5484 terreret
670 5424 1022 5498 Ethiopiam,
1046 5427 1290 5497 sequitur
1337 5427 1691 5484 manifestius.

120 5535 142 5570 ι
181 5516 251 5573 Ει
283 5533 497 5576 cessare
533 5516 734 5576 faciam
764 5518 1157 5573 multitudinem
1184 5516 1404 5592 Egypti
1429 5519 1483 5573 iu
1532 5534 1695 5573 manu

116 5605 611 5667 Nabuchodonosor
658 5609 799 5682 regis
844 5607 1153 5682 Babylonis,
1187 5628 1208 5661 ι
1250 5609 1341 5679 qui
1388 5625 1493 5663 non
1525 5609 1694 5664 solum

116 5697 319 5767 veniet,
342 5699 436 5755 sed
462 5699 641 5755 veniet
663 5697 847 5754 multis
865 5698 1153 5755 comitatus
1185 5698 1513 5765 nationibus,
1537 5698 1610 5753 ita
1639 5706 1698 5753 ut

120 5788 297 5846 omnis
324 5786 587 5862 Egyptus
615 5787 1017 5846 interfectorum
1050 5787 1316 5863 sanguine
1342 5787 1692 5859 compleatur.

1723 4567 1777 4625 D

1800 3327 1950 3392 driae,
1987 3348 2007 3381 ι
2042 3343 2161 3398 quae
2214 3345 2427 3385 rursum
2473 3330 2529 3383 in
2573 3328 2799 3386 Hebraeo
2826 3330 3000 3400 posita
3034 3339 3117 3386 est
3147 3331 3252 3397 No,
3288 3346 3387 3401 pro

1800 3434 1906 3489 qua
1936 3434 2275 3490 nequaquam
2302 3420 2594 3491 Diospolim
2643 3427 2699 3474 ut
2731 3435 2892 3491 supra
2916 3459 2931 3487 ,
2982 3422 3077 3476 sed
3103 3420 3387 3492 Memphim

1803 3506 2154 3579 Septuaginta
2180 3508 2586 3564 transtulerunt.
2621 3508 2686 3563 Et
2713 3520 2771 3563 ut
2798 3511 3046 3566 ostendat
3074 3511 3386 3582 populosam

1794 3604 1907 3673 jam
1940 3602 2031 3656 illo
2086 3611 2328 3672 tempore
2357 3599 2521 3656 fuisse
2566 3603 2779 3667 urbem,
2824 3602 3079 3669 Perdam,
3106 3604 3199 3670 ait,
3245 3604 3384 3659 mul-

1802 3692 2083 3747 titudinem
2098 3691 2199 3759 No,
2216 3700 2269 3747 et
2290 3692 2429 3748 dabo
2451 3693 2653 3765 ignem,
2669 3694 2769 3748 hoc
2787 3704 2868 3748 est
2895 3708 3074 3763 regem
3099 3692 3386 3765 Babylonis

1800 3782 1858 3836 in
1893 3781 2161 3854 Egypto,
2191 3785 2280 3853 qui
2306 3787 2479 3838 instar
2514 3785 2652 3857 ignis
2678 3793 2873 3839 cuncta
2895 3784 3199 3855 populetur.
3216 3784 3385 3853 Quasi

1799 3875 2106 3945 parturiens
2127 3874 2325 3930 dolebit
2340 3874 2489 3940 Sain,
2509 3875 2561 3929 id
2572 3874 2948 3940 est,Pelusium
2970 3894 2983 3929 :
3000 3876 3113 3930 sive
3126 3876 3385 3932 turbatio-

1802 3982 1869 4021 ne
1896 3965 2215 4031 turbabitur,
2233 3975 2287 4020 et
2302 3966 2355 4020 iu
2378 3965 2721 4031 Alexandria,
2741 3965 2793 4020 id
2813 3974 2917 4030 est,
2935 3967 2987 4021 in
3008 3965 3109 4035 No,
3124 3968 3229 4023 erit
3249 3968 3384 4022 scis-

1802 4073 1947 4112 sura.
1966 4058 2032 4111 Et
2059 4056 2424 4111 diiiundentur
2450 4072 2621 4125 aquae,
2651 4072 2753 4126 pro
2773 4074 2878 4127 qua
2909 4074 3121 4113 rursum
3165 4058 3387 4129 Septua-

1802 4149 1946 4219 ginta
1979 4147 2268 4218 Diospolim
2317 4146 2727 4203 transtulerunt.
2773 4148 2937 4204 Moris
2986 4160 3166 4205 autem
3217 4150 3383 4222 [Egy-

1800 4239 2037 4309 ptiorum
2082 4248 2185 4303 est,
2215 4247 2431 4307 propter
2480 4238 2887 4293 inundationem
2942 4239 3093 4307 Nili,
3142 4240 3383 4297 excelsos

1801 4344 2026 4399 aggeres
2054 4338 2368 4384 construere
2402 4345 2466 4386 ac
2514 4330 2659 4399 ripas
2717 4328 2844 4397 Nili,
2871 4330 2966 4400 qui
3010 4332 3057 4386 si
3104 4333 3383 4387 custodum

1802 4418 2122 4489 negligentia
2182 4419 2265 4475 vel
2315 4419 2478 4475 nimia
2524 4436 2787 4490 aquarum
2830 4423 3196 4492 magnitudine
3240 4425 3383 4495 rupti

1802 4511 2022 4577 fuerint,
2039 4512 2379 4581 subjacentes
2408 4529 2624 4584 campos
2646 4529 2983 4586 nequaquam
3013 4516 3186 4586 rigant
3207 4533 3381 4586 aquae,

1804 4601 1897 4656 sed
1927 4602 2237 4672 opprimunt
2259 4612 2418 4672 atque
2448 4602 2790 4672 populantur.
2822 4604 2925 4659 Per
2948 4607 3087 4675 quod
3115 4608 3381 4676 signiﬁca-

1802 4700 1909 4758 tur,
1936 4693 2015 4747 sic
2034 4693 2403 4748 Chaldaeorum
2424 4694 2663 4747 exercitu
2678 4696 3040 4763 occupandam
3064 4693 3375 4766 Egyptum,

1800 4787 2067 4855 quomodo
2096 4784 2480 4839 inundantibus
2509 4783 2611 4838 Nili
2659 4786 2834 4854 aquis,
2862 4795 2917 4841 et
2944 4801 3106 4855 super
3154 4788 3370 4841 modum

1798 4875 2164 4931 crescentibus
2188 4875 2387 4944 operiri
2424 4875 2734 4944 soletatque
2760 4875 3052 4943 corrumpi.
3080 4872 3183 4928 Pro
3206 4874 3365 4931 inun-

1797 4967 2013 5022 datione
2037 4982 2296 5036 aquarum
2336 4975 2392 5023 et
2440 4967 2735 5038 irruptione
2764 4977 2923 5037 atque
2957 4968 3187 5022 scissura
3219 4984 3376 5037 agge-

1748 5055 1759 5065 “
1803 5073 1942 5123 rum,
1976 5057 2028 5110 in
2052 5056 2276 5113 Hebraeo
2295 5057 2528 5127 positum
2556 5068 2657 5113 est.
2688 5077 2707 5111 ι
2744 5058 2809 5112 Ει
2841 5065 3001 5113 erunt
3030 5057 3081 5111 in
3113 5054 3376 5126 Memphis

1802 5148 2061 5219 angustia:
2077 5148 2426 5217 quotidianae,
2449 5169 2468 5201 ι
2489 5158 2549 5203 ιιι
2574 5149 2715 5204 unde
2737 5148 2889 5204 Nilus
2911 5148 3185 5214 dividitur,
3210 5156 3263 5202 et
3284 5147 3375 5202 ubi

1798 5241 1931 5312 Apis
1954 5241 2206 5312 templum
2228 5252 2331 5308 est,
2356 5250 2407 5297 et
2430 5243 2674 5298 consulta
2698 5241 3021 5312 respondent
3045 5240 3280 5305 oracula,
3300 5240 3373 5297 ibi

1800 5334 2128 5409 quotidianae
2154 5334 2412 5405 angustiae
2450 5333 2601 5389 flant.
2630 5332 2862 5389 Iuvenes
2893 5348 3104 5405 quoque
3126 5331 3375 5404 Heliopo-

1800 5425 1934 5491 leos,
1963 5443 2081 5496 quae
2097 5425 2358 5482 Hebraice
2386 5426 2684 5498 appellatur
2709 5430 2799 5491 on,
2824 5435 2878 5481 et
2900 5424 3123 5483 Bubasti
3150 5424 3374 5481 alterius

1797 5514 2053 5581 civitatis,
2088 5514 2263 5587 gladio
2285 5523 2563 5581 corruent,
2585 5514 2659 5569 ita
2697 5523 2753 5570 ut
2780 5514 2906 5585 ipsa:
2934 5514 3116 5583 urbes,
3135 5515 3239 5570 hoc
3265 5522 3372 5583 est,

1798 5606 2151 5670 habitatores,
2181 5606 2294 5661 sive
2320 5604 2574 5661 mulieres
2602 5614 2795 5661 earum“
2814 5607 3079 5662 ducantur
3120 5606 3174 5661 in
3203 5606 3373 5676 capti-

1799 5696 2043 5761 vitatem,
2073 5696 2164 5769 qui
2188 5710 2347 5751 sexus
2376 5692 2582 5763 injuriae
2612 5694 2868 5767 subjacet.
2889 5697 2946 5753 in
2981 5696 3218 5766 Taphnis
3241 5710 3369 5752 vero

1799 5804 1920 5863 quae
1946 5795 2029 5845 est
2063 5788 2208 5858 regia
2234 5786 2425 5843 civitas
2451 5796 2796 5846 conterentur
2815 5798 3023 5863 sceptra
3053 5788 3295 5862 Egypti,
3313 5788 3368 5843 id
