3916 6356
536 306 647 364 807

1227 303 1289 358 Β.
1330 301 1587 358 RABANI
1620 301 1843 359 MAURI
1877 300 2199 360 ARCHIEP.
2240 301 2854 363 MOGUNT.0PERUM
2875 299 3058 356 PARS
3093 298 3146 354 ll.
3201 287 3203 289 1
3695 298 3775 354 Μ

535 424 635 480 est,
667 429 828 471 omne
857 414 1064 484 regium
1113 427 1300 485 genus.
1331 413 1576 486 Cumque
1623 415 1863 486 potentia
1891 413 2008 485 ejus
2028 415 2114 470 in-
2141 416 2195 479 Α
2217 432 2326 474 non
2370 417 2636 487 plantavit
2673 414 2909 472 caelestis
2960 419 3120 484 pater
3164 408 3542 466 eradicabitur
3592 407 3773 478 (Hau.

535 507 774 566 terfectis
824 507 1162 579 principibus
1217 508 1495 575 defecerit,
1521 519 1649 566 tunc
1697 511 1968 582 nigrescet
1999 511 2116 566 dies

533 608 586 656 et
638 598 867 670 caligine
919 614 986 654 ac
1040 601 1283 657 tenebris
1320 603 1502 657 omnia
1571 603 2001 674 complebuntur,
2037 603 2116 658 ita

531 699 592 745 ut
618 693 733 760 ipsa
763 689 893 745 urbs
921 693 1199 761 operiatur
1246 694 1389 748 nube
1430 694 1684 750 maeroris
1731 709 1796 750 ac
1822 693 2018 750 luctus.
2047 693 2117 749 Et

532 782 658 839 ﬁliae
677 782 810 852 ejus,
843 783 896 838 id
919 791 1025 850 est,
1047 784 1242 855 Oppida
1266 784 1473 855 reliqua
1503 785 1772 840 ducantur
1801 785 1855 838 in
1890 785 2114 855 captivi-

532 882 720 940 tatem,
750 883 810 929 ut
839 884 1122 945 postquam
1166 873 1346 929 fecero
1387 873 1650 944 judicium
1694 876 1750 930 in
1778 874 2030 947 Egypto,
2062 881 2116 931 et

531 963 586 1019 in
616 966 824 1020 cunctis
846 965 1082 1033 judicem
1107 965 1572 1032 demonstravero,
1603 973 1731 1020 tunc
1751 967 1924 1022 sciant
1950 966 2116 1038 lEgy-

528 1057 625 1127 ptii
674 1057 816 1127 quod
863 1072 964 1128 ego
1006 1057 1108 1111 sim
1150 1056 1428 1112 Dominus.
1482 1057 1611 1112 Haec
1669 1059 1824 1128 quasi
1875 1057 2114 1128 parvulis

527 1149 793 1205 elementa
823 1149 1223 1220 descripsimus,
1256 1160 1316 1204 ut
1339 1166 1437 1222 per
1464 1150 1694 1217 litteras,
1724 1151 1981 1222 syllabas,
2010 1167 2112 1206 no-

527 1241 696 1307 mina,
719 1242 1112 1310 verborumque
1136 1251 1446 1297 contextum
1475 1244 1684 1312 possint
1713 1245 1780 1299 ad
1826 1244 2111 1299 lectionem

525 1346 700 1400 prosa:
722 1331 803 1385 vel
830 1331 1090 1387 carminis
1104 1333 1408 1401 pervenire.
1432 1331 1586 1390 Nunc
1599 1333 1977 1405 aggrediamur
2001 1342 2124 1411 tro—_

523 1421 812 1492 pologiam,
839 1430 894 1476 et
923 1422 1248 1476 latissimum
1269 1422 1653 1493 disputationis
1695 1425 1916 1496 pelagus
1958 1423 2110 1479 brevi

524 1514 680 1581 quasi
701 1513 926 1583 pictura:
955 1511 1139 1566 tabula
1162 1513 1614 1570 demonstremus.
1656 1512 1850 1569 Sermo
1875 1514 2108 1580 Domini,

521 1604 614 1673 qui
645 1613 763 1658 erat
805 1619 1021 1674 semper
1051 1604 1105 1657 in
1137 1613 1316 1676 patre,
1339 1605 1514 1661 factus
1542 1614 1626 1662 est
1665 1608 1733 1662 ad
1768 1607 2107 1677 prophetam,

519 1703 575 1752 et
594 1704 751 1752 vocat
769 1711 892 1751 eum
917 1711 1260 1766 nequaquam
1282 1697 1503 1753 nomine
1529 1713 1650 1764 suo,
1683 1699 1780 1754 sed
1805 1698 1974 1754 ﬁlium
2013 1699 2111 1764 ho-

2215 507 2330 580 xv).
2369 528 2388 561 ι
2417 507 2569 564 Unde
2594 516 2649 562 et
2688 506 2951 562 Jeremias
2977 505 3259 560 destruere
3289 499 3526 570 iubetur
3543 517 3664 571 quae
3683 519 3774 560 eoa

2215 608 2418 657 structa
2448 608 2636 666 erant,
2677 607 2736 653 ut
2767 597 2998 652 aediﬁcet
3023 595 3265 651 meliora.
3293 592 3572 649 Peribunt
3596 611 3774 666 quoqug

2215 693 2269 748 in
2293 692 2529 765 [Egypto
2557 690 2861 760 Ethiopes,
2895 688 3091 761 Libyes
3117 699 3171 744 et
3197 686 3358 759 Lydi,
3382 686 3508 741 sive
3530 683 3679 753 juxta
3701 689 3774 742 Se.-

2213 784 2511 856 ptuaginta,
2538 783 2736 849 Persae,
2766 779 3087 845 Cretenses,
3118 788 3174 835 et
3221 777 3392 850 Lydi,
3428 785 3494 830 et
3523 775 3707 848 Libyes
3737 793 3774 835 et

2213 874 2386 940 Chub,
2424 875 2478 929 id
2527 883 2626 940 est,
2671 873 2920 938 Arabes,
2969 881 3026 926 et
3072 885 3234 925 omne
3289 867 3576 938 reliquum
3607 868 3772 938 vulgus,

2213 983 2348 1038 quos
2379 986 2396 1017 ι
2424 967 2690 1039 Hybridas
2719 974 2881 1036 atque
2900 964 3173 1018 mixticios
3199 959 3345 1017 LXX
3370 959 3770 1016 transtulerunt:

2214 1075 2350 1130 quos
2383 1075 2570 1114 omnes
2593 1073 2690 1128 pro
2715 1057 3028 1112 diversitate
3059 1055 3325 1110 vitiorum
3357 1054 3772 1122 interpr-cutim:

2213 1152 2506 1215 nominum,
2534 1166 2655 1220 quae
2691 1150 2745 1204 in
2775 1149 2985 1206 visione
3025 1148 3155 1219 Tyri
3199 1147 3494 1218 posuimus
3525 1187 3541 1211 ,
3585 1147 3774 1204 diversas

2211 1257 2499 1314 possumus
2554 1241 2855 1310 intelligere
2913 1241 3179 1295 nationes.
3265 1238 3423 1294 Unde
3487 1238 3769 1306 Apostolus:

2220 1354 2239 1386 ‹
2279 1335 2408 1400 Vos,
2441 1333 2636 1403 inquit,
2661 1341 2849 1404 gentes
2899 1332 2954 1386 in
2992 1347 3174 1397 carne,
3209 1352 3228 1384 ι
3273 1330 3370 1400 qui
3400 1330 3654 1384 dicimini
3677 1345 3771 1401 pr:-

2210 1427 2418 1498 putium
2449 1425 2666 1498 (Ep/les.
2698 1423 2793 1495 ιι);
2820 1439 3112 1493 numquam
3138 1422 3286 1477 enim
3320 1421 3570 1477 dixisset
3595 1422 3644 1472 in
3661 1437 3771 1472 eam

2212 1527 2421 1589 gentes,
2455 1500 2559 1572 nisi
2587 1526 2770 1572 essent
2799 1515 2917 1569 alia:
2955 1515 3009 1569 in
3035 1514 3248 1584 spiritu.
3285 1511 3360 1568 Ut
3393 1513 3457 1566 in
3513 1511 3618 1564 alio
3651 1511 3765 1567 loco:

2217 1627 2235 1660 ‹
2277 1609 2460 1664 Videte
2480 1607 2645 1664 lsrael
2673 1607 2967 1662 secundum
2991 1619 3210 1660 carnem
3237 1602 3289 1674 (I
3320 1601 3454 1656 Cor.
3515 1602 3592 1670 ι).
3625 1622 3640 1652 ι
3664 1602 3764 1656 [nde

2211 1715 2538 1773 magnOpere
2581 1698 2972 1769 providendum
3013 1705 3118 1761 est,
3142 1712 3211 1752 ne
3242 1695 3412 1750 corde
3481 1705 3764 1748 revertamur

519 1789 720 1844 minis:
748 1790 892 1860 quod
915 1789 972 1844 in
1001 1787 1297 1859 Scripturis
1325 1791 1527 1846 sanctis
1553 1791 1610 1845 in
1652 1790 1850 1846 bonam
1899 1802 2110 1862 partem
2138 1785 2186 1843 B
2214 1792 2268 1846 in
2298 1790 2609 1862 IEgyptum,
2633 1790 2699 1845 de
2715 1805 2820 1860 qua
2848 1787 3015 1844 semel
3039 1787 3310 1843 exivimus
3332 1799 3391 1840 et
3415 1795 3576 1839 inter

518 1898 734 1954 semper
761 1883 1027 1953 accipitur
1073 1884 1338 1939 duntaxat
1386 1899 1614 1941 numero
1658 1885 1942 1956 singulari,
1965 1893 2026 1939 ut
2055 1886 2108 1939 in

519 1975 624 2030 hoc
652 1975 842 2030 eodem
879 1975 1142 2045 propheta
1171 1983 1227 2030 et
1270 1975 1324 2029 in
1353 1975 1573 2031 Daniele
1597 1984 1655 2031 et
1702 1976 1758 2030 in
1786 1976 2106 2047 Evangelio;

519 2064 758 2141 alioquin
800 2065 998 2135 plurali
1049 2081 1277 2122 numero
1308 2067 1363 2121 in
1393 2069 1729 2124 contrarium
1763 2067 1960 2138 legitur
1986 2109 2001 2134 ,
2051 2075 2112 2124 ut

517 2157 795 2214 est-illud:
833 2176 852 2208 α
885 2156 1008 2212 Filii
1049 2158 1350 2224 hominum,
1398 2159 1585 2214 dentes
1623 2174 1814 2214 eorum
1852 2175 2005 2213 arma
2056 2167 2111 2214 et

515 2256 743 2328 sagittze,
764 2266 820 2313 et
837 2257 1020 2330 lingua
1044 2273 1230 2314 eorum
1252 2257 1462 2329 gladius
1484 2267 1695 2313 acutus.
1722 2277 1740 2308 ι
1760 2257 1828 2312 Ει
1847 2273 2060 2312 rursum
2092 2275 2103 2310 :

521 2363 541 2398 ι
575 2346 699 2402 Filii
731 2348 1037 2415 hominum,
1069 2361 1351 2417 usquequo
1373 2348 1527 2418 gravi
1549 2348 1747 2403 corde?
1771 2367 1789 2398 ›
1811 2343 1983 2417 (Psal.
2008 2344 2108 2416 ιν.)

513 2437 624 2494 Leo
658 2441 806 2495 enim
849 2441 1045 2512 rugiet,
1062 2449 1116 2494 et
1150 2439 1274 2509 quis
1313 2455 1422 2495 non
1450 2440 1698 2494 timebit?
1726 2440 1988 2494 Dominus
2032 2437 2110 2492 lo-

515 2538 672 2586 cutus
723 2540 807 2587 est
849 2542 906 2586 et
959 2531 1082 2600 quis
1127 2546 1234 2585 non
1287 2530 1669 2601 prophetabit?
1703 2550 1722 2582 ι
1770 2530 1949 2600 (Amos
1999 2526 2106 2599 ιιι.)

519 2637 538 2670 ι
573 2619 807 2685 Ululate,
828 2620 1024 2690 inquit,
1048 2635 1150 2684 va),
1179 2633 1261 2673 vae
1295 2620 1421 2685 diei,
1454 2621 1577 2690 quia
1601 2620 1758 2688 juxta
1785 2629 1870 2675 est
1898 2621 2030 2685 dies,
2053 2626 2109 2674 et

514 2713 930 2781 appropinquat,
956 2711 1088 2767 dicit
1108 2711 1386 2779 Dominus,
1409 2714 1524 2768 dies
1546 2714 1724 2780 nubis,
1759 2723 1968 2783 tempus
1994 2714 2107 2767 sive

514 2800 641 2854 ﬁnis
690 2802 930 2872 gentium
959 2804 1083 2859 erit.
1136 2824 1156 2857 ι
1192 2803 1396 2874 Duplex
1428 2803 1824 2858 consummatio
1852 2810 1973 2856 est:
2014 2809 2108 2855 aut

515 2892 844 2963 generaliter
885 2895 1162 2961 omnium,
1216 2896 1432 2965 quando
1468 2893 1592 2950 ﬁnis
1627 2892 1811 2946 mundi
1865 2891 2102 2944 advene-

512 2985 622 3039 rit:
669 2994 763 3041 aut
815 2986 1122 3058 specialiter
1185 2986 1521 3059 singulorum
1554 3026 1569 3050 ,
1623 2983 1838 3054 quando
1898 2990 2108 3050 tempus

510 3073 703 3130 mortis
749 3075 1025 3132 institerit.
1064 3076 1231 3131 Juxta
1262 3084 1443 3131 autem
1473 3074 1688 3140 dicitur,
1724 3073 1851 3142 quia
1886 3070 2106 3126 aeterni-

2210 1890 2399 1954 gentes
2426 1882 2787 1947 inveniamur,
2819 1891 2874 1936 et
2902 1895 3190 1950 pereamus
3229 1879 3437 1952 gladio.
3517 1879 3591 1933 De
3629 1881 3764 1946 quoin

2211 1975 2665 2044 consequentibus
2688 1974 2888 2028 dieitur
2914 1992 2926 2026 :
2957 1992 2974 2024 ι
2999 1971 3236 2028 Juvenes
3258 1971 3620 2040 Heliopoleos
3639 1971 3762 2024 ethi-

2209 2066 2348 2122 basti
2399 2064 2576 2134 gladio
2614 2065 2827 2129 cadent,
2871 2083 2889 2115 ›
2936 2065 3173 2118 maxime
3210 2079 3338 2118 cum
3381 2061 3664 2134 jungatur,
3697 2073 3762 2117 «et

2210 2156 2307 2212 ﬁlii
2335 2166 2493 2212 terrae
2514 2155 2735 2212 fuederis
2761 2157 2875 2212 sive
2903 2155 3241 2211 Testamenti
3269 2155 3384 2209 mei
3414 2155 3588 2209 simul
3611 2171 3760 2209 macro-

2211 2262 2281 2304 ne
2303 2247 2584 2304 ferientur.
2627 2268 2646 2301 ι
2697 2247 2775 2302 De
2819 2249 3015 2317 quibus
3049 2249 3314 2317 scriptum
3374 2256 3470 2302 est
3497 2265 3513 2300 :
3544 2267 3564 2300 ι
3607 2249 3759 2318 qui

2211 2339 2544 2394 descendunt
2572 2340 2627 2393 in
2655 2339 2946 2410 [Egyptum
2975 2339 3042 2393 ad
3063 2339 3329 2392 auxilium
3359 2340 3418 2394 in
3444 2341 3605 2410 equis
3622 2351 3758 2395 etcur-

2209 2429 2360 2485 ribus
2383 2430 2714 2486 conﬁdentes
2740 2430 2873 2502 (lsa.
2893 2429 3069 2502 uxr).
3102 2451 3120 2483 ι
3155 2428 3251 2484 Sin
3275 2440 3476 2486 autem
3506 2443 3755 2486 ceterarum

2209 2526 2448 2594 gentium
2473 2525 2719 2580 homines
2745 2525 3085 2579 trucidantur
3109 2524 3164 2577 in
3177 2521 3454 2595 IEgypto,
3485 2536 3758 2595 quantum

2207 2617 2288 2688 gis
2314 2616 2409 2670 ﬁlii
2441 2615 2660 2671 foederis
2684 2623 2739 2670 et
2767 2615 3101 2670 Testamenti
3128 2614 3248 2686 Dei,
3275 2615 3378 2684 qui
3405 2625 3756 2670 contemnentes

2208 2707 2522 2778 angelorum
2544 2721 2740 2777 panem
2770 2723 2782 2760 :
2815 2705 3034 2777 ngypti
3059 2695 3332 2775 peponum
3375 2714 3435 2759 et
3478 2721 3704 2776 ceparum
3725 2712 3756 2757 ei

2207 2796 2475 2860 alliorum,
2492 2806 2910 2852 etcucumerum
2928 2797 3196 2852 recordati
3221 2804 3376 2851 sunt.
3401 2797 3760 2853 Tuuccon'uatt

2207 2890 2573 2944 sustentacula
2595 2898 2651 2944 et
2676 2888 2850 2944 fulcra
2877 2887 3121 2959 Egypti,
3149 2903 3273 2957 quae
3317 2904 3454 2943 eam
3488 2890 3542 2943 in
3579 2890 3759 2959 nequitia

2207 2982 2623 3036 sustentabant:
2664 2980 3074 3035 dialecticorum
3107 2979 3338 3048 argutiae
3379 2990 3439 3034 et
3477 2979 3763 3048 philosopho-

2209 3095 2332 3133 rum
2368 3080 2624 3148 stmphae,
2649 3077 3114 3134 contumeliosum.
3145 3091 3372 3146 quoque
3407 3091 3473 3130 ac
3527 3074 3760 3143 superbum

509 3167 607 3220 tati
659 3175 1030 3238 comparatum
1074 3184 1236 3224 omne
1277 3178 1489 3239 tempus
1528 3167 1694 3222 breve
1723 3140 1824 3220 est.
1859 3163 2014 3220 Unde
2049 3170 2105 3218 et
2134 3140 2178 3203 (ἶ
2210 3140 2500 3239 imperium
2526 3140 2860 3231 destruetur,
2882 3167 2975 3237 qui
3004 3140 3186 3222 omnia
3211 3140 3520 3236 loquuntur
3541 3140 3624 3233 pc}
3641 3175 3765 3213 arro-

509 3257 675 3314 Jacdb
713 3269 933 3315 centum
979 3269 1036 3317 et
1083 3262 1306 3333 triginta
1358 3275 1572 3326 annos,
1635 3258 1831 3328 quibus
1871 3257 2100 3322 vixerat,

516 3365 538 3400 ι
567 3351 762 3420 pauci,
808 3352 1024 3422 inquit,
1076 3362 1130 3408 et
1185 3353 1409 3423 pessimi
1459 3359 1586 3409 sunt
1629 3349 1747 3404 dies
1797 3347 1904 3403 mei
1945 3345 2099 3419 (Gen.

511 3441 702 3511 nvu).
750 3462 768 3494 ι
813 3443 881 3497 Et
930 3433 1218 3499 Ps'almista
1257 3442 1587 3506 de.universi
1639 3440 1852 3513 generis
1881 3438 2104 3493 humani

513 3530 803 3602 fragilitate
834 3534 1134 3604 disputans,
1167 3536 1243 3589 ait
1269 3553 1282 3588 :
1324 3554 1342 3586 ι
1377 3534 1503 3589 Dies
1535 3533 1707 3588 nostri
1735 3532 1889 3602 quasi
1913 3531 2102 3586 umbra

511 3629 893 3691 pertranseunt
914 3622 1087 3696 (Psal.
1115 3624 1209 3696 Cl).
1250 3645 1269 3677 ›
1314 3623 1468 3691 Quod
1489 3634 1804 3694 reputantes
1825 3664 1840 3689 .
1880 3638 1981 3678 nec
2007 3637 2105 3691 po-

513 3715 678 3770 tentia
705 3715 1002 3784 erigemur,
1026 3732 1127 3772 nec
1153 3717 1356 3772 divitiis
1385 3716 1782 3781 incubabimus,
1806 3730 1908 3770 nec
1932 3713 2103 3769 felici-

512 3814 622 3862 tate
649 3808 972 3875 laetabimur,
996 3810 1103 3864 cito
1130 3809 1312 3869 omnia
1336 3807 1630 3864 auferenda
1652 3815 1959 3862 noscentes.
1978 3805 2104 3860 Pul—

510 3893 747 3968 c'lircque
772 3898 883 3953 dies
921 3899 1119 3954 dicitur
1153 3899 1366 3953 Domini
1397 3940 1412 3964 ,
1455 3898 1670 3968 quando
1698 3896 1875 3951 omnis
1920 3895 2102 3951 saeculi

511 3990 854 4046 conversatio
881 3990 1212 4058 destruetur,
1237 4002 1291 4047 et
1318 4005 1505 4047 errore
1527 3989 1738 4045 sublato
1767 4003 1872 4043 una
1899 3988 2102 4042 veritas

509 4080 810 4151 apparebit.
853 4081 1084 4152 Diesque
1121 4083 1279 4138 nubis
1306 4092 1360 4138 et
1387 4081 1614 4147 nebulae,
1641 4081 1820 4136 nullus
1861 4080 2004 4135 enim
2028 4080 2105 4134 in-

511 4171 756 4242 trepidus
785 4172 1134 4243 incertusque
1162 4173 1228 4226 de
1264 4173 1536 4227 sententia
1560 4172 1766 4240 absque
1791 4183 1992 4239 pavore
2016 4169 2104 4240 ju-

512 4263 683 4318 dicem
707 4263 1069 4331 praestolatur.
1090 4263 1157 4316 Et
1179 4271 1415 4333 tempus,
1431 4263 1545 4317 sive
1569 4261 1692 4316 ﬁnis
1713 4262 1954 4332 gentium
1976 4260 2099 4324 erit,

512 4369 619 4409 non
645 4354 809 4408 unius
835 4354 1012 4423 gentis
1037 4352 1329 4424 Egyptiaz,
1363 4356 1455 4410 sed
1481 4355 1877 4420 universarum,
1909 4362 1967 4408 ut
1996 4369 2104 4408 ma-

511 4441 770 4496 nifestum
801 4443 892 4496 ﬁat
921 4443 986 4497 de
1014 4445 1224 4498 cunctis
1262 4445 1510 4513 gentibus
1550 4446 1880 4514 prophetari.
1914 4444 2104 4515 Sequi-

512 4538 602 4585 tur
628 4549 640 4584 :
677 4549 695 4582 ι
726 4529 916 4586 Veniet
943 4531 1154 4603 gladius
1182 4533 1238 4588 in
1266 4533 1580 4605 Egyptum.
1619 4555 1638 4587 ι
1670 4535 1895 4592 Gladius
1917 4551 2101 4592 versa-

512 4622 640 4687 tilis,
673 4629 728 4677 et
768 4621 1068 4689 ﬂammeus,
1109 4639 1288 4679 sermo
1315 4624 1548 4691 divinus,
1584 4625 1673 4695 qui
1699 4625 1870 4682 bonos
1891 4641 1921 4679 a
1944 4625 2101 4680 malis

512 4714 730 4780 dividet,
767 4723 820 4771 et
852 4716 1119 4785 pessimos
1145 4734 1273 4773 suos
1307 4717 1428 4788 igne
1460 4726 1742 4772 consumat
1775 4737 1786 4771 :
1841 4718 1902 4774 ln
1933 4717 2100 4790 ngy-

508 4813 659 4875 ptum
687 4815 866 4862 autem
880 4806 1039 4876 hujus
1052 4809 1252 4877 saaculi,
1272 4811 1344 4864 ita
1359 4819 1420 4864 ut
1438 4825 1605 4880 pavor
1638 4811 1709 4866 sit
1739 4809 1795 4864 in
1823 4810 2099 4881 Ethiopia

510 4897 601 4968 qui
633 4907 781 4955 trans
803 4900 1094 4972 IEgyptum
1120 4902 1176 4954 in
1197 4911 1355 4957 nocte
1376 4905 1580 4960 erroris
1607 4915 1661 4960 ct
1693 4904 1930 4961 tenebris
1952 4922 2100 4962 com-

508 5000 814 5057 morantur,
835 5001 891 5046 et
914 5008 1145 5061 quorum
1169 4993 1390 5063 nigredo
1419 4995 1473 5049 in
1519 4998 1807 5053 candorem
1838 5006 1932 5052 aut
1966 4996 2102 5054 difﬁ-

511 5083 701 5148 culter,
740 5093 836 5137 aut
888 5099 1231 5154 nequaquam
1278 5089 1629 5144 convertitur.
1677 5090 1990 5160 Cadentque
2044 5091 2100 5146 in

511 5171 746 5245 [Egypto
773 5174 1054 5240 vulnerati,
1102 5177 1193 5246 qui
1245 5177 1384 5233 male
1422 5189 1684 5235 steterant
1735 5181 1789 5235 in
1835 5181 2095 5251 nequitia.

519 5282 537 5315 ι
572 5264 639 5318 Et
663 5264 939 5320 auferetur
988 5268 1276 5324 multitudo
1323 5269 1562 5342 IEgypti.
1606 5294 1623 5323 ι
1676 5272 1810 5327 Lata
1857 5274 2001 5328 enim
2046 5281 2102 5328 et

513 5354 748 5424 spatiosa
786 5356 872 5411 via
901 5367 1006 5426 est,
1050 5377 1171 5432 quae
1221 5360 1369 5417 ducit
1404 5362 1473 5417 ad
1504 5372 1757 5418 mortem.
1813 5365 1878 5418 Et
1906 5364 2100 5422 funda-

512 5459 695 5505 menta
741 5451 884 5507 illius
931 5455 1295 5522 destruentur,
1332 5466 1391 5513 ut
1419 5458 1554 5513 nihil
1610 5458 1664 5513 in
1707 5457 1941 5529 Aﬁgypto
1989 5459 2100 5530 pri-

511 5539 667 5596 stinze
694 5542 928 5601 resideat
958 5547 1231 5604 ﬁrmitatis
1253 5590 1268 5616 ,
1313 5551 1409 5604 sed
1458 5550 1689 5605 desertis
1738 5549 2101 5606 fundamentis

512 5635 762 5706 pessimis
809 5648 1040 5710 ponatur
1091 5640 1499 5698 fundamentum
1549 5641 1772 5708 Christi,
1801 5658 1965 5713 super
1991 5657 2100 5712 quo

513 5730 804 5786 aediﬁcetur
833 5726 1097 5790 Ecclesia.
1138 5751 1157 5784 ‹
1191 5730 1381 5791 Omnis
1406 5734 1604 5806 quippe
1633 5734 1917 5806 plantatio,
1934 5749 2099 5806 quam

2133 4495 2181 4554 D

2207 3261 2469 3332 gantiam,
2495 3267 2551 3314 et
2584 3259 3011 3315 ecclesiasticam
3044 3257 3459 3326 simplicitatem
3485 3255 3652 3308 ducunt
3676 3264 3762 3318 pro

2206 3351 2382 3405 nihili.
2415 3370 2433 3402 ι
2468 3350 2516 3404 Α
2542 3359 2694 3404 turre
2713 3350 2858 3404 enim
2891 3348 3096 3420 Syenes
3117 3347 3319 3402 cadent
3341 3349 3403 3401 in
3438 3361 3550 3406 ea.)
3590 3355 3697 3411 quae
3721 3341 3766 3392 in

2206 3442 2465 3496 extremis
2512 3442 2759 3497 terminis
2780 3439 3018 3511 IEgypti,
3051 3437 3350 3509 Ethiopiaa
3393 3438 3766 3504 Blemmyarum-

2205 3549 2311 3604 que
2352 3533 2582 3588 conﬁnis
2618 3541 2726 3599 est,
2770 3532 2864 3586 ubi
2898 3531 3048 3585 Nilus
3077 3528 3494 3600 innavigabilis,
3531 3535 3585 3583 et
3605 3532 3766 3579 catara-

2207 3633 2420 3680 ctarum
2447 3624 2653 3695 fragor,
2685 3631 2741 3678 et
2767 3623 2948 3677 omnia
2987 3621 3131 3676 invia
3162 3621 3446 3690 plenaque
3486 3613 3764 3687 serpenti!!!

2206 3725 2262 3771 et
2287 3723 2680 3772 venenatorum
2727 3713 3103 3768 animantium.
3159 3711 3257 3766 Sin
3306 3721 3525 3776 autem,
3556 3716 3614 3762 ut
3650 3717 3766 3774 squ:

2207 3807 2462 3871 diximus,
2485 3805 2767 3876 Magdalus
2794 3802 3274 3873 magniﬁcentiam,
3324 3810 3384 3856 et
3419 3800 3602 3872 Syene
3625 3810 3762 3869 gyri!!!

2207 3910 2386 3966 sonat,
2421 3900 2772 3970 perspicuum
2801 3907 2907 3965 est,
2936 3898 3079 3969 quod
3117 3896 3396 3969 Egyptian
3427 3912 3587 3968 Opes,
3609 3904 3656 3949 et
3680 3906 3768 3946 cm-

2207 3992 2487 4047 tumeliosa
2505 3989 2765 4046 fortitudo
2780 4000 2835 4046 et
2851 3989 3270 4061 magniﬁcentia,
3288 3989 3342 4043 id
3358 3998 3480 4054 est,
3495 3985 3767 4056 jactantiad

2205 4082 2566 4139 exaltationes
2621 4083 2998 4151 vituperemur
3044 4095 3165 4149 quae
3217 4081 3286 4134 ad
3334 4094 3546 4150 gyrum
3600 4071 3766 4146 Egypt

2203 4176 2502 4246 pertinent,
2525 4175 2617 4230 ubi
2648 4175 2783 4228 nihil
2824 4173 3017 4230 stabile
3046 4181 3153 4239 est,
3188 4172 3283 4227 sed
3327 4172 3557 4228 incerto
3592 4169 3768 4224 volvite!

2205 4268 2358 4339 lapsu
2405 4278 2460 4324 ct
2506 4267 2753 4338 pervenit
2797 4268 2865 4323 ad
2915 4266 3145 4320 ruinam.
3193 4264 3348 4319 Tunc
3407 4263 3769 4334 dissipabuntst

2207 4360 2485 4432 Egyptiae
2524 4360 2791 4424 civitates,
2819 4367 2875 4413 et
2920 4366 3064 4413 terra
3095 4357 3312 4412 deserta
3359 4358 3520 4422 erit,
3577 4367 3628 4409 et
3669 4348 3766 4405 unﬁt

2208 4453 2556 4523 congregatio
2590 4451 2910 4515 remanebit,
2945 4448 3150 4504 habens
3183 4446 3389 4516 aliquid
3419 4445 3704 4504 ﬁrmitatis,
3732 4449 3770 4492 ut

2209 4562 2389 4602 rerum
2434 4547 2544 4601 line
2609 4550 2938 4614 cognoscant
2993 4541 3136 4611 quod
3201 4539 3317 4610 ipse
3372 4541 3461 4593 sit
3521 4538 3769 4593 Dominus.

2207 4637 2424 4709 quando
2459 4635 2672 4690 miserit
2710 4635 2889 4706 ignem
2935 4633 2989 4687 in
3033 4631 3304 4703 Egypto,
3352 4646 3539 4700 quem
3567 4629 3772 4686 Domina

2207 4726 2400 4781 ardere
2467 4724 2780 4790 desiderat,
2857 4730 2917 4776 ut
2998 4719 3220 4786 fenum,
3301 4719 3508 4790 ligna,
3577 4717 3772 4789 εὑρὼν

2208 4833 2328 4887 quae
2393 4830 2560 4884 supra
2620 4813 3032 4870 fundamentum
3089 4811 3293 4868 Christi
3331 4813 3618 4868 aediﬁcata
3669 4816 3768 4865 sunt

2207 4915 2649 4973 concrementur,
2700 4915 2754 4962 ct
2805 4923 2994 4962 omnes
3036 4906 3388 4961 auxiliatores
3427 4914 3770 4976 perversam

2207 5000 2521 5069 dogmatutn
2561 5005 2932 5052 conterantur.
2979 4997 3058 5051 Ex
3098 5012 3207 5066 quo
3241 4995 3664 5068 intelligendum
3691 4992 3774 5046 tabi

2204 5091 2438 5146 nominis
2474 5090 2781 5155 scientiam,
2822 5099 2878 5144 et
2912 5103 3006 5145 eos
3045 5089 3112 5144 de
3147 5089 3343 5160 quibus
3370 5091 3651 5160 scriptum
3676 5097 3776 5141 est:

2210 5203 2229 5234 ‹
2275 5184 2488 5254 Dissipa
2539 5198 2728 5239 omnes
2777 5192 2983 5254 gentes,
3031 5199 3154 5254 qua:
3199 5182 3339 5238 bella
3384 5183 3596 5238 volunt
3643 5178 3774 5250 (Pal.

2203 5273 2395 5344 vau),
2426 5294 2444 5326 ι
2493 5274 2673 5330 socios
2713 5281 2768 5328 et
2811 5274 3161 5330 auxiliatores
3203 5271 3430 5345 {Egypti
3483 5270 3778 5342 umnam-Iri-

2207 5385 2226 5418 ‹
2252 5365 2312 5420 In
2339 5366 2445 5431 die,
2472 5366 2669 5436 inquit,
2699 5364 2788 5419 illa
2817 5366 3164 5437 egredientur
3193 5365 3369 5420 nuntii
3392 5381 3427 5420 a
3453 5368 3609 5422 facie
3629 5379 3744 5420 mra.
3764 5377 3778 5405 ν

2201 5457 2268 5512 de
2301 5458 2497 5528 quibus
2535 5458 2588 5511 in
2627 5457 2923 5528 Evangelio
2958 5457 3217 5528 scriptum
3257 5466 3342 5513 est
3372 5476 3386 5511 :
3424 5477 3445 5509 ε
3473 5456 3676 5529 Angeli
3713 5467 3783 5504 ω-

2201 5566 2322 5605 rum
2352 5564 2565 5620 semper
2592 5549 2781 5606 vident
2807 5548 2998 5604 faciem
3028 5548 3205 5605 Patris
3231 5549 3359 5612 mei,
3384 5549 3481 5619 qui
3514 5557 3606 5604 est
3630 5549 3784 5601 incin-

2202 5639 2269 5696 lis
2301 5639 2515 5712 (Matth.
2546 5639 2724 5713 xviii).
2755 5658 2775 5692 ι
2832 5640 2901 5694 Et
2928 5641 2983 5694 in
3017 5641 3274 5696 sementis
3301 5639 3574 5710 parabola
3609 5647 3788 5710 mw?—

2202 5749 2293 5792 res
2321 5736 2516 5807 angeli,
2550 5736 2604 5794 id
2625 5745 2731 5804 est,
2763 5735 2856 5806 qui
2896 5735 3071 5792 nuntii
3097 5744 3240 5805 sunt,
3272 5734 3582 5791 mittuntur
3613 5741 3671 5786 ut
3695 5726 3794 5782 ante
