3916 6356
799 357 826 374 “·
873 369 892 386 τ
927 361 929 364 ·
978 344 988 376 ί
1081 344 1434 404 εοιιιιικιτ.
1465 344 1542 399 ἸΝ
1573 342 1722 401 διες

1825 343 2030 401 EDEM.
2071 367 2143 388 -ι-
2171 341 2296 403 LIB.
2341 339 2428 403 Kl.
2487 339 2530 350 ”
2581 343 2584 372 ⁵

3279 347 3384 404 810

136 457 566 514 versa-scandala
603 468 960 530 congregant,
993 467 1060 516 et-
1087 461 1308 514 mittant
1341 473 1418 514 ea
1442 459 1497 512 in
1537 457 1707 514 cami—
1738 473 1788 534 Α
1813 459 1912 514 bus
1929 460 2140 515 diversa
2165 461 2536 516 haereticon
2557 469 2612 516 et
2633 459 2810 517 omnia
2834 461 3231 519 mendaciorum
3251 473 3383 516 cmi-

137 561 262 602 num
292 547 466 618 ignis:
495 549 634 606 rubi
663 548 930 606 est-ﬁcum
953 550 1251 615 oculorum,
1282 557 1337 604 et
1359 549 1562 603 strimr
1586 547 1714 628 den-

138 642 272 698 tium
297 642 510 713 (Matth.
541 645 662 717 Vill)
693 659 710 698 :
743 664 762 696 ι
801 645 1235 714 festinabuutque
1256 643 1478 714 implere
1505 655 1711 714 prace-

134 743 282 803 ptum
299 773 316 799 ,
348 743 408 790 ut
431 736 739 804 deterreant
763 737 876 792 sive
901 743 1184 793 conterent
1207 736 1510 808 ‘Ethiopiaa
1539 733 1711 792 confl-

135 823 369 887 dcntiam
384 865 400 892 ,
431 826 524 896 qui
548 826 618 881 ad
642 841 910 884 summum
935 827 1154 882 malitiae
1179 828 1434 882 verticem
1450 837 1714 896 μοι-νοω

135 923 282 983 runt,
301 925 362 971 ut
387 915 446 971 in
461 918 746 973 eversione
772 915 993 988 Egypti
1017 915 1297 988 Ethiopia
1321 923 1632 973 conteratur
1655 921 1714 971 et

132 1015 349 1074 paveat,
367 1021 443 1062 .eo
468 1007 614 1077 quod
636 1006 752 1062 dies
772 1007 984 1063 Domini
1007 1008 1080 1062 sit
1102 1006 1323 1062 ultionis
1347 1013 1512 1078 atque
1536 1003 1716 1060 vindi—

133 1105 234 1152 cur
265 1096 663 1169 quafugentur
703 1099 936 1154 tenebrae
969 1107 1348 1170 peccatorum,
1387 1104 1448 1153 et
1477 1094 1573 1152 lux
1603 1095 1716 1151 vir-

135 1195 306 1244 tutum
334 1197 614 1244 remaneat
646 1207 661 1243 :
701 1208 720 1241 ι
747 1189 820 1244 Ει
840 1203 1084 1255 cessare,
1113 1189 1288 1258 inquit
1303 1227 1326 1255 .,
1354 1187 1552 1246 faciam
1577 1187 1716 1243 mul-

134 1276 415 1336 titudinem
455 1277 678 1351 [Egypti
719 1282 775 1334 in
821 1295 985 1336 manu
1033 1273 1528 1338 Nabuchodonosor
1569 1279 1718 1351 regis

130 1365 450 1438 Babylonis,
492 1387 510 1422 ι
558 1369 648 1428 cui
687 1369 872 1424 traditi
909 1378 1036 1426 sunt
1073 1371 1142 1426 ad
1176 1370 1507 1441 puniendum
1547 1384 1562 1424 :
1598 1370 1713 1439 ipse

130 1467 216 1514 eat
241 1459 384 1514 enim
409 1459 662 1516 inimicus
697 1469 754 1517 et
788 1461 985 1516 vindex
1006 1501 1021 1527 ,
1064 1461 1158 1531 qui
1202 1462 1369 1517 etiam
1407 1460 1720 1516 mercedem

131 1551 372 1622 accepit,
426 1567 492 1607 eo
541 1551 686 1622 quod
732 1554 983 1610 servierit
1037 1555 1092 1608 in
1142 1555 1535 1626 expugnatione
1583 1551 1712 1624 Tyri

129 1638 350 1712 Egypti
372 1641 793 1710 multitudinem,
819 1653 880 1699 ut
918 1645 1074 1700 multi
1095 1646 1169 1700 in
1201 1645 1586 1718 Egypteesse
1606 1644 1714 1701 'de-

128 1732 344 1799 sistant,
381 1735 476 1804 qui
508 1750 722 1806 semper
763 1739 819 1791 in
861 1751 928 1792 ea
970 1746 1112 1792 sntit.
1157 1737 1254 1792 Sin
1294 1744 1477 1793 autem
1517 1735 1720 1807 aliqum-

1812 549 2063 606 ciliabula
2084 549 2540 617 demonstrantur,
2583 554 2675 622 qui
2715 553 3032 608 conculcant
3069 567 3263 622 panem
3303 565 3388 608 ec-

1811 639 2366 711 clesiastiwtu'atque
2399 651 2766 709 contemnunt,
2805 653 2860 699 et
2892 654 3192 714 sequuntur
3229 659 3383 698 man-

1811 728 1998 784 datum
2019 729 2220 785 humile
2240 738 2296 785 et
2313 732 2382 786 ad
2401 731 2642 788 cmlestia
2663 745 2770 787 non
2789 735 3086 803 perducens
3107 737 3162 790 et
3183 731 3388 789 deliciis

1812 827 2027 886 vacant,
2063 828 2123 874 et
2145 829 2270 875 sunt
2306 821 2360 875 in
2388 822 2592 892 requie,
2623 822 2836 893 quaiem
2861 824 2916 877 in
2937 823 3230 892 Evangelio
3257 824 3388 896 legi;

1813 925 1946 966 mus
1988 911 2192 968 habere
2242 913 2462 968 divitem
2507 923 2860 985 purpuratum
2903 922 2958 970 et
3003 916 3389 972 tentatiouibus

1813 1001 2128 1066 itinerviunt,
2161 1017 2394 1072 quorum
2417 1017 2558 1059 unus
2582 1005 2840 1075 expetivit
2863 1020 2896 1061 a
2917 1005 3145 1062 Domino
3173 1005 3312 1077 (Job.
3343 1007 3384 1078 ι)

1813 1096 1880 1146 ιιι
1893 1091 2138 1148 tentandi
2161 1089 2264 1148 Job
2289 1091 2514 1148 haberet
2537 1101 2875 1163 potestatem.
2924 1094 3049 1152 Haec
3081 1099 3260 1152 omnia
3284 1097 3390 1153 Do—

1815 1181 1995 1238 minus
2015 1182 2291 1254 disperdat
2312 1192 2473 1254 atque
2485 1187 2787 1249 succendet,
2811 1195 2866 1242 et
2875 1185 3111 1244 effundet
3136 1189 3296 1257 super
3324 1201 3387 1244 ea

1814 1271 2236 1344 indignationem
2257 1288 2433 1342 suam,
2459 1283 2516 1330 et
2543 1275 2708 1331 robur
2730 1275 2947 1348 Egypti
2969 1277 3251 1349 dissipabit
3285 1296 3302 1331 :
3332 1286 3392 1332 ιιι

1813 1363 2126 1420 redacti-ad
2159 1363 2386 1420 nihilum
2422 1380 2760 1437 nequaquam
2785 1368 3038 1438 populum
3061 1368 3162 1424 Dei
3194 1368 3392 1424 sollici—

1814 1460 1950 1520 teut,
1971 1460 2032 1510 et
2056 1453 2114 1508 in
2136 1468 2236 1511 suo
2262 1469 2480 1524 sperare
2503 1455 2704 1510 faciant
2733 1458 2950 1524 auxilio,
2980 1467 3038 1512 ut
3066 1459 3277 1514 deserta
3299 1472 3392 1512 ve-

1813 1543 1976 1601 ritate
1997 1553 2243 1616 quaerant
2267 1546 2628 1613 mendacium,
2655 1553 2710 1603 et
2757 1549 2909 1618 quasi
2939 1565 2971 1602 a
3011 1549 3200 1604 baculo
3227 1561 3392 1603 arun—

1814 1634 1974 1691 dineu
1989 1634 2070 1692 sic
2089 1650 2190 1691 suo
2208 1636 2458 1707 praesidio
2478 1637 2849 1693 vulnerentur.
2878 1638 3008 1693 Post
3024 1639 3140 1694 haec
3161 1639 3354 1693 dicitur
3371 1653 3392 1692 :-

1817 1744 1838 1776 ι
1867 1726 1935 1783 Ει
1961 1727 2278 1784 interficiant
2315 1728 2430 1784 sive
2455 1729 2758 1800 disperdam
2794 1730 3188 1786 multitudinem
3225 1729 3394 1784 Mem-

128 1825 445 1893 opposuerit
477 1827 749 1896 quomodo
780 1827 908 1882 illud
936 1827 1227 1884 dicatur-in
1253 1829 1668 1886 Deutet'onomio
1696 1846 1711 1883 :

1825 1818 2006 1887 pbeos.
2029 1835 2067 1874 ,ι
2095 1817 2206 1874 Pro
2230 1833 2336 1888 qua
2372 1819 2427 1874 in
2455 1819 2720 1875 llebraico
2759 1818 2921 1876 habet
2946 1821 3031 1875 No
3061 1836 3078 1875 :
3105 1835 3266 1891 quam
3295 1835 3392 1875 su-

135 1931 154 1964 I
188 1911 247 1966 In
280 1914 619 1984 septuaginta
649 1915 930 1973 animabus
967 1917 1362 1973 descenderunt
1394 1927 1579 1988 patres-
1608 1933 1710 1973 no-

129 2003 230 2060 stri
275 2003 331 2060 in
379 2001 694 2075 Egyptum,
740 2021 888 2062 nunc
923 2014 1114 2063 autem
1143 2006 1270 2063 facti
1307 2008 1438 2064 estis
1464 2017 1526 2063 ut
1548 2007 1714 2064 stellae

127 2094 252 2154 celi
284 2093 339 2148 in
372 2095 729 2154 multitudine.
749 2097 1034 2172 (Donax),
1068 2119 1086 2151 ι
1123 2099 1292 2156 facile.
1317 2101 1541 2157 solvitur
1570 2119 1583 2155 :
1611 2117 1712 2156 ne-

129 2198 236 2254 que
258 2184 401 2238 enim
428 2185 738 2255 exemplum
760 2196 990 2244 terrena:
1013 2188 1374 2245 multitudinis
1392 2189 1590 2259 posuit,
1620 2189 1714 2245 sed

130 2273 384 2340 cwlestis,
411 2289 533 2344 qua:
552 2276 837 2334 virtutibus
860 2276 1064 2348 fulgeat
1083 2287 1142 2334 et
1160 2277 1318 2348 plena
1339 2279 1409 2335 sit
1427 2279 1711 2335 luminum.

131 2362 304 2434 Super
349 2379 512 2435 quam
559 2365 956 2427 multitudinem
1006 2366 1230 2440 Egypti
1253 2409 1270 2436 ,
1320 2389 1340 2422 ι
1375 2369 1717 2426 adducuntur

130 2454 408 2510 fortissimi
433 2457 692 2526 gentium,
721 2478 743 2511 ι
779 2467 840 2513 ιιι
860 2460 1176 2531 disperdant
1206 2470 1431 2530 terram,
1462 2477 1562 2533 pro
1595 2463 1716 2534 qui-

127 2545 231 2600 bus
267 2544 614 2618 Septuaginta
659 2547 950 2619 pestilentes
993 2550 1330 2622 interpretati
1377 2561 1532 2620 sunt,
1573 2554 1720 2623 quod

129 2634 312 2690 nescio
359 2637 628 2706 quomodo
674 2639 960 2696 conveniat
1007 2641 1094 2696 his
1147 2643 1241 2712 qui
1286 2642 1625 2700 adducuntur
1684 2657 1713 2697 a

129 2726 358 2784 Domino
389 2744 403 2782 :
432 2727 538 2782 nisi
562 2726 701 2784 forte
727 2729 884 2800 juxta
919 2730 1049 2788 illud
1076 2734 1382 2806 exemplum
1412 2751 1424 2790 :
1465 2753 1483 2787 ι
1512 2733 1720 2790 Immis-

129 2818 336 2874 sioncm
356 2833 455 2889 per
478 2819 696 2892 angelos
717 2822 980 2892 pessimos
994 2823 1165 2895 (Paul.
1181 2827 1407 2898 uxvn).
1434 2845 1455 2879 ι
1473 2825 1577 2894 Qui
1597 2839 1720 2881 cva-

129 2909 391 2982 ginabunt
428 2909 634 2982 gladios
683 2923 811 2968 suos
857 2928 1020 2984 super
1066 2913 1392 2987 Egyptum,
1438 2923 1496 2970 et
1529 2915 1716 2986 imple-

129 3002 268 3056 bunt
311 3007 512 3056 terram
544 3000 863 3070 interfectis,
889 3004 1005 3060 sive
1032 3004 1356 3072 vulneratis,
1403 3014 1470 3060 ut
1507 3007 1720 3062 occisos

131 3089 549 3160 vulneratosque
584 3104 645 3147 se
683 3105 803 3148 esse
844 3093 1098 3158 sentiant,
1141 3103 1196 3150 et
1239 3093 1508 3150 intantum
1547 3093 1715 3166 Egy-

1813 1922 1912 1977 pra
1941 1907 2102 1963 iidem
2131 1905 2482 1980 Septuaginta
2510 1909 2797 1981 Diespon
2841 1910 3248 1977 transtulerunt,
3273 1925 3398 1980 quae
3452 1948 3459 1951 -

1815 1996 2202 2068 interpretatur
2230 2001 2449 2070 requies.
2479 1998 2646 2054 Multi
2674 1999 2816 2054 enim
2845 2008 2982 2056 sunt
3018 2002 3110 2070 qui
3147 2010 3394 2071 qurerant

1818 2088 2077 2158 requiem,
2094 2096 2150 2144 et
2162 2086 2347 2157 jacere
2357 2087 2523 2144 velint
2541 2104 2702 2158 super
2722 2090 2891 2145 lectos
2914 2090 3200 2156 eburneos,
3220 2099 3275 2145 et
3297 2106 3390 2145 co-

1816 2177 2032 2234 medere
2045 2193 2214 2249 agnos
2222 2178 2484 2235 lactentes
2501 2197 2514 2234 :
2533 2180 2668 2246 sive,
2683 2181 2836 2251 juxta
2853 2181 3016 2248 LXX,
3031 2184 3123 2252 qui
3136 2184 3397 2252 interpre-

1818 2267 1915 2322 tati
1947 2281 2076 2324 sunt
2109 2268 2427 2340 Henry/reos,
2455 2271 2615 2328 multi
2645 2280 2772 2328 sunt
2793 2273 2886 2343 qui
2915 2273 3204 2342 loquantur
3235 2273 3392 2330 aliis:

1822 2377 1842 2411 ι
1871 2359 2098 2416 Dimitte
2124 2370 2182 2416 ut
2218 2361 2460 2418 auferam
2492 2351 2752 2419 {eameam
2780 2364 2851 2424 de
2875 2364 3033 2420 oculo
3053 2373 3148 2420 tuo
3175 2364 3392 2436 (Matth.

1817 2453 1938 2525 vn),
1964 2472 1984 2506 ι
2000 2469 2126 2512 cum
2142 2454 2246 2526 ipsi
2269 2455 2448 2512 trabes
2477 2456 2712 2512 habeant
2729 2456 2790 2512 in
2817 2471 2935 2512 suo.
2959 2455 3230 2527 Daturque
3255 2457 3398 2529 ignis

1816 2545 1874 2602 in
1889 2545 2146 2618 Egypto,
2158 2548 2251 2619 qui
2269 2549 2648 2606 verbositatem
2670 2557 2830 2619 atque
2845 2549 3063 2606 delicias
3083 2563 3182 2604 suo
3203 2549 3396 2604 ardore

1817 2645 2130 2694 consumat:
2151 2656 2171 2690 ι
2192 2638 2404 2695 Dolebit
2420 2640 2669 2695 universa
2693 2639 2936 2706 tentatio,
2955 2649 3014 2695 et
3029 2639 3086 2695 in
3103 2639 3359 2709 Diospoii,
3373 2659 3391 2690 ι

1817 2742 1937 2797 quae
1955 2729 2249 2786 sursumin
2267 2728 2532 2786 Hebraico
2557 2729 2640 2787 No
2658 2731 2892 2802 ponitur,
2922 2748 2940 2781 ι
2967 2731 3076 2785 erit
3089 2731 3340 2793 scissura,
3369 2748 3394 2782 ι
3408 2759 3428 2772 ι-

1818 2829 1878 2876 ιιι
1910 2819 2256 2876 effundantur
2299 2835 2452 2890 aqua;
2481 2823 2764 2892 omnisque
2794 2822 3029 2891 pessima
3055 2821 3398 2892 congregatio

1819 2911 2130 2981 dissipetur,
2157 2919 2214 2966 et
2243 2911 2345 2966 huc
2366 2911 2599 2982 illucque
2637 2911 2927 2983 dispereat.
2963 2912 3059 2968 Vel
3097 2912 3253 2981 juxta
3299 2911 3399 2967 Hc-

1817 2999 2060 3055 braicum
2092 3016 2107 3053 z
2141 3017 2160 3052 ι
2179 2999 2239 3055 In
2265 3000 2528 3071 Memphis
2541 3011 2706 3058 erunt
2722 3003 2981 3073 angustia;
3008 3003 3347 3071 quotidianae,
3373 3019 3394 3052 ι

1819 3099 1880 3145 ιιι
1911 3106 2012 3161 pro
2043 3091 2192 3146 omni
2231 3091 2394 3148 ver-bo
2430 3092 2608 3148 otioso
2640 3092 2870 3149 reddant
2899 3094 3183 3158 rationem,
3226 3100 3286 3147 ut
3317 3092 3401 3146 in-

128 3190 282 3255 ptum
309 3197 429 3240 esse
453 3184 783 3248 destructam
803 3193 859 3240 et
875 3186 944 3243 ad
969 3186 1119 3242 nihili
1146 3187 1480 3258 pervenisse,
1510 3195 1569 3242 ut
1595 3202 1712 3242 om-
1736 3199 1782 3262 ο
1807 3183 2056 3254 ’telligant
2072 3183 2205 3239 nihil
2226 3183 2738 3241 dictorumsuorum
2757 3186 2968 3241 Domini
2980 3184 3241 3255 judicium
3263 3201 3400 3256 pne-

131 3277 228 3332 nia
256 3275 476 3332 flumina
501 3275 821 3346 eloquentiae
851 3278 1047 3348 quibus
1081 3292 1296 3335 errores
1330 3277 1571 3349 IEgyptii
1594 3277 1718 3349 jun-

131 3385 234 3428 cus
255 3378 312 3425 et
345 3369 588 3427 calamus
622 3371 898 3442 rigabatur
939 3369 1170 3426 areﬁant
1197 3388 1210 3424 :
1241 3378 1298 3426 et
1339 3371 1624 3426 tradantur
1659 3371 1719 3426 in

131 3473 354 3514 manum
381 3460 761 3529 pessimorum,
792 3459 1000 3529 quieos
1022 3467 1333 3530 torqueant,
1362 3468 1417 3515 et
1442 3460 1719 3531 plenitudo

132 3560 294 3612 terra!
323 3550 538 3628 {Egypti
558 3592 574 3615 ,
605 3567 723 3627 qua:
746 3551 886 3607 male
907 3561 1174 3620 creverat,
1203 3551 1446 3609 deleatur
1470 3553 1529 3608 in
1555 3569 1718 3609 manu

135 3649 438 3705 alienorum
469 3667 500 3705 a
525 3651 658 3708 Deo.
706 3650 893 3721 Neque
915 3653 1060 3707 enim
1083 3648 1230 3712 boni.
1262 3648 1359 3704 sed
1388 3647 1514 3706 mali
1540 3649 1722 3720 angeli

136 3740 422 3796 tormentis
447 3741 718 3812 praepositi
739 3750 883 3798 sunt.
933 3741 1060 3798 Haec
1077 3757 1300 3799 necesse
1317 3753 1424 3811 eat,
1447 3747 1506 3800 ui
1519 3740 1722 3816 sciant,

136 3830 270 3900 quia
292 3831 502 3888 locutus
537 3842 622 3889 est
645 3833 923 3891 Dominus.
966 3834 1122 3901 Quod
1147 3834 1461 3907 frequenter
1493 3838 1724 3894 assumi-

139 3933 250 3990 tur,
279 3933 339 3979 ut
366 3925 557 3992 sciant,
581 3926 675 3996 qui
697 3925 942 3992 audiunt,
970 3941 1078 3982 non
1101 3930 1378 3998 propheta:
1393 3931 1557 3996 verba
1579 3945 1720 3998 esse,

135 4017 239 4072 sed
264 4016 500 4084 Domini,
532 4015 684 4086 cujus
710 4026 980 4089 praecepta
1009 4019 1164 4075 irrita
1193 4035 1316 4077 esse
1338 4036 1448 4078 non
1475 4033 1720 4093 possunt.

138 4107 399 4177 Sequitur
433 4125 503 4160 :.t
529 4107 597 4162 Et
622 4108 927 4178 disperdam
957 4108 1262 4176 simulacra,
1287 4130 1308 4164 ι
1360 4127 1483 4183 quae
1503 4145 1505 4148 -
1525 4113 1724 4168 aboeti-

138 4198 383 4252 nationes
415 4196 768 4270 Septuaginta
807 4200 1216 4257 transtulerunt.
1257 4223 1274 4254 ‹
1295 4201 1364 4258 Ει
1398 4216 1614 4259 cessare
1645 4201 1726 4258 fa-

137 4290 285 4344 ciam
336 4289 479 4346 idola
524 4290 608 4347 vel
651 4293 938 4363 Optimates
977 4294 1044 4350 de
1075 4292 1359 4366 Memphis,
1388 4301 1448 4350 et
1476 4295 1584 4349 dux
1609 4295 1730 4351 sive

135 4379 418 4451 principes
441 4381 496 4436 in
525 4391 668 4439 terra
699 4383 920 4456 Egypti
941 4400 1048 4441 non
1074 4393 1234 4441 erunt
1263 4384 1512 4457 amplius.
1537 4404 1558 4438 ι
1606 4385 1727 4444 Cle»

140 4472 468 4528 utentissimi
507 4473 652 4529 enim
680 4474 904 4544 [Domini
950 4486 1034 4531 est
1076 4475 1342 4532 maleficta
1389 4476 1724 4543 subvertere,

137 4573 204 4617 ut
231 4561 377 4618 nulla
405 4562 720 4629 similitudo,
753 4580 874 4634 qum
898 4566 1158 4622 mentitur
1196 4567 1484 4636 imaginem
1523 4568 1725 4624 verita-

137 4657 238 4721 tis,
267 4665 546 4714 remaneat
563 4656 620 4712 in
647 4654 922 4729 Egypto:
950 4657 1237 4728 optimates
1263 4674 1479 4732 quoque
1503 4669 1731 4731 pereant

137 4753 208 4804 de
240 4745 524 4818 Memphis,
562 4763 684 4819 quae
715 4748 1098 4819 interpretatur
1133 4765 1200 4805 ex
1237 4765 1356 4817 ore,
1389 4751 1458 4808 de
1480 4767 1590 4822 quo
1613 4767 1734 4808 om-

136 4839 234 4892 nia
257 4838 401 4894 idola
418 4839 785 4907 conﬁxerunt,
813 4849 873 4896 ut
901 4842 1164 4897 truncatis
1187 4843 1457 4914 capitibus
1481 4851 1539 4900 et
1557 4843 1732 4916 magi-

136 4930 279 4988 stris
305 4930 592 4998 idolorum,
615 4948 722 4988 uon
745 4933 816 4987 sit
840 4933 1093 5004 princeps
1131 4934 1188 4987 in
1231 4933 1468 5006 Egypto
1491 4952 1512 4989 :.
1531 4944 1589 4991 et
1627 4943 1735 4991 terb

138 5037 280 5078 rore
314 5037 380 5079 ac
414 5022 714 5093 perditione
746 5024 924 5079 omnis
952 5023 1222 5095 Egyptus
1259 5023 1611 5095 compleatur.
1656 5024 1735 5082 De

139 5111 308 5182 cujus
337 5113 560 5172 nubibus
585 5114 782 5170 dicitur
810 5132 823 5168 :
859 5135 880 5166 ς
907 5114 975 5170 Ει
994 5153 997 5157 -
1016 5115 1324 5185 disperdam
1359 5123 1563 5170 terram
1595 5113 1754 5171 Pila--

142 5207 364 5273 mures,
397 5216 453 5264 et
476 5208 615 5265 dabo
639 5209 819 5278 ignem
849 5209 906 5264 in
930 5209 1170 5280 Taphnis
1191 5210 1309 5267 sive
1342 5211 1396 5266 in
1431 5211 1614 5276 Tanis.
1667 5209 1738 5267 Et

142 5297 354 5355 faciam
399 5296 599 5368 judicia
656 5300 713 5355 in
756 5299 837 5355 No
885 5300 1283 5373 [Alexandria];
1316 5323 1334 5355 ι
1388 5301 1739 5374 Septuaginta

141 5387 448 5458 Diospolim
475 5389 904 5448 (transtulerunt.
957 5392 1061 5446 «Et
1110 5391 1378 5448 eil'undam
1415 5393 1740 5465 indignatio-

143 5493 283 5534 nem
315 5492 491 5540 meam
528 5495 688 5549 super
717 5480 848 5536 Sain
876 5478 1218 5554 [Pelusium],
1253 5482 1416 5537 robur
1443 5482 1682 5554 Egypti.
1713 5502 1736 5536 ι

145 5569 427 5626 Phatures
490 5575 876 5641 interpretatur
944 5573 1094 5644 panis
1153 5574 1518 5640 conculcatio‘;
1581 5575 1745 5632 Tanis

147 5661 471 5720 mandatum
493 5663 722 5728 ltumile;
749 5664 1036 5734 Diospolis,
1063 5679 1162 5734 pro
1189 5679 1294 5735 qua
1323 5666 1379 5720 in
1408 5664 1631 5723 Hebraeo
1649 5681 1746 5738 po-

149 5753 330 5810 situm
354 5761 440 5810 est
469 5753 578 5819 No,
626 5756 850 5825 requies;
882 5755 1014 5816 Sain
1039 5757 1275 5824 tentatio,
1297 5758 1492 5829 quibus
1516 5759 1744 5820 nomini-

481 5850 761 5913 ΡΑΤιιοι..
801 5849 935 5910 CX.

1822 3276 2006 3332 terire.
2037 3295 2056 3327 ι
2094 3273 2328 3335 Juvenes
2351 3291 2566 3347 quoque
2587 3277 2930 3348 Heliopoleos
2962 3287 3019 3334 ct
3045 3278 3268 3335 Bubasti
3293 3278 3424 3346 gla--

1820 3366 1910 3423 dio
1955 3365 2170 3422 cadent.
2213 3386 2236 3419 ι
2287 3367 2864 3438 Heliopolisﬂebraice
2894 3386 2960 3422 on
2991 3369 3218 3434 dicitur,
3257 3371 3400 3438 quod

1821 3458 2210 3530 interpretatur
2249 3459 2716 3528 do!or.-Bubasurs
2763 3471 2946 3518 autem
2965 3460 3122 3528 juxta
3163 3463 3398 3540 linguam

1821 3550 2198 3628 Egyptiacant
2226 3553 2332 3613 oris
2359 3561 2785 3630 «perimantur».
2828 3561 3028 3618 Omnes
3051 3562 3160 3629 isti,
3190 3564 3280 3633 qui
3308 3565 3412 3618 do-

1822 3648 1994 3704 lorem
2015 3649 2199 3705 saeculi
2223 3649 2371 3704 ferre
2393 3665 2498 3706 non
2526 3661 2796 3722 poterant,
2828 3654 2922 3710 sed
2948 3653 3167 3710 delicias
3187 3655 3406 3724 Diospo-

1823 3737 1938 3794 leos
1976 3740 2324 3795 sectabantur
2343 3748 2420 3793 'et
2455 3741 2800 3798 conﬁdebant
2838 3743 2943 3798 sibi
2978 3744 3035 3798 in
3071 3743 3408 3801 volubilitate

1824 3841 2154 3896 sermonum,
2181 3837 2242 3884 et
2260 3829 2548 3886 adversum
2573 3840 2770 3887 autem
2795 3832 3047 3904 dogmata
3072 3834 3416 3904 disputantes-

1824 3919 2126 3975 babuerant
2175 3921 2546 3990 experimenta
2595 3922 2874 3996 victoriis,
2921 3924 3100 3994 gladio
3141 3926 3408 3981 sermonis
3485 3985 3495 3991 ,

1826 4007 2039 4064 Domini
2059 4009 2364 4074 concident,
2377 4019 2433 4065 et
2454 4011 2544 4079 qui
2565 4027 2904 4082 nequaquam
2917 4011 3167 4082 juvenes,
3189 4016 3284 4070 sed
3307 4015 3410 4069 im-

1825 4098 2113 4154 becillitate
2126 4101 2322 4155 mentis
2343 4100 2595 4156 mulieres
2609 4103 2968 4173 appellantur,
2983 4105 3180 4173 captivi
3199 4108 3408 4162 ducen-
3485 4133 3488 4135 ·

1829 4197 1937 4256 tur,
1962 4191 2078 4246 sive
2101 4189 2232 4259 ipsa
2260 4191 2626 4248 urbes-dolore
2645 4202 2702 4248 et
2721 4195 2832 4250 oris
2850 4195 3112 4264 jactantia
3142 4195 3412 4256 ducentur-

1828 4282 1886 4338 in
1929 4283 2314 4352 captivitatem.
2364 4303 2386 4337 ι
2413 4286 2493 4340 Et
2517 4287 2572 4342 in
2613 4288 2867 4360 Tapbnis,
2905 4289 3098 4360 inquit,
3140 4291 3412 4363 nigrescat

1829 4375 1964 4433 dies.
1996 4394 2018 4430 ι
2053 4377 2308 4448 Taphnae-
2333 4379 2757 4452 interpretantur
2792 4383 3026 4439 cedentes
3063 4387 3422 4452 ori,'subau--

1813 4468 1982 4548 lditur
2009 4470 2226 4538 diaboli,
2263 4472 2366 4528 cui
2388 4475 2480 4544 qui
2517 4477 2797 4544 cesserint,
2834 4479 3082 4536 amittant
3107 4479 3286 4539 lumen
3319 4495 3411 4537 ve-

1755 4535 2037 4631 biritatis,
2063 4574 2122 4620 et
2157 4535 2298 4622 diem
2327 4535 2486 4623 nocte
2511 4535 2811 4626 mutabunt.
2841 4572 2908 4625 Et
2942 4579 3154 4643 sceptra
3189 4535 3410 4645 Aigypti

1833 4665 1996 4730 atque
2019 4671 2182 4715 omne
2206 4661 2491 4730 imperium
2524 4664 2764 4717 sentiunt
2788 4664 2844 4717 in
2871 4664 3107 4734 Taphnis
3139 4677 3259 4721 esse
3284 4683 3412 4722 con-

1833 4752 2039 4815 tritum,
2069 4752 2145 4805 ita
2175 4760 2234 4806 ιιι
2262 4753 2477 4807 deficiat
2517 4755 2571 4808 in
2609 4769 2674 4810 ea
2709 4751 3090 4824 contumeliosa
3129 4756 3410 4826 fortitudo,

1834 4843 1950 4898 sive
1996 4843 2248 4912 superbia
2289 4845 2541 4913 potentia:
2578 4845 2714 4915 ejus,
2755 4853 2810 4902 et
2851 4847 2980 4902 solis
3001 4845 3227 4916 justitiae
3275 4843 3413 4905 radii

1837 4932 1979 4988 nube
2015 4942 2303 5000 caacentur,
2346 4942 2402 4989 et
2447 4945 2788 5007 nequaquam
2833 4933 3246 5007 mulieres,'sed
3290 4939 3430 4994 illim-

1841 5024 2109 5080 ducantur
2152 5025 2206 5080 in
2248 5026 2610 5097 captivitatem
2632 5069 2648 5094 ,
2692 5029 2962 5100 faciatque
3001 5029 3259 5087 Dominus
3305 5041 3415 5087 non

1843 5131 2010 5170 unum
2031 5115 2314 5186 judicium,
2351 5118 2444 5172 sed
2470 5119 2636 5173 multa
2657 5119 2944 5189 judiciain
2962 5118 3214 5192 Egypto.
3266 5119 3420 5176 Sicut

1845 5208 1989 5265 enim
2027 5209 2290 5264 bonon
2313 5211 2470 5280 apud
2501 5211 2719 5266 Patrem
2760 5211 2986 5267 (Μαι-ω
3023 5215 3152 5267 sunt
3185 5212 3422 5269 mansio:

1848 5315 1967 5366 nos,
1995 5302 2068 5356 ita
2097 5310 2150 5355 et
2181 5301 2403 5374 Egypti
2431 5303 2815 5373 suppliciorum
2847 5301 3059 5360 diversa
3095 5303 3322 5373 judlcia,
3359 5315 3424 5360 ut

1846 5409 1969 5449 cum
2010 5397 2127 5450 hmo
2159 5396 2339 5450 omnia
2374 5396 2513 5450 facta
2561 5397 2780 5462 fuerint,
2821 5403 3145 5467 cognoscant
3182 5395 3420 5468 ,λεπριῆ

1847 5485 1988 5556 quod
2019 5487 2136 5557 ipse
2159 5485 2230 5542 sit
2253 5486 2531 5553 Dominus,
2563 5487 2716 5557 cujus
2738 5487 2939 5557 judicia
2973 5502 3104 5544 vera
3126 5487 3425 5559 justiﬁcata

1847 5578 1903 5635 in
1927 5578 2252 5648 semetipsis.
3050 5603 3052 5606 ·
3119 5603 3122 5606 ·
3191 5599 3194 5602 '
3354 5593 3356 5596 ·

1925 5689 1951 5724 ι,
1973 5670 2042 5724 Ει
2079 5669 2281 5726 factum
2317 5678 2400 5726 est
2442 5687 2497 5725 in
2545 5670 3024 5738 undeumo'anno‘,
3063 5687 3117 5726 in
3144 5671 3338 5742 primo,
3367 5670 3426 5726 in

1857 5778 1880 5812 ι-
1905 5760 2134 5828 septima
2161 5761 2386 5826 mensis,
2420 5760 2628 5825 factum
2643 5763 2979 5819 est'verbum
2996 5761 3222 5818 Domini
3249 5763 3317 5819 ad
3340 5773 3436 5818 me
