3916 6356
489 289 594 353 811

1172 288 1231 342 Β.
1270 286 1525 345 RABANI
1561 285 1779 353 MAURI
1819 285 2090 349 ARGHI

2195 286 2496 383 HOGUNT.
2523 288 2812 349 ονεῐιωι
2848 290 3029 349 PARS
3067 293 3135 350 Il.
3713 296 3798 355 815

495 418 517 454 ι
545 406 731 463 dicens
759 423 773 459 :
806 402 912 460 Fili
959 402 1218 469 hominis,
1272 403 1555 461 brachium
1600 402 1902 459 Pharaonis
1945 403 2090 472 regis
2116 408 2167 485 Α
2194 409 2381 471 postea
2416 401 2676 459 vicesimo
2718 404 2949 473 septimo
2975 420 2989 458 :
3022 413 3079 461 et
3107 404 3368 480 deinceps
3392 418 3559 465 anno
3587 407 3793 478 decim,

494 516 515 553 ι
541 496 767 569 Αἰεγριί
792 494 1053 566 confregi.
1099 494 1168 550 Et
1191 509 1316 551 ecce
1346 510 1451 550 non
1472 505 1557 550 est
1580 494 1896 550 obvolutum
1919 502 1977 550 ιιι
2003 508 2088 550 re-

493 608 516 643 ι
542 589 883 653 stitueretur,
907 594 964 641 et
988 585 1218 653 sanitas,
1239 595 1296 641 et
1315 583 1577 655 ligaretur
1597 584 1814 656 pannis,
1841 592 1900 639 et
1917 583 2091 639 sarci-

491 700 515 737 ι
541 693 693 738 retur
715 678 974 745 linteolis,
1000 687 1061 734 ut
1091 687 1316 749 accepto
1345 680 1539 735 robore
1564 686 1749 748 posset
1776 685 1963 733 tenere
1982 676 2091 747 gla-

493 792 514 828 ι
542 774 713 829 dium.
769 770 1063 840 Propterea
1101 771 1219 826 haec
1266 770 1399 826 dicit
1434 769 1696 827 Dominus
1738 768 1883 825 Deus
1910 787 1925 824 :
1949 769 2092 826 Ecce

492 884 513 919 ι
540 881 642 938 ego
666 864 737 921 ad
760 863 1098 919 Pharaonem
1134 877 1318 935 regem
1346 861 1566 934 Egypti
1584 901 1601 929 ,
1635 869 1691 916 et
1721 861 2089 919 comminuam

466 1005 480 1037 λ
494 975 515 1010 σ
540 957 826 1013 brachium
871 954 990 1026 ejus
1026 954 1196 1020 forte,
1230 953 1327 1010 sed
1356 952 1723 1019 confractum,
1762 960 1817 1010 et
1840 951 2092 1022 dejiciam

493 1065 514 1102 ι
541 1049 781 1121 gladium
823 1047 892 1104 de
932 1061 1096 1103 manu
1137 1045 1289 1116 ejus,
1348 1053 1405 1101 ct
1443 1045 1750 1117 dispergam
1792 1043 2090 1118 Egyptum

494 1159 513 1194 ι
548 1140 603 1196 in
634 1141 907 1210 gentibus,
936 1147 993 1196 et
1014 1140 1287 1196 ventilabo
1320 1153 1414 1194 eos
1442 1139 1497 1194 in
1525 1146 1724 1195 terras.
1768 1139 1837 1194 Et
1867 1138 2086 1195 confor-

494 1250 516 1287 ι
545 1234 671 1289 tabo
710 1234 934 1290 brachia
990 1232 1135 1302 regis
1188 1232 1481 1304 Babylonis
1502 1272 1517 1298 ,
1558 1234 1805 1305 daboque
1849 1232 2088 1304 gladium

495 1344 517 1377 ι
544 1339 725 1381 meum
752 1325 809 1381 in
836 1339 1001 1381 manu
1027 1323 1163 1393 ejus.
1215 1325 1285 1380 Et
1312 1324 1652 1397 confringam
1689 1325 1909 1381 brachia
1945 1325 2089 1382 Pha-

495 1434 515 1467 ι
545 1416 727 1473 raonis
755 1424 811 1472 et
842 1423 1059 1488 gement
1085 1415 1376 1486 gemitibus
1402 1416 1674 1472 interfecti
1713 1431 1899 1472 coram
1948 1415 2088 1473 facio

494 1527 515 1562 ι
541 1507 678 1578 ejus.
733 1508 805 1564 Et
852 1507 1174 1564 confortabo
1219 1509 1445 1565 brachia
1482 1510 1627 1581 regis
1667 1508 1975 1581 Babylonis,
2032 1518 2090 1566 et

495 1619 515 1655 ι
542 1601 769 1657 brachia
803 1600 1109 1659 Pharaonis
1136 1604 1350 1660 cadent.
1389 1604 1459 1660 Et
1491 1605 1665 1661 scient
1692 1606 1819 1676 quia
1851 1620 1955 1678 ego
1980 1605 2088 1663 Do-

491 1710 512 1745 ι
540 1692 744 1761 minus,
789 1708 915 1750 cum
941 1695 1147 1751 dedero
1170 1695 1408 1767 gladium
1436 1711 1616 1752 meum
1656 1697 1711 1752 in
1742 1711 1905 1753 manu
1939 1698 2086 1769 regis

2194 506 2316 575 cum
2345 492 2529 562 utique
2548 492 2704 567 ιιυμ
2723 494 2971 549 ordinem
2993 496 3228 565 primum
3255 497 3545 561 decisum,
3584 504 3794 558 seem

2192 584 2528 649 undecimus,
2561 587 2720 642 tertio
2746 586 3041 643 vicesimus
3082 588 3349 658 septimus
3390 604 3613 656 annus,
3646 593 3794 663 sige-

2193 674 2261 734 lis
2308 677 2610 749 prophetiis
2655 678 2945 734 debuerint
2978 681 3295 750 mactari.
3342 681 3438 737 Ad
3491 684 3653 753 quod
3695 683 3791 741 ω

2176 781 2480 838 possumus
2528 770 2857 839 respondere
2905 788 2919 823 :
2972 788 2991 823 ι
3019 770 3064 828 0
3110 770 3455 841 profluuium
3501 774 3789 833 diﬁﬁzrm

2192 861 2471 931 sapientiae
2505 871 2563 917 et
2596 861 2841 918 scientiae
2880 861 2996 928 Dei,
3048 876 3211 933 quam
3247 862 3790 937 insentabﬂiajuﬁ.

2190 952 2277 1008 cia
2298 951 2437 1022 ejus,
2461 961 2520 1008 et
2540 953 2945 1025 investigahiles
2965 955 3069 1010 via:
3088 955 3233 1024 ejus!
3268 955 3456 1029 (Rom.
3486 958 3605 1028 xi.)
3632 977 3652 1012 ι
3681 958 3785 1018 Et'n

2191 1045 2299 1101 aiio
2337 1045 2457 1101 loco
2494 1063 2507 1099 :
2552 1066 2571 1098 ι
2597 1046 2864 1117 Abyssum
2898 1054 2953 1105 et
2992 1048 3315 1118 sapientiam
3348 1049 3489 1119 quis
3530 1050 3785 1123 investiga-

2191 1138 2305 1196 bit?
2326 1158 2346 1191 ι
2366 1137 2660 1195 Possumus
2681 1149 2859 1196 autem
2880 1141 2983 1197 hoc
2999 1142 3182 1198 dicere
3199 1143 3347 1213 quod
3364 1152 3429 1198 et
3456 1143 3518 1198 in
3541 1144 3783 1214 proper-1,

2190 1244 2535 1303 nequaquam
2563 1232 2805 1289 historia
2830 1235 2975 1291 ordo
2995 1244 3267 1304 servetur,
3298 1235 3589 1292 duntaxat
3619 1253 3713 1293 nea
3748 1239 3779 1292 is

2189 1322 2461 1388 omnibus,
2489 1323 2583 1379 sed
2611 1323 2667 1379 in
2697 1324 3021 1392 quibusdam
3051 1324 3204 1383 locis.
3254 1323 3458 1397 Neque
3496 1328 3651 1383 enim
3688 1344 3778 1383 tm-

2189 1422 2315 1470 rant
2331 1416 2628 1485 praeterita,
2661 1416 2756 1472 sed
2778 1416 2963 1473 futura
2992 1419 3385 1489 praenuntiant,
3418 1430 3598 1490 prout
3626 1422 3775 1475 volur-

2192 1514 2275 1561 tas
2320 1504 2555 1576 Spiritus
2589 1509 2764 1563 sancti
2810 1509 2996 1566 fuerit.
3045 1510 3106 1566 ln
3149 1512 3386 1569 historia
3439 1522 3773 1568 vernulas:

2190 1595 2361 1669 Moysi
2406 1598 2646 1669 quinque
2684 1599 2804 1655 libri
2850 1608 2907 1656 et
2940 1600 3087 1667 Jesn,
3124 1609 3181 1658 et
3208 1600 3475 1659 Iudicum
3512 1603 3769 1664 ruins-in.

2190 1686 2338 1744 Ruth
2366 1695 2584 1759 quoque
2607 1698 2665 1744 et
2692 1688 2910 1757 Esther,
2943 1691 3163 1747 Samuel
3185 1700 3241 1747 et
3266 1690 3576 1749 Malachim
3605 1712 3619 1748 :
3648 1692 3771 1748 Pan-

493 1802 513 1834 σ
541 1783 851 1856 Babylonis,
872 1792 933 1841 et
953 1785 1262 1841 extenderlt
1282 1799 1407 1842 eum
1437 1801 1601 1859 super
1621 1795 1823 1843 terram
1843 1787 2088 1860 Egypti.
2121 1782 2170 1851 Β
2197 1779 2506 1851 “Ponenda
2530 1781 2668 1838 liber
2690 1792 2747 1846 ιιι
2780 1783 2954 1850 Eme,
2983 1783 3174 1854 iuncto
3201 1784 3309 1841 sibi
3335 1787 3561 1855 Pariter
3588 1785 3769 1842 Non}

494 1895 514 1930 ι
539 1877 610 1932 Et
633 1877 943 1949 dispergam
977 1875 1273 1949 Egyptum
1316 1880 1375 1933 in
1413 1879 1682 1946 nationes,
1725 1888 1779 1933 et
1814 1879 2087 1936 ventilabo

492 1986 513 2019 ι
538 1980 635 2023 eos
686 1967 743 2022 in
796 1974 990 2022 terras.
1038 1968 1108 2021 Et
1163 1968 1337 2025 scient
1390 1969 1516 2039 quia
1568 1984 1667 2041 ego
1728 1970 2007 2028 Dominus.
2060 1986 2080 2024 υ

486 2056 762 2128 (Ηίετοη.)
808 2056 1123 2115 Revertitur
1166 2060 1236 2115 ad
1278 2061 1525 2117 ordinem
1569 2063 1891 2133 prophetia.
1954 2060 2089 2118 Post

486 2147 807 2205 vicesimum
829 2150 975 2207 enim
1003 2157 1060 2206 et
1086 2151 1377 2222 septimum
1403 2168 1628 2220 annum,
1653 2166 1797 2211 nunc
1814 2154 1967 2226 ponit
1987 2170 2090 2209 un-

486 2241 782 2310 decimum,
816 2258 938 2315 quae.
967 2245 1201 2316 qumstio
1222 2247 1390 2302 etiam
1422 2247 1477 2302 in
1509 2246 1882 2317 superioribus
1911 2247 2086 2303 conti-

486 2342 665 2389 netur.
712 2333 848 2390 Cum
871 2334 1017 2391 enim
1049 2349 1231 2391 sermo
1260 2336 1475 2392 Domini
1518 2345 1708 2392 contra
1756 2336 1960 2408 Tyrum
2006 2335 2089 2392 fa-

485 2431 608 2480 ctus
644 2424 716 2479 sit
758 2424 817 2479 in
860 2440 1011 2482 anno
1029 2426 1339 2493 undecimo,
1368 2428 1462 2496 qui
1493 2428 1647 2498 prius
1666 2428 1877 2499 positus
1906 2438 2009 2495 est,
2035 2428 2091 2484 in

485 2516 949 2589 consequentibus
968 2516 1210 2588 loquitur
1230 2519 1299 2573 ad
1332 2517 1671 2576 Pharaonem
1689 2535 1832 2576 anno
1855 2522 2086 2578 decimo.

486 2606 837 2677 Rursumque
869 2609 1024 2677 ponit
1052 2608 1367 2664 vicesimum
1408 2610 1721 2681 septimum,
1747 2621 1807 2666 ut
1836 2612 2088 2679 diximus,

487 2703 543 2750 et
571 2710 719 2752 nunc
741 2697 1112 2753 undecimum.
1144 2697 1217 2754 Ut
1239 2706 1435 2754 caetera
1458 2702 1869 2771 praetermittam
1890 2717 2012 2773 quae
2035 2703 2094 2760 in

486 2788 1404 2859 psalmorumordinecantinentur,
1422 2795 1683 2863 quaeritur
1701 2794 1972 2865 quomodo
1990 2806 2095 2852 ter-

485 2883 603 2938 tius
618 2882 861 2953 psalmus
871 2883 956 2938 his
970 2883 1196 2954 psalmis
1214 2895 1561 2957 praeponatur
1581 2888 1634 2942 in
1650 2889 1846 2958 quibus
1865 2887 2097 2945 mutavit

485 2975 689 3031 faciem
711 2990 863 3032 suam
887 2977 1056 3034 David
1077 2992 1263 3034 coram
1273 2976 1590 3033 Abimelech
1609 2986 1665 3034 et
1688 2979 1754 3034 de
1775 2979 1955 3035 Doech
1976 2976 2096 3035 ldu-

485 3082 625 3124 maio
653 3083 668 3123 :
693 3078 755 3125 et
770 3070 997 3140 quando
1024 3071 1273 3127 inventus
1301 3078 1385 3126 est
1421 3071 1477 3126 in
1512 3070 1768 3142 spelunca
1805 3087 1821 3127 :
1856 3078 1912 3127 et
1944 3074 2097 3144 quin-

2189 1878 2573 1942 prreposteram
2597 1875 2974 1930 narrationem
3008 1884 3359 1947 normaun
3400 1876 3649 1948 reperiri.
3670 1876 3769 1933 hc

2189 1960 2259 2016 de
2285 1974 2553 2017 annorum
2573 1964 2761 2019 ordine
2788 1964 2989 2021 dixisse
3014 1964 3265 2022 soliciat.
3307 1962 3480 2023 Nune
3506 1968 3765 2035 vitam,

2190 2067 2310 2124 qua:
2334 2060 2520 2110 contra
2553 2055 2891 2111 Pharaonem
2918 2057 3035 2113 sive
3071 2058 3143 2113 do
3177 2052 3488 2114 Pharaone
3528 2059 3768 2131 prasini:

2190 2148 2281 2203 sit.
2333 2144 2623 2205 Bracmani
2650 2149 2767 2220 ejus
2794 2147 3129 2222 connegisse
3155 2164 3214 2207 sc
3242 2150 3407 2216 dicit,
3448 2160 3510 2207 et
3546 2165 3648 2207 non
3676 2166 3769 2208 esse

2190 2237 2501 2295 obvolutum
2529 2254 2704 2311 neque
2731 2240 2972 2313 ligatum,
3000 2257 3102 2298 nec
3139 2250 3352 2298 sartum
3406 2236 3676 2305 linteolis,
3697 2260 3768 2300 nec

2192 2333 2470 2404 accepisse
2502 2334 2786 2404 malagma.
2822 2330 2985 2390 Juxta
3015 2330 3143 2390 illud
3171 2328 3327 2405 quod
3365 2336 3642 2405 scriptum
3675 2346 3770 2391 ea:

2200 2441 2227 2476 ο
2248 2423 2369 2479 Non
2392 2433 2483 2480 ost
2496 2424 2763 2495 malagma
2790 2425 3091 2496 imponere,
3121 2438 3223 2482 nec
3240 2426 3465 2491 oleam,
3496 2440 3601 2483 nec
3626 2426 3773 2498 aliip-

2195 2523 2366 2571 turas.
2391 2535 2412 2569 ›
2463 2515 2616 2584 Quod
2646 2516 2692 2572 si
2721 2517 2922 2572 factum
2950 2515 3165 2585 fuisset,
3202 2519 3403 2589 otique
3443 2530 3667 2590 recepta
3692 2518 3775 2573 53t-

2194 2605 2425 2662 titudine
2449 2617 2633 2678 posset
2653 2617 2836 2664 tenere
2863 2608 3098 2679 gladium
3126 2614 3183 2664 et
3211 2609 3282 2665 ad
3320 2610 3474 2666 bella
3501 2610 3775 2681 procedere

2195 2698 2403 2755 idcirco
2430 2699 2669 2757 clemens
2699 2707 2759 2756 et
2780 2700 3091 2757 misericors
3132 2694 3281 2757 Deus
3323 2712 3559 2758 rursum
3589 2702 3777 2758 coniﬁ-

2198 2790 2316 2846 nuit
2351 2789 2635 2846 brachium
2669 2791 2785 2862 ejus
2824 2792 2937 2847 sive
2967 2788 3194 2848 brachia
3228 2810 3241 2846 :
3292 2799 3363 2846 ut
3394 2794 3626 2863 penitus
3658 2793 3782 2849 oath

2198 2880 2408 2952 gladius
2435 2882 2503 2937 de
2529 2896 2697 2937 manu
2716 2882 2833 2953 ejus
2850 2923 2866 2949 ,
2902 2888 2957 2938 et
2981 2880 3037 2937 in
3062 2886 3256 2954 gentes
3287 2876 3579 2956 Egyptus
3603 2885 3779 2956 dim

2199 2979 2361 3045 gatur
2386 2980 2443 3028 et
2466 2971 2761 3029 ventiletur‘
2792 2974 2848 3028 in
2881 2982 3071 3029 terras.
3127 2968 3187 3028 In
3227 2972 3470 3030 brachio
3508 2983 3686 3031 autem
3719 2991 3787 3029 ro-

2199 3066 2306 3122 bur
2345 3065 2516 3134 accipi
2556 3073 2611 3119 et
2648 3062 2908 3121 fortitudo
2952 3073 3148 3137 potest,
3198 3060 3421 3123 dicente
3475 3067 3745 3139 Scriptura
3778 3088 3791 3122 :

484 3161 833 3233 quagesimus
852 3163 1209 3232 pmnitentiee,
1241 3163 1297 3217 in
1327 3162 1481 3232 cujus
1505 3162 1662 3218 titulo
1689 3163 2096 3220 demonstratur
2122 3154 2170 3224 ο
2206 3168 2225 3204 α
2253 3154 2486 3209 Comere
2506 3152 2788 3210 brachium
2813 3156 3115 3226 peccatoris
3141 3164 3199 3211 εἰ
3221 3154 3451 3228 maligni
3476 3154 3634 3228 (Pal.
3662 3156 3741 3228 ι).
3768 3178 3787 3209 ο

485 3252 631 3321 quod
650 3252 957 3307 introiverit
978 3253 1044 3308 ad
1070 3250 1355 3308 Borsabeae
1373 3266 1598 3309 uxorem
1620 3251 1784 3319 Uriae,
1804 3268 1929 3309 cum
1949 3250 2091 3324 prio—

486 3355 579 3398 res
596 3342 709 3397 sint
726 3343 817 3399 isti
846 3344 1041 3413 psalmi
1068 3344 1281 3414 psalmo
1300 3344 1484 3411 tertio,
1506 3345 1564 3399 in
1591 3358 1700 3415 quo
1721 3344 1906 3417 fugere
1927 3352 2086 3401 nota-

486 3441 581 3489 tur
602 3448 634 3487 a
662 3434 803 3491 faeie
832 3436 926 3490 lilii
956 3437 1038 3492 sui
1055 3436 1311 3493 Absalon.
1338 3436 1449 3494 Sed
1474 3438 1529 3493 in
1550 3438 1776 3508 psalmis
1801 3436 1976 3494 facilis
1999 3452 2087 3494 re-

486 3526 710 3595 sponsio
736 3535 847 3592 est,
879 3542 1099 3585 carmen
1119 3543 1241 3587 esse
1265 3530 1495 3601 lyricum
1522 3570 1538 3597 ,
1561 3530 1696 3585 etin
1718 3528 2090 3602 hujuscemodi

485 3634 653 3691 opere
680 3637 789 3678 non
814 3623 983 3693 quari
1007 3624 1255 3680 ordinem
1276 3624 1537 3691 historiae,
1570 3623 1665 3681 sed
1690 3623 1956 3680 factorum
1978 3640 2097 3681 car—

485 3711 638 3767 mina
659 3712 1013 3783 singulorum.
1038 3714 1100 3770 In
1124 3715 1354 3770 historia
1371 3729 1507 3770 vero
1522 3714 1653 3771 illud
1679 3715 1965 3771 dicendum
1988 3723 2092 3784 est,

487 3824 553 3866 es
579 3824 704 3881 quas
722 3811 790 3866 de
815 3826 924 3867 una
947 3826 1008 3867 re
1035 3811 1267 3868 diversis
1295 3820 1422 3868 sunt
1441 3812 1584 3868 dicta
1624 3812 1959 3883 temporibus
1986 3826 2095 3870 non

489 3902 689 3960 debere
732 3904 982 3959 oratione
1032 3903 1233 3971 dividi,
1283 3906 1381 3961 sed
1422 3905 1583 3962 unius
1631 3905 1735 3961 loci
1781 3907 2094 3963 narratione

489 3992 763 4050 concludi.
811 3994 975 4051 Verbi
1013 3995 1187 4066 gratia
1229 4012 1242 4049 :
1290 4001 1351 4050 ut
1391 4010 1513 4065 quas
1555 3995 1620 4051 de
1659 3994 1896 4068 )Egypto
1943 3996 2093 4052 dicta

489 4094 618 4141 sum
644 4084 754 4144 alio
778 4094 941 4158 atque
965 4087 1072 4144 alio
1100 4097 1361 4158 tempore,
1386 4103 1494 4144 uno
1518 4089 1762 4145 lectionis
1785 4090 1975 4145 ordine
2001 4105 2093 4147 co-

488 4187 841 4247 gnoscantur.
871 4178 1007 4234 Cum
1042 4180 1157 4235 hzec
1182 4179 1501 4244 dixerimus,
1524 4190 1708 4236 manet
1741 4180 2092 4238 nihilominus

490 4269 744 4340 quaestio,
781 4284 882 4325 cur
920 4270 978 4325 in
1017 4272 1121 4327 hoc
1151 4272 1340 4327 eodem
1378 4272 1498 4329 loco
1532 4274 1765 4344 primum
1799 4273 1980 4331 factus
2019 4275 2092 4331 sit

490 4372 679 4416 sermo
714 4359 929 4415 Domini
968 4363 1038 4416 ad
1081 4361 1421 4419 Pharaonem
1471 4380 1616 4420 anno
1663 4365 1950 4421 undecimo
1983 4378 1999 4419 :
2038 4373 2094 4423 et

2198 3245 2352 3313 Quod
2380 3246 2681 3301 conteritur
2719 3246 2773 3300 in
2812 3246 3141 3303 adversariis
3190 3250 3412 3311 nostris,
3446 3249 3661 3319 quando
3692 3266 3794 3307 nos

2196 3346 2595 3409 persequuntur
2620 3337 2858 3409 quidem,
2882 3339 2973 3395 scd
2987 3340 3304 3411 opprimere
3318 3352 3617 3413 nequeunt,
3637 3351 3696 3397 et
3714 3359 3794 3414 pro

2198 3428 2372 3486 Salute
2400 3442 2680 3484 servorum
2733 3430 2828 3485 Dei
2860 3430 3119 3486 adversus
3138 3430 3501 3489 Pharaonem
3528 3446 3626 3490 res
3644 3432 3791 3507 Baby-

2197 3518 2339 3575 lonis
2376 3533 2516 3588 saepe
2545 3520 2844 3591 consurgit,
2879 3529 2939 3575 ut
2982 3530 3262 3592 potentem
3303 3525 3599 3595 opprimat
3634 3534 3791 3596 pota

2199 3609 2325 3676 tior,
2353 3618 2406 3664 et
2442 3609 2569 3664 mali
2608 3610 2892 3666 tradantur
2925 3612 3203 3682 peioribus
3250 3631 3271 3666 :
3305 3613 3669 3672 confer-tante
3707 3613 3791 3670 Des

2197 3700 2421 3759 brachia
2442 3701 2822 3771 pessimorum,
2847 3708 2906 3757 ut
2932 3703 3086 3769 sciat,
3113 3705 3211 3774 qui
3238 3704 3529 3764 liberatus
3556 3718 3661 3775 est,
3678 3708 3787 3779 quid

2199 3795 2318 3867 ipse
2338 3796 2411 3850 sit
2434 3794 2717 3861 Dominus,
2740 3789 3243 3867 perfectum-autem
3268 3812 3408 3855 esse
3435 3800 3669 3856 virtutis
3687 3801 3788 3855 scim

2198 3889 2341 3960 «mod
2366 3890 2483 3960 ipso
2503 3889 2574 3943 sit
2601 3888 2879 3944 Dominus.
2913 3887 3234 3947 Eoontrario
3259 3902 3584 3961 possumus
3609 3895 3787 3951 dicere:

2206 4000 2233 4032 ι
2256 3980 2376 4036 Filii
2407 3980 2545 4048 Heli,
2591 3980 2689 4035 lilii
2725 3981 3051 4052 pestilentia
3080 3984 3407 4042 nescientes
3457 3984 3659 4043 Deum.
3691 4007 3708 4039 ι
3745 3984 3789 4040 ιλ

2201 4076 2259 4131 in
2280 4076 2479 4131 bonam
2510 4084 2721 4145 partem
2745 4075 2813 4131 de
2837 4072 3074 4148 regibus,
3103 4076 3193 4148 qui
3222 4086 3459 4134 rectum
3494 4080 3733 4137 {scenici
3756 4080 3791 4132 ὲ

2200 4175 2492 4240 compecto
2545 4167 2662 4235 Dei,
2706 4166 2970 4238 scriptum
3018 4174 3102 4223 est
3151 4164 3303 4238 quod
3344 4172 3626 4228 noverint
3652 4168 3789 4227 Doni-

2201 4272 2353 4319 num.

534 4479 3787 4518 ww

1604 4614 1906 4694 LIBER
1961 4615 2673 4697 DUODECIMUS.

1905 4748 2347 4771 _—‘——h—

564 4806 827 4869 Volebam
860 4826 965 4884 ego
992 4810 1281 4869 historiam
1319 4812 1693 4884 propheticum
1729 4816 1799 4875 de
1825 4817 2085 4893 .Egypto,
2112 4824 2167 4884 D
2200 4837 2220 4871 ι
2248 4818 2454 4875 mensis
2482 4836 2496 4874 :
2522 4818 2724 4874 factum
2747 4824 2831 4874 est
2851 4817 3076 4875 verbum
3105 4817 3324 4877 Domini
3364 4825 3445 4881 ad
3477 4843 3587 4887 me
3614 4828 3791 4887 dicas:

488 4911 547 4959 et
588 4916 717 4973 rege
760 4900 881 4971 ejus
916 4901 1081 4957 simul
1117 4901 1174 4956 in
1208 4917 1376 4958 unum
1416 4906 1612 4962 librum
1655 4918 1931 4981 coaptare.
1983 4913 2089 4969 Sed

490 4996 620 5067 quia
652 4996 761 5052 hoc
794 5006 917 5049 non.
941 4994 1148 5066 patitur
1183 4995 1459 5067 longitudo
1495 5003 1843 5071 narrationis,
1887 5006 2090 5063 idcirco

492 5087 635 5142 sicut
656 5086 727 5140 de
738 5084 889 5155 Tyro
911 5092 967 5140 et
987 5085 1233 5157 principe
1260 5085 1447 5156 ejusin
1458 5090 1594 5150 duos
1608 5094 1773 5152 libros
1800 5096 2089 5155 dividimus

493 5174 809 5241 historiam,
831 5175 906 5230 ita
932 5183 991 5232 et
1014 5191 1160 5233 nunc
1185 5179 1252 5235 de
1276 5178 1508 5253 Egypto
1548 5194 1604 5242 et
1639 5185 1923 5245 Pharaone
1955 5191 2091 5247 divi-

496 5264 707 5324 sionem
736 5266 880 5333 inter
903 5268 1041 5326 duos
1068 5268 1238 5328 libros
1262 5270 1543 5331 faciemus.

1047 5378 1277 5439 CAPUT
1333 5384 1526 5442 XXXI.

481 5467 689 5542 .Sermo
725 5467 943 5550 υο-ιῃὶτή
978 5482 1161 5550 contra
1206 5472 1544 5550 Pharaonem
1588 5481 1727 5550 quod
1763 5484 1998 5540 tradetur
2035 5491 2093 5545 in

567 5555 755 5622 manus
788 5539 1296 5622 Nabuchodonosor,
1326 5556 1375 5602 et
1418 5549 1483 5604 de
1506 5539 1727 5622 Assyria
1755 5555 1851 5610 sub
1886 5539 2092 5616 nomine

564 5610 769 5667 arboris
791 5612 959 5668 eidem
989 5616 1219 5673 tradite.

572 5743 594 5780 ι
620 5726 688 5783 Et
711 5727 913 5788 factum
925 5732 1076 5789 estin
1087 5733 1727 5810 undecimoanno,tertio
1749 5758 1953 5813 mense,
1984 5760 2091 5802 uua

2206 4929 2225 4965 ι
2253 4910 2357 4968 Fili
2385 4911 2640 4977 hominis,
2671 4912 2759 4968 dic
2790 4912 3059 4968 Pharaoni
3087 4913 3201 4984 regi
3230 4910 3483 4989 Egypti
3531 4930 3596 4978 et
3640 4923 3795 4996 μηὼ

2205 5023 2224 5056 ι
2253 5004 2399 5076 ejus:
2416 5002 2512 5061 Cui
2534 5003 2725 5062 similis
2745 5002 2919 5061 factus
2938 5020 2999 5061 es
3022 5007 3074 5061 in
3098 5007 3499 5077 magnitudine
3531 5014 3669 5069 tua?
3692 5013 3795 5070 Eutr

2204 5115 2225 5148 ι
2250 5096 2631 5171 Αεειιιοιιιιιειεί
2676 5098 2872 5153 cedrus
2913 5097 2969 5152 in
3008 5095 3232 5164 Libano,
3276 5100 3537 5170 pulcher
3574 5104 3735 5161 ramis
3760 5116 3801 5159 ei

2199 5190 2526 5247 «frondibus
2576 5202 2927 5258 nemorosus,
2973 5190 3328 5261 excelsusque
3382 5194 3725 5266 altitudine,
3765 5210 3804 5253 ιι

2193 5304 2215 5337 ι
2243 5285 2387 5341 inter
2406 5286 2706 5340 condensas
2727 5283 2947 5342 frondes
2968 5285 3231 5342 elevatum
3258 5294 3348 5343 est
3373 5304 3653 5349 cacumen
3677 5290 3798 5361 diu

2200 5395 2221 5430 ι
2248 5378 2417 5449 Aquae
2439 5378 2751 5436 nutrierunt
2779 5378 2929 5435 illum
2960 5398 2972 5433 :
3001 5379 3229 5450 abyssus
3255 5379 3519 5440 elevavit
3540 5401 3697 5451 eum,
3722 5384 3803 5440 ila

2199 5489 2220 5524 ι
2246 5472 2395 5528 mina
2422 5469 2540 5543 ejus
2566 5472 2860 5529 manabant
2893 5473 2949 5529 in
2988 5473 3217 5531 circuitu
3258 5472 3527 5534 radicum
3578 5480 3729 5549 eius,
3774 5492 3811 5537 ei

2200 5580 2221 5616 ι
2248 5564 2393 5619 rivos
2421 5579 2548 5621 suos
2573 5565 2756 5621 emisit
2779 5564 2847 5621 ad
2875 5566 3127 5622 universa
3160 5564 3308 5638 ligna
3351 5571 3638 5641 regionis.
3694 5574 3815 5629 Pru-

2201 5677 2219 5710 ι
2250 5668 2434 5729 pterca
2471 5661 2682 5717 elevata
2714 5670 2801 5717 est
2832 5660 3058 5718 altitudo
3094 5662 3213 5733 ejus
3244 5677 3417 5731 super
3442 5667 3651 5721 omnia
3678 5668 3805 5737 ligat

2200 5769 2220 5804 ι
2253 5754 2505 5827 regionis,
2539 5766 2592 5811 ct
2622 5753 2977 5825 multiplicata
3008 5763 3134 5815 sunt
3158 5754 3382 5813 arbusta
3414 5754 3587 5823 eius,
3618 5770 3678 5812 et
3716 5780 3817 5815 cac-
