3916 6356
111 329 212 428 813

1042 365 1390 425 conus-NT.
1432 363 1499 418 lN
1539 319 1991 418 exoculatum.
2029 392 2102 406 —
2132 363 2260 420 LIB.
2302 364 2413 419 xu.

3257 356 3364 424 814

114 502 132 534 ‹
158 481 262 536 vati
314 487 436 536 sunt
489 495 621 534 rami
664 478 778 549 ejus
824 494 933 549 prae
979 478 1134 547 aquis
1185 477 1382 532 multis.
1435 474 1676 542 Cumque
1705 471 1754 534 Α
1780 472 1840 524 fit
1869 473 2088 539 mentio,
2119 489 2188 528 ne
2217 475 2460 529 videatur
2486 479 2672 530 contra
2697 478 2962 546 captivum
2994 479 3244 549 populum
3268 500 3363 554 po-

115 591 133 621 ‹
164 571 485 626 cxtendisset
509 569 752 623 umbram
784 585 935 623 suam
989 569 1040 622 in
1072 569 1234 622 ramis
1264 568 1396 637 ejus,
1433 565 1676 621 fecerunt

114 679 133 710 ‹
164 661 307 715 nidos
345 659 524 713 omnia
564 657 799 712 volatilia
841 656 983 720 cmli,
1030 665 1083 710 et
1120 657 1218 712 sub
1260 655 1535 710 frondibus
1563 654 1678 724 ejus

112 767 131 800 ‹
163 761 458 819 genuerunt
481 763 668 803 omnes
705 745 890 804 bestiae
935 747 1188 812 saltuum,
1223 757 1276 802 et
1318 747 1416 802 sub
1462 747 1678 801 umbra-

113 857 132 890 ι
167 840 279 894 enio
310 839 448 894 illius
479 839 751 893 habitabat
797 845 967 893 ccetus
1014 839 1252 909 gentium
1281 839 1675 894 universarum.

115 948 132 978 ε
162 931 390 999 Eratque
427 929 819 1000 pulcherrimus
855 929 906 984 in
950 929 1318 997 magnitudine
1365 945 1480 993 sua,
1525 937 1578 984 et
1625 929 1680 983 in

113 1037 132 1069 ι
164 1020 466 1074 dilatatione
492 1020 831 1073 arbustorum
863 1027 1103 1073 suorum.
1135 1019 1304 1075 Erant
1349 1021 1492 1073 enim
1544 1018 1684 1073 radi-

112 1127 129 1157 ε
160 1124 248 1163 ces
279 1108 418 1163 illius
449 1107 604 1177 juxta
638 1121 808 1180 aquas
851 1109 1065 1164 nmltas.
1122 1110 1288 1168 Cedri,
1319 1125 1426 1164 non
1468 1109 1684 1165 fuerunt

110 1219 130 1252 ι
161 1204 373 1258 altiores
399 1203 489 1258 illo
527 1205 582 1258 in
615 1204 863 1275 paradiso
890 1205 1005 1259 Dei.
1053 1202 1270 1259 Abietes
1301 1221 1407 1260 non
1437 1205 1686 1272 adtequa-

109 1313 128 1346 ε
163 1305 348 1350 verunt
389 1296 752 1351 summitatem
800 1296 946 1368 ejus,
986 1302 1041 1350 et
1079 1295 1284 1366 platani
1323 1311 1429 1350 non
1472 1293 1686 1349 fuerunt

112 1403 134 1436 ‹
164 1400 322 1456 :eqtne
352 1385 632 1440 frondibus
662 1383 821 1440 illius.
877 1385 1046 1441 Omne
1081 1386 1286 1457 lignum
1321 1386 1558 1456 paradisi
1593 1385 1688 1440 Dei

116 1496 134 1527 ι
166 1495 265 1531 non
293 1487 374 1532 est
409 1477 762 1532 assimilalum
793 1477 884 1542 illi,
910 1485 964 1531 et
987 1477 1370 1547 pulchritudini
1396 1477 1529 1545 ejus,
1557 1493 1689 1547 quo-

115 1577 130 1617 t
162 1568 301 1621 niam
333 1569 635 1637 speciosum
670 1567 774 1622 feci
805 1581 950 1632 cum,
989 1577 1043 1622 et
1078 1567 1259 1622 multis
1298 1569 1690 1637 condensisque

114 1676 132 1710 α
161 1657 456 1713 frondibus.
514 1659 583 1713 Et
614 1659 862 1713 mmulata
900 1666 1025 1714 sunt
1062 1675 1186 1713 eum
1220 1659 1400 1713 omnia
1435 1659 1577 1729 ligna
1605 1676 1692 1715 vo-

112 1751 409 1821 «luptatis,
460 1765 578 1821 quae
622 1759 778 1806 erant
829 1751 884 1804 in
927 1751 1179 1821 paradiso
1223 1750 1337 1804 Dei.
1396 1749 1688 1821 Pr0pterea

1780 563 1914 618 situs
1955 565 2008 619 in
2039 563 2285 620 Chaldtea
2315 567 2652 622 dominorum
2685 577 2846 638 atque
2880 573 3219 641 regnantium
3253 575 3363 631 ira-

1781 656 2030 711 cundiam
2066 673 2379 727 provocare,
2413 659 2506 714 sed
2535 659 2732 714 dicitur
2758 662 2822 744 de
2850 677 2974 733 rege
2995 663 3358 734 Assyriorum,

1780 745 1872 814 qui
1919 760 1984 801 eo
2025 747 2138 817 jam
2189 756 2430 819 tempore
2471 757 2658 819 captus
2707 741 2882 803 fuerat
2918 767 2947 805 a
2985 751 3267 821 Chaldaeis,
3312 764 3367 812 et

1781 839 1942 891 omne
1963 837 2128 890 robur
2153 835 2498 908 Assyriorum
2532 835 2824 909 Babylonio
2857 839 3167 909 subjacebat
3200 843 3368 916 impe-

1782 925 1886 992 rio,
1912 928 2053 983 unde
2067 935 2121 982 et
2142 927 2331 983 decem
2361 929 2552 997 tribus,
2577 930 2678 986 hoc
2704 935 2808 996 est,
2838 931 3022 1000 Israel,
3045 934 3252 1006 Assyrii
3277 952 3367 992 ea-

1782 1019 1957 1088 p'iunt.
2013 1007 2158 1075 Duas
2202 1029 2400 1087 autem,
2443 1021 2544 1077 hoc
2572 1031 2674 1090 est,
2726 1011 2918 1079 Iudam
2969 1033 3022 1080 et
3065 1017 3364 1096 Benjamin,

1785 1108 2019 1165 Chaldaei
2050 1115 2326 1180 superant,
2357 1120 2410 1165 et
2445 1112 2631 1168 urbem
2663 1113 2980 1169 subvertunt
3008 1113 3366 1172 Hierusalem.

1788 1202 2040 1257 Dicturus
2066 1202 2230 1274 igitur
2256 1212 2442 1258 contra
2469 1203 2800 1260 Pharaonem
2825 1211 3004 1278 regem
3032 1207 3249 1280 JEgypti
3280 1228 3290 1262 :
3317 1217 3371 1263 et

1786 1293 2040 1362 populum
2073 1296 2190 1362 ejus
2220 1299 2398 1350 sermo
2429 1296 2642 1352 divinus
2682 1298 2773 1353 tali
2812 1299 3069 1355 adversus
3110 1301 3257 1354 illum
3290 1309 3373 1355 est

1789 1401 1921 1440 usus
1966 1384 2205 1442 exordio.
2268 1408 2285 1439 ‹
2313 1386 2411 1443 Cui
2455 1389 2646 1444 similis
2688 1387 2863 1446 factus
2919 1408 2976 1446 es
3007 1391 3058 1446 in
3108 1392 3374 1464 magnitu-

1790 1474 1915 1530 dine
1939 1475 2072 1530 tua?
2096 1476 2234 1531 Ecce
2261 1476 2448 1545 Assur,
2477 1479 2629 1548 quasi
2657 1480 2850 1534 cedrus
2874 1480 2929 1533 in
2956 1479 3180 1547 Libano,
3213 1501 3230 1532 ι
3266 1490 3369 1537 etc.

1791 1555 1858 1619 Et
1908 1572 1988 1620 est
2029 1581 2222 1622 sensus
2252 1587 2263 1622 :
2294 1566 2412 1622 Non
2441 1569 2655 1624 mireris
2689 1571 2734 1625 si
2770 1586 2799 1623 a
2829 1564 3138 1642 Babyloniis
3161 1571 3234 1626 sis
3259 1572 3378 1627 vin-

1793 1658 1995 1713 cendus
2037 1663 2199 1728 atque
2240 1659 2530 1729 periturus,
2573 1667 2627 1714 et
2672 1668 2818 1714 tuum
2860 1661 3166 1731 perditurus
3210 1663 3381 1733 impe-

1796 1747 1960 1812 rium,
1983 1761 2276 1817 omnesque
2297 1756 2424 1820 opes
2446 1748 2714 1821 Egyptire
2735 1747 3069 1808 destruenda:
3096 1753 3222 1819 sint,
3257 1769 3379 1808 cum

112 1859 131 1892 ι
163 1844 276 1898 haec
310 1842 437 1896 dicit
471 1841 728 1898 Dominus
766 1841 907 1897 Deus
934 1860 945 1895 :
971 1841 1077 1895 Pro
1115 1856 1178 1896 eo
1205 1842 1345 1910 quod
1374 1841 1690 1898 sublimatus
1717 1825 1767 1898 Β
1794 1841 1965 1896 Assur
1995 1841 2162 1897 multo
2187 1849 2241 1896 te
2261 1841 2452 1895 fortior
2480 1841 2668 1896 eodem
2700 1841 2950 1897 Chaldaéo
2975 1849 3261 1913 superante
3289 1845 3383 1900 de-

114 1949 134 1982 ‹
162 1937 243 1986 est
269 1933 321 1985 in
357 1932 716 1997 altitudinem,
761 1938 815 1986 et
855 1931 1003 1986 dedit
1045 1932 1409 1987 summitatem
1438 1948 1588 1986 suam
1618 1933 1692 1987 vi-

113 2040 134 2073 ‹
161 2029 367 2076 rentem
390 2030 550 2090 atque
571 2021 918 2087 condensam,
952 2030 1006 2076 et
1033 2021 1299 2077 elevatum
1333 2029 1414 2076 est
1447 2037 1540 2076 cor
1575 2023 1690 2093 ejus

114 2129 136 2165 ι
164 2113 217 2166 in
251 2111 531 2166 altitudine
557 2125 676 2176 sua,
715 2112 910 2167 tradidi
949 2128 1072 2167 eum
1124 2113 1177 2166 in
1206 2127 1366 2167 manu
1410 2111 1690 2166 fortissimi

115 2219 134 2254 ι
164 2204 416 2274 gentium.
460 2201 686 2258 Faciens
716 2202 878 2258 faciet
912 2203 963 2258 ei
992 2204 1148 2274 juxta
1186 2204 1516 2273 impietatem
1551 2203 1686 2272 ejus.

116 2313 140 2346 ι
165 2296 230 2350 Et
253 2295 382 2364 ejeci
408 2311 551 2362 eam,
582 2304 636 2352 et
671 2296 948 2352 succident
987 2311 1107 2351 eam
1144 2297 1305 2351 alieni
1345 2304 1399 2351 et
1439 2296 1694 2351 crudelis-

116 2405 135 2440 ι
163 2388 284 2443 simi
315 2389 616 2443 nationum.
646 2388 713 2443 Et
738 2387 1022 2457 projicient
1044 2403 1166 2444 eam
1196 2402 1357 2458 super
1381 2396 1612 2454 montes,
1639 2395 1694 2443 et

116 2499 140 2531 ε
168 2482 222 2536 in
256 2481 466 2536 cunctis
497 2471 825 2536 convallibus
847 2488 1104 2536 corruent
1133 2481 1266 2534 rami
1294 2479 1428 2549 ejus.
1468 2479 1535 2534 Et
1560 2496 1692 2535 con-

114 2593 134 2630 ‹
163 2576 461 2648 fringentur
487 2578 706 2632 arbusta
729 2575 844 2645 ejus
880 2577 935 2632 in
973 2576 1240 2632 universis
1266 2578 1488 2646 rupibus
1517 2585 1693 2632 terra).

114 2687 134 2720 ‹
165 2667 233 2722 Ει
261 2669 515 2724 recedent
537 2669 604 2724 de
627 2669 940 2723 umbraculo
973 2666 1089 2736 ejus
1120 2682 1308 2722 omnes
1336 2667 1513 2738 populi
1542 2675 1700 2722 terrae

114 2779 135 2812 ‹
165 2769 222 2816 et
251 2761 552 2832 relinquent
585 2776 724 2816 eam.
768 2760 825 2816 in
859 2761 1012 2815 ruina
1039 2762 1154 2830 ejus
1179 2761 1558 2816 habitaverunt
1585 2776 1702 2816 om.

113 2878 132 2911 ε
165 2859 255 2912 nia
300 2855 537 2912 volatilia
583 2854 724 2919 cteli,
768 2861 822 2908 et
865 2854 919 2908 in
969 2854 1134 2908 ramis
1184 2852 1300 2921 ejus
1343 2852 1558 2908 fuerunt
1591 2853 1704 2907 uni-

115 2967 133 3002 ς
165 2963 336 3004 versae
368 2947 554 3002 bestiae
583 2946 838 3016 regionis.
895 2943 1257 3012 Quamobrem
1288 2959 1393 2998 non
1421 2943 1706 2999 elevabun-

115 3066 133 3097 ι
168 3053 258 3099 tur
285 3046 339 3099 in
371 3041 651 3099 altitudine
683 3058 779 3096 sua
809 3041 989 3096 omnia
1027 3039 1170 3110 ligna
1211 3054 1492 3109 aquarum,
1530 3053 1707 3108 neque

116 3155 134 3188 ι
167 3141 370 3205 ponent
409 3133 794 3189 sublimitatem
833 3147 984 3187 suam
1027 3131 1167 3186 inter
1212 3145 1495 3185 nemorosa
1545 3135 1708 3200 atque

1798 1931 1937 1986 lctus
1964 1931 2052 1986 sit.
2096 1932 2465 2001 Describitque
2512 1937 2805 2000 petentiam
2847 1950 2986 2005 regis
3035 1933 3238 2006 Assyrii
3284 1937 3384 1993 sub

1798 2021 1970 2093 figura
1995 2022 2208 2077 arboris
2236 2022 2383 2078 cedri
2405 2021 2555 2092 juxta
2585 2021 2927 2088 Hebraicutn,
2958 2023 3210 2094 cyparissi
3229 2025 3385 2094 juxta

1796 2112 1960 2181 LXX,
2002 2114 2056 2168 in
2090 2121 2268 2170 monte
2303 2113 2506 2169 Libano
2541 2115 2864 2178 constituta),
2903 2119 3019 2185 qine
3052 2117 3118 2170 sit
3160 2114 3387 2186 pulchra

1798 2204 1965 2258 ramis
1997 2212 2051 2259 et
2086 2203 2356 2259 condensa
2387 2202 2665 2259 frOndibtis
2698 2207 2753 2258 et
2776 2205 2841 2259 ad
2871 2206 3038 2259 nubes
3068 2220 3239 2276 usque
3263 2206 3388 2259 sub-

1798 2301 1972 2359 recta,
2013 2301 2132 2363 qua:
2164 2292 2365 2348 ideirco
2400 2299 2615 2347 tantum
2653 2294 2840 2358 erevit,
2887 2294 3030 2362 quod
3068 2308 3175 2347 non
3211 2295 3387 2364 aquis,

1799 2384 1894 2440 Sed
1951 2384 2180 2455 abyssis,
2232 2386 2336 2440 hoc
2373 2392 2485 2450 est,
2536 2384 2699 2454 aquis
2741 2384 3219 2439 abundantissimis
3269 2385 3394 2438 irri-

1800 2473 1977 2550 getur.
2023 2476 2263 2547 Abyssns
2309 2476 2451 2531 enim
2505 2475 2789 2530 multitudo
2841 2477 3049 2530 sonitus
3105 2489 3390 2545 aquarum.

1801 2570 1878 2625 Ita
1936 2580 1994 2626 ut
2049 2585 2239 2626 omnes
2295 2584 2422 2625 aves
2479 2571 2633 2624 nidos
2690 2570 2920 2625 fecerint
2969 2569 3023 2623 in
3056 2569 3221 2625 ramis
3276 2566 3396 2639 ejus

1804 2669 1859 2717 et
1917 2662 2016 2717 sub
2076 2661 2354 2717 frondibus
2417 2661 2558 2716 illius
2617 2663 2899 2732 genuerint
2953 2675 3142 2717 omnes
3210 2661 3399 2718 bestia;

1806 2752 2061 2808 saltuum.
2080 2751 2145 2807 Et
2163 2769 2230 2808 ne
2252 2752 2624 2808 dubitaremus
2647 2767 2764 2823 quae
2785 2760 2968 2807 essent
2990 2751 3110 2808 curii
3133 2749 3394 2821 volatilia,

1807 2855 1928 2913 qua)
1951 2840 2206 2896 silvarum
2240 2843 2426 2896 bestiae
2474 2843 2714 2910 apertius
2739 2843 2935 2909 posuit.
2987 2861 3005 2893 ‹
3043 2842 3109 2896 Et
3133 2843 3234 2897 sub
3277 2857 3400 2898 um-

1808 2934 2032 2989 braculo
2057 2933 2200 2990 illius
2218 2935 2498 2989 habitabat
2518 2942 2690 2988 cretus
2712 2935 2952 3004 gentium
2975 2934 3348 3004 plurimarum.
3375 2953 3394 2987 ι

1811 3010 1992 3088 Cedri,
2042 3024 2251 3093 inquit,
2297 3032 2349 3078 et
2396 3023 2682 3094 cyparissi,
2727 3024 2930 3079 a-bietes
2986 3025 3098 3080 sive
3139 3026 3298 3095 pinus
3346 3032 3404 3080 et

1811 3114 2039 3186 platani,
2095 3115 2208 3168 sive
2261 3113 2546 3185 cyparissi,
2597 3128 2703 3167 non
2757 3113 2974 3168 fuerunt
3023 3129 3190 3186 aqum
3235 3114 3403 3169 ramis

116 3245 136 3277 ‹
167 3191 420 3279 frondosa
440 3265 454 3289 ,
495 3237 596 3278 nec
626 3221 846 3278 stabunt
884 3221 937 3276 in"
986 3218 1318 3276 sublimitate
1355 3233 1449 3274 sua
1489 3191 1670 3274 omnia
1691 3259 1708 3286 ,
1737 3191 1782 3266 C
1815 3209 1978 3262 illius.
2012 3207 2078 3261 Et
2099 3221 2167 3262 ne
2192 3206 2503 3277 singillatim
2532 3208 2598 3262 de
2624 3207 2834 3262 cunctis
2857 3207 3142 3262 arboribus
3170 3207 3400 3273 diceret,

118 3331 138 3366 ι
171 3329 292 3384 qua:
334 3315 628 3387 irrigantur
657 3313 831 3384 aquis,
863 3313 990 3382 quia
1030 3321 1217 3367 Omnes
1258 3311 1442 3366 traditi
1486 3318 1612 3367 sunt
1657 3312 1712 3366 in

118 3421 139 3454 ‹
170 3411 399 3459 mortem
431 3402 498 3458 ad
539 3409 738 3459 terram
779 3402 1023 3457 ultimam
1051 3402 1106 3456 in
1133 3401 1312 3457 medio
1341 3401 1574 3456 filiorum
1615 3402 1713 3457 ho-

119 3513 140 3549 ι
171 3497 377 3551 minum
408 3495 474 3552 ad
519 3511 615 3552 eos
648 3496 742 3567 qui
775 3493 1112 3551 descendunt
1141 3496 1194 3549 in
1231 3493 1426 3550 laeum.
1483 3491 1607 3551 Haec
1639 3487 1714 3551 di-

120 3604 142 3638 ι
171 3587 245 3641 cit
284 3587 544 3643 Dominus
579 3586 740 3642 Deus.
790 3585 850 3640 in
878 3585 964 3641 die
990 3586 1206 3655 quando
1235 3586 1514 3642 descendit
1541 3587 1616 3642 ad
1637 3588 1715 3642 in‘-

121 3697 142 3730 σ
172 3677 316 3734 feros
339 3679 508 3733 indixi
537 3677 761 3743 luctum,
784 3680 974 3747 operui
999 3681 1121 3732 eum
1145 3677 1360 3748 abysso,
1389 3685 1441 3732 et
1465 3679 1714 3748 prohibui

125 3787 146 3820 ι
176 3769 398 3825 ﬂumina
434 3771 568 3842 ejus,
605 3777 660 3824 et
697 3769 913 3825 coercui
954 3781 1125 3839 aquas
1166 3769 1383 3825 multas.
1437 3769 1717 3842 Contritus

125 3881 146 3914 ι
176 3873 260 3920 est
305 3881 468 3936 super
511 3880 634 3920 eum
663 3864 916 3930 Libanus,
951 3874 1005 3920 et
1040 3866 1222 3920 omnia
1253 3861 1396 3937 ligna
1427 3867 1542 3936 agri
1583 3881 1714 3921 con-

125 3977 145 4010 ‹
176 3975 336 4015 cussa
382 3968 527 4014 sunt.
576 3960 621 4013 Α
667 3960 846 4014 sonitu
894 3960 1065 4013 ruinm
1105 3961 1222 4030 ejus
1260 3963 1551 4016 commovit
1590 3971 1718 4032 gen-

126 4072 144 4105 ι
177 4064 261 4108 tes
311 4068 435 4107 eum
485 4050 815 4106 deducerent
855 4066 979 4106 eum
1029 4051 1097 4106 ad
1146 4051 1418 4106 infernum
1470 4070 1593 4107 cum
1635 4054 1718 4108 his

124 4165 146 4199 ‹
175 4146 270 4215 qui
316 4144 711 4199 descendebant
757 4144 810 4197 in
851 4141 1050 4198 laeum.
1105 4144 1470 4199 Eteonsolata
1503 4155 1629 4200 sunt
1664 4147 1717 4202 in

126 4258 148 4290 ε
181 4247 330 4292 terra
358 4237 538 4290 intima
577 4236 757 4292 omnia
787 4235 932 4308 ligna
968 4238 1261 4308 voluptatis
1300 4240 1515 4311 egregia
1559 4250 1720 4309 atque

125 4350 146 4382 ι
175 4328 442 4400 pt'aaclara
494 4329 548 4383 in
590 4329 796 4384 Libano
845 4331 1099 4385 universa
1127 4372 1141 4399 ,
1194 4347 1312 4400 quae
1357 4333 1720 4404 irrigabantur

128 4441 148 4474 ι
181 4422 357 4492 aquis.
410 4420 545 4477 Nam
590 4431 643 4477 et
683 4423 785 4493 ipsi
826 4437 948 4478 cum
988 4438 1049 4478 ea
1089 4423 1415 4492 descendent
1454 4425 1520 4481 ad
1555 4424 1721 4482 infer-

128 4531 150 4564 ι
182 4529 315 4568 num
362 4513 430 4568 ad
478 4513 790 4569 interfectos
835 4514 1012 4585 gladio
1041 4557 1055 4582 ,
1099 4517 1155 4570 et
1195 4515 1477 4573 brachium
1531 4518 1765 4585 unius—.-

129 4627 149 4660 ι
181 4609 447 4679 cujusque
484 4607 691 4663 sedebit
716 4609 816 4663 sub
842 4608 1157 4664 umbraettlo
1192 4610 1308 4681 ejus
1337 4610 1393 4664 in
1420 4611 1599 4666 medio
1627 4627 1720 4667 na—

129 4719 150 4751 ‹
183 4700 394 4754 tionum
433 4699 569 4770 ejus.
617 4697 717 4753 Cui
760 4697 1087 4753 assimilatus
1127 4713 1204 4765 es,
1253 4715 1287 4754 o
1318 4700 1516 4770 inclyte
1560 4709 1721 4771 atque

130 4807 153 4843 ι
186 4790 435 4845 sublimis
472 4789 614 4844 inter
649 4789 791 4860 ligna
817 4789 1144 4861 voluptatis?
1183 4791 1321 4847 Ecce
1360 4793 1620 4849 deductus
1663 4809 1722 4851 es

130 4901 153 4936 α
184 4897 314 4939 eum
340 4883 500 4954 lignis
525 4883 814 4954 voluptatis
847 4886 914 4941 ad
951 4893 1151 4940 terram
1194 4886 1461 4941 ultimam.
1511 4888 1568 4941 in
1617 4902 1724 4942 me-

132 4993 157 5030 ι
185 4977 280 5032 dio
311 4977 810 5032 incircumcisorum
842 4978 1081 5033 dormies
1115 4993 1237 5032 cum
1266 4979 1350 5033 his
1377 4978 1468 5048 qui
1499 4978 1723 5035 interfe-

132 5085 155 5118 ι
187 5070 261 5122 eti
291 5073 417 5122 sunt
454 5066 648 5137 gladio.
697 5064 813 5135 ipse
840 5075 922 5122 est
952 5068 1030 5122 sic
1058 5065 1291 5133 Pharao,
1325 5077 1379 5124 et
1401 5070 1576 5124 omnis
1601 5069 1733 5123 mul-

133 5179 155 5213 ι
189 5160 368 5215 titudo
387 5159 518 5228 ejus,
549 5157 944 5215 dieitDominus
958 5160 1117 5216 Deus.
1152 5180 1168 5211 ι
1190 5159 1456 5232 (Hieron).
1488 5159 1732 5216 Primum

129 5251 445 5316 sciendum,
461 5251 602 5320 quod
615 5265 948 5321 qutecunque
969 5251 1222 5306 dicuntur
1234 5251 1298 5305 de
1328 5265 1457 5322 rege
1485 5249 1732 5322 Assyrio-

129 5358 263 5400 rum
311 5343 492 5399 t‘uturo
517 5349 780 5413 tempore,
826 5343 880 5398 in
906 5341 1256 5414 Septuaginta
1284 5343 1436 5413 quasi
1462 5350 1734 5398 transacta

128 5441 546 5490 memorantur:
574 5443 628 5488 et
656 5434 735 5489 sic
757 5431 840 5487 vel
871 5433 937 5487 ad
964 5433 1210 5488 arborem
1235 5431 1320 5487 vel
1345 5431 1408 5486 ad
1433 5433 1733 5504 principem

129 5525 385 5594 loquitur
399 5524 759 5597 Assyriorum,
773 5534 832 5580 ut
847 5529 953 5580 tam
973 5523 1270 5579 masculino
1292 5537 1454 5594 quam
1475 5524 1736 5581 feminino

131 5632 347 5691 genere
394 5619 461 5674 de
504 5633 611 5673 una
655 5631 885 5689 persona
930 5616 1282 5687 intelligatur,
1322 5616 1447 5671 dum
1485 5625 1540 5670 et
1576 5616 1737 5671 arbor

129 5709 387 5770 mfertur
415 5709 482 5764 ad
513 5709 796 5780 Assyrium
827 5715 881 5764 et
909 5707 1164 5779 Assyrius
1193 5708 1246 5760 in
1277 5705 1471 5761 arbore
1492 5707 1737 5761 nomina-

133 5807 260 5859 tur.
304 5799 415 5860 Nec
438 5801 503 5859 de
528 5816 654 5872 rege
676 5799 971 5870 Babylonio
1000 5800 1052 5854 in
1079 5798 1332 5871 prmsenti
1357 5812 1610 5856 sermone
1630 5797 1738 5854 ulla

1821 3315 1845 3353 α
1881 3300 1948 3354 Ει
1977 3299 2179 3364 omnia,
2213 3298 2406 3367 inquit,
2446 3296 2588 3367 ligna
2615 3299 2852 3368 paradisi
2881 3299 2998 3364 Dei,
3024 3312 3130 3353 non
3157 3307 3280 3353 sunt
3315 3313 3405 3354 as-

1817 3388 2050 3446 similata
2103 3389 2181 3443 illi
2224 3397 2279 3442 et
2326 3388 2714 3457 pulchritudini
2762 3387 2897 3457 ejus,
2939 3409 2957 3441 ι
3010 3399 3115 3447 etc.
3148 3389 3251 3444 Per
3287 3405 3410 3459 quae

1817 3481 2060 3539 nonnulli
2091 3478 2396 3550 in-teiiig‘unt
2423 3495 2532 3534 non
2556 3480 2622 3534 de
2647 3495 2773 3550 rege
2794 3481 2899 3536 dici
2931 3481 3172 3552 Assyrio,
3214 3481 3308 3536 sed
3338 3481 3407 3536 de

1819 3572 2091 3625 contraria
2139 3571 2458 3626 fortitudine
2485 3611 2499 3635 ,
2537 3583 2657 3640 qua:
2692 3570 2746 3624 in
2797 3586 3046 3626 sermone
3086 3571 3218 3644 Tyri
3262 3571 3410 3626 inter

1818 3664 2112 3721 Cherubin:
2143 3663 2344 3718 dicitur
2379 3675 2500 3718 esse
2530 3668 2810 3732 generata,
2849 3674 2904 3718 et
2931 3663 3184 3732 pretiosis
3213 3663 3409 3718 distiu-

1821 3764 1905 3811 cta
1943 3755 2246 3826 lapidibus,
2284 3761 2340 3810 et
2366 3762 2550 3824 postea
2580 3756 2649 3808 ad
2680 3762 2896 3810 terrena
2924 3769 3024 3811 suo
3060 3755 3193 3810 vitio
3231 3755 3413 3810 conci-

1821 3847 1990 3914 disse,
2022 3848 2114 3917 qui
2135 3856 2190 3902 et
2223 3848 2279 3902 'm
2304 3846 2442 3902 lsai-a
2467 3847 2665 3902 cadens
2694 3845 2912 3902 Lucifer
2940 3847 3239 3918 appellatur
3272 3845 3409 3919 (lsa.

1821 3940 1965 4011 xrv),
1998 3939 2128 3995 etin
2166 3938 2460 4009 Evangeiio
2483 3939 2726 4009 signatur
2753 3955 2783 3993 a
2812 3941 3040 3994 Domino
3065 3957 3078 3993 :
3111 3959 3128 3992 ι
3151 3940 3414 3996 Videbam

1824 4032 2107 4097 Satanam,
2132 4030 2481 4101 quasil'ulgor
2511 4031 2579 4085 de
2608 4030 2746 4086 ccelo
2771 4032 3052 4086 cadentem
3086 4030 3240 4102 (Luc.
3268 4031 3346 4102 ι).
3387 4049 3408 4082 ι

1824 4120 2032 4194 (Greg.)
2062 4120 2162 4188 Qui
2193 4131 2428 4188 namque
2477 4121 2648 4190 accipi
2692 4121 2746 4174 in
2795 4120 2971 4175 cedria
3014 4119 3313 4190 abjectibus
3356 4130 3415 4176 et

1822 4217 2058 4289 platanis
2103 4223 2354 4286 possunt,
2398 4213 2500 4268 nisi
2547 4213 2638 4268 illa
2670 4214 2932 4268 virtut-um
2955 4213 3258 4269 caelestium
3284 4227 3415 4285 pro-

1824 4321 1965 4364 cerae
2005 4306 2341 4362 celsitudinis
2377 4305 2591 4375 agmina
2621 4305 2676 4359 in
2697 4311 2900 4359 aeterna
2932 4304 3116 4359 laetitia
3142 4304 3419 4361 viriditate

1823 4398 2107 4471 plautata?
2146 4397 2276 4464 Quae
2317 4396 2566 4467 quamvis
2603 4396 2814 4452 excelsa
2856 4397 2961 4452 sint
3002 4396 3242 4463 condita,
3291 4396 3420 4452 huic

1827 4499 2008 4548 tamen
2046 4501 2148 4546 nec
2185 4491 2408 4561 praelata
2443 4497 2572 4545 sunt
2617 4499 2720 4544 nec
2747 4491 2992 4571 aeqtmta,
3022 4488 3112 4559 qui
3141 4489 3419 4558 speciosus

1825 4586 2000 4641 factus
2060 4585 2114 4639 in
2170 4583 2357 4639 mult-is
2411 4583 2807 4650 comiensisque
2861 4580 3142 4636 frondibus
3199 4580 3414 4635 dicitur.

1826 4677 1961 4745 Quia
1985 4676 2270 4746 praelatum
2299 4674 2509 4729 cznteris
2533 4673 2832 4742 legionibus
2860 4679 3008 4726 tanta
3034 4671 3182 4725 illum
3210 4673 3422 4740 species

1824 4767 2192 4840 pulchriorem
2215 4765 2468 4829 reddidit,
2493 4769 2698 4832 quanta
2721 4773 2777 4817 et
2803 4763 3080 4833 supposita
3104 4763 3421 4834 angelorum

1828 4862 2118 4918 Multitudo
2139 4859 2434 4915 decoravit.
2481 4857 2586 4912 Ista
2614 4858 2776 4912 arbor
2812 4857 2866 4910 in
2913 4855 3165 4926 paradiso
3209 4855 3305 4910 Dei
3341 4861 3424 4910 tot

1828 4953 1986 5025 quasi
2023 4953 2220 5008 densas
2247 4951 2465 5006 frondes
2494 4951 2713 5013 habuit,
2747 4958 2877 5020 qu0t
2904 4950 3004 5004 sub
3027 4965 3088 5003 se
3106 4949 3313 5018 positas
3333 4963 3424 5008 sti-

1832 5057 2126 5117 pernorum
2170 5043 2456 5114 spirituum
2493 5043 2730 5111 legiones
2773 5040 3024 5095 attendit.
3068 5038 3170 5106 Qui
3218 5027 3438 5097 idcirco.

1833 5143 2068 5208 peccans
2109 5135 2224 5189 sine
2251 5133 2405 5189 venia
2443 5134 2728 5187 damnatus
2752 5139 2855 5196 est,
2897 5130 3023 5200 quia
3053 5141 3280 5201 magnus
3305 5131 3422 5188 sine

1834 5228 2239 5299 comparatione
2272 5225 2450 5280 fuerat
2473 5233 2708 5281 creatus.
2745 5222 3015 5295 (Ηὶενση.)
3047 5221 3153 5278 Sed
3180 5237 3278 5277 nos
3307 5223 3425 5279 haec

1841 5322 2022 5379 munia
2067 5328 2128 5376 ut
2164 5321 2382 5379 interim
2425 5327 2717 5389 sequamur
2758 5319 3041 5374 historiam
3073 5317 3421 5393 ὑπερϐολικῶς

1843 5416 1985 5472 dicta
2033 5413 2426 5485 intelligamus,
2475 5412 2616 5482 quod
2650 5417 2813 5464 tanta:
2845 5409 3100 5482 Assyrius
3131 5409 3296 5465 fuerit
3326 5423 3425 5479 po-

1842 5511 2042 5573 tentiae,
2098 5516 2154 5564 et
2200 5507 2280 5563 sic
2325 5513 2549 5562 cunctas
2588 5503 2917 5573 oppresserit
2958 5504 3223 5567 nationes,
3277 5509 3336 5555 ut
3363 5516 3435 5565 se

1844 5606 2154 5678 angelorum
2168 5601 2468 5660 fortitudini
2490 5599 2835 5670 compararit.
2858 5599 3049 5655 Omnia
3066 5607 3244 5654 autem
3267 5617 3424 5671 μετα-

1844 5707 2061 5779 φορικῶς
2090 5699 2188 5755 sub
2219 5696 2483 5754 altissima
2515 5695 2677 5751 cedro
2710 5695 2822 5751 sive
2863 5695 3140 5767 cyparisso
3169 5693 3425 5749 dicuntur

1846 5796 1914 5853 ad
1950 5793 2264 5864 Assyrium,
2295 5787 2711 5860 interfectioque
2736 5789 2879 5846 illius
2919 5788 3217 5862 appellatur
3245 5780 3426 5842 suoci-
