3916 6356
546 293 651 350 815

1219 291 1284 346 Β.
1323 288 1577 346 RABANI
1615 287 1836 345 suum
1873 286 2209 384 accurata,
2236 285 2874 378 MOGUNT.’OPERUM
2912 286 3092 344 PARS
3126 287 3192 344 ιι.
3738 289 3811 362 sit

538 375 640 467 sio.
672 405 933 475 Quodque
960 403 1204 474 sequitur
1238 422 1249 457 :
1281 423 1299 456 ‹
1336 403 1552 458 Tradidi
1579 419 1699 458 eam
1734 403 1787 457 in
1826 417 1988 457 manu
2017 400 2125 456 for-
2228 401 2281 456 id
2316 409 2399 457 est
2419 442 2433 467 ,
2464 403 2530 457 ad
2564 375 2768 458 inferos
2802 375 3066 460 deductus
3104 420 3165 460 es
3189 445 3204 474 ,
3246 405 3475 460 dicente
3507 403 3807 475 Scriptura:

539 497 734 555 tissimi
757 495 1022 568 gentium,
1059 515 1076 546 ι
1104 510 1285 565 regem
1299 494 1650 565 Babylonium
1673 501 1851 547 vocat.
1877 491 1949 548 Ut
1981 493 2126 562 quod

535 585 986 660 vicitAssyrium
1005 602 1118 642 non
1143 586 1377 658 prOpriae
1411 585 1746 641 fortitudinis
1765 626 1778 650 ,
1807 585 1903 641 sed
1930 586 2126 640 divina:

536 679 799 752 intelligat
841 679 1144 750 potestatis.
1179 698 1197 730 «
1230 677 1391 733 Juxta
1414 677 1766 750 impietatem,
1793 677 1981 747 inquit,
2009 675 2126 746 ejus

535 772 674 843 ejeci
695 786 849 836 eam,
883 789 902 822 ι
939 779 1000 825 ιιι
1021 769 1230 826 occulte
1257 769 1612 842 Babylonium
1647 777 1866 826 moneat
1893 785 2000 825 non
2025 769 2124 826 de-

531 861 664 918 bere
702 875 823 923 esse
859 861 1140 917 ‘crndelem
1159 901 1175 928 ,
1225 877 1329 918 nec
1371 863 1680 932 opprimere
1715 863 1972 934 populum
2003 863 2123 930 Dei,

530 955 628 1024 qui
643 954 748 1011 sibi
767 955 1001 1010 traditus
1021 953 1116 1020 sit,
1131 969 1199 1009 ne
1215 952 1412 1009 similia
1426 954 1665 1025 patiatur
1682 955 1750 1011 ab
1761 954 2008 1027 Assyrio,
2030 953 2124 1025 qui

531 1046 766 1105 crudelis
801 1055 858 1104 et
885 1047 1081 1119 impius
1109 1045 1229 1102 fuit.
1274 1066 1292 1098 ι
1338 1047 1406 1102 Et
1452 1047 1732 1103 succident
1758 1046 1906 1102 illam
1935 1047 2121 1114 alieni,

532 1137 589 1194 et
610 1138 974 1195 crudelissimi
1002 1137 1303 1204 nationum,
1343 1158 1361 1192 ι
1393 1138 1528 1205 sive,
1553 1137 1719 1208 juxta
1740 1137 2120 1209 Septuaginta,

531 1228 826 1299 pestilentes
851 1269 868 1296 ,
906 1230 1051 1302 quod
1077 1245 1354 1300 nunquam
1376 1230 1548 1286 voluit
1573 1231 1754 1287 dicere
1782 1230 1837 1286 in
1868 1228 2120 1286 Chaldaaa

531 1320 764 1390 “nitus,
791 1335 862 1376 ne
892 1319 1044 1375 illum
1071 1319 1360 1376 adversum
1387 1329 1605 1391 gentem
1633 1335 1788 1376 suam
1814 1333 2122 1376 commove-

530 1418 634 1465 ret.
679 1407 970 1478 Projicitur
1012 1424 1225 1480 quoque
1268 1424 1431 1482 super
1469 1419 1702 1478 montes,
1738 1411 1878 1467 etin
1909 1411 2121 1468 cunctis

529 1500 864 1556 convallibus
896 1509 1160 1556 corruunt
1193 1503 1330 1556 rami
1357 1501 1508 1573 ejus,
1538 1511 1595 1558 et
1625 1501 2044 1574 confringuntur
2064 1503 2120 1558 in

528 1596 773 1665 rupibus,
807 1605 862 1651 et
894 1611 924 1650 a
955 1595 1166 1651 cunctis
1194 1596 1586 1667 derelinquitur
1615 1597 1847 1669 populis,
1883 1599 1987 1654 hoc
2011 1609 2117 1672 est,

527 1685 836 1742 volatilibus
868 1687 1026 1754 caeli,
1055 1694 1112 1744 et
1137 1687 1328 1744 bestiis
1363 1689 1560 1758 campi.
1608 1687 1677 1743 Et
1702 1689 1758 1744 in
1787 1697 1993 1745 tantam
2024 1704 2116 1746 ve-

2233 513 2251 546 r
2289 494 2664 564 lngredientur
2687 495 2755 549 ad
2783 485 3030 550 extrema
3062 504 3256 562 terrm,
3293 481 3604 552 tradentur
3636 483 3691 554 in
3725 519 3806 557 Im-

2227 600 2328 639 nus
2358 585 2540 656 gladii,
2570 593 2753 656 partes
2783 586 3022 657 vulpium
3050 596 3211 642 erunt
3236 576 3421 658 (Paul.
3459 588 3636 659 uti).
3680 610 3696 642 ι
3728 612 3739 640 ι
3765 591 3802 645 h

2225 676 2438 743 medio,
2472 678 2580 743 ait,
2609 677 3117 734 incircumcisorum
3151 679 3420 743 dormies,
3455 695 3592 735 cum
3625 671 3713 737 his
3741 687 3802 754 «is;

2227 767 2496 823 interfecti
2526 775 2651 823 sunt
2681 769 2880 842 gladio.
2920 763 3219 826 i'Ostendit
3259 787 3386 842 quae
3427 774 3629 827 essent
3653 771 3799 844 ligna,

2225 873 2346 931 quae
2384 863 2577 917 cedrus
2603 862 2717 917 sive
2745 861 3056 934 cyparissus
3083 862 3277 936 gladiis
3312 866 3643 936 vulnerata,
3675 879 3724 922 et
3741 868 3799 938 jz.

2225 964 2358 1006 cens
2384 939 2512 1007 cum
2535 952 2953 1010 incircumcisis.
2991 955 3062 1010 Et
3093 964 3152 1011 ut
3177 966 3432 1013 extrema
3469 960 3800 1017 anteriorim

2217 1039 2505 1114 jungeret,
2545 1044 2672 1114 quia
2709 1060 2874 1117 supra
2902 1046 3115 1102 dixerat
3145 1063 3162 1102 :
3200 1037 3220 1099 ἀ
3270 1047 3373 1104 Cui
3407 1049 3622 1118 similis
3665 1051 3798 1122 facta;

2223 1145 2286 1188 es
2312 1131 2368 1186 in
2397 1133 2767 1206 magnitudine
2796 1143 2889 1190 tua
2907 1176 2922 1202 ,
2962 1152 3091 1193 ecce
3113 1138 3323 1206 Assur,
3352 1125 3527 1211 quasi
3557 1125 3741 1197 cedrus
3759 1147 3796 1199 is

2221 1222 2432 1280 Libano
2468 1224 2694 1295 pulcher
2742 1228 2911 1309 ramis
2948 1234 3005 1284 et
3048 1229 3342 1306 frondibus
3370 1271 3388 1297 ,
3445 1242 3585 1309 etc”
3628 1253 3647 1283 ι
3675 1223 3794 1291 nea:

2223 1314 2390 1372 infert
2414 1337 2433 1369 ι
2470 1335 2482 1370 :
2516 1316 2607 1373 Sic
2629 1326 2713 1374 est
2733 1307 2944 1376 Pharao
2963 1328 3019 1376 et
3039 1320 3219 1376 omnis
3233 1307 3684 1395 multitudo-ejus

2223 1409 2506 1465 Dominus.
2549 1431 2568 1464 ι
2619 1409 2936 1479 Quomodo,
2984 1413 3178 1483 inquit,
3227 1397 3792 1488 Assyriusgeedrasa

2223 1501 2534 1588 cyparissus
2581 1501 2880 1575 Babylonio
2930 1505 3244 1560 succidente
3300 1495 3529 1588 deiecta
3569 1519 3654 1566 est
3695 1494 3712 1563 ε’
3737 1512 3790 1566 si:

2222 1587 2437 1648 Pharao
2487 1601 2543 1649 et
2599 1595 2828 1665 populus
2877 1594 3030 1665 ejus,
3077 1599 3183 1654 hoc
3225 1608 3316 1653 est
3361 1599 3792 1668 ipsagarborm

2222 1685 2361 1740 rami
2406 1684 2550 1740 illius
2604 1701 2636 1739 a
2684 1685 2985 1758 Babylonio
3024 1675 3405 1753 succident‘ur.
3446 1689 3580 1756 Has:
3624 1693 3792 1769 interra

526 1777 643 1856 niet
667 1776 1049 1847 perditionem,
1073 1787 1342 1832 utomnes
1367 1779 1612 1845 arbores,
1639 1795 1760 1850 qua:
1782 1781 2118 1850 putabantur
2144 1769 2193 1830 Β
2215 1772 2374 1843 iuxta
2416 1771 2702 1827 historiam
2751 1774 2896 1829 die“!
2938 1775 3070 1842 δίηῐ,
3112 1791 3232 1846 qua?
3267 1776 3543 1850 plerique
3591 1781 3642 1835 in
3683 1799 3790 1848 ,αι-

526 1865 760 1922 excelsae
784 1866 1195 1938 comparatione
1217 1867 1453 1938 Assyriae
1471 1867 1681 1924 arboris
1697 1909 1712 1935 ,
1743 1885 1840 1924 suo
1870 1870 2118 1941 exemplo

528 1951 749 2020 elevari,
779 1962 837 2012 et
862 1956 917 2012 in
938 1956 1168 2013 sublime
1194 1957 1332 2028 erigi
1361 1957 1501 2012 ultra
1529 1958 1816 2025 desistant,
1849 1976 1950 2016 nec
1973 1969 2120 2017 stent

528 2045 590 2102 in
615 2047 899 2104 altitudine
926 2063 1023 2104 sua
1045 2090 1062 2116 ,
1089 2049 1186 2105 sed
1203 2089 1219 2116 ,
1251 2049 1341 2105 illa
1366 2051 1601 2118 succisa,
1627 2067 1816 2108 omnes
1851 2063 1997 2108 metu
2023 2069 2119 2124 pa-

526 2139 665 2200 riter
713 2141 1085 2198 succidantur.
1129 2141 1392 2215 Quodque
1434 2159 1536 2215 per
1587 2145 1995 2201 translationem
2039 2146 2120 2200 di-

525 2249 674 2297 ctum
701 2241 822 2297 erat
846 2231 907 2292 fit
934 2233 1275 2291 manifestius
1308 2252 1321 2289 :
1362 2253 1381 2288 ι
1413 2235 1636 2302 Omnes,
1661 2239 1756 2302 ait,
1785 2237 1971 2291 traditi
1993 2245 2121 2292 sunt

526 2327 870 2406 (subauditur
899 2351 1078 2406 reges;
1117 2335 1172 2391 in
1202 2334 1432 2391 mortem
1474 2328 1540 2382 ad
1570 2336 1773 2382 terram
1798 2327 2063 2392 ultimam,
2094 2345 2113 2380 ι

523 2425 628 2481 hoc
649 2434 749 2492 est,
777 2427 846 2482 ad
867 2425 1173 2495 infernum;
1205 2447 1222 2478 ι
1243 2427 1488 2482 inmedio
1502 2420 1735 2482 ﬁliorum
1760 2419 2057 2490 hominum,
2089 2439 2124 2504 ¹ι-

523 2521 866 2587 ﬁequaquam
910 2516 1058 2572 inter
1090 2517 1348 2583 arbores,
1385 2536 1404 2569 ι
1448 2518 1518 2572 ad
1547 2515 1640 2572 eus
1666 2517 1759 2588 qui
1785 2513 2120 2572 descendunt

523 2608 582 2664 in
601 2601 779 2664 lacum
801 2622 816 2662 :
849 2609 868 2662 ὁ
889 2608 1034 2664 haud
1053 2608 1276 2664 dubium
1295 2609 1426 2679 Quin
1447 2607 1656 2665 inferna
1677 2608 1962 2681 signiﬁcet.
1987 2603 2121 2663 Post

528 2699 890 2756 succisiouem
916 2700 1128 2756 arboris
1151 2701 1385 2772 Assyria:
1418 2701 1531 2756 sive
1550 2699 1712 2756 Indiae
1737 2691 1880 2773 [Αι.,·
1901 2701 1957 2754 in
1982 2698 2115 2772 die],

529 2790 749 2862 Quando
769 2791 1048 2848 descendit
1067 2791 1136 2847 ad
1165 2791 1366 2848 inferos
1386 2792 1642 2863 Assyrius
1672 2810 1685 2846 :
1717 2801 1773 2847 et
1795 2791 1993 2848 indixit
2013 2793 2120 2847 Do-

524 2882 710 2940 minus
730 2881 955 2951 luctum,
982 2899 1201 2940 rursum
1223 2900 1322 2954 per
1345 2883 1749 2939 translationem
1776 2885 1842 2940 dc
1865 2899 1930 2940 eo
1949 2883 2121 2955 loqui-

525 2981 636 3040 tur,
670 2974 814 3044 quod
849 2983 1071 3045 opertus
1100 2974 1170 3031 sit
1198 2976 1412 3047 abysso,
1455 2973 1614 3045 juxta
1647 2974 1774 3031 illud
1801 2974 1943 3047 quod
1975 2973 2116 3030 scri-

521 3070 676 3136 ptum
701 3074 786 3122 est
811 3081 826 3120 :
855 3085 874 3118 ‹
914 3065 1049 3122 Veni
1079 3067 1133 3121 in
1161 3067 1486 3136 profundum
1517 3068 1715 3127 maris.
1739 3073 1795 3123 et
1820 3073 2116 3138 tempestas

522 3157 780 3214 demersit
814 3173 902 3214 me
925 3157 1099 3229 (Psal.
1131 3160 1346 3231 vam),
1379 3179 1399 3212 ι
1434 3167 1490 3216 et
1513 3159 1696 3215 omnia
1720 3136 1963 3225 ﬂumina,
1991 3173 2110 3214 om—

521 3264 620 3306 nes
661 3249 915 3306 videlicet
938 3251 1187 3307 nationes
1213 3265 1341 3306 eum
1369 3249 1514 3306 ultra
1547 3251 1726 3323 rigare
1756 3249 2113 3315 cessaverint,

522 3350 580 3397 et
605 3342 872 3398 contritus
909 3342 1002 3410 sit,
1042 3344 1157 3399 sive
1200 3344 1622 3400 contenebratus
1663 3358 1826 3414 super
1856 3357 2011 3411 eam,
2059 3342 2116 3398 id

523 3435 628 3497 est,
661 3431 911 3487 arborem
930 3472 945 3498 ,
974 3429 1058 3487 vel
1093 3447 1218 3488 eum
1237 3474 1253 3500 ,
1280 3434 1336 3488 id
1356 3443 1475 3500 est,
1509 3433 1792 3504 Assyrium
1811 3473 1826 3500 ,
1852 3431 2111 3487 Libanus.

523 3523 605 3579 Ac
634 3538 702 3580 ne
731 3531 1047 3593 putaremus
1076 3525 1144 3580 de
1187 3525 1383 3582 arbore
1421 3539 1543 3582 esse
1578 3537 1908 3590 sermonem,
1938 3524 2117 3595 sequi-

523 3621 616 3668 tur
646 3631 665 3667 z‘
701 3632 720 3666 ι
755 3613 803 3668 Α
830 3614 1010 3669 sonitu
1051 3615 1222 3670 ruinae
1249 3614 1367 3684 ejus
1397 3615 1663 3670 commovi
1686 3623 1906 3686 gentes;
1940 3633 1959 3666 i
1994 3629 2116 3684 quae

523 3694 668 3760 enim
691 3711 842 3760 tanta
869 3706 1026 3760 ruina
1049 3719 1172 3762 esse
1201 3707 1363 3761 unius
1389 3706 1602 3762 arboris
1632 3714 1831 3776 potest,
1858 3716 1916 3761 ut
1938 3707 2007 3761 ad
2028 3721 2115 3761 so-

521 3799 698 3852 nitum
733 3798 852 3868 ejus
891 3799 1160 3855 universa:
1193 3808 1382 3868 gentes
1415 3789 1879 3854 commoveantur.
1925 3817 1944 3850 ε
1978 3797 2118 3854 Cum

525 3879 880 3957 deducerem,
909 3890 1106 3961 inquit,
1137 3906 1260 3945 eam
1287 3892 1354 3946 ad
1388 3889 1682 3946 infernum.
1729 3909 1748 3943 ι
1779 3889 1942 3946 Juxta
1969 3890 2116 3947 litte-

523 3987 671 4047 ram,
707 3983 870 4038 arbor
915 3983 983 4038 ad
1023 3981 1228 4040 inferos
1273 3983 1466 4040 deduci
1510 3999 1620 4040 non
1659 3993 1857 4057 potest.
1905 4003 1924 4037 ι
1979 3984 2115 4043 Cum

523 4067 645 4132 aiiis
671 4075 763 4147 qui
789 4076 846 4130 in
869 4074 1065 4142 lacum,
1098 4096 1116 4128 ι
1140 4076 1192 4133 id
1215 4085 1318 4143 est,
1348 4078 1416 4134 ad
1441 4077 1664 4144 inferos,
1689 4078 2111 4135 descendebant.

533 4169 554 4221 ἐ
581 4169 648 4225 Ει
668 4168 949 4225 consolata
979 4161 1106 4225 sunt
1133 4169 1189 4224 in
1215 4177 1361 4225 terra
1382 4169 1588 4237 inﬁma,
1610 4191 1630 4223 ι
1656 4170 1712 4226 in
1739 4171 1903 4227 corde
1928 4171 2116 4228 videli-

521 4244 611 4315 cet
650 4269 831 4326 terrae,
879 4278 898 4310 ι
931 4261 1113 4315 omnia
1138 4260 1284 4332 ligna
1312 4261 1606 4331 voluptatis
1627 4303 1644 4328 ,
1699 4282 1718 4314 ι
1754 4262 1870 4317 sive
1890 4255 2114 4318 delicia-

523 4365 646 4426 rum
724 4353 868 4421 quod
898 4351 1162 4407 Hebraice
1196 4352 1511 4426 appellatur
1531 4356 1684 4420 eden,
1709 4365 1771 4409 ut
1799 4370 2116 4413 nemorosos

459 4457 466 4462 ·
525 4421 698 4498 saltus
734 4439 1008 4512 silvasque
1031 4421 1298 4514 signiﬁcet
1335 4424 1580 4516 egregias
1617 4453 1780 4517 atque
1820 4447 2114 4516 praeclaras

524 4545 645 4604 quae
683 4501 999 4589 fuerunt-in
1045 4501 1251 4592 Libano
1283 4549 1298 4588 :
1337 4501 2107 4611 ("Etirrigabanturaquisi
2135 4501 2192 4564 D

525 4623 550 4679 ’ά
577 4623 711 4682 Nam
727 4634 784 4683 et
800 4626 930 4698 ipsa).
948 4611 1172 4684 arbares
1195 4643 1320 4685 cum
1337 4643 1423 4696 eo,
1450 4649 1468 4682 ι
1494 4630 1600 4686 hoc
1621 4639 1706 4686 est
1724 4647 1849 4688 cum
1863 4631 2108 4706 Assyrio,

521 4731 549 4798 ς(
577 4707 906 4778 descendent
933 4723 1000 4778 ad
1020 4721 1316 4792 infernum,
1343 4727 1409 4782 ad
1434 4725 1750 4784 interfectos
1777 4729 1893 4786 sive
1919 4730 2112 4788 vulne-

527 4823 674 4868 ratos
715 4810 912 4883 gladio.
965 4833 982 4864 ι
1031 4813 1198 4885 Ligna
1235 4815 1427 4885 gladiis
1457 4832 1564 4872 non
1591 4817 1979 4888 vulnerantur,
2014 4823 2112 4878 sed

526 4905 827 4973 caeduntur,
878 4920 978 4962 nec
1015 4907 1351 4962 descendunt
1374 4910 1441 4964 ad
1465 4908 1753 4966 infernum.
1797 4930 1817 4964 α
1869 4914 1940 4968 Et
1976 4915 2104 4970 bra-

525 4997 732 5072 chium,
759 5015 779 5050 ι
812 4997 1008 5068 inquit,
1033 4996 1148 5053 sive
1175 5013 1384 5065 semen,
1410 5003 1668 5069 quoniam
1691 5003 1835 5074 apud
1857 5003 2113 5064 Hebraeos

524 5073 708 5146 sermo
749 5105 876 5144 zara
919 5099 1209 5159 utrumque
1260 5091 1531 5162 signiﬁcat
1576 5113 1588 5147 :
1647 5114 1666 5146 ι
1711 5073 2016 5167 requiescet
2057 5099 2114 5153 in

529 5181 848 5237 umbraculo
876 5181 1027 5250 ejus,
1057 5181 1113 5237 in
1155 5184 1330 5240 medio
1371 5186 1670 5254 nationum,
1701 5207 1719 5240 ι
1770 5204 2112 5259 nequaquam

525 5265 822 5338 silvarum,
845 5270 940 5327 sed
968 5273 1229 5344 gentium.
1258 5272 1342 5331 Ad
1372 5285 1678 5333 extremum
1701 5277 1764 5332 ﬁt
1788 5279 2116 5352 apostrophe

518 5369 607 5452 ‘iad
637 5367 810 5437 ipsum
837 5366 1140 5438 Assyrium,
1163 5368 1279 5425 sive
1309 5369 1379 5425 ad
1400 5369 1760 5428 Pharaonem.
1801 5392 1819 5425 ι
1852 5373 1952 5441 Cui
1978 5375 2114 5432 assi-

537 5459 756 5540 milatas
783 5473 863 5525 es,
889 5475 922 5515 ο
948 5458 1146 5531 inclyte
1173 5470 1336 5531 atque
1367 5464 1645 5530 sublimis,
1673 5465 1818 5522 inter
1844 5465 1991 5538 ligna
2018 5483 2114 5524 vo-

526 5547 788 5631 luptatis?
843 5569 860 5600 »
900 5549 1086 5631 Nullus
1119 5550 1234 5630 tibi,
1279 5551 1480 5622 inquit,
1511 5570 1609 5625 par
1641 5555 1760 5622 fuit,
1801 5555 1896 5624 sed
1922 5572 2111 5614 omnes

512 5629 682 5722 :reges
716 5629 965 5710 potentia»
992 5647 1259 5722 superasti
1299 5662 1312 5701 :
1353 5656 1408 5703 et
1437 5657 1616 5705 tamen
1639 5664 1762 5706 cum
1789 5653 1999 5718 caeteris
2023 5668 2110 5710 re-

525 5731 704 5823 gibus,
730 5731 819 5820 qui
845 5743 1002 5820 erant
1030 5735 1086 5790 in
1111 5739 1372 5805 comitatu
1402 5748 1524 5812 tuo”
1567 5743 1634 5800 ad
1666 5741 2107 5823 terras_.inﬁmas,

2221 1862 2584 1920 summatione
2612 1866 2797 1920 mundi
2825 1865 3004 1922 futura
3027 1867 3372 1940 intelligunt;
3411 1878 3474 1925 et
3501 1887 3674 1946 rem
3687 1874 3789 1931 Ph.

2221 1969 2442 2010 raonem
2462 1994 2478 2021 ,
2507 1956 2612 2012 hoc
2637 1968 2741 2021 cst,
2774 1973 2895 2012 eam
2924 1967 3248 2028 potestatem
3281 1962 3375 2015 cui
3408 1961 3670 2035 dignitas
3688 1969 3791 2036 sali-

2215 2045 2361 2116 jccta
2406 2048 2479 2102 sit
2521 2049 2828 2118 comparari
2861 2050 2975 2121 regi
3020 2050 3380 2123 Assyriorum

2222 2138 2274 2194 id
2302 2146 2408 2206 est,
2434 2139 2799 2198 Antichristo.
2840 2143 2994 2210 Quod
3029 2145 3074 2200 si
3101 2144 3191 2200 ille
3221 2129 3543 2214 corruerit,
3577 2153 3732 2228 utique
3752 2166 3791 2210 et

2222 2230 2313 2283 alii
2343 2240 2588 2288 rectores
2616 2235 2968 2290 tenebrarum
2995 2236 3227 2292 istarum
3251 2248 3315 2294 et
3337 2241 3631 2322 principes

2221 2318 2435 2398 facilius
2457 2331 2736 2377 corruant.
2765 2323 3018 2381 Dicamus
3043 2341 3173 2397 ergo
3205 2330 3274 2384 de
3305 2318 3581 2401 singulis,
3606 2318 3788 2392 brevita-

2221 2405 2400 2470 omnia
2427 2413 2861 2488 perstringentes
2880 2457 2895 2486 ,
2925 2426 2985 2476 ut
3008 2434 3114 2476 nou
3149 2427 3261 2476 tam
3295 2414 3651 2484 disseramus
3671 2439 3790 2485 eia-

2220 2509 2505 2588 plancmus
2540 2509 2791 2575 obscura,
2829 2495 2994 2581 quam
3019 2512 3319 2584 explanare
3349 2505 3789 2588 cupientihasaia-

2224 2585 2419 2655 teriam
2448 2601 2664 2656 dedisse
2696 2601 2996 2658 videamur.
3033 2591 3398 2677 Primumque
3428 2585 3788 2682 discutienda

2222 2679 2320 2770 cur
2352 2689 2642 2747 undecimo
2683 2708 2852 2758 anno,
2899 2695 3058 2750 tertio
3097 2687 3320 2764 mense,
3352 2682 3596 2755 unavdie

2223 2777 2426 2838 factum
2467 2793 2552 2839 est
2579 2784 2807 2840 verbum
2844 2777 3151 2842 Domini'ad
3190 2787 3567 2849 Ezechielem

2220 2873 2325 2930 Fili
2359 2877 2596 2933 hominis
2617 2917 2632 2944 ,
2661 2877 2747 2933 die
2772 2877 3047 2935 Pharaoni
3074 2881 3190 2951 regi
3216 2879 3486 2955 Egypti,
3521 2897 3579 2942 et
3604 2889 3793 2944 multitu-

2215 2955 2337 3048 idini
2375 2967 2513 3038 ejus.
2556 2969 2831 3026 Locuturo
2867 2971 2942 3040 ad,
2960 2969 3312 3029 Pharaonem
3353 2977 3657 3036 undecimo
3687 2995 3795 3035 anno

2223 3077 2402 3119 sermo
2431 3063 2495 3118 ﬁt
2527 3065 2775 3132 Domini;
2811 3065 3044 3121 necdum
3083 3067 3233 3122 enim
3265 3080 3514 3125 venerat
3541 3073 3608 3127 ad
3634 3075 3799 3128 ducite-

2218 3155 2452 3222 cimum,
2500 3158 2593 3226 qui
2640 3173 2900 3214 numerus
2935 3158 3109 3228 plenae
3157 3175 3659 3234 consumuntque
3702 3167 3802 3220 vir-

2219 3248 2348 3303 tutis
2385 3257 2491 3304 est.
2543 3247 2698 3305 Unde
2730 3258 2786 3306 et
2821 3251 3104 3307 duodecim
3146 3250 3328 3310 Jacob
3378 3255 3465 3310 ﬁlii
3502 3266 3626 3310 sunt
3651 3254 3800 3326 (Gen.

2216 3340 2410 3414 xxxv),
2449 3356 2482 3396 a
2514 3341 2710 3413 quibus
2748 3351 2938 3415 postea
2962 3345 3251 3402 duodecim
3280 3348 3508 3404 nomina
3529 3351 3802 3422 propheta~

2213 3449 2340 3494 rum
2378 3448 2486 3489 uno
2516 3433 2791 3491 volumine
2831 3437 3201 3494 continentur.
3247 3439 3324 3496 Et
3366 3443 3610 3512 apostoli
3636 3445 3798 3500 om

2217 3527 2351 3594 cim,
2393 3541 2627 3599 quorum
2654 3529 2782 3600 quia
2811 3545 2952 3606 unus
2990 3530 3159 3588 Judas
3198 3533 3468 3603 proditor
3510 3535 3644 3600 fuit,
3669 3537 3718 3599 in
3743 3537 3798 3590 le-

2217 3607 2340 3684 Cum
2364 3618 2482 3689 ejus
2503 3619 2762 3676 Matthias
2787 3621 3020 3693 elegitur
3047 3622 3186 3694 (Act.
3219 3625 3282 3696 ι).
3315 3625 3395 3681 Ει
3413 3627 3797 3699 archisynagap’

2215 3711 2329 3767 ﬁlia
2355 3727 2618 3768 annorum
2639 3714 2923 3792 duodecim
2945 3731 2978 3770 a
2999 3715 3230 3774 Domino
3256 3722 3608 3796 suscitatur.
3623 3722 3799 3778 Hem-

2218 3805 2430 3860 rhdissa
2472 3821 2688 3877 quoque
2737 3823 2882 3866 anno
2931 3811 3252 3888 duodecimo
3290 3817 3516 3886 recipit
3558 3819 3797 3874 sanitate:

2217 3894 2433 3967 (Matth.
2493 3896 2594 3968 ix).
2642 3896 2751 3954 Sed
2799 3899 2927 3971 quia
2956 3903 3249 3973 corripitur
3285 3904 3534 3964 Pharao
3572 3922 3629 3978 et
3655 3919 3800 3980 pesta

2215 3987 2514 4060 plangitur,
2546 4001 2837 4062 propterea
2869 3996 3062 4051 tertius
3095 3998 3304 4053 mensis
3338 4012 3401 4055 et
3434 4019 3595 4060 unus
3615 4005 3801 4060 dies»

2211 4081 2393 4152 decim
2422 4097 2693 4139 annorum
2724 4101 2952 4142 numero
2978 4089 3328 4158 copulantur.
3373 4093 3549 4150 Unde
3570 4097 3628 4150 in
3657 4110 3803 4151 muse-

2219 4178 2536 4245 quentibus,
2569 4177 2893 4234 duodecimo
2926 4195 3090 4247 anno,
3112 4197 3302 4256 mense
3341 4186 3702 4250 duodecimo,
3726 4205 3797 4242 ω

2211 4265 2441 4334 mensis,
2465 4268 2526 4322 lit
2546 4269 2771 4325 verbum
2793 4269 3008 4324 Domini
3032 4271 3099 4344 ad
3115 4273 3377 4342 Ezechiel
3399 4256 3613 4350 dicens
3633 4297 3695 4344 ;,,‹
3715 4280 3798 4339 ra

2218 4356 2477 4423 hominis,
2511 4374 2730 4434 assume
2766 4361 3042 4432 planctum
3071 4380 3237 4436 super
3263 4353 3638 4429 Pharaonem
3663 4388 3802 4445 ι’ξα

2217 4446 2463 4521 1Egypti,
2486 4459 2542 4506 et
2569 4451 2715 4508 dices
2742 4453 2811 4508 ad
2835 4467 2960 4509 eum
2982 4454 3002 4527 (
3021 4453 3226 4528 ΕιτεςιιἸ
3245 4460 3474 4536 xxxii).
3523 4446 3546 4516 ί
3581 4464 3804 4532 Quietus

2217 4542 2524 4614 plangitur,
2563 4545 2685 4601 ideo
2713 4546 3019 4618 plangitur,
3052 4559 3110 4605 ut
3139 4550 3424 4624 intelligat
3447 4570 3666 4627 quanta
3695 4559 3803 4612 iw

2205 4637 2537 4709 perdiderit,
2569 4648 2624 4696 et
2649 4648 2853 4708 tamen,
2880 4643 3008 4712 quia
3036 4642 3249 4701 Pharao
3277 4656 3429 4716 erat,
3461 4661 3529 4706 et
3559 4651 3804 4714 brachia

2219 4728 2336 4799 ejus
2360 4732 2592 4788 necdum
2627 4730 2806 4788 fuerat
2839 4734 3173 4806 colligatum,
3206 4753 3308 4793 nec
3349 4741 3666 4809 pristinam
3687 4757 3802 4803 ιτα-

2217 4832 2377 4893 perat
2404 4823 2776 4881 fortitudinem
2794 4867 2809 4894 ,
2839 4837 3129 4899 propterea
3159 4831 3214 4890 in
3243 4847 3396 4889 anno
3425 4835 3804 4896 duodecimae!

2219 4916 2274 4995 iu
2295 4932 2480 4973 mense
2501 4919 2821 4976 duodecimo
2842 4922 3029 4992 viginti
3055 4939 3252 4981 novem
3282 4926 3408 4984 dies
3439 4931 3642 4990 adhuc
3669 4946 3806 4987 rear-

2197 5080 2200 5082 ,
2220 5017 2367 5075 nent,
2386 5019 2446 5065 ut
2465 5011 2780 5068 duodecimo
2795 5028 3062 5070 annorum
3077 5031 3340 5076 numerus
3366 5020 3704 5090 impleatur.
3719 5021 3806 5080 (at

2217 5101 2384 5173 igitur
2413 5103 2616 5158 mensis
2641 5103 2726 5158 die
2750 5119 2930 5160 sermo
2958 5105 3020 5160 ﬁt
3045 5107 3258 5164 Domini
3287 5110 3360 5170 ad
3398 5119 3810 5185 pmphema

2201 5194 2531 5272 .Pm0ipitur
2558 5197 2609 5254 ei
2640 5206 2701 5261 ut
2723 5198 2976 5268 loquatur
3003 5200 3122 5271 regi
3139 5201 3372 5274 Egypti
3395 5217 3462 5266 .ct
3487 5208 3810 5270 mulnuﬁi

2217 5286 2352 5356 ejus.
2374 5287 2433 5342 In
2459 5303 2566 5358 quo
2587 5290 2896 5346 mirandum
2917 5293 3063 5362 quod
3079 5304 3328 5365 aquatuor
3355 5298 3817 5373 interpret-sana

2214 5377 2465 5452 populum
2485 5379 2742 5448 dixerint,
2773 5382 2868 5438 sed
2887 5382 3298 5448 multitudinem,
3321 5404 3342 5438 r
3367 5388 3540 5448 Multi
3568 5395 3732 5450 enin
3747 5406 3820 5446 νο-

2201 5469 2322 5549 ,ςδιὶ
2343 5477 2397 5524 et
2417 5471 2576 5542 pauci
2598 5471 2752 5528 electi
2777 5471 2994 5544 (Matth.
3012 5474 3180 5547 xxii).
3196 5496 3215 5529 ι
3235 5476 3306 5532 Et
3324 5477 3384 5534 in
3407 5479 3539 5551 lese
3569 5486 3826 5553 sanust!-

2201 5574 2330 5634 iest:
2355 5583 2373 5616 ε
2396 5566 2514 5640 Non
2537 5568 2647 5628 eris
2667 5583 2791 5632 cum
2813 5568 3160 5634 multitudine
3179 5571 3234 5626 in
3255 5572 3426 5636 malo.
3449 5593 3474 5634 β
3504 5576 3828 5646 Dicimur!

2201 5657 2288 5728 ad
2302 5674 2491 5731 regem
2517 5658 2736 5733 rEgypti
2761 5677 2774 5716 :
2807 5659 2942 5722 «τοιιὶ
2965 5661 3157 5726 similis
3180 5661 3358 5730 Iactus
3377 5680 3448 5726 es.
3465 5666 3532 5722 in
3559 5668 3837 5739 Impiu-

2218 5746 2364 5827 ιιίμφ,
2389 5748 2526 5821 sive.
2549 5747 2914 5824 militudine
2940 5760 3106 5834 tua.»
3129 5751 3506 5823 eodem
3521 5772 3606 5821 se
3621 5757 3838 5821 esst»-
