3916 6356
132 328 225 386 821

1061 321 1410 381 COMMENT.
1450 322 1519 379 IN
1557 320 2008 381 EZECHIELEM.
2049 354 2120 399 5-—
2157 324 2283 380 ιω.
2321 323 2429 379 ΧΠ.

3279 319 3387 378 829.

130 416 196 500 Et
214 439 278 495 ad
302 445 447 493 tuum
477 434 755 492 interitum
784 448 973 491 omnes
994 434 1173 505 populi
1215 443 1271 490 et
1316 434 1497 489 cuncti
1540 449 1695 506 reges
1721 442 1775 507 Α
1800 435 1883 491 sui
1911 434 2156 490 ordinem
2177 435 2547 505 perdiderunt.
2580 430 2767 505 Neque
2789 433 2938 489 enim
2961 440 3187 490 utuntur
3205 432 3387 489 hatre-

130 549 307 592 eorum
362 532 585 587 horrore
631 528 797 585 nimio
841 528 1245 594 formidabant,
1297 526 1699 598 conspicientes

129 626 359 700 gladium
388 635 568 677 meum
595 620 700 675 huc
727 619 959 690 illucque
1000 617 1249 684 volitare,
1293 625 1349 673 et
1392 616 1525 672 nulli
1573 632 1700 688 par-

129 728 269 780 cere,
284 710 412 767 etin
432 719 523 765 tua
541 709 695 768 ruina
718 708 929 764 minam
950 707 1183 764 similem
1202 707 1603 781 pertimescent.
1628 704 1701 762 Ut

131 813 303 859 aettem
330 802 470 857 scias
497 801 587 871 qui
634 801 739 855 iste
774 800 849 855 sit
890 798 1128 871 gladius,
1160 800 1285 857 andi
1312 797 1694 855 manifestius:

134 914 153 947 ι
192 892 396 966 gladius
424 891 567 963 regis
592 888 880 963 Babylonis
904 890 1084 946 veniet
1110 889 1207 945 tibi
1228 906 1247 945 :
1274 889 1329 945 in
1367 887 1559 961 gladiis
1586 887 1701 944 for-

125 989 278 1053 tium,
317 1005 336 1037 ›
369 985 485 1040 sive
535 984 831 1057 gigantum,
867 1000 886 1035 ι
922 981 1174 1053 dejiciam
1211 993 1431 1037 omnem
1458 978 1701 1035 multitu-

127 1077 298 1137 dinem
323 1084 511 1130 tuam:
553 1094 573 1129 ι
606 1074 697 1146 qui
729 1074 972 1147 gigantes
1023 1071 1469 1144 inexpugnabiles
1513 1078 1700 1142 gentes

123 1177 264 1235 sunt,
283 1184 405 1239 quae
432 1168 712 1240 Babylonii
741 1169 884 1240 regis
913 1166 1233 1224 tenebantur
1254 1166 1518 1222 exercitu.
1553 1184 1571 1217 ‹
1606 1164 1699 1221 isti

122 1261 429 1327 vastabunt,
458 1260 571 1317 sive
604 1260 915 1331 disperdent
954 1260 1261 1329 superbiam
1312 1256 1558 1329 Egypti,
1590 1276 1609 1308 ι
1644 1264 1701 1312 et

121 1369 332 1410 onmem
357 1353 752 1410 multitudinem
780 1352 918 1425 ejus,
943 1352 1186 1423 nihilque
1224 1351 1281 1406 in
1328 1351 1561 1423 Egypto
1607 1365 1698 1407 re-

121 1447 377 1513 manebit,
405 1447 497 1502 sed
529 1462 652 1502 cum
698 1445 1006 1501 hominibus
1055 1453 1110 1500 et
1145 1445 1389 1514 jumenta
1434 1444 1701 1513 brutaque

119 1539 371 1594 animalia
400 1539 605 1610 pariter
628 1536 960 1593 auferentur.
1011 1536 1078 1591 Et
1124 1546 1271 1592 tanta
1316 1535 1424 1590 erit
1466 1533 1700 1591 solitudo

117 1633 168 1686 in
192 1631 525 1703 Egypt0,ltt
546 1648 647 1687 nec
674 1631 806 1702 pede
830 1632 1201 1696 hominis,nee
1223 1629 1419 1700 ungula
1443 1627 1695 1697 jumenti,

116 1739 271 1793 aqum
298 1724 444 1777 illius
476 1722 884 1788 conturbantur,
909 1723 1002 1777 sed
1042 1723 1223 1792 quieta
1265 1720 1375 1775 sint
1413 1720 1695 1785 omnia,et

1804 531 1897 587 tici
1924 529 2247 586 testimoniis
2276 529 2682 599 Scriptum-um
2708 529 2813 584 sibi
2835 528 3232 586 cohaerentibus
3249 571 3264 598 ,
3289 529 3388 586 sed

1802 623 2128 680 conturbant
2153 621 2353 677 omnia.
2378 620 2447 676 Et
2463 621 2589 691 quia
2618 618 2735 693 ipse
2758 629 2841 676 est
2870 620 3123 677 inimicus
3144 629 3199 677 et
3218 621 3383 683 ultor,

1801 732 1909 773 non
1935 715 2108 773 solum
2133 730 2301 788 aquas
2335 715 2541 772 alienas
2568 715 2734 771 draco
2762 712 3049 787 Egyptius
3095 715 3391 771 conturbat

1800 809 2027 884 pedibus
2048 810 2195 878 suis,
2219 811 2314 868 sed
2342 809 2625 867 concaleat
2660 807 2884 865 ﬂumina
2930 824 3050 876 sua,
3078 824 3148 864 ne
3196 816 3391 880 parcat

1802 905 1884 961 eis
1909 919 2045 975 quos
2072 902 2238 960 semei
2267 904 2321 960 in
2353 918 2505 959 suam
2526 900 2793 974 redegerit
2841 908 3188 972 potestatem.
3232 897 3389 966 Quod

1803 995 2046 1052 devitare
2069 994 2291 1067 cupiens
2309 992 2489 1063 justus
2507 1000 2764 1065 precatur
2796 1010 2808 1045 :
2848 1008 2867 1042 ς
2900 989 3018 1045 Non
3042 988 3225 1044 veniat
3252 986 3385 1042 mihi

1800 1100 1898 1158 pes
1931 1085 2198 1158 superbia:
2224 1083 2398 1158 (Psal.
2434 1082 2619 1156 xxxv).
2655 1102 2673 1134 ι
2700 1082 2771 1137 Et
2808 1082 2862 1136 in
2892 1080 2998 1157 alio
3020 1078 3139 1134 loco
3165 1077 3387 1134 concul-

1802 1184 1955 1233 catus
1988 1176 2123 1247 petit
2147 1191 2220 1231 ne
2248 1175 2443 1231 iterum
2483 1171 2853 1237 conculcetur,
2891 1190 2910 1223 ι
2944 1168 3203 1224 Miserere
3258 1166 3386 1232 mei,

1799 1267 2046 1333 Domine,
2074 1267 2329 1339 quoniam
2355 1263 2693 1322 conculcavit
2722 1278 2810 1318 me
2833 1262 2997 1318 homo
3025 1259 3196 1334 (Psal.
3226 1257 3336 1331 ιν).
3362 1276 3379 1308 ι

1799 1358 2055 1413 Inimicus
2080 1364 2259 1412 autem
2283 1358 2447 1411 homo
2468 1354 2712 1412 diabolus
2748 1361 2850 1409 est.
2912 1353 2991 1407 De
3022 1366 3128 1424 quo
3151 1359 3206 1406 et
3250 1348 3390 1406 alter

1799 1449 2041 1520 psalmus
2092 1448 2350 1518 loquitur,
2387 1467 2404 1496 ‹
2436 1455 2496 1501 ut
2528 1460 2637 1501 non
2659 1443 3036 1515 magniﬁcatur
3056 1442 3200 1496 ultra
3222 1443 3387 1497 homo

1800 1556 1963 1612 super
2010 1548 2211 1595 terram
2261 1538 2434 1612 (Psal.
2466 1538 2576 1596 txl.
2617 1559 2633 1589 ι
2677 1538 2969 1608 Propterea
3028 1556 3046 1588 ί
3102 1538 3217 1592 haec
3260 1536 3393 1592 dicit

1800 1632 2059 1689 Dominus
2094 1631 2237 1687 Deus
2287 1650 2299 1685 :
2354 1630 2668 1701 Expandam
2725 1644 2887 1700 super
2937 1636 2991 1683 te
3034 1636 3150 1682 rete
3204 1643 3387 1684 meum

1801 1723 1857 1779 in
1886 1722 2227 1778 multitudine
2250 1722 2571 1794 p0pulorum
2609 1720 2922 1776 multorum.
2957 1740 2975 1772 ι
3017 1719 3153 1776 Rete
3174 1718 3390 1777 Domini

114 1832 267 1886 aquae
294 1814 573 1871 ﬂuminum
613 1814 730 1885 ejus
778 1816 933 1886 quasi
970 1814 1144 1869 oleum
1190 1812 1359 1869 iluaut
1390 1813 1695 1884 purissima:
1724 1808 1771 1869 Β
1798 1814 2013 1873 Veteris
2037 1824 2092 1873 et
2116 1814 2251 1872 Novi
2279 1816 2610 1872 Testamenti
2641 1815 2850 1871 ratione
2877 1822 3187 1870 contextum
3222 1813 3393 1869 mitti-

115 1924 177 1962 ac
203 1908 454 1971 nitentes,
490 1906 636 1962 nullo
686 1922 782 1977 per
830 1920 922 1961 eas
972 1915 1308 1972 transeunte,
1357 1920 1459 1961 nec
1509 1920 1699 1963 earum

115 1998 311 2053 ilucuta
350 2000 619 2054 turbante.
665 1997 778 2054 Hoc
810 2006 989 2054 autem
1017 2007 1238 2070 propter
1267 1998 1486 2070 [Ἐπριὶ
1513 1998 1701 2056 solitu-

117 2089 312 2153 dinem,
336 2102 456 2158 qute
481 2089 755 2160 redigetur
781 2090 834 2144 in
870 2090 1143 2146 desertum
1166 2131 1180 2156 ,
1214 2089 1282 2143 ab
1320 2089 1469 2144 omni
1519 2089 1701 2145 multi-

117 2180 296 2236 tudine
318 2196 438 2247 sua,
469 2182 686 2251 quando
722 2181 1057 2237 habitatores
1104 2179 1222 2249 ejus
1268 2179 1531 2235 Dominus
1576 2195 1701 2250 per-

114 2274 364 2340 cusserit,
395 2282 459 2329 ut
486 2274 810 2347 intelligant,
847 2274 938 2343 qui
970 2274 1365 2340 remanserint,
1390 2273 1533 2343 quod
1584 2273 1699 2344 ipse

114 2366 182 2420 sit
206 2365 488 2421 Dominus.
512 2366 717 2423 idcirco
737 2365 985 2436 planctus
1010 2371 1095 2419 est
1123 2363 1421 2419 Pharaonis
1436 2404 1449 2427 ,
1473 2370 1527 2419 et
1546 2362 1700 2433 plan-

113 2468 236 2530 gent
254 2474 379 2515 eum
410 2459 535 2514 tiliae
561 2460 801 2532 gentium
830 2460 884 2514 in
911 2460 1164 2526 circuitu,
1183 2475 1290 2514 non
1317 2457 1492 2514 solum
1514 2464 1696 2512 autem

114 2567 269 2623 super
293 2552 410 2619 illo,
439 2555 533 2609 sed
561 2562 617 2609 et
644 2568 807 2625 super
834 2552 1180 2607 multitudine
1226 2550 1377 2622 ejus,
1417 2565 1538 2621 quae
1590 2550 1699 2605 Do-

112 2643 252 2699 mino
278 2651 531 2700 vastante
565 2643 739 2700 deleta
768 2652 883 2714 est._
908 2642 1037 2699 Haec
1072 2658 1236 2713 super
1261 2641 1492 2714 simplici
1519 2641 1697 2696 littera

110 2737 305 2791 cursim
350 2736 561 2793 dixisse
592 2731 1170 2804 suiiiciatJVeniamus
1194 2735 1262 2790 ad
1287 2731 1698 2804 intelligentiam

112 2830 430 2900 spiritalem.
468 2829 578 2886 Nec
603 2839 733 2900 puto
782 2825 1107 2900 magnopere
1145 2825 1499 2883 laborandum
1538 2839 1700 2880 nosse

116 2920 196 2990 qui
248 2920 319 2975 sit
368 2919 591 2975 Pharao
650 2934 744 2974 rex
796 2918 1056 2989 Egypti,
1111 2933 1234 2973 cum
1282 2929 1444 2987 supra
1483 2915 1701 2986 plenius

118 3011 431 3078 dixerimus,
470 3026 589 3067 eam
643 3010 894 3066 videlicet
932 3016 1255 3080 potestatem
1296 3008 1387 3065 cui
1436 3005 1703 3079 Egyptus

119 3104 334 3171 credita,
351 3101 443 3160 vel
462 3119 567 3159 una
590 3103 888 3175 provincia,
904 3102 988 3157 vel
1009 3101 1277 3174 Egyptus
1303 3099 1470 3156 totius
1490 3096 1699 3163 mundi,

1805 1919 1893 1966 tur
1916 1926 2080 1982 super
2113 1913 2425 1975 draconem,
2454 1909 2547 1980 qui
2578 1909 2785 1965 habitat
2812 1908 2863 1963 in
2896 1907 3212 1979 pOpulortun
3257 1905 3394 1963 mul-

1803 2000 2052 2066 titudine,
2081 2009 2137 2056 et
2162 2016 2377 2074 semper
2414 2000 2587 2056 turbis
2625 2007 2681 2054 et
2701 1998 3046 2055 multitudine
3068 1997 3387 2053 delectatur.

1802 2092 1875 2150 Ut
1899 2094 2152 2149 extrahat
2178 2107 2301 2149 eum
2334 2092 2389 2147 in
2412 2106 2613 2162 sagena
2654 2105 2750 2146 sua
2771 2130 2786 2157 ,
2811 2089 2925 2149 sive
2968 2089 3022 2143 in
3062 2089 3225 2145 hamo
3270 2101 3388 2143 suo.

1797 2183 1906 2240 Ista
1937 2192 2020 2240 est
2044 2199 2242 2255 sagcna
2271 2182 2482 2256 (Matth.
2510 2181 2654 2254 XI"),
2684 2197 2804 2254 qua:
2843 2181 2899 2236 in
2932 2196 3083 2237 mare
3110 2177 3269 2250 hujus
3293 2193 3392 2235 sae-

1799 2275 1907 2332 culi
1934 2275 2185 2342 mittitur,
2208 2282 2268 2330 ut
2298 2273 2535 2330 extrahit
2562 2273 2740 2345 pisces
2762 2272 2993 2339 multos,
3025 2270 3162 2326 alios
3189 2268 3395 2341 eligen-

1801 2368 1919 2433 dos,
1943 2377 1998 2422 et
2024 2368 2159 2423 alios
2185 2367 2533 2437 abjiciendos.
2600 2364 2725 2421 Sive
2761 2365 2863 2421 iste
2890 2362 3085 2418 hamus
3115 2362 3180 2417 de
3206 2376 3313 2431 quo
3335 2358 3393 2415 in

1798 2460 1899 2519 Job
1940 2463 2202 2534 scripturn
2235 2470 2362 2519 est:
2406 2481 2425 2513 ι
2453 2461 2741 2517 Adducens
2784 2467 2966 2515 autem
3008 2458 3299 2513 draconem
3337 2453 3397 2511 in

1800 2558 1986 2623 hamo,
2030 2566 2085 2612 et
2124 2556 2485 2613 circumdabis
2533 2555 2832 2626 capistrum
2881 2554 3026 2609 circa
3069 2565 3230 2606 nares
3275 2547 3395 2620 ejus

1800 2649 1946 2724 (Job.
1972 2649 2081 2721 XL).
2106 2669 2123 2700 ι
2150 2647 2257 2704 Pro
2286 2663 2393 2718 quo
2422 2646 2809 2719 interpretatus
2838 2652 2921 2699 est
2946 2641 3143 2713 Aquila
3172 2659 3186 2695 :
3229 2659 3248 2693 ι
3281 2638 3395 2695 Ex-

1800 2742 1989 2797 trabcs
2028 2739 2318 2798 Leviathan
2352 2740 2406 2795 in
2434 2740 2597 2796 hamo
2616 2781 2630 2804 ,
2654 2746 2711 2794 et
2739 2736 2957 2793 funibus
2983 2733 3258 2805 colligabis
3295 2731 3397 2789 lin-

1801 2848 1963 2905 guam
1983 2831 2149 2902 ejus.)
2183 2831 2503 2887 Extrahitur
2540 2838 2719 2885 autem
2756 2830 2919 2885 draco
2951 2828 3063 2883 sive
3092 2825 3389 2881 Leviatban

1803 2925 1868 2982 de
1895 2924 2030 2979 mari
2058 2925 2221 2979 hamo
2243 2922 2327 2979 vel
2359 2936 2555 2993 sagena
2569 2918 2806 2987 Domini,
2834 2926 2891 2974 ut
2912 2916 3246 2989 projiciatur,
3274 2915 3389 2971 sive

1803 3017 2128 3073 extendatur
2180 3031 2339 3087 super
2382 3024 2608 3079 terram,
2638 3021 2694 3067 et
2735 3027 2925 3069 omnes
2950 3010 3109 3083 spirze
3134 3007 3250 3079 ejus
3279 3007 3397 3081 qui-

1802 3107 1905 3163 bus
1933 3122 2060 3162 suas
2088 3105 2311 3162 insidias
2343 3105 2649 3163 occultabat
2676 3104 3007 3176 aperiantur,
3036 3110 3090 3157 et
3118 3100 3399 3172 proferan-

120 3213 226 3268 θυῖε
247 3215 352 3255 non
382 3205 475 3254 est
497 3196 583 3254 leo
603 3197 817 3254 condita
836 3236 851 3263 ,
873 3195 968 3251 sed
990 3195 1211 3267 proprio
1236 3193 1367 3249 vitio
1402 3189 1702 3247 assimilata

1810 3206 1900 3254 tur
1931 3199 1986 3254 in
2008 3197 2302 3269 publicum,
2334 3204 2389 3254 et
2416 3195 2471 3252 in
2499 3204 2642 3252 terra
2678 3195 2966 3268 abjiciatur
2992 3202 3046 3248 et
3068 3193 3273 3265 jaceat,
3297 3192 3393 3263 qui

120 3288 248 3346 ωοπί
274 3290 521 3363 gentium
553 3309 567 3346 :
609 3308 627 3341 ι
665 3288 841 3345 Homo
880 3287 1025 3344 enim
1059 3302 1186 3342 cum
1216 3285 1272 3341 in
1300 3285 1507 3340 honore
1533 3289 1698 3348 esset,

121 3397 219 3437 non
244 3382 539 3450 intellexit,
561 3389 910 3451 comparatus
932 3387 1015 3437 est
1034 3378 1296 3450 jumentis
1326 3375 1704 3447 insipientibus

122 3480 169 3528 et
182 3473 378 3529 similis
402 3471 579 3529 factus
598 3478 682 3527 est
701 3471 809 3529 illis
831 3466 1002 3544 (Paul.
1022 3468 1230 3541 mm).
1267 3487 1286 3519 ι
1323 3466 1399 3522 De
1419 3467 1522 3521 hoc
1547 3465 1705 3520 leone

122 3572 171 3619 et
212 3563 410 3621 Petrus
452 3562 693 3635 loquitur
723 3581 735 3617 :
774 3581 793 3615 α
828 3560 1186 3617 Adversarius
1230 3564 1416 3614 noster
1439 3555 1702 3621 diabolus,

124 3656 271 3725 quasi
317 3655 407 3711 leo
450 3654 673 3726 rugiens
714 3653 909 3711 circuit
957 3651 1013 3723 (Ι
1041 3651 1187 3706 Petr.
1217 3649 1303 3723 v);
1342 3669 1360 3701 ι
1394 3657 1451 3705 et
1475 3648 1529 3703 in
1564 3660 1707 3703 nono

123 3744 326 3816 |isalmo
354 3744 617 3814 scriptum
641 3752 728 3800 est
766 3756 783 3797 :
838 3761 858 3794 ι
908 3741 1202 3798 insidiatur
1245 3739 1301 3796 in
1347 3737 1665 3795 abscondito
1690 3777 1707 3801 ,

125 3839 274 3909 quasi
302 3836 390 3892 leo
414 3836 470 3891 in
509 3836 768 3908 spelunca
793 3835 1229 3903 sua,insidiatur
1272 3841 1332 3889 ut
1372 3832 1549 3903 rapiat
1576 3845 1710 3901 pau-

123 3940 327 3995 perem.
368 3944 386 3977 ι
419 3925 488 3980 Et
514 3923 778 3981 Jercmias
807 3923 1015 3996 Spiritu
1050 3931 1242 3981 sancto
1270 3922 1347 3979 ait
1385 3938 1400 3977 :
1437 3941 1457 3972 ι
1504 3919 1615 3976 Leo
1646 3919 1712 3975 de

122 4017 257 4072 silva
298 4016 572 4086 percussit
590 4030 685 4072 eos
714 4015 848 4087 (lar.
880 4016 958 4092 η),
996 4034 1015 4067 ι
1048 4015 1348 4070 Draconem
1381 4020 1563 4067 autem
1606 4010 1713 4067 dici

121 4108 421 4173 diabolum,
438 4122 539 4180 pro
553 4124 663 4181 quo
677 4108 867 4178 Aquila
895 4109 1278 4179 interpretatus
1299 4114 1384 4162 est
1395 4104 1711 4171 Leviathan,

123 4214 327 4255 nomen
356 4200 611 4255 draconis
629 4213 928 4270 exponens,
935 4199 1090 4271 juxta
1112 4197 1446 4271 superiorem
1466 4194 1717 4267 explana-

124 4214 327 4255 nomen
356 4214 611 4255 draconis
629 4214 928 4270 exponens,
935 4214 1090 4271 justa
1141 4214 1446 4270 upertorern
1466 4214 1717 4267 exprana-

124 4289 333 4346 tionem
368 4287 554 4345 muitis
585 4289 907 4346 testimoniis
939 4288 1095 4344 docui
1108 4214 1246 4393 7qui
1272 4288 1521 4343 dixerat:
1552 4306 1570 4339 ‹
1598 4283 1717 4343 Mea

122 4389 253 4438 sunt
270 4378 518 4450 ﬂumina,
531 4389 587 4438 et
602 4395 707 4453 ego
724 4379 826 4439 feci
850 4395 932 4438 ea.
959 4399 978 4433 ι
994 4374 1289 4451 iste'igitur
1310 4380 1473 4436 draco
1491 4374 1719 4433 ﬂumini-

1808 3291 2004 3349 inloco
2032 3297 2287 3361 posuerat
2314 3305 2377 3347 os
2410 3304 2588 3355 suum,
2636 3297 2693 3343 et
2739 3303 2798 3344 se
2842 3285 3121 3355 Altissimo
3165 3281 3396 3340 similem

1806 3398 1927 3441 esse
1969 3383 2231 3455 jactabat.
2284 3380 2438 3439 Unde
2475 3379 2762 3451 sequitur:
2802 3399 2819 3430 ‹
2857 3378 2925 3434 Et
2974 3375 3244 3441 habitare,
3286 3372 3402 3431 sive

1808 3475 1998 3531 sedere
2026 3472 2221 3529 faciam
2251 3487 2413 3544 super
2435 3480 2487 3527 te
2511 3471 2693 3527 omnia
2715 3469 2957 3526 volatilia
2987 3467 3131 3533 caeli,
3163 3474 3220 3523 et
3253 3474 3403 3524 satu-

1807 3567 1941 3623 rabo
1972 3567 2036 3622 de
2061 3576 2112 3621 te
2143 3565 2347 3622 bestias
2372 3564 2637 3620 universae
2658 3573 2838 3620 terrae.
2881 3583 2899 3615 ι
2938 3547 3245 3619 Secundum
3271 3558 3402 3616 illud

1809 3657 1953 3727 quod
2013 3657 2274 3728 scripturn
2312 3664 2433 3714 est:
2463 3676 2482 3709 ‹
2517 3654 2725 3712 Dedisti
2772 3671 2897 3710 eum
2955 3668 3141 3709 escam
3188 3650 3402 3725 populis

1810 3745 2128 3819 Ethiopum
2152 3744 2557 3821 (Psal.1.xxm).
2586 3767 2605 3800 ι
2633 3746 2738 3815 Qui
2767 3744 2852 3801 vel
2873 3743 3111 3799 volatilia
3138 3751 3404 3800 vocantur

1813 3840 1897 3897 vel
1920 3840 2111 3896 bestia:
2142 3848 2323 3896 terrae.
2351 3838 2623 3905 Volatilia,
2654 3854 2776 3910 qua:
2823 3844 3121 3893 sementem
3167 3843 3228 3892 ut
3266 3834 3405 3892 dixi-

1813 3947 1934 3988 mus
1954 3931 2110 4003 juxta
2137 3930 2279 3985 vlam
2306 3929 2523 4003 rapiunt
2549 3947 2563 3984 :
2585 3928 2774 3985 bestiae
2797 3936 2956 3983 terra:
2976 3927 3121 3983 vitiis
3143 3926 3406 3993 eﬂ’eratzc,

1815 4025 1959 4097 quod
1990 4025 2056 4080 ad
2079 4023 2363 4080 haereticos
2382 4029 2545 4094 atque
2566 4020 2792 4095 gentiles
2812 4019 3001 4076 referri
3026 4030 3220 4095 potest.
3252 4020 3404 4089 Quod

1817 4124 1999 4172 autem
2030 4114 2277 4186 sequitur
2307 4134 2320 4169 :
2355 4134 2374 4166 ί
2408 4114 2476 4170 Ει
2503 4112 2643 4169 dabo
2663 4128 2855 4170 carnes
2880 4120 2997 4169 tuas
3044 4127 3206 4182 super
3250 4126 3399 4165 mou-

1819 4214 1922 4270 tes,
1949 4215 2004 4263 et
2028 4205 2262 4276 implebo
2291 4204 2456 4261 colles
2491 4213 2613 4260 tuos
2639 4205 2789 4261 sanie
2836 4213 2927 4260 tua
2946 4189 2981 4256 ἰ
3013 4204 3127 4260 sive
3174 4203 3408 4274 implebo

1819 4299 1988 4356 valles
2032 4297 2292 4368 sanguine
2323 4307 2415 4353 tuo
2442 4316 2455 4351 :
2485 4298 2630 4353 hunc
2660 4297 2825 4352 habet
2853 4311 3095 4361 sensum,
3122 4304 3179 4350 ut
3212 4294 3405 4350 volati-

1820 4391 1893 4448 lia
1918 4391 2062 4457 cmli,
2086 4399 2142 4447 et
2171 4389 2372 4446 bestias
2404 4397 2565 4444 terrae
2591 4389 2940 4459 deceptorum
2981 4387 3208 4458 populos
3255 4385 3411 4443 intel-

124 4472 385 4538 hastatis,
403 4474 557 4546 quasi
578 4473 833 4530 cornibus
851 4474 1147 4530 ventitabat
1165 4471 1427 4543 plurimas
1446 4470 1717 4535 nationes.
1743 4542 1794 4556 _
1822 4482 2074 4556 ﬁgamus,
2119 4480 2602 4551 crudelitatemque
2649 4479 2950 4553 gentilium.
2984 4478 3194 4535 Montes
3228 4487 3409 4535 autem

126 4579 249 4637 qua:
271 4542 439 4634 super
467 4563 756 4631 Marcione,
784 4562 1095 4631 Valentino,
1133 4562 1280 4627 Ario,
1330 4568 1385 4616 et
1426 4559 1707 4625 Eunomio,

1823 4542 1894 4633 ad
1927 4576 2200 4648 principes
2228 4572 2527 4631 referamus
2557 4542 2859 4639 haereseon,
2881 4571 3057 4642 qualis
3085 4570 3187 4626 fuit
3216 4570 3410 4625 Valen-

128 4657 451 4729 catterisque
493 4656 769 4713 haereseon
808 4657 1142 4730 principibus
1185 4653 1485 4725 intelligere
1525 4669 1719 4723 possu-

129 4764 273 4814 mus,
306 4749 402 4820 qui
429 4748 711 4806 imitantur
737 4746 1133 4803 ecclesiasticos
1174 4745 1321 4799 viros
1364 4743 1607 4798 dicentes
1652 4741 1720 4796 ad

132 4839 415 4899 dominum
445 4837 782 4896 Salvatorem
812 4852 828 4892 :
858 4858 876 4889 ‹
907 4836 967 4892 in
994 4845 1048 4893 te
1077 4835 1326 4891 inimicos
1354 4842 1573 4889 nostros
1592 4845 1720 4887 ven-

130 4930 415 4993 ﬂhbitltus
436 4944 605 4989 cornu
634 4928 808 5003 (Paul.
832 4932 1010 5001 xuu).
1034 4947 1052 4979 ι
1080 4928 1148 4983 Et
1189 4942 1298 4983 non
1342 4924 1605 4981 ventilant
1654 4921 1724 4980 ad

127 5026 393 5092 salutem,
417 5032 479 5079 ut
502 5022 572 5081 de
607 5030 754 5079 terra
805 5021 875 5077 ad
918 5020 1118 5077 coelum
1163 5019 1364 5085 levent,
1405 5017 1500 5073 sed
1552 5022 1611 5070 ut
1666 5013 1724 5069 in

126 5118 464 5190 profundum
506 5114 777 5185 abjiciant.
826 5114 1069 5184 Denique
1111 5111 1356 5183 sequitur
1392 5128 1405 5165 :
1445 5129 1464 5162 ι
1500 5107 1567 5164 Et
1596 5123 1726 5164 con-

111 5208 399 5266 lturbabas
430 5221 599 5278 aquas
617 5205 845 5278 pedibus
863 5206 990 5262 tuis.
1035 5223 1054 5257 ι
1083 5202 1243 5259 Juxta
1277 5201 1407 5257 illud
1434 5197 1676 5273 Apostoii
1706 5218 1723 5256 :

143 5319 163 5352 ι
224 5297 331 5368 Qui
384 5306 566 5355 autem
629 5298 919 5354 conturbat
976 5310 1117 5362 vos,
1170 5293 1410 5366 portabit
1462 5291 1725 5366 judicium

140 5390 290 5467 (Gal.
313 5391 402 5465 v);
433 5412 452 5445 ι
488 5389 604 5448 Non
629 5390 743 5445 vult
771 5391 915 5446 enim
962 5404 1131 5459 aquas
1178 5387 1325 5444 Siloe
1366 5387 1575 5453 bibere,
1606 5398 1728 5457 qua:

144 5483 353 5543 vadunt
368 5498 490 5539 cum
510 5482 743 5549 silentio,
765 5481 860 5538 sed
879 5494 1047 5551 aquas
1060 5477 1279 5551 Egypti
1301 5478 1544 5534 turbidas
1566 5486 1732 5548 atque

144 5588 435 5643 omnesas,
487 5591 607 5646 quae
654 5582 946 5644 antequam
1000 5570 1226 5645 pedibus
1278 5571 1733 5627 conculcarentur

88 5654 98 5663 ’
144 5665 425 5733 draconis,
451 5681 599 5738 pum
632 5673 809 5732 erant,
837 5673 893 5721 et
928 5679 1026 5721 suo
1051 5662 1280 5718 ﬂuentes
1324 5662 1531 5719 ordine.
1576 5662 1732 5720 Post—

149 5771 319 5833 quam
340 5766 521 5817 autem
544 5757 774 5830 pedibus
802 5755 948 5815 illius
984 5754 1319 5819 conturbata:
1365 5764 1511 5826 sunt,
1539 5771 1731 5816 cursus

1823 4669 1969 4725 tinus
1991 4676 2046 4725 et
2073 4667 2333 4731 Marcion,
2360 4665 2632 4735 collesque
2677 4677 3019 4720 successores
3070 4676 3254 4717 eorum
3275 4702 3290 4727 ,
3318 4662 3408 4730 qui

1825 4769 2141 4816 saturantur
2165 4758 2317 4813 sanie
2342 4756 2593 4811 draconis
2627 4772 2641 4809 :
2669 4754 2783 4810 sive
2814 4751 3001 4820 valles,
3029 4768 3149 4824 quae
3180 4750 3411 4822 implen-

1827 4856 1915 4905 tur
1952 4848 2203 4906 draconis
2246 4846 2540 4918 sanguine,
2571 4843 2857 4901 inferiores
2898 4858 3140 4917 quosque
3189 4844 3405 4899 creden-

1830 4941 1984 4999 tium.
2016 4939 2123 4995 Aut
2156 4946 2305 4995 certe
2335 4945 2546 4996 montes
2567 4935 2906 4992 adversarias
2936 4940 3262 5006 potestates,
3294 4948 3415 5004 qua:

1832 5032 1890 5089 in
1916 5045 2042 5088 aere
2076 5030 2406 5095 discurrunt,
2424 5035 2479 5084 et
2509 5026 2697 5093 valles,
2721 5038 2841 5099 quae
2864 5024 3074 5080 inferna
3102 5028 3414 5094 penetrant,

1834 5131 1891 5181 et
1916 5122 2133 5180 aeternis
2168 5119 2442 5195 suppliciis
2486 5118 2805 5189 mancipata:
2854 5123 2999 5171 sunt.
3048 5113 3220 5170 Porro
3274 5111 3418 5182 quod

1835 5213 2033 5271 dicitur
2060 5228 2075 5267 :
2115 5232 2133 5264 ε
2160 5211 2234 5268 Et
2262 5208 2499 5282 lrrigabo
2532 5216 2734 5264 terram
2772 5204 2995 5277 paedore
3028 5200 3308 5274 sanguinis
3340 5200 3415 5255 tui

1835 5322 1999 5386 super
2024 5317 2261 5379 montes,
2290 5328 2311 5363 ι
2340 5306 2455 5365 sive
2480 5303 2795 5378 irrigabitur
2819 5308 2962 5356 terra
2990 5297 3055 5354 de
3085 5297 3420 5355 stercoribus

1836 5405 1945 5460 tuis
1968 5417 2129 5473 super
2159 5408 2392 5465 montes,
2422 5418 2441 5450 ι
2477 5404 2532 5452 et
2554 5394 2722 5450 valles
2761 5389 3123 5463 implebuntur
3166 5404 3233 5444 ex
3279 5395 3354 5455 te,
3392 5406 3411 5440 ι
3450 5446 3459 5451 ι

1837 5495 1969 5552 illud
2001 5493 2300 5568 signiﬁcat,
2328 5489 2474 5563 quod
2520 5486 2697 5544 omnis
2743 5482 2993 5555 superbia
3042 5490 3097 5536 et
3154 5493 3420 5551 arrogans

1837 5589 2218 5646 bzereticorum
2244 5594 2443 5651 tumor,
2472 5598 2579 5639 non
2610 5590 2717 5635 tam
2766 5573 2917 5631 vitali
2961 5579 3018 5629 et
3052 5587 3208 5645 puro,
3252 5583 3418 5640 quam

1836 5686 2052 5760 putrida
2085 5692 2247 5755 atque
2295 5678 2485 5737 fatenti
2528 5674 2788 5750 sanguine
2826 5667 3157 5760 compleatur
3207 5682 3221 5720 :
3263 5661 3423 5733 juxta

1780 5856 1785 5859 ν
1838 5778 1971 5835 illud
2004 5776 2149 5849 quod
2180 5773 2441 5848 scriptum
2464 5776 2549 5832 est
2580 5784 2594 5828 :
2633 5785 2653 5825 ι
2686 5766 2839 5827 Pone
2888 5776 2986 5823 eos
3033 5759 3177 5821 sicut
3208 5761 3422 5819 stercus
