3916 6356
530 356 636 410 825

1169 369 1230 425 Β.
1273 365 1526 426 RABANI
1549 371 1778 428 ΜΑυιῖι
1815 372 2081 428 ARCHIEJ

2184 373 2485 433 MOGUNT.
2527 373 2812 432 OPERUM
2849 377 3028 435 PARS
3066 378 3130 434 li.

3718 382 3801 435 8'36

532 483 691 532 tum
719 477 891 550 (Psal.
911 457 1174 556 uim)»
1189 485 1267 541 De
1292 502 1401 557 quo
1422 497 1643 546 sanctus
1663 506 1695 546 a
1722 490 1949 547 Domino
1970 493 2105 549 iibe-
2131 501 2184 560 Α
2206 493 2297 563 qui
2322 493 2474 562 prius
2508 494 2806 552 Pharaonis
2840 498 3244 554 admirabantur
3260 508 3584 571 potentiam
3637 513 3799 571 postea

529 575 704 632 ratur,
739 587 758 620 ι
792 570 885 640 qui
913 575 1139 629 suscitat
1161 577 1228 632 de
1257 586 1402 633 terra
1429 581 1665 651 inopem,
1689 591 1744 637 et
1771 584 1838 639 de
1863 593 2132 642 stercore

524 659 686 729 erigit
709 677 1001 734 pauperem
1033 683 1049 724 :
1077 676 1137 723 ut
1181 669 1406 728 colloeet
1447 687 1570 728 eum
1599 690 1720 731 cum
1747 678 2104 750 principibus,

522 764 648 827 cum
671 753 1004 824 principibus
1030 759 1213 829 populi
1241 763 1322 816 sui
1347 761 1520 834 (Psal.
1550 766 1704 838 ειη).
1747 785 1766 820 ι
1800 767 1906 824 Per
1934 769 2102 827 valles
2129 793 2132 798 ·

521 849 704 900 autem
725 843 780 898 in
809 844 918 900 ima
935 847 1248 918 depressos,
1275 857 1336 907 ut
1375 868 1536 924 supra
1584 857 1843 925 diximus,
1874 868 1967 914 aut
2020 862 2104 917 in-

519 930 672 989 terna
694 935 984 1006 signiﬁcat,
1011 949 1103 996 aut
1132 943 1389 1001 humilem
1435 948 1812 1008 haereticorum
1855 969 2097 1022 sensum,

518 1035 741 1097 propter
764 1029 1091 1100 voluptatem
1118 1042 1173 1090 et
1198 1044 1443 1094 terrenas
1476 1055 1606 1112 opes
1650 1054 1848 1120 cuneta
1890 1046 2099 1103 facien-

518 1115 675 1186 tium.
703 1117 856 1186 Quod
883 1131 1065 1182 autem
1085 1122 1328 1197 jungitur
1357 1148 1370 1184 :
1408 1150 1426 1182 ι
1460 1131 1528 1186 Et
1550 1117 1792 1203 operiam
1834 1152 1958 1194 cum
2003 1154 2098 1196 ex-
2129 1177 2132 1180 ~

518 1205 718 1264 tinctus
757 1208 924 1268 fueris
965 1214 1182 1281 omium,
1207 1227 1262 1273 et
1308 1221 1615 1292 nigrescere
1662 1226 1858 1284 faciam
1915 1231 2098 1288 stellas

516 1292 655 1364 eius,
683 1300 850 1376 solem
879 1304 1022 1360 nube
1049 1318 1258 1378 tegam,
1286 1321 1341 1366 et
1389 1313 1516 1370 luna
1564 1332 1669 1373 non
1715 1321 1865 1376 dabit
1915 1323 2097 1380 lumen

515 1403 702 1456 suum,
732 1395 914 1450 omnia
948 1396 1234 1456 luminaria
1269 1405 1393 1462 coeli
1435 1424 1668 1467 maerore
1716 1415 1800 1469 vel
1843 1419 2096 1475 tenebre-

513 1493 666 1542 scere
685 1482 885 1542 faciam
909 1503 1071 1559 super
1095 1499 1182 1556 te,
1204 1503 1260 1548 et
1302 1496 1441 1553 dabo
1487 1501 1739 1559 tenebras
1765 1521 1929 1576 super
1981 1517 2092 1563 ter-
2126 1507 2132 1514 ⁷

512 1583 628 1626 ram
685 1579 863 1640 tuam,
895 1577 1050 1633 dicit
1099 1579 1359 1640 Dominus
1423 1588 1587 1656 Deus,
1640 1612 1658 1642 ι
1707 1593 1755 1648 si
1803 1611 2094 1666 sequamur

509 1659 746 1720 litteram
776 1707 791 1732 ,
859 1671 1073 1739 penitus
1138 1675 1361 1749 intelligi
1429 1698 1536 1736 non
1609 1695 1803 1755 potest.
1866 1659 2092 1756 Quando

507 1751 653 1812 enim
706 1755 990 1815 interfecto
1047 1763 1331 1822 Pharaone
1407 1770 1520 1827 sive
1597 1751 1829 1830 dracone
1889 1779 1969 1833 sol
2035 1789 2092 1836 et

507 1839 655 1910 luna,
704 1855 759 1900 et
805 1849 997 1917 stellae,
1053 1869 1159 1908 non
1215 1855 1480 1914 dederunt
1536 1861 1717 1919 lumen
1781 1882 1979 1936 suum,
2036 1879 2166 1941 etB

508 1933 706 1990 etel'um
729 1947 978 2007 opertum
1015 1952 1098 1997 est
1129 1946 1368 2003 tenebris
1391 1989 1406 2015 ,
1433 1949 1585 2019 juxta
1621 1954 1748 2010 illud
1771 1933 2038 2028 poeticum
2075 1978 2090 2015 :

571 2069 582 2078 ’
669 2081 920 2148 impieque
943 2091 1178 2141 aeternam
1199 2093 1468 2150 timuerunt
1489 2101 1668 2153 saecula
1689 2114 1883 2156 noctem

503 2202 646 2276 Ergo
665 2206 770 2264 hoc
793 2210 1078 2270 dicendum
1092 2225 1198 2285 est,
1221 2223 1363 2289 quod
1385 2227 1655 2284 exstincto
1677 2229 1982 2303 Pharaone,
1997 2238 2091 2308 qui

503 2298 924 2370 transfigurabat
947 2320 1006 2361 se
1045 2307 1100 2363 in
1142 2313 1389 2383 angelum
1433 2317 1588 2385 lucis,
1623 2323 1692 2378 de’
1729 2339 1837 2394 quo
1879 2326 1934 2382 in
1968 2298 2091 2385 alio

503 2385 1084 2462 iocoseriptumest:
1139 2419 1158 2453 ι
1211 2402 1324 2459 Lux
1373 2407 1665 2478 impiorum
1716 2416 2095 2489 exstinguetur

504 2477 694 2551 (Prov.
723 2486 898 2557 xxiv),
930 2507 963 2539 »τ
985 2489 1181 2546 caelum
1205 2494 1320 2549 sive
1343 2477 1468 2550 caeli
1483 2501 1800 2568 operientur
1825 2477 2088 2576 tenebris,

502 2571 570 2628 de
593 2574 790 2642 quibus
809 2587 864 2632 et
893 2578 1093 2637 Paulus
1119 2583 1360 2654 loquitur
1390 2606 1442 2642 ει
1466 2591 1533 2644 Et
1551 2593 1812 2662 spiritalia
1834 2571 2092 2671 nequitiae

502 2662 900 2724 incoelestibus
916 2671 1132 2741 (Ephes.
1157 2677 1253 2747 v1).
1277 2697 1295 2729 ι
1318 2679 1384 2734 Et
1412 2682 1721 2750 nigrescere
1748 2687 1877 2745 fecit
1905 2662 2088 2749 Domi-

500 2772 604 2812 nus
631 2759 818 2816 stellas
857 2763 993 2832 ejus,
1042 2766 1128 2820 vel
1173 2768 1437 2835 draconis,
1479 2775 1565 2830 vel
1595 2777 1758 2834 cceli:
1791 2796 1954 2853 super
1980 2800 2089 2856 quo

499 2847 750 2907 ctJudas
787 2856 1059 2924 apostolus
1107 2861 1298 2916 scribit
1331 2881 1349 2914 ο
1384 2865 1562 2923 sidera
1612 2847 1872 2929 errantia
1912 2847 2082 2948 (ἆξαι.

497 2938 691 3011 υᾼὸ),
744 2962 764 2993 ι
797 2943 990 3013 quibus
1028 2947 1204 3019 caligo
1226 2953 1570 3012 tenebrarum
1603 2959 1656 3014 in
1693 2938 1956 3019 aeternum
2000 2982 2087 3022 re-

497 3038 766 3092 servatur.
792 3032 896 3090 Sol
923 3053 1136 3106 quoque
1175 3043 1317 3099 nube
1358 3054 1587 3116 tegetur,
1635 3052 1712 3108 soi
1759 3054 2078 3126 iniquitatis,

2208 597 2350 638 eum
2376 583 2712 640 admirentur
2762 586 2830 641 de
2881 602 2979 642 suo
3033 588 3266 646 culmine
3308 591 3616 648 cecidisse.
3644 590 3795 663 Begu

2207 669 2421 747 quoque
2441 676 2762 748 populorum
2789 677 2958 735 nimio
2990 680 3216 737 horrore
3239 681 3632 738 formidabant
3657 699 3794 754 super

2205 783 2350 836 eum,
2381 783 2608 840 quorum
2651 785 2818 843 regna
2859 771 3088 829 Domino
3129 773 3374 830 diabolus
3421 774 3676 830 ostendit
3714 785 3791 831 :et

2203 859 2274 915 de
2313 859 2511 930 quibus
2551 860 2607 915 in
2653 861 2860 933 psalmo
2907 863 3105 918 dicitur
3151 882 3164 919 :
3219 884 3239 916 ι
3289 866 3617 920 Astiterunt
3656 881 3786 937 reges

2203 957 2382 1018 term,
2396 959 2454 1007 et
2473 951 2749 1024 principes
2773 964 3146 1012 convenerunt
3174 957 3231 1011 in
3259 972 3434 1012 unum
3460 956 3645 1028 (Pul.
3677 959 3746 1026 ιι).
3765 981 3780 1011 ι

2201 1040 2315 1098 Hoc
2333 1052 2515 1100 autem
2537 1045 2650 1112 fiet,
2670 1065 2689 1097 ι
2727 1061 2850 1102 cum
2873 1047 3054 1104 volare
3075 1051 3306 1120 coeperit
3332 1051 3561 1121 gladius
3595 1051 3781 1110 Domini

2201 1148 2361 1206 super
2387 1135 2558 1193 facies
2588 1152 2799 1208 eorum,
2833 1160 2851 1192 ι
2888 1143 3207 1198 subauditur
3232 1159 3427 1214 regum
3477 1145 3600 1200 sive
3639 1161 3780 1217 papa-

2199 1227 2394 1284 iorum.
2427 1228 2652 1286 Gladius
2683 1242 2866 1288 autem
2908 1235 3121 1291 Domini
3163 1237 3559 1308 intelligendus
3603 1248 3683 1294 est
3717 1243 3778 1295 vi-

2199 1330 2330 1376 vens
2377 1336 2556 1378 sermo
2612 1324 2707 1380 Dei
2755 1335 2809 1381 et
2859 1325 3049 1383 eiﬁcax
3079 1337 3135 1384 et
3162 1340 3355 1386 acutus
3385 1345 3566 1400 super
3589 1347 3776 1388 clunem

2197 1411 2434 1484 gladium
2455 1429 2521 1469 ex
2544 1424 2777 1486 utraque
2813 1428 2972 1487 parte
3009 1427 3246 1487 acutum,
3294 1423 3388 1493 qui
3441 1423 3601 1480 volat
3641 1437 3776 1497 atqm

2197 1503 2454 1560 discurrit
2475 1515 2528 1562 et
2560 1509 2876 1579 perstringit
2900 1514 3239 1569 cernentium
3269 1516 3467 1572 oculos
3513 1518 3773 1589 vultusque

2197 1597 2451 1655 deterret.
2479 1600 2546 1656 Et
2589 1602 3035 1674 obstupescentes
3079 1624 3241 1679 super
3293 1612 3459 1666 ruina
3499 1611 3770 1670 Pharaonis

2195 1705 2254 1746 se
2287 1692 2338 1746 in
2369 1692 2461 1748 illo
2504 1694 2723 1750 videant
2763 1712 2883 1754 esse
2923 1700 3180 1771 dejectus.
3221 1703 3288 1758 Et
3317 1704 3541 1760 Domini
3585 1709 3771 1777 quidem

2195 1783 2506 1852 giadius,de
2528 1802 2634 1857 quo
2663 1789 2922 1860 scriptum
2958 1800 3040 1847 est
3070 1810 3083 1847 :
3123 1814 3140 1844 ι
3177 1795 3324 1851 Ecce
3349 1797 3447 1851 hic
3480 1801 3770 1868 positnscst

2196 1872 2250 1930 in
2277 1877 2434 1931 ruina
2462 1887 2518 1933 et
2540 1883 2943 1938 resurrectione
2971 1884 3264 1941 multorum
3326 1886 3495 1957 (Luc.
3525 1890 3624 1961 ιι),
3657 1911 3671 1941 ι
3701 1890 3768 1961 jz-

2196 1977 2380 2023 centes
2407 1967 2605 2036 elevat,
2631 1979 2686 2028 et
2709 1973 2850 2028 male
2881 1983 3091 2032 erectos
3121 1977 3439 2036 humilitate
3474 1995 3764 2040 commutat

2197 2055 2414 2116 Gladius
2443 2067 2624 2117 autem
2649 2065 2795 2136 regis
2820 2065 3108 2136 Babylonis
3154 2071 3342 2125 veniet
3388 2089 3572 2144 super
3613 2076 3766 2132 dram-

2191 2163 2318 2206 nem
2347 2151 2679 2225 Egyptium,
2710 2164 2770 2212 ut
2795 2157 2846 2212 in
2874 2158 3067 2229 gladiis
3093 2161 3339 2230 fortium,
3369 2167 3497 2222 sive
3524 2170 3768 2240 gigantum

2192 2240 2409 2310 dejiciat
2434 2243 2694 2302 Dominus
2720 2247 3115 2332 multitudinem
3141 2251 3278 2324 ejus,
3310 2257 3408 2328 qui
3429 2273 3626 2329 regem
3639 2259 3770 2332 aig-

2191 2331 2268 2403 pti
2296 2337 2624 2392 sectabatur.
2655 2357 2673 2390 ι
2709 2327 3172 2413 inexpugnabiles,
3209 2364 3228 2397 ι
3262 2327 3477 2418 inquit,
3498 2327 3613 2406 sive

2191 2425 2366 2510 lentes
2389 2427 2456 2482 de
2477 2429 2746 2498 gentibus.
2784 2449 2802 2482 ‹
2839 2447 3029 2489 omnes
3050 2434 3138 2490 isti
3171 2456 3190 2489 ι
3223 2446 3284 2493 ut
3311 2439 3449 2495 mali
3480 2443 3554 2496 ad
3573 2449 3767 2515 puniea-

2191 2501 2318 2571 duin
2344 2519 2628 2594 tradantur
2655 2520 2949 2591 pejoribus,
2981 2525 3048 2580 de
3075 2527 3272 2596 quibus
3324 2501 3606 2601 scriptum
3641 2544 3713 2588 est
3751 2555 3764 2589 ;

2197 2627 2216 2658 ε
2235 2606 2602 2667 lmmissiones
2629 2628 2728 2683 per
2749 2617 2967 2686 angelos
2985 2619 3250 2687 pessimos
3274 2618 3467 2692 (Psal.
3505 2627 3724 2694 rum");
3749 2648 3762 2677 I

2192 2707 2249 2755 et
2298 2699 2635 2771 Apostolus:
2676 2723 2694 2755 ι
2739 2705 2885 2773 Quos
2933 2709 3149 2775 tradidi,
3193 2712 3402 2782 inquit,
3463 2714 3766 2784 Satanam

2190 2791 2402 2848 discant
2432 2811 2539 2850 non
2570 2796 2978 2868 biasphemare;
3033 2802 3119 2857 vel
3149 2803 3201 2858 in
3247 2804 3551 2863 interitum
3599 2815 3764 2868 carnis.

2188 2889 2249 2937 ut
2277 2884 2500 2954 spiritus
2532 2887 2712 2943 salvus
2743 2889 2831 2944 ﬁat
2886 2889 2939 2961 (I
2974 2889 3106 2947 Tim.
3138 2895 3198 2964 ι).
3239 2915 3258 2947 ι
3287 2897 3433 2952 Cum
3479 2912 3664 2957 actm
3693 2919 3767 2973 per

2188 2971 2558 3042 hujuscemodi
2584 2979 2864 3038 ministros
2895 2982 3101 3054 dejecta
3129 2984 3293 3042 fuerit
3335 2993 3606 3061 superbia

2188 3062 2287 3131 pti,
2318 3071 2370 3118 et
2397 3066 2685 3124 multitudo
2733 3069 2879 3128 illius
2925 3073 3202 3145 dissipata,
3253 3081 3568 3148 perdentur
3610 3062 3766 3142 omnia

1852 3119 1871 3126 _
2066 3119 2075 3124 _
2188 3119 2206 3131 ⁸
2273 3119 2284 3128 1
2520 3119 2679 3124 πέμ..-
2733 3119 2878 3128 --ην-ν
2927 3119 3202 3145 ν--νυ-γ---υν
3255 3119 3345 3148 ιινι
3362 3119 3557 3138 υυυιυι
3610 3119 3766 3142 υωιικ

495 3119 588 3187 qui
617 3125 918 3182 contrarius
943 3137 1028 3184 est
1055 3129 1154 3187 soli
1182 3133 1430 3204 justitiae.
1455 3138 1605 3197 Nube
1628 3153 1829 3215 autem,
1858 3149 1940 3204 vel
1967 3151 2084 3221 ipso
2180 3151 2427 3222 jumenta
2455 3156 2618 3225 illius,
2641 3175 2763 3231 quae
2789 3174 2946 3220 erant
2964 3182 3126 3238 super
3150 3184 3326 3240 aquas
3351 3174 3629 3243 plurimas.
3664 3199 3681 3228 ι
3711 3180 3767 3235 Et

496 3206 726 3243 manu
756 3214 1031 3243 una-.-“
1085 3224 1172 3243 ---ε
1375 3233 1378 3236 ~
1511 3232 1522 3243 -
1615 3233 1655 3243 -η

1815 3206 1828 3215 ν
1985 3206 2002 3221 ι
2033 3206 2040 3207 ,
2061 3206 2069 3208 _
2180 3206 2226 3222 ,η
2249 3206 2295 3208 ην
2313 3206 2427 3210 ηπ--
2455 3206 2618 3225 ,πη-...ν
2644 3206 2763 3231 κι-υυ
2790 3206 2838 3218 υ.
2851 3206 2946 3220 ιιι-υ
2964 3206 3115 3238 υυιιυι
3150 3206 3326 3240 aqua:
3353 3206 3463 3243 γιυι
3477 3206 3629 3233 ιωδδι.
3664 3206 3680 3228 Ι
3711 3206 3761 3235 nl

495 3206 728 3271 Domino
753 3214 1055 3288 Salvatore,
1081 3224 1174 3293 qui
1201 3226 1479 3284 descendit
1508 3232 1562 3287 in
1590 3233 1884 3308 AEgyptum
1918 3255 2084 3312 super
2110 3248 2154 3310 C
2187 3253 2293 3300 non
2319 3250 2660 3306 conturbabit
2689 3268 2780 3310 eas
2803 3269 2902 3324 pes
2931 3257 3164 3316 hominis
3192 3262 3376 3331 ultra;
3407 3267 3449 3321 si
3468 3269 3610 3322 enim
3639 3272 3761 3326 bea-

495 3307 690 3331 ..ηιιιι-νι
723 3307 889 3331 ιη---μ
947 3328 973 3331 μ
988 3313 1058 3331 μη
1298 3329 1304 3331 -
1626 3329 1639 3331 -

494 3307 692 3373 nubem
723 3307 914 3376 levem,
946 3313 1095 3370 nullo
1124 3329 1469 3387 peccatorum
1498 3307 1747 3395 pondere?
1777 3307 2083 3406 praegrava-

495 3398 761 3460 tatn';;vei
779 3401 1074 3471 prophetis
1094 3415 1154 3462 et
1178 3412 1436 3480 apostolis
1465 3416 1532 3471 de
1569 3398 2031 3497 quibus—legimus
2061 3443 2076 3482 :

497 3502 518 3537 ι
550 3484 817 3580 Mandabn
849 3495 1080 3553 nubibus
1129 3515 1198 3556 ne
1236 3504 1431 3573 piuant
1479 3484 1640 3580 super
1681 3528 1802 3568 eam
1850 3484 2078 3575 imbrem

492 3573 731 3650 (luxv).
771 3601 789 3632 ι
824 3583 891 3639 Et
925 3586 988 3640 in
1029 3588 1299 3649 Psalmis:
1335 3617 1354 3648 ι
1394 3573 1608 3658 Veritas
1661 3616 1752 3661 tua
1790 3622 1962 3678 usque

493 3669 668 3729 nubes
721 3670 1113 3753 (Ρεαιίκχκν).
1178 3699 1204 3738 ι’
1251 3684 1384 3742 Cum
1430 3698 1608 3746 autem
1666 3694 1746 3750 sol
1775 3669 2080 3768 iniquitatis

494 3757 662 3830 merit
682 3762 1024 3837 obScuratus,
1048 3770 1230 3829 lunam
1272 3793 1433 3847 quam
1487 3757 1887 3844 haereticorum-
1910 3793 2078 3850 senti-

490 3865 611 3916 mus
636 3854 941 3927 ecclesiam,
957 3869 1016 3917 et
1032 3879 1151 3933 quae
1177 3881 1209 3921 a
1240 3868 1353 3926 sole
1382 3870 1681 3943 iniquitatis
1709 3877 1890 3936 lumen
1919 3893 2075 3953 puta-

487 3940 648 4003 batur
688 3949 956 4018 accipere,
983 3969 1089 4010 non
1117 3956 1266 4013 dabit
1290 3940 1680 4035 iumen—suum,
1712 3985 1814 4026 nec
1844 3940 2075 4046 decipiet

487 4037 768 4106 credentes
801 4040 920 4099 falsi
945 4048 1182 4105 nominis
1208 4052 1456 4110 scientia.
1486 4056 1678 4116 Omnia
1722 4079 1938 4136 quoque
1984 4067 2068 4123 iu-

486 4129 822 4200 miuaria,‘et
849 4139 1108 4210 quidquid
1141 4144 1356 4202 videtur
1389 4150 1444 4205 in
1489 4152 1761 4212 haereticis
1802 4173 1922 4215 esse
1971 4161 2071 4216 do-

485 4222 983 4290 ctrinae,vexstincto
1010 4233 1248 4294 dracone
1267 4243 1562 4300 caecabitur
1586 4264 1598 4300 :
1623 4247 1739 4304 sive
1762 4253 2073 4311 moerebunt

483 4313 728 4384 principe
771 4321 1013 4388 perdito,
1038 4324 1110 4378 ita
1140 4335 1200 4382 ut
1226 4321 1342 4399 ipse
1368 4333 1628 4394 Dominus
1661 4346 1862 4397 terram
1895 4344 2069 4400 haere-

483 4403 948 4476 ticornnmperiat
973 4415 1241 4484 tenebris;
1281 4421 1586 4490 ignorantia
1631 4429 1841 4487 scilicet
1868 4436 2068 4492 verita-

483 4492 663 4559 tisu-ut
695 4499 825 4552 caeci
853 4516 1026 4557 caucos
1055 4505 1256 4564 ducant
1279 4511 1334 4566 in
1365 4512 1574 4569 foveam
1599 4535 1614 4571 :
1647 4527 1703 4574 et
1729 4522 2066 4584 habitatores

478 4589 642 4645 terrae
677 4588 972 4648 mittantur
1018 4595 1070 4649 in
1100 4601 1353 4658 tenebras
1385 4607 1707 4678 exteriores,
1737 4613 1829 4670 ubi
1859 4625 1942 4671 est
1965 4617 2061 4674 ﬂe-

479 4684 565 4734 tus
589 4688 648 4734 .et
677 4683 882 4738 stridor
907 4687 1168 4745 dentium.
1211 4692 1341 4750 Post
1364 4696 1481 4754 haec
1511 4699 1710 4758 dicitur
1736 4721 1750 4758 :
1789 4722 1810 4758 ι
1843 4705 1911 4762 Et
1937 4709 2062 4766 irri-

476 4769 603 4828 tabo
638 4789 736 4828 cor
756 4777 1078 4846 populorum
1110 4775 1422 4855 multorum,
1459 4805 1581 4846 cum
1619 4792 1884 4854 induxero
1933 4816 2059 4859 con-

474 4862 773 4934 tritioucm,
801 4868 914 4924 sive
949 4874 1312 4941 captivitatem
1339 4887 1484 4936 tuam
1513 4883 1568 4938 in
1597 4889 1870 4957 gentibus,
1894 4907 2058 4963 super

471 4960 673 5014 terram
694 4976 859 5028 quam
877 4965 1076 5030 nescis,
1113 4985 1134 5019 ι
1165 4977 1226 5023 ut
1247 4973 1338 5040 qui
1362 4975 1511 5044 prius
1530 4976 1798 5037 Pharaoni
1846 4988 2054 5044 servie-

468 5049 951 5118 ranuirascantur
977 5064 1168 5113 contra
1213 5075 1358 5127 eum,
1393 5065 1636 5126 videntes
1682 5075 2053 5144 captivitatem

465 5135 608 5204 ejus,
629 5139 698 5194 ad
731 5141 893 5198 aliam
941 5153 1166 5214 terram,
1191 5164 1355 5220 quam
1381 5154 1546 5215 draco
1589 5135 1888 5235 nesciebat,
1933 5183 2056 5226 esse

464 5231 937 5300 perductamaNec
970 5238 1228 5298 debemus
1247 5246 1523 5322 ambigere
1567 5254 1737 5313 bonas
1781 5231 1900 5315 eSse
1944 5268 2055 5318 ter—

465 5323 988 5394 rasgquatharao
1005 5332 1242 5400 nesciat,
1277 5337 1481 5395 scilicet
1524 5345 1740 5413 quando
1767 5351 2050 5420 captivitas

461 5407 762 5478 Pharaonis
783 5415 889 5474 alia
908 5421 1225 5492 captivitate
1248 5437 1511 5497 mutatur,"
1528 5407 1594 5490 de
1627 5452 1731 5506 qua
1755 5407 1956 5497 dicitur
1979 5447 2047 5501 ad
2101 5435 2104 5440 ’

461 5499 798 5578 εαιγρωροηι
829 5525 898 5562 :24
923 5509 1241 5573 Ascendens
1265 5519 1324 5575 in
1367 5523 1534 5579 altum
1579 5499 1848 5598 captivam
1895 5499 2049 5593 duxit
2081 5613 2084 5618 _

457 5595 848 5667 captivitatem,
876 5604 1084 5675 accepit
1103 5604 1276 5680 (Paul.
1307 5614 1504 5687 nm);
1537 5635 1556 5669 ι
1590 5595 1702 5674 sive
1719 5620 2043 5698 juxtaApo-

454 5691 656 5754 stolam
681 5711 701 5748 :e
731 5713 749 5747 ι
769 5695 916 5753 dedit
939 5699 1079 5758 dona
1110 5702 1164 5757 in
1191 5704 1515 5765 hominibus.
1547 5731 1566 5763 ι
1593 5743 1661 5753 --
1689 5731 1708 5767 ‹
1748 5716 1816 5773 Et
1863 5691 2045 5792 stupe-

469 5794 618 5854 cere,
643 5785 839 5864 inquit,
866 5789 1064 5852 faciam
1094 5803 1257 5869 super
1299 5804 1351 5854 te
1398 5797 1623 5874 populiis
1674 5805 1901 5880 multos;
1932 5785 2043 5873 {ut

2187 3344 2292 3403 tus,
2319 3341 2411 3409 qui
2441 3342 2671 3399 seminat
2701 3361 2865 3416 super
2889 3365 3077 3420 aquas,
3109 3353 3198 3408 ubi
3210 3354 3336 3422 .bos
3369 3365 3420 3412 et
3440 3360 3629 3416 asinus
3669 3362 3767 3418 cal-

2183 3437 2292 3495 cat,
2323 3446 2354 3485 e
2389 3436 2665 3492 contrario
2694 3438 2910 3508 infelix,
2944 3446 3036 3514 qui
3076 3447 3361 3521 simplices
3410 3456 3630 3524 quidem
3683 3474 3766 3514 suo

2182 3519 2322 3575 ultra
2346 3526 2546 3592 poterit
2568 3541 2757 3586 errore
2785 3533 3046 3602 retinere,
3082 3537 3156 3593 ita
3181 3519 3249 3595 ut
3273 3558 3381 3613 pes
3409 3519 3652 3606 hominis
3675 3568 3764 3606 nan

2181 3610 2352 3670 calcet
2376 3615 2430 3671 in
2459 3618 2557 3686 eis,
2583 3635 2692 3689 quo
2723 3637 2791 3678 ne
2817 3624 3028 3696 signum
3057 3610 3292 3700 quidem
3307 3637 3613 3707 sapientiae
3630 3651 3760 3711 atqu

2181 3704 2408 3763 rationis
2463 3723 2617 3780 aquae
2668 3710 2937 3786 Egyptian
2995 3719 3048 3774 in
3097 3735 3156 3776 se
3208 3704 3426 3782 habent:

2185 3811 2204 3844 ι
2241 3793 2449 3866 Ungula
2500 3815 2716 3871 quoque
2756 3803 3140 3875 jumentorum,
3175 3827 3285 3868 non
3316 3795 3586 3875 turbabit
3618 3838 3756 3888 eas,»

2177 3895 2238 3940 ut
2263 3885 2329 3942 de
2357 3886 2744 3960 limpidissimis
2765 3935 2780 3962 ,
2804 3903 2969 3969 atque
2996 3900 3294 3962 nitentibus
3323 3905 3514 3966 faciat

2175 3984 2232 4030 et
2257 3991 2522 4037 caenosas.
2556 3981 2707 4041 Tunc
2738 3988 3032 4047 reddentur
3057 4010 3164 4050 non
3187 3997 3257 4052 ab
3277 3998 3432 4070 aliis,
3451 4007 3558 4062 sed
3586 4010 3653 4066 ab
3672 4010 3760 4081 ipe

2174 4063 2405 4124 Domino
2441 4087 2595 4142 aqua:
2632 4077 2956 4149 purissimae,
2985 4099 3105 4154 quae
3131 4063 3670 4155 draconis'fnerant

2172 4158 2741 4235 minationeturhatae,
2770 4170 2845 4225 ita
2887 4182 2947 4227 ut
2983 4173 3203 4233 ﬂumina
3246 4195 3452 4240 earum
3507 4187 3761 4257 labantur.

2171 4251 2327 4320 quasi
2351 4252 2554 4322 oleum,
2579 4266 2632 4312 et
2659 4259 2908 4318 sint'veri
2944 4263 3162 4325 luminis
3187 4274 3636 4337 nutrimentum.
3661 4282 3762 4339 ibt

2169 4431 2467 4491 desolatam
2493 4448 2549 4494 et
2573 4442 2871 4510 perdiderit
2899 4448 3302 4510 multitudinem
3339 4457 3473 4527 eius
3492 4503 3514 4530 ,
3562 4476 3620 4521 et
3641 4431 3759 4538 TI;-

2169 4524 2314 4578 cussi
2340 4525 2542 4583 fuerint
2567 4544 2757 4590 omnes
2792 4534 3127 4596 habitatores
3170 4543 3340 4613 illius,
3371 4524 3451 4606 ‘ut
3495 4524 3620 4612 isto

2085 4614 2309 4679 Dfectu
2354 4619 2497 4676 scire
2542 4625 2771 4693 possint,
2815 4629 2940 4699 quia
2988 4631 3104 4703 ipse
3148 4636 3220 4690 sit
3274 4638 3589 4704 Dominus.

2171 4714 2348 4763 autem
2366 4707 2632 4782 jungitur,
2667 4735 2684 4766 ‹
2717 4717 2967 4787 planctus
2995 4731 3097 4790 est,
3124 4735 3180 4781 et
3203 4727 3488 4802 plangent
3508 4707 3758 4794 enm—tib

2167 4801 2409 4871 gentium
2439 4820 2602 4876 super
2624 4806 2913 4882 IEgyptum
2941 4823 2995 4868 et
3027 4830 3189 4887 super
3209 4801 3644 4886 multitudinem
3670 4829 3760 4899 ei!

2163 4890 2418 4962 plangent
2445 4910 2592 4962 eum,
2619 4898 2697 4954 ait
2725 4900 2984 4960 Dominus
3013 4906 3184 4975 Deus,
3219 4929 3238 4961 ι
3282 4918 3668 4988 perspicuum

2163 4982 2373 5038 animas
2400 4988 2643 5043 omnium
2669 4993 2932 5061 gentium,
2967 5012 3086 5068 quae
3123 4982 3292 5071 prius?
3322 5020 3630 5080 oppressa:
3669 5014 3760 5068 fle-

2160 5080 2284 5126 rant
2313 5091 2325 5126 :
2356 5075 2470 5132 sive
2491 5093 2677 5135 earum
2701 5086 3101 5158 gentium,quaa
3123 5075 3488 5166 nequaquam
3523 5106 3585 5159 in
3615 5105 3762 5176 Ilig-

2155 5171 2250 5234 pto
2269 5169 2648 5239 morabantur,
2673 5175 2768 5231 sed
2796 5177 2850 5232 in
2878 5181 3098 5250 regione
3142 5185 3456 5248 viventium
3483 5237 3500 5258 ,
3557 5169 3766 5252 inter-fe-

2156 5261 2305 5314 ctum
2341 5263 2633 5321 draconem
2683 5267 2956 5343 plangere,
2985 5283 3040 5329 et
3083 5291 3300 5335 omnem
3348 5287 3766 5344 multitudinem

2155 5349 2272 5420 ejus
2301 5369 2411 5410 non
2437 5372 2532 5426 spe
2557 5358 2766 5428 salutis,
2799 5365 2893 5421 sed
2917 5367 3060 5436 quod
3088 5369 3155 5424 de
3185 5379 3337 5430 tanta
3378 5383 3658 5446 potentia
3683 5396 3769 5435 suo

2156 5445 2289 5501 vitio
2315 5457 2371 5502 et
2397 5452 2650 5520 superbia
2673 5453 2913 5524 dejectus
2933 5458 3001 5512 sit
3025 5459 3079 5515 in
3113 5471 3317 5519 mterna
3349 5445 3674 5540 supplicia.

2229 5559 2249 5592 ‹
2286 5541 2355 5596 Et
2382 5541 2586 5599 factum
2609 5555 2693 5601 est
2721 5547 2775 5601 in
2803 5547 3120 5608 duodecimo
3151 5569 3318 5621 anno,
3349 5557 3406 5611 in
3441 5562 3663 5628 quinta
3690 5559 3768 5613 de

2157 5652 2176 5684 ε
2213 5633 2356 5689 cima
2380 5637 2584 5692 mensis
2613 5656 2625 5693 :
2652 5638 2856 5694 factum
2907 5651 2991 5697 est
3034 5643 3262 5700 verbum
3289 5647 3528 5705 Domini
3572 5653 3652 5706 ad
3692 5663 3771 5704 ut

2157 5742 2176 5774 ι
2215 5725 2435 5782 dicens:
2467 5728 2567 5783 Fili
2597 5730 2852 5798 hominis,
2879 5750 3015 5790 cane
3057 5752 3277 5810 carmen
3303 5739 3560 5808 lugubre
3613 5755 3770 5812 sapa

2154 5840 2172 5872 ε
2215 5807 2560 5881 multitudine
2603 5813 2843 5896 IEgypti.
2895 5827 2964 5884 Et
3014 5807 3236 5887 detrahe
3281 5807 3398 5888 eam
3468 5807 3772 5907 ipsam-et
