3916 6356
102 393 117 446 i
907 383 1263 444 COMMENT.
1305 383 1368 438 ΙΝ
1410 381 1868 444 EZECHIEIEM.
1907 415 1978 425 —
2015 382 2145 440 LIB.
2187 382 2302 441 XII.

3148 378 3257 442 8&6

101 503 209 557 ilius
231 501 466 574 gentium
493 499 830 558 robustarum
854 499 920 554 ad
949 509 1149 553 terram
1179 497 1421 552 ultimam
1453 505 1577 550 uim
1609 503 1659 560 Α
1684 496 1737 550 in
1766 496 2087 566 profundum
2114 499 2329 555 inferni.
2364 499 2674 569 Diciturque
2700 498 2766 554 ad
2811 511 2993 568 regem
3036 497 3255 571 Egypt!

101 597 162 649 iis
201 594 290 664 qui
335 594 665 650 descendunt
710 593 762 646 in
808 591 1008 646 lacum.
1052 590 1170 656 Quo
1213 587 1496 658 pulchrior
1524 601 1584 642 es

102 688 339 743 lesceude
383 694 441 742 et
482 684 655 741 dormi
700 699 823 740 cum
870 680 1281 737 incircumcisis.
1314 679 1371 734 ln
1404 677 1586 733 tne-lio

102 777 480 833 nterfectorum
525 775 702 846 gladio
740 775 953 829 cadent.
1005 772 1227 828 Gladius
1273 775 1430 826 datus
1477 780 1582 825 est.

101 871 506 924 Etattraxerunt
538 881 656 922 eam
700 876 755 923 et
801 881 991 922 omnes
1032 865 1254 938 populos
1299 866 1436 935 ejus.
1480 865 1586 920 Lo-

101 970 306 1032 [nentur
326 961 373 1015 ei
399 959 756 1030 potentissimi
792 960 1135 1015 robustorum
1161 959 1228 1014 de
1272 959 1451 1014 medio
1501 958 1587 1012 in-

102 1052 244 1116 ‘erni,
271 1052 360 1120 qui
389 1066 509 1106 cum
537 1050 947 1106 auxiliatoribus
972 1050 1088 1120 ejus
1111 1049 1510 1105 descenderunt
1530 1058 1588 1105 et

102 1143 416 1198 lormicrunt
445 1141 805 1196 incircumcisi
849 1140 1226 1211 interfectique
1273 1139 1468 1211 gladio.
1509 1139 1585 1194 lbi

101 1239 243 1298 issur
271 1239 324 1287 et
347 1231 524 1285 omnis
573 1227 857 1284 multitudo
903 1230 1020 1300 ejus
1067 1229 1121 1284 in
1167 1229 1400 1284 circuitu
1443 1227 1585 1283 illius

101 1322 327 1392 sepulcra
355 1319 492 1392 ejus,
530 1335 718 1376 omnes
755 1319 1040 1382 interfecti,
1070 1327 1124 1374 et
1149 1319 1241 1390 qui
1292 1317 1589 1374 ceciderint

101 1414 247 1478 ;ladio
276 1428 506 1484 quorum
554 1413 678 1466 data
726 1420 848 1466 sunt
881 1410 1123 1481 sepulcra
1177 1410 1230 1464 in
1278 1410 1589 1465 novissimis

101 1503 194 1566 aci.
226 1502 290 1556 Et
314 1501 454 1556 facta
488 1510 572 1556 est
600 1499 891 1555 multitudo
928 1499 1044 1569 ejus
1071 1513 1168 1568 per
1196 1514 1386 1570 gyrum
1414 1498 1589 1568 sepul-

108 1594 149 1647 ri
173 1592 307 1661 ejus,
353 1593 590 1648 universi
640 1590 908 1646 interfecti
952 1589 1313 1658 cadentesque
1377 1588 1586 1660 gladio,

101 1690 167 1759 [ui
201 1688 462 1743 dederant
500 1686 774 1756 quondam
824 1683 1163 1740 formidinem
1218 1684 1270 1738 in
1321 1692 1465 1739 terra
1511 1685 1590 1738 vi-

102 1780 335 1834 'entium.
364 1778 441 1832 lbi
484 1779 634 1833 Elam
673 1788 727 1833 et
769 1778 945 1832 omnis
993 1777 1280 1832 multitudo
1323 1777 1438 1847 ejus
1492 1792 1591 1847 per

1687 602 1794 656 quo
1811 587 2060 646 meliores
2081 598 2140 644 ut
2151 599 2377 645 mortem
2402 590 2660 646 mercaris
2681 591 2909 646 evadere
2922 589 3087 646 ?Cum
3108 591 3254 646 enim

1685 679 1859 736 Assur
1885 688 1941 735 et
1967 680 2141 748 Elam,
2171 681 2222 736 id
2251 691 2335 736 est
2359 681 2570 747 Persae,
2597 690 2652 736 et
2677 681 2912 746 Mosoch,
2958 682 3050 752 qui
3094 682 3261 738 inter-

1686 779 1966 840 pretantur
2009 770 2392 842 Cappadoces;
2433 781 2489 826 et
2519 771 2725 827 Thubal
2753 787 2888 842 quos
2928 772 3017 828 alii
3055 771 3260 840 lberos,

1690 860 1780 916 alii
1806 861 1968 917 Italos
1993 861 2220 932 intelligi
2260 862 2466 928 volunt,
2491 861 2708 918 ldumtei
2735 877 2949 933 quoque
2973 871 3029 918 et
3053 862 3263 919 Princi-

1688 969 1784 1024 pes
1809 954 2090 1024 Aquilonis
2119 970 2182 1008 ac
2209 953 2438 1016 Sidonii,
2472 969 2597 1010 cum
2621 954 2889 1010 universis
2935 955 3263 1012 exercitibus

1690 1046 1835 1111 suis,
1885 1060 2115 1115 quorum
2167 1044 2368 1099 auxilio
2426 1045 2704 1099 horrorem
2755 1043 2965 1099 cunctis
3017 1043 3266 1114 gentibus

1688 1136 2056 1207 prtcbuerunt,
2087 1136 2286 1191 mortui
2329 1137 2440 1191 sint
2465 1145 2522 1191 et
2551 1134 2819 1192 interfecti
2850 1135 3048 1204 gladio,
3073 1142 3128 1189 et
3169 1149 3266 1206 po-

1691 1231 1898 1288 suerint
1940 1231 2146 1302 gladios
2190 1245 2317 1286 suos
2361 1231 2462 1285 sub
2507 1229 2773 1300 capitibus
2820 1231 2952 1296 suis,
3002 1229 3146 1300 quod
3189 1230 3267 1284 di-

1691 1330 1838 1378 ctum
1872 1325 2263 1400 ἕμφατικὼτερσν
2290 1322 2661 1392 accipiendum
2682 1331 2788 1388 est,
2824 1331 2878 1376 tu
2902 1322 3046 1377 solus
3064 1321 3268 1392 poteris

1691 1427 1798 1467 non
1823 1411 2012 1466 eadem
2039 1411 2344 1466 sustinere?
2373 1410 2514 1478 Quin
2547 1412 2726 1481 potius
2751 1425 2872 1466 cum
2913 1410 3116 1466 videris
3151 1418 3267 1464 tan-

1691 1510 1804 1558 tam
1857 1510 2031 1557 tecum
2077 1503 2218 1573 apud
2280 1502 2482 1558 inferos
2542 1502 2937 1558 multitudinem
2995 1502 3266 1557 dormien-

1695 1594 1851 1660 tium,
1892 1601 1947 1649 et
1983 1593 2289 1664 sepulcrum
2345 1603 2494 1649 tuum
2540 1593 2956 1649 fortissimorum
2995 1595 3263 1663 quondam

1690 1685 1995 1756 principum
2047 1684 2372 1740 circumdari
2429 1686 2736 1751 memoriis,
2804 1685 3027 1740 habebis
3076 1699 3269 1739 conso-

1693 1774 1969 1840 lationem,
2000 1775 2200 1830 leviora
2254 1783 2524 1829 tormenta
2551 1775 2824 1830 aestimans
2862 1775 3134 1829 consortio
3160 1775 3273 1844 plu-

101 1887 276 1942 gyrum
329 1867 558 1938 sepulcri
610 1867 768 1922 illius.
799 1865 997 1922 Omnes
1036 1866 1091 1921 hi
1120 1864 1388 1920 interfecti
1423 1881 1588 1920 ruen-
1617 1862 1664 1921 B
1693 1867 1977 1921 rimorum.
2037 1865 2161 1921 Haec
2223 1866 2442 1920 interim
2494 1865 2650 1934 juxta
2704 1865 2999 1936 simplicem
3050 1879 3267 1920 sensum

104 1973 270 2028 esque
300 1959 498 2029 gladio,
544 1957 634 2028 qui
682 1957 1073 2012 descenderunt
1111 1955 1472 2011 incircumcisi
1519 1955 1588 2011 ad

102 2065 280 2103 terram
309 2049 574 2102 ultimam.
605 2046 704 2115 Qui
735 2055 1028 2117 posuerunt
1058 2056 1320 2102 terrorem
1343 2061 1497 2101 suum
1533 2045 1588 2100 in

102 2152 228 2192 .erra
257 2137 573 2204 viventium,
603 2145 658 2190 et
684 2145 1037 2207 portaverunt
1069 2136 1415 2207 ignominiam
1439 2151 1592 2192 suam

101 2242 198 2280 :um
247 2226 332 2282 his
367 2227 454 2296 qui
497 2227 827 2282 descendunt
859 2225 910 2279 in
942 2224 1136 2281 lacum.
1181 2225 1238 2279 ln
1284 2225 1461 2280 medio
1507 2225 1596 2280 in-

102 2316 424 2371 ‘erfectorum
477 2323 774 2387 posuerunt
822 2315 996 2371 cubile
1047 2313 1164 2384 ejus
1221 2315 1275 2368 in
1328 2314 1596 2370 universis

102 2409 293 2480 )opulis
349 2407 464 2477 ejus
518 2408 572 2463 in
618 2408 846 2463 circuitu
901 2407 1017 2478 ejus
1070 2405 1373 2476 sepulcrum
1430 2406 1594 2461 illius.

101 2493 283 2556 )mnes‘
323 2500 380 2554 hi
411 2499 772 2555 incircumcisi
816 2498 1192 2568 interfectique
1244 2498 1440 2566 gladio.
1500 2496 1599 2554 De-

101 2590 271 2645 lerant
307 2591 449 2645 enim
477 2599 740 2646 terrorem
771 2589 824 2643 in
856 2599 1002 2644 terra
1029 2590 1349 2657 viventium,
1377 2599 1432 2645 et
1477 2605 1600 2662 por-

101 2688 343 2736 taverunt
368 2681 720 2752 ignominiam
753 2697 904 2736 suam
958 2697 1084 2737 cum
1132 2682 1216 2738 bis
1250 2683 1342 2752 qui
1379 2683 1602 2739 (lescen-

101 2773 212 2827 lunt
241 2773 293 2826 in
317 2771 513 2828 lacum.
540 2772 599 2826 ln
629 2773 807 2828 medio
833 2773 1240 2828 interfectorum
1267 2774 1425 2842 positi
1452 2783 1598 2829 sunt.

102 2862 163 2917 bi
193 2863 410 2918 Mosoch
439 2871 493 2918 et
537 2862 705 2918 Tubal
748 2871 804 2918 et
845 2864 1020 2918 omnis
1053 2863 1336 2918 multitudo
1385 2865 1501 2935 ejus
1547 2865 1601 2919 in

107 2956 306 3010 ircuitu
345 2955 490 3011 illius
528 2955 774 3025 sepulcra
800 2955 938 3026 ejus.
965 2955 1166 3012 Omnes
1205 2956 1260 3010 hi
1307 2955 1602 3011 incircum-

101 3047 188 3102 :isi
212 3030 588 3118 interfectique
613 3055 668 3102 et
691 3049 948 3103 cadentes
988 3047 1165 3120 gladio
1203 3047 1296 3118 qui
1342 3048 1606 3104 dederunt

102 3133 428 3193 'ormidinem
459 3153 610 3192 suam
641 3139 697 3193 in
725 3147 869 3194 terra
896 3140 1212 3205 viventium,
1247 3147 1302 3196 et
1331 3155 1438 3196 non
1473 3142 1602 3198 dor-

104 3231 256 3286 nient
279 3247 400 3288 cum
425 3231 655 3288 fortibus
676 3235 1098 3306 cadentibusque
1110 3243 1164 3291 et
1189 3236 1606 3306 incircumcisis,

104 3323 179 3392 [ui
211 3322 606 3380 descenderunt
632 3327 701 3381 ad
735 3325 1002 3383 infernum
1032 3344 1155 3384 cum
1186 3330 1352 3384 armis
1375 3329 1508 3385 suis.
1539 3329 1606 3384 Et

103 3417 382 3470 tosuerunt
407 3415 611 3487 gladios
636 3433 763 3473 suos
793 3420 892 3474 sub
919 3421 1190 3490 capitibus
1229 3423 1360 3488 suis,
1386 3431 1440 3478 et
1486 3422 1604 3477 fue-

105 3513 217 3558 runt
246 3506 563 3575 iniquitates
597 3523 785 3562 eorum
834 3509 888 3566 in
939 3510 1154 3566 ossibus
1211 3527 1432 3579 eorum,
1479 3515 1606 3582 quia

106 3611 265 3651 error
291 3595 514 3652 fortium
541 3598 669 3653 facti
696 3609 824 3654 sunt
848 3601 900 3654 in
931 3608 1072 3656 terra
1101 3601 1419 3658 viventium.
1451 3603 1518 3658 Et
1553 3613 1607 3658 tu

105 3700 221 3756 :rgo
250 3687 304 3742 in
337 3689 515 3744 medio
538 3689 1040 3745 incircumcisorum
1071 3693 1369 3748 contereris
1396 3699 1452 3748 et
1479 3693 1608 3748 dor-

106 3777 224 3832 nies
251 3793 374 3833 cum
402 3779 702 3837 interfectis
728 3781 924 3854 gladio.
955 3783 1032 3838 lbi
1076 3783 1309 3840 ldumtea
1357 3795 1413 3841 et
1457 3800 1610 3856 reges

107 3867 299 3937 :jus,et
325 3883 514 3925 omnes
539 3871 704 3926 duces
730 3873 870 3942 ejus,
888 3873 981 3944 qui
1011 3874 1123 3930 dati
1157 3883 1281 3931 sunt
1309 3892 1432 3932 eum
1454 3891 1611 3932 exer-

107 3959 203 4014 :itu
235 3974 334 4016 suo
362 3975 485 4015 cum
514 3961 814 4017 interfectis
841 3963 1038 4033 gladio,
1063 3973 1118 4020 et
1151 3966 1242 4036 qui
1281 3982 1403 4021 cum
1448 3965 1616 4022 incir-

107 4052 346 4107 :umcisis
375 4052 728 4118 dormierunt,
759 4061 814 4107 et
839 4069 961 4122 cum
991 4056 1076 4111 his
1102 4057 1192 4125 qui
1219 4058 1616 4112 descenderunt

109 4157 141 4194 n
167 4142 367 4196 lacum.
393 4141 470 4196 Ibi
497 4143 769 4212 principes
789 4144 1059 4214 aquilonis
1083 4161 1272 4202 omnes
1293 4156 1348 4201 et
1373 4147 1615 4204 universi

109 4241 416 4298 renatores,
443 4233 535 4302 qui
583 4234 796 4289 deducti
840 4243 967 4290 sunt
1012 4251 1133 4292 cum
1179 4238 1479 4296 interfectis
1520 4256 1617 4311 pa-

109 4327 305 4383 ventes,
338 4327 392 4375 et
418 4321 472 4376 in
501 4337 598 4376 sua
630 4322 944 4378 fortitudine
971 4325 1196 4391 confusi,
1229 4328 1353 4396 quia
1382 4329 1617 4385 dormie-

109 4418 231 4465 runt
257 4411 623 4469 incircumcisi
655 4429 777 4469 cum
806 4416 1107 4472 interfectis
1139 4417 1340 4489 gladio,
1383 4428 1438 4475 et
1491 4436 1617 4492 por-

111 4517 352 4563 averunt
387 4510 756 4566 confusionem
804 4529 958 4568 suam
999 4529 1123 4568 cum
1153 4515 1235 4570 his
1259 4515 1352 4584 qui
1387 4517 1613 4572 descen-

1692 1957 1920 2012 strictim
1970 1956 2172 2012 dixisse
2225 1955 2472 2012 sufficiat.
2523 1956 2678 2011 Nunc
2730 1957 2920 2010 eadem
2972 1956 3267 2022 brevitate,

1693 2056 1954 2119 quantum
1983 2047 2376 2118 explanationis
2425 2047 2629 2117 patitur
2673 2045 2987 2112 difficultas,
3015 2046 3272 2118 spiritalis

1695 2138 2062 2208 intelligentiae
2091 2153 2300 2193 summa
2337 2152 2561 2208 quaeque
2600 2152 2902 2206 carpamus.
2945 2136 3118 2206 Supra
3164 2151 3271 2191 una

1696 2228 1898 2284 mensis
1938 2228 2024 2284 die
2075 2227 2251 2284 factus
2291 2236 2376 2284 est
2423 2243 2599 2284 sermo
2647 2227 2863 2282 Domini
2920 2227 2986 2281 ad
3043 2227 3274 2296 prophe-

1698 2326 1842 2382 tam,
1879 2318 1968 2373 hic
2001 2319 2188 2389 quinta
2225 2318 2453 2374 decima.
2495 2318 2554 2374 In
2601 2318 2775 2389 prima
2821 2327 3000 2374 autem
3035 2318 3144 2383 die,
3170 2318 3274 2374 hoc

1698 2418 1783 2464 est
1812 2409 1865 2463 in
1888 2407 2140 2463 Kalendis
2184 2408 2385 2464 mensis
2410 2407 2691 2463 exordium
2725 2417 2845 2474 est;
2878 2409 2932 2463 in
2961 2408 3150 2478 quinta
3178 2408 3272 2465 de-

1700 2499 1839 2556 cima
1870 2499 2086 2568 quando
2127 2506 2272 2553 totus
2305 2498 2446 2553 luna:
2494 2498 2642 2554 orbis
2700 2499 2969 2568 impletur.
3003 2499 3067 2554 Et
3103 2499 3272 2569 siqui-

1702 2590 1826 2646 dem
1883 2590 2087 2660 primus
2134 2590 2337 2646 mensis
2367 2589 2552 2655 fuerit,
2597 2589 2923 2663 Azymorum
2974 2599 3056 2646 est
3101 2591 3276 2661 prima

1703 2682 1856 2747 dies;
1889 2682 1980 2751 qui
2009 2689 2189 2736 autem
2221 2682 2484 2752 septimus
2521 2679 3036 2753 ScenOphegiarum,
3062 2683 3278 2752 quando

1705 2773 1942 2845 ﬁguntur
1995 2771 2366 2838 tabernacula,
2418 2787 2538 2842 quae
2581 2771 2950 2828 solemnitates
2996 2771 3137 2843 apud
3170 2771 3279 2827 ile-

1703 2868 1879 2922 brteos
1901 2866 1984 2921 vel
2022 2867 2271 2920 maximae
2295 2874 2438 2920 sunt.
2466 2864 2554 2920 Fit
2591 2874 2772 2921 autem
2822 2865 3068 2935 planctus
3117 2878 3281 2933 super

1705 2956 2077 3012 fortitudinem
2101 2955 2344 3027 Egypti,
2368 2965 2428 3010 ut
2460 2954 2615 3011 fortis
2639 2956 2691 3010 in
2721 2954 2864 3010 malo
2887 2969 3008 3009 esse
3034 2954 3278 3020 desistat,

1705 3057 1762 3104 et
1789 3047 2014 3118 recipiat
2045 3046 2435 3112 inﬁmitatem,
2464 3053 2520 3100 et
2555 3046 2770 3115 quando
2797 3044 3062 3100 infirmior
3099 3043 3281 3109 fuerit,

1711 3149 1836 3198 tunc
1863 3139 2054 3196 fortior
2074 3139 2164 3194 sit.
2193 3137 2299 3194 Pro
2324 3136 2638 3194 fortitudine
2670 3135 2891 3208 Egypti
2933 3137 2987 3190 in
3018 3133 3284 3190 Hebralco

1633 3239 1679 3303 (ζ
1710 3231 1874 3288 habet
1928 3229 2348 3285 multitudinem.
2393 3249 2412 3280 (
2448 3227 2584 3282 Lata
2634 3227 2777 3282 enim
2811 3235 2867 3282 et
2912 3227 3148 3297 spatiosa
3175 3227 3282 3292 via,

1709 3338 1829 3394 qua:
1855 3322 2004 3377 ducit
2041 3321 2108 3375 ad
2160 3329 2408 3385 mortem,
2439 3328 2495 3374 et
2551 3318 2707 3374 multi
2769 3318 3144 3389 ingrediuntur
3190 3330 3289 3389 per

1707 3429 1830 3470 eam
1857 3412 2072 3484 (Matth.
2106 3411 2226 3484 vn).
2261 3432 2280 3463 ι
2325 3410 2476 3465 Sicut
2503 3425 2534 3465 e
2561 3403 2837 3465 contrario
2875 3410 3073 3464 dicitur
3120 3409 3187 3464 ad
3215 3410 3289 3464 ls-

1708 3505 1820 3560 rael
1852 3523 1864 3558 :
1903 3522 1921 3556 (
1957 3504 2068 3559 Vos
2111 3511 2292 3558 autem
2338 3501 2470 3556 estis
2502 3501 2663 3572 pauci
2710 3501 2852 3555 inter
2882 3514 3072 3554 omnes
3103 3508 3290 3570 gentes

1709 3597 1887 3668 (Deut.
1906 3597 2119 3668 xxvnt);
2143 3616 2162 3648 ι
2182 3610 2396 3665 semper
2409 3594 2553 3649 enim
2572 3594 2747 3650 virtus
2767 3609 2891 3648 rara
2905 3600 3010 3659 est,
3032 3613 3049 3644 ‹
3077 3601 3130 3647 et
3143 3600 3291 3647 arcta

1709 3699 1766 3746 et
1803 3699 2028 3762 angusta
2068 3690 2178 3757 via,
2221 3705 2342 3760 quae
2377 3688 2526 3743 ducit
2576 3685 2645 3740 ad
2673 3687 2858 3751 vitam,
2892 3694 2948 3741 et
2971 3685 3128 3756 pauci
3166 3692 3293 3739 sunt

1710 3783 1802 3855 qui
1853 3783 2226 3854 ingrediuntur
2276 3795 2370 3851 per
2397 3793 2540 3835 eam.
2574 3798 2592 3828 ›
2627 3777 2780 3845 Quod
2819 3789 2999 3832 autem
3025 3773 3294 3846 Egyptus

1710 3879 2006 3953 plangitur,
2031 3885 2087 3932 et
2111 3885 2338 3934 mortua:
2377 3875 2499 3931 filia:
2527 3872 2672 3942 ejus,
2715 3873 2868 3944 juxta
2909 3869 3288 3940 Septuaginta,

1713 3975 1828 4030 sive
1852 3973 2093 4042 gentium
2119 3971 2466 4025 robustarum
2495 3967 2833 4022 deducuntur
2881 3963 2948 4017 ad
2981 3970 3181 4016 terram
3205 3959 3288 4013 ul-

1713 4067 1902 4122 timam
1938 4065 1995 4120 in
2043 4063 2223 4118 lacum
2275 4060 2388 4115 sive
2438 4059 2494 4113 in
2523 4058 2734 4112 foveam
2791 4053 3292 4126 profundissimam,

1715 4153 2089 4226 significantur
2115 4149 2310 4205 animae
2353 4149 2408 4202 in
2459 4146 2696 4219 IEgypto
2747 4143 2905 4212 hujus
2940 4143 3122 4198 steculi
3147 4157 3299 4198 com-

1715 4253 2012 4311 morantes,
2060 4258 2180 4314 quae
2208 4241 2562 4313 perdiderunt
2611 4254 2756 4306 eum,
2783 4239 2878 4308 qui
2905 4237 3035 4294 dicit
3067 4257 3080 4292 :
3129 4256 3147 4288 ‹
3183 4237 3295 4308 Ego

1716 4352 1837 4394 sum
1866 4336 1978 4390 vita
2007 4333 2188 4407 (Joan.
2219 4332 2351 4406 xiv).
2391 4352 2410 4384 ι
2442 4331 2509 4386 Ει
2543 4331 2782 4402 peccatis
2809 4339 3036 4385 mortuae
3061 4329 3298 4399 pondere

1717 4443 1903 4484 eorum
1933 4426 2001 4481 ad
2030 4424 2234 4480 inferos
2263 4423 2641 4488 detrahuntur,
2689 4421 2903 4477 dicente
2951 4428 3238 4490 peccatore
3271 4434 3284 4472 :

1726 4539 1745 4572 ι
1781 4520 2045 4589 Quoniam
2074 4519 2388 4588 iniquitates
2417 4531 2552 4571 mete
2593 4529 2959 4586 supergressa:
2985 4521 3111 4569 sunt
3136 4520 3298 4582 caput

112 4600 232 4655 lunt
258 4601 312 4655 in
343 4601 540 4657 lacum.
568 4603 715 4658 Vidit
741 4619 834 4660 eos
865 4604 1077 4661 Pharao
1105 4615 1161 4661 et
1197 4608 1504 4664 consolatus
1529 4617 1616 4664 est
1639 4593 1694 4653 Ῑ)
1717 4628 1922 4679 meum,
1947 4621 2005 4668 et
2032 4613 2174 4667 sicut
2217 4626 2355 4666 onus
2389 4624 2554 4682 grave
2581 4616 2819 4678 gravatae
2870 4616 2996 4662 sunt
3021 4621 3183 4676 super
3213 4619 3299 4660 me

111 4707 270 4763 super
305 4695 560 4749 universa
604 4695 946 4751 multitudine
990 4712 1120 4765 sua,
1165 4715 1284 4770 quae
1332 4700 1618 4758 interfecta

114 4792 187 4838 est
226 4784 444 4854 gladio:
488 4785 701 4842 Pharao
742 4795 795 4841 et
839 4789 1014 4844 omnis
1043 4790 1314 4846 exercitus
1355 4793 1492 4862 ejus,
1542 4793 1618 4848 ait

113 4874 362 4932 Dominus
389 4877 554 4944 Deus,
581 4879 705 4948 quia
731 4879 877 4935 dedit
901 4889 1162 4936 terrorem
1193 4899 1350 4938 suum
1381 4885 1436 4938 in
1475 4892 1619 4939 terra

113 4968 418 5035 viventium,
441 4977 497 5024 et
533 4969 789 5026 dormivit
833 4972 885 5026 in
908 4974 1086 5029 medio
1121 4975 1619 5032 incircumcisorum

114 5073 222 5113 tum
252 5048 556 5116 interfectis
580 5061 777 5131 gladio.
810 5063 1022 5120 Pharao
1053 5073 1108 5122 et
1132 5067 1308 5122 omnis
1333 5067 1620 5123 multitudo

116 5149 242 5219 rjus,
265 5152 343 5206 ait
362 5151 622 5209 Dominus
647 5155 808 5210 Deus.
848 5177 866 5208 ›
895 5157 1112 5213 Interim
1136 5157 1291 5227 juxta
1337 5159 1620 5214 historiam

115 5241 368 5298 inifestus
389 5251 474 5299 est
495 5260 702 5300 sensus.
729 5245 786 5300 In
817 5249 1006 5304 eodem
1041 5249 1184 5304 enim
1237 5265 1380 5304 anno
1424 5249 1624 5306 duode-

116 5327 278 5396 no,'et
302 5333 357 5387 in
384 5335 571 5389 eodem
594 5344 652 5390 ut
678 5345 928 5406 putamus
952 5354 1156 5406 mense,
1186 5341 1281 5396 sed
1304 5356 1410 5396 non
1433 5341 1488 5396 in
1517 5357 1624 5397 una

131 5437 295 5495 supra
319 5427 541 5483 mensis.
574 5427 775 5484 Verum
813 5430 872 5484 in
915 5431 1101 5500 quinta
1147 5434 1354 5488 decima
1400 5435 1487 5490 die
1524 5450 1624 5490 ne-

117 5537 308 5602 aquam
333 5539 494 5594 super
519 5513 826 5591 Pharaone,
850 5525 942 5580 sed
969 5541 1130 5596 super
1148 5526 1482 5595 fortitudine,
1507 5531 1622 5586 sive

118 5612 383 5692 nititudine
407 5613 624 5687 {Egypti
667 5617 914 5686 planctus
951 5618 1242 5672 assumitur
1272 5637 1284 5671 :
1321 5620 1410 5688 qui
1443 5621 1621 5676 detra-

126 5718 191 5754 ur
211 5703 278 5755 de
307 5707 556 5772 superbia
591 5722 687 5760 sua
718 5697 840 5761 cum
894 5709 1160 5763 universis
1215 5709 1428 5765 filiabus
1482 5711 1615 5776 suis,

119 5809 157 5848 'c
178 5795 417 5858 gentium
445 5795 790 5854 robustarum
830 5800 898 5857 ad
923 5809 1124 5857 terram
1150 5800 1418 5871 ultimam,
1445 5799 1498 5858 id
1537 5809 1624 5860 cst

1723 4706 1897 4778 (Psal.
1924 4705 2152 4776 xxxv“).
2191 4723 2210 4755 ι
2227 4702 2348 4758 Ista:
2375 4711 2500 4756 sunt
2527 4701 2594 4755 de
2619 4699 2814 4770 quibus
2845 4698 3107 4767 scriptum
3135 4703 3218 4751 est
3245 4702 3302 4750 et

1723 4799 1778 4852 in
1809 4797 1914 4852 alio
1940 4796 2096 4851 loco:
2137 4814 2156 4846 ι
2207 4793 2579 4863 lngredientur
2603 4790 2659 4844 in
2686 4789 2942 4844 inferiora
2975 4797 3155 4853 terras,
3191 4794 3300 4840 tra-

1723 4891 1918 4946 dentur
1945 4889 1999 4943 in
2021 4902 2214 4942 manus
2236 4885 2415 4955 gladii,
2449 4891 2634 4954 partes
2656 4881 2900 4952 vulpium
2927 4887 3089 4934 erunt
3119 4875 3294 4950 (Psal.

1725 4977 1892 5050 Lxu);
1928 4997 1947 5029 ι
2002 4977 2094 5046 qui
2147 4975 2293 5030 enim
2348 4974 2482 5030 fodit
2534 4974 2772 5040 foveam,
2833 4971 3036 5026 incidet
3086 4969 3141 5024 in
3179 4983 3301 5024 eam

1728 5068 1916 5141 (Eccli.
1943 5067 2136 5139 xxvu).
2177 5087 2195 5120 ι
2222 5066 2376 5123 Unde
2403 5075 2459 5122 et
2478 5066 2708 5138 legimus
2733 5083 2746 5120 :
2785 5083 2804 5116 ι
2837 5065 3039 5120 Lacum
3067 5063 3301 5132 aperuit,

1728 5168 1784 5215 et
1822 5158 2008 5214 effodit
2057 5174 2204 5225 eum,
2256 5166 2312 5213 et
2365 5157 2556 5214 incidit
2609 5157 2665 5212 in
2711 5155 2922 5212 foveam
2979 5169 3143 5225 quam
3177 5153 3306 5210 fecit

1729 5251 1902 5325 (Psal.
1937 5251 2057 5325 vn).
2089 5272 2108 5304 ι
2140 5251 2402 5323 Quodque
2435 5250 2678 5321 sequitur
2715 5267 2729 5303 :
2763 5248 2880 5316 Quo
2902 5247 3178 5318 pulchrior
3222 5262 3302 5315 es.

1730 5345 1999 5401 descende
2023 5353 2079 5401 et
2105 5345 2278 5400 dormi
2307 5359 2430 5400 cum
2482 5341 2901 5406 incircumcisis,
2941 5359 2960 5393 ι
2993 5342 3212 5412 proprie
3236 5340 3306 5396 ad

1729 5435 2067 5491 Pharaonem
2090 5450 2273 5505 regem
2299 5432 2518 5502 [Egypti
2543 5446 2722 5486 sermo
2767 5431 3038 5502 dirigitur,
3078 5431 3216 5500 sive,
3244 5439 3307 5489 ut

1728 5527 1783 5582 in
1807 5526 2159 5599 Septuaginta
2180 5527 2248 5581 de
2269 5523 2639 5580 Theodotione
2652 5521 2894 5578 additum
2922 5532 3025 5592 est,
3048 5526 3117 5581 ad
3132 5525 3304 5596 ipsam
3372 5598 3381 5605 .

1727 5618 2063 5690 Egyptum:
2103 5638 2122 5672 ι
2181 5620 2257 5673 De
2304 5632 2443 5687 aqua
2501 5615 2869 5685 pulcherrima
2918 5618 3204 5684 descende,
3247 5625 3308 5673 et

1726 5711 1901 5766 dormi
1926 5727 2048 5767 cum
2078 5708 2492 5767 incircumcisis.
2527 5730 2546 5761 »
2573 5706 2728 5776 Quod
2753 5708 3060 5779 specialiter
3085 5709 3152 5764 ad
3178 5723 3304 5766 eum

1723 5801 1982 5876 pertinet,
2011 5801 2107 5872 qui
2152 5800 2210 5859 in
2259 5799 2586 5874 baptismate
2621 5799 2823 5862 Christi
2846 5807 3088 5868 renatus,
3115 5807 3173 5858 et
3195 5812 3299 5874 aug
