3916 6356
531 324 635 386 8!!

1162 327 1223 384 Β.
1263 328 1517 385 RABANI
1555 326 1772 387 IAURI
1807 326 2126 385 ARCIHEP.
2168 282 2477 391 llOGUNT.
2514 324 2801 383 OPERUM
2840 323 3019 383 PARS
3057 324 3121 381 ll.
3715 325 3794 386 Ψ

532 440 685 501 diem
704 454 831 505 cum
863 439 1148 501 Ecclesia:
1185 463 1205 495 ι
1239 441 1369 509 Quae
1414 453 1500 502 est
1551 445 1655 503 ista
1683 459 1805 516 quae
1853 443 2098 503 ascendit
2122 445 2411 505 A‘ternatn
2440 440 2644 500 fodisse
2675 441 2953 512 Scriptura
3009 449 3262 507 testatur,
3309 442 3421 496 sed
3473 455 3792 511 munespeo-

529 532 775 595 deamata
804 533 1038 591 innitens
1058 548 1220 605 super
1246 534 1565 596 fratruelem
1613 537 1814 599 suum?
1850 555 1870 591 ι
1920 536 2096 608 (Cant.

528 621 648 692 vui)
698 630 888 693 postea
914 624 999 683 vel
1027 624 1385 689 fornicatione
1414 628 1500 687 vel
1534 628 1659 687 aliis
1680 628 1830 687 vitiis
1851 628 2100 685 sordida.-

529 721 618 781 tlts
660 712 880 785 eiicitur
936 716 1002 775 de
1024 716 1294 784 Ecclesia,
1356 727 1413 775 et
1446 719 1643 777 dicitur
1675 722 1745 777 ad
1773 734 1937 776 eum:
1972 739 1990 773 ι
2025 721 2101 776 De

529 818 667 875 aqua
692 804 1057 875 pulcherrima
1082 807 1349 867 descende
1374 819 1430 867 et
1449 811 1622 869 dormi
1650 827 1774 868 cum
1808 811 2101 869 incircum-

527 898 678 964 cisia.
715 919 734 955 ι
766 899 821 955 id
848 910 954 967 est,
1012 915 1138 959 eum
1162 903 1459 961 immundis
1488 903 1645 973 juxta
1672 905 1823 962 illum
1880 921 2100 963 sensum

523 1005 683 1061 quem
730 991 887 1060 ponit
932 990 1225 1063 Apostolus
1256 1010 1272 1050 :
1309 1012 1329 1047 ι
1358 994 1471 1051 Nos
1520 1011 1707 1053 sumus
1733 996 2097 1063 circumcisio,

522 1081 615 1149 qui
638 1079 696 1139 in
714 1080 911 1149 spiritu
926 1080 1036 1141 Deo
1055 1082 1356 1142 servientes
1375 1093 1433 1141 et
1450 1086 1743 1157 gloriantes
1762 1088 1819 1144 in
1845 1088 2097 1151 Domino,

524 1179 580 1226 et
605 1186 714 1227 non
742 1172 798 1233 in
828 1187 993 1231 carne
1016 1172 1347 1235 conﬁdentes
1373 1173 1596 1248 (Philip.
1627 1176 1734 1250 ιιι).
1768 1197 1787 1230 ι
1820 1176 1885 1233 Hi
1909 1194 2100 1237 omnes

522 1259 579 1320 in
624 1259 805 1322 medio
838 1259 1245 1320 vulneratorum
1297 1264 1414 1321 sive
1446 1265 1856 1325 interfectorum
1901 1269 2099 1324 cadent

521 1363 644 1414 cum
670 1352 950 1411 Pharaone
978 1353 1071 1410 illo
1093 1354 1270 1425 gladio
1300 1371 1461 1427 quem
1489 1358 1639 1415 venit
1663 1357 1880 1413 mittere
1906 1358 2092 1414 Domi-

520 1457 624 1499 nus
644 1458 810 1513 super
834 1452 1057 1503 terram.
1092 1444 1244 1503 Sicut
1274 1447 1420 1503 enim
1446 1446 1653 1505 Christi
1683 1448 1892 1519 gladius
1928 1451 2099 1507 bonos

520 1546 552 1585 a
576 1532 736 1589 malis
762 1542 980 1605 separat
1000 1536 1227 1595 dicens:
1273 1554 1293 1595 ι
1329 1535 1448 1595 Non
1501 1537 1626 1596 veni
1657 1552 1851 1608 pacem
1882 1540 2099 1597 mittere

520 1639 682 1695 super
710 1633 937 1694 terram,
965 1628 1062 1684 sed
1104 1627 1342 1699 gladium
1371 1628 1588 1700 (Matth.
1622 1629 1720 1700 x);
1764 1650 1782 1683 ι
1820 1630 1899 1686 sic
1928 1631 2099 1689 Intere-

522 1716 750 1775 tiocrum
778 1717 991 1790 gladius
1016 1735 1208 1779 omnes
1242 1721 1478 1779 trucidat
1501 1723 1743 1792 pepulos,
1772 1730 1827 1778 et
1848 1722 2099 1778 vulnera-

2204 543 2416 592 catores
2455 550 2685 606 quorum
2719 533 2823 590 fuit
2872 534 3031 592 Ozias
3082 550 3177 590 rex
3227 532 3501 604 leprosos
3540 528 3633 603 (11
3661 529 3771 587 Par.

2204 628 2377 700 xm).
2407 637 2464 686 et
2506 629 2603 700 qui
2635 644 2732 700 per
2778 643 2936 687 suam
2965 626 3274 698 superbiam
3314 625 3575 685 corruit.
3610 623 3685 679 De
3712 642 3792 696 quo

2204 719 2481 787 scribitur,
2508 722 2653 790 quod
2680 721 2845 782 homo
2870 717 3034 775 fuerit
3062 727 3221 779 terra:
3269 714 3563 786 cperibus
3618 715 3795 771 inam-

2203 809 2358 877 bens,
2388 817 2446 866 et
2471 809 2670 869 multas
2695 810 2964 881 superbia:
3016 815 3194 863 turres
3243 805 3561 862 adiurarit
3612 805 3666 859 iu
3716 823 3790 862 aa-

2204 900 2369 973 gulis,
2396 909 2453 959 et
2494 900 2651 959 lacus
2681 900 2896 957 foderit.
2931 900 2973 955 E
3005 899 3286 959 contrario
3326 898 3405 955 ad
3430 895 3657 969 justum
3686 899 3792 955 dici-

2205 998 2335 1047 tur:
2368 1010 2386 1042 ι
2423 990 2554 1048 Bibe
2575 1006 2746 1062 aquas
2800 990 2867 1047 de
2918 991 3025 1049 tuis
3078 989 3243 1056 vasis,
3303 997 3363 1044 et
3422 988 3498 1043 de
3528 996 3791 1059 puteorum

2204 1089 2424 1139 tuorum
2466 1081 2706 1139 fontibus
2758 1080 2939 1154 (Prov.
2999 1080 3072 1153 v).
3108 1101 3128 1134 ι
3183 1080 3252 1136 Et
3282 1095 3574 1135 rursum:
3617 1097 3640 1130 ι
3670 1078 3787 1135 Fons

2211 1189 2363 1243 aquae
2384 1182 2492 1229 tua:
2521 1174 2591 1230 sit
2616 1173 2888 1244 proprius.
2922 1194 2940 1226 ι
2967 1172 3122 1228 Unde
3146 1172 3406 1243 loquitur
3428 1178 3493 1226 et
3520 1170 3785 1227 Domims:

2210 1282 2230 1316 ‹
2263 1262 2348 1323 Me
2377 1265 2779 1335 dereliquerunt
2824 1264 3024 1321 [autem
3056 1280 3209 1333 aqua
3234 1263 3409 1330 vivae,
3450 1271 3514 1319 et
3566 1259 3783 1316 feriarum

2202 1356 2306 1415 sibi
2328 1357 2497 1423 lacus,
2525 1357 2579 1413 id
2604 1366 2687 1414 est
2713 1357 2996 1422 cisternas,
3028 1373 3147 1427 qua:
3173 1371 3354 1426 aquas
3380 1354 3683 1411 continere
3704 1373 3785 1410 am

2201 1456 2431 1520 pessum
2460 1447 2592 1520 (Jer.
2626 1448 2713 1519 ιι).
2752 1468 2772 1502 ι
2818 1447 3078 1519 Sequitur
3112 1465 3127 1503 :
3164 1468 3184 1499 ι
3219 1448 3292 1502 Et
3323 1446 3489 1502 facta
3521 1456 3614 1502 est
3640 1448 3783 1503 multi-

2203 1537 2336 1595 tudo
2388 1537 2509 1608 ejus
2561 1554 2664 1609 per
2701 1555 2894 1611 gyrum
2949 1539 3183 1609 sepulcri
3242 1537 3393 1610 ejus.
3434 1558 3457 1592 ι
3534 1537 3603 1608 Hi
3630 1553 3778 1593 omnis

2201 1628 2425 1701 cingunt
2451 1629 2758 1701 Assyrium,
2789 1640 2844 1685 et
2870 1639 2953 1687 est
2978 1645 3167 1687 eorum
3196 1631 3454 1702 plurima
3500 1630 3775 1694 multitude,

2202 1718 2297 1789 qui
2326 1719 2563 1777 universi
2586 1720 2852 1777 vulnerati
2892 1729 3017 1777 sunt
3043 1728 3099 1776 et
3129 1720 3443 1785 interfecti,
3473 1728 3533 1775 et
3561 1722 3777 1776 admits

519 1814 604 1863 tus
629 1808 697 1861 ad
718 1807 931 1865 inferna
957 1811 1195 1871 deducit.
1226 1811 1319 1869 Isti
1373 1819 1498 1867 sunt
1545 1813 1790 1884 gigantes
1837 1814 2100 1883 potentis-
2126 1799 2177 1863 Β
2198 1811 2400 1884 gladio.
2415 1811 2585 1869 Nemo
2598 1814 2743 1869 enim
2760 1829 2946 1869 eorum
2970 1822 3115 1869 stare
3125 1823 3311 1885 potest
3324 1830 3468 1869 cum
3490 1813 3775 1885 Moysen

519 1900 640 1961 simi
679 1901 1004 1967 et-rebelles,
1044 1909 1103 1957 et
1126 1911 1393 1972 ponentes
1427 1904 1483 1959 in
1509 1904 1784 1961 excelsum
1810 1919 1873 1960 os
1918 1920 2096 1962 suum.

518 1990 588 2049 Et
608 2002 811 2062 quanto
838 2009 936 2064 per
982 1996 1290 2065 superbiam
1342 2011 1401 2053 se
1429 1997 1496 2052 ad
1522 1997 1738 2053 excelsa
1788 1997 2097 2063 sustollant,

518 2086 761 2141 tantoad
803 2086 1125 2156 profundum
1150 2088 1318 2143 fovea:
1344 2098 1402 2144 et
1451 2090 1505 2143 in
1549 2088 1749 2146 inferni
1804 2090 2098 2147 novissima

517 2177 1126 2252 detrahuntur.(Greg.)
1155 2180 1319 2237 Juxta
1368 2184 1728 2253 tropologiam
1774 2200 1906 2240 vero
1941 2185 2097 2255 quis-

517 2269 641 2339 quis
667 2285 831 2341 supra
858 2286 918 2326 se
943 2271 1239 2337 extollitur,
1272 2273 1389 2343 ipso
1435 2274 1689 2330 elationis
1717 2291 1828 2331 sua:
1852 2275 2095 2344 pondere

472 2385 482 2400 ~
514 2371 794 2434 gravatur,
820 2373 879 2419 et
899 2379 966 2419 eo
988 2379 1048 2420 se
1082 2364 1136 2419 in
1181 2365 1385 2421 inlimis
1433 2366 1649 2437 mergit,
1684 2382 1796 2436 quo
1823 2366 1878 2420 in
1908 2381 2098 2435 super-

512 2453 617 2509 bia:
664 2455 855 2510 vitium
902 2471 1167 2527 proruens
1194 2457 1265 2511 ab
1290 2472 1379 2521 eo,
1405 2456 1497 2527 qui
1551 2472 1675 2512 vere
1722 2456 1967 2511 excelsus
1991 2463 2095 2522 est,

514 2545 804 2618 elongavit,
853 2555 1015 2619 atque
1067 2548 1191 2604 inde
1227 2548 1399 2619 magis
1440 2547 1550 2603 ima
1581 2547 1808 2618 appetit,
1866 2547 2010 2602 unde
2036 2561 2097 2601 se

515 2641 862 2710 conjunctum
912 2641 1219 2708 aestimavit,
1251 2642 1393 2698 sicut
1415 2656 1515 2712 per
1568 2642 1893 2712 Prophetam
1918 2640 2094 2696 extol—

515 2730 649 2787 lenti
677 2745 735 2786 se
763 2730 957 2786 anima:
983 2730 1180 2786 dicitur
1210 2746 1226 2785 :
1264 2752 1281 2782 ‹
1323 2732 1441 2800 Quo
1462 2732 1742 2803 pulchrior
1764 2748 1844 2799 es,
1872 2733 2096 2788 descen-

515 2820 585 2876 de
604 2828 663 2875 et
685 2819 859 2874 dormi
901 2834 1025 2881 cum
1081 2820 1496 2877 incircumcisis.
1532 2842 1551 2875 ι
1587 2822 1778 2878 Omnis
1832 2822 1976 2878 enim
2000 2822 2095 2892 qui

514 2912 818 2969 facilitatem
855 2912 1189 2970 inﬁrmitatis
1216 2930 1326 2971 suae
1351 2916 1700 2973 considerare
1726 2917 1966 2989 negligit,
1999 2918 2096 2974 sed

513 3020 614 3078 per
637 3005 889 3063 elationis
920 3004 1143 3075 fastum,
1197 3009 1414 3064 virtutis
1443 3025 1552 3065 sum
1577 3010 1803 3083 gloriam
1840 3011 2093 3077 attendit,

513 3098 657 3154 unde
680 3099 963 3169 pulchrior
987 3107 1092 3167 est,
1120 3098 1244 3156 inde
1265 3099 1549 3157 descendit
1589 3121 1601 3157 :
1635 3103 1760 3174 quia
1786 3102 2094 3159 extollendo

2206 1903 2417 1968 audire,
2447 1921 2467 1955 ι
2497 1904 2589 1973 qui
2611 1903 2769 1960 statis
2789 1904 2842 1958 in
2865 1903 3251 1961 domoDomini
3270 1901 3468 1976 (Psal.
3499 1904 3769 1974 exarati,»

2204 1992 2301 2049 sed
2325 1993 2803 2051 omnes'vulnerati
2832 1994 3212 2066 interfectique
3234 2004 3396 2063 sunt,
3429 2006 3490 2051 et
3518 1997 3769 2053 cadentes:

2204 2081 2297 2149 qui
2328 2082 2599 2152 quondam
2630 2082 2891 2140 dederant
2944 2084 3293 2141 formidinem
3326 2088 3384 2143 in
3434 2096 3591 2143 terra
3627 2088 3770 2142 vim-

2205 2173 2368 2231 tium.
2407 2174 2775 2232 Forinidinem
2803 2184 2982 2232 autem
3032 2177 3137 2243 bis,
3192 2178 3286 2248 qui
3322 2187 3503 2234 erant

2200 2268 2496 2339 praepositi,
2546 2282 2613 2323 ne
2657 2269 2890 2324 interra
2932 2269 3229 2325 viventium
3286 2268 3770 2341 faceth

2202 2365 2565 2423 mortuorum,
2592 2367 2647 2414 et
2672 2358 2943 2429 simplices
2973 2375 3216 2430 quosque
3257 2360 3619 2432 deciperent.
3650 2361 3765 2418 llud:

2201 2455 2256 2505 et
2279 2448 2479 2506 Paulus
2501 2449 2682 2505 aiebat
2709 2469 2721 2504 :
2756 2469 2776 2502 ι
2815 2450 3000 2507 Timeo
3027 2459 3205 2507 autem
3228 2465 3304 2507 ne
3343 2452 3505 2508 forte
3524 2453 3660 2511 sicut
3682 2467 3751 2507 sa

2202 2557 2338 2615 pons
2367 2543 2581 2613 decepit
2619 2542 2789 2599 Evam
2832 2544 2888 2599 in
2945 2543 3151 2599 malitia
3198 2560 3328 2612 sua,
3372 2556 3770 2616 corrumpam

2202 2648 2396 2690 sensus
2424 2632 2593 2691 vestri
2619 2647 2719 2704 per
2755 2633 3185 2703 simplicitatem,
3214 2650 3345 2704 quas
3384 2643 3483 2692 est
3517 2636 3573 2692 in
3593 2634 3772 2691 Cir-ha

2204 2722 2291 2794 (II
2318 2722 2443 2779 Cor.
2482 2721 2583 2796 ιιι).
2616 2742 2638 2776 ι
2665 2721 2772 2778 Sed
2811 2723 2901 2779 hic
2926 2724 3093 2780 timor
3131 2739 3227 2794 spe
3266 2724 3501 2782 Domini
3528 2726 3773 2796 unum

2206 2813 2420 2873 dicente
2446 2813 2734 2873 Psalmista
2762 2831 2776 2873 :
2810 2832 2831 2866 ι
2862 2814 3124 2871 Dominus
3177 2815 3529 2873 illuminatio
3577 2830 3707 2883 una,
3730 2823 3774 2870 rt

2200 2904 2347 2961 salus
2392 2919 2533 2971 mea,
2563 2920 2722 2976 quem
2750 2905 2996 2962 timebo?
3029 2906 3298 2965 Dominus
3346 2917 3639 2979 protector
3676 2908 3775 2961 vi:

2202 3015 2359 3067 meai,
2390 3015 2422 3056 a
2452 3014 2559 3072 quo
2585 3000 2908 3070 trepidabo?
2937 2998 3110 3073 (Prol.
3139 2999 3325 3074 xxvi.)
3362 3019 3385 3059 ι
3412 2996 3779 3059 ΡοειἸιεεῶ-

2200 3092 2343 3148 citur
2365 3110 2377 3146 :
2399 3112 2418 3144 ι
2447 3090 2528 3147 lbi
2548 3090 2701 3147 Elam
2730 3090 2829 3164 [lbi
2852 3089 3048 3164 Assur]
3072 3100 3129 3148 et
3150 3092 3341 3148 omnis
3363 3092 3657 3149 milqu
3679 3092 3783 3162 eis

513 3205 573 3248 se
595 3192 663 3247 de
710 3191 826 3247 suis
855 3192 1082 3259 meritis,
1140 3190 1267 3248 inde
1302 3193 1356 3248 in
1386 3194 1495 3247 ima
1551 3193 1806 3250 interitus
1864 3194 2091 3262 corruit,
2122 3183 2168 3249 Ο
2197 3197 2296 3255 per
2320 3199 2513 3255 gyrum
2542 3182 2777 3253 sepulcri
2799 3180 2941 3252 ejus.
2978 3202 2998 3236 ι
3028 3181 3187 3239 Haud
3209 3183 3439 3245 dubium
3465 3183 3589 3253 quin
3610 3183 3785 3264 465!-

513 3284 656 3355 uude
703 3282 998 3354 gloriosum
1046 3300 1108 3341 se
1141 3300 1265 3341 esse
1289 3286 1571 3357 judicavit.
1611 3285 1713 3354 Qui
1763 3287 2099 3345 descendens

513 3389 635 3431 cum
663 3374 1062 3433 incircumcisis
1098 3377 1377 3443 dormivit,
1404 3377 1534 3448 quia
1580 3378 1634 3433 in
1656 3384 1919 3434 aternam
1950 3393 2099 3433 mor-

515 3476 624 3525 tem
689 3482 811 3524 cum
879 3468 1092 3525 cateris
1144 3471 1524 3541 peccatoribus
1567 3469 1788 3527 defecit.
1823 3469 2096 3547 (Ηίει-οιι.)

516 3559 617 3629 Qui
638 3574 829 3616 omnes
881 3558 1156 3617 interfecti
1205 3570 1335 3618 sunt
1378 3563 1578 3635 gladio,
1604 3572 1661 3620 et
1708 3571 1772 3620 ut
1817 3563 1983 3620 sciret
2009 3564 2097 3619 vel

513 3651 727 3711 Pharao
746 3653 833 3709 vel
859 3653 1038 3710 omnis
1070 3653 1292 3728 [Egypti
1319 3657 1598 3722 fortitudo,
1636 3672 1757 3728 quin
1787 3657 1856 3713 ad
1882 3655 2096 3713 inferna

514 3744 762 3800 detracta
787 3752 896 3812 est,
921 3760 1059 3817 quos
1082 3746 1309 3803 haberet
1336 3749 1391 3802 in
1424 3749 1604 3818 poenis
1641 3749 1821 3804 socios
1861 3763 2097 3818 sequens

515 3850 697 3892 sermo
746 3836 1102 3894 demonstrat.
1149 3837 1228 3894 lbi
1276 3837 1448 3895 Assur
1481 3848 1534 3894 et
1578 3839 1761 3894 omnis
1809 3838 2098 3895 multitudo

512 3926 598 3980 vel
620 3924 901 4000 Synagoga
921 3926 1059 3999 ejus.
1092 3929 1371 4000 Principes
1406 3932 1552 3986 enim
1575 3931 1955 3986 haereticorum
1983 3929 2071 3985 dia

513 4016 692 4083 boias,
720 4016 878 4089 cujus
904 4032 1031 4077 vere
1060 4020 1410 4093 congregatio
1458 4028 1546 4076 est
1572 4034 1866 4093 synagoga,
1897 4019 1963 4074 de
1987 4032 2097 4089 qua

514 4106 572 4163 in
600 4107 927 4181 Apocalypsi
977 4110 1176 4166 dicitur
1215 4129 1229 4167 :
1269 4130 1288 4169 ο
1321 4112 1425 4180 Qui
1480 4121 1607 4170 sunt
1652 4126 1939 4185 synagoga
1992 4110 2098 4167 Sa-

518 4206 662 4255 tanae
727 4199 915 4271 (Apoc.
980 4202 1066 4275 ιι).
1104 4221 1126 4256 ι
1188 4202 1493 4274 Sequentes
1558 4213 1741 4267 autem
1801 4202 2098 4261 versiculos

515 4289 608 4358 qui
630 4289 786 4359 juxta
811 4289 1164 4363 Septuaginta
1179 4294 1334 4351 obelo
1355 4302 1745 4362 praenotantur,
1766 4304 2102 4365 praetereun-

516 4381 617 4438 dos
637 4390 788 4452 puto,
817 4382 1215 4456 dicendumque
1252 4388 1397 4457 quod
1427 4386 1657 4442 habetur
1697 4388 1755 4442 in
1804 4387 2095 4453 ﬂebraico,

522 4494 542 4528 ι
564 4476 618 4532 in
638 4475 867 4532 circuitu
880 4474 1029 4533 illius
1050 4476 1297 4549 sepulcra
1309 4492 1521 4544 eorum,
1532 4497 1550 4531 ι
1568 4478 1822 4534 videlicet
1843 4480 2100 4550 decepto-

2203 3276 2293 3333 rii.
2327 3275 2480 3333 Elam
2507 3274 2562 3332 in
2605 3273 2845 3345 linguam
2872 3282 3117 3331 nostram
3148 3274 3651 3331 vertier
3684 3288 3782 3326 eo-

2200 3381 2340 3425 rum.
2371 3366 2572 3424 Omnes
2593 3367 2738 3423 enim
2767 3367 2881 3437 qui,
2937 3366 3140 3424 Christi
3186 3354 3499 3425 humilitate
3540 3375 3785 3423 conte!!-

2199 3468 2316 3530 pta,
2346 3459 2543 3517 diaboli
2568 3460 2865 3517 ascendere
2887 3460 3219 3530 superbiam,
3251 3470 3311 3517 et
3360 3476 3423 3518 se
3446 3461 3504 3517 in
3546 3459 3671 3516 laid
3698 3475 3783 3515 no-

2202 3549 2365 3611 minis
2426 3550 2654 3608 scientia
2695 3567 2818 3610 esse
2877 3551 3083 3621 aliquid
3145 3553 3519 3616 mstimarunt,
3554 3550 3781 3608 nam

2200 3649 2325 3696 sunt
2353 3641 2719 3712 nuncupandi.
2766 3640 2870 3710 Qui
2913 3639 3123 3711 Assyrii
3154 3642 3305 3711 regis
3330 3640 3652 3712 sepulcrum
3676 3653 3777 3693 ara-

2199 3730 2375 3797 biunt,
2398 3738 2456 3791 et
2484 3729 2760 3793 interfecti
2809 3741 2936 3789 sunt
2964 3731 3355 3800 vulneratique
3382 3731 3573 3802 gladio
3601 3745 3617 3784 :
3650 3738 3701 3785 et
3722 3728 3779 3782 ii—

2200 3829 2287 3878 cet
2322 3822 2380 3876 in
2404 3821 2622 3879 excelso
2648 3824 2935 3892 posuerint
2980 3838 3044 3882 os
3074 3838 3254 3890 suum,
3289 3824 3779 3885 “meum

2198 3920 2328 3973 runt
2360 3912 2629 3973 immundi
2653 3924 2708 3969 et
2750 3913 3122 3974 incircumcisi
3152 3914 3222 3971 ad
3267 3921 3487 3975 terram
3530 3913 3777 3975 sitim

2196 4011 2261 4063 ut
2299 4009 2507 4074 quanto
2533 4003 2820 4063 sublimius
2867 4002 3083 4063 fuerant
3132 4004 3355 4067 olenti,
3397 4012 3560 4067 tamn
3607 4004 3779 4061 {sub

2199 4095 2473 4155 caderent.
2524 4095 2621 4153 isti
2661 4114 2682 4149 ι
2739 4107 3042 4166 posuerunt
3090 4106 3365 4157 terrorem
3400 4110 3571 4155 mum
3628 4115 3652 4151 ι
3690 4109 3776 4151 an

2199 4184 2365 4241 semel
2412 4183 2510 4242 sed
2559 4185 2799 4245 secundo
2861 4202 2882 4243 ι
2928 4184 2987 4243 in
3036 4194 3182 4245 terra
3237 4182 3573 4247 viventium.
3620 4204 3643 4239 ι
3668 4180 3777 4250 ω

2199 4275 2345 4332 enim
2386 4274 2882 4335 ecclesiasticarum
2913 4278 2982 4337 ab
3024 4277 3402 4348 mle
3434 4276 3775 4335 illam

2198 4376 2411 4427 terrore
2436 4384 2666 4428 securus
2684 4377 2790 4437 est,
2812 4378 2870 4427 et
2886 4385 2999 4429 non
3027 4368 3264 4439 aliquem
3302 4369 3393 4428 sui
3417 4371 3779 4439 militia»

2199 4461 2325 4533 gis?
2352 4461 2686 4533 pulchreque
2717 4460 2965 4523 Ecclesia
2993 4460 3202 4519 Christi
3239 4460 3582 4532 appellatur,
3612 4481 3635 4514 α
3656 4470 3777 4517 llr:

518 4577 640 4618 ι-υω
671 4563 741 4621 ει)
769 4577 860 4631 eo,
890 4562 983 4635 qui
1008 4542 1205 4621 οηῇοι
1257 4542 1529 4620 κηποι-πί
1557 4564 1644 4620 νει
1673 4563 1942 4621 inm-fecti
1972 4542 2100 4623 gum
2122 4542 2176 4605 D
2201 4554 2522 4620 viventium,
2561 4572 2582 4607 ι
2614 4560 2674 4609 ut
2707 4568 2741 4609 e
2774 4553 3053 4611 contrario
3084 4552 3488 4611 hereticorum
3545 4551 3777 4613 θοήν

514 4655 711 4727 gladio,
765 4663 824 4713 et
870 4655 993 4714 ideo
1051 4665 1423 4715 corruerunt:
1486 4674 1509 4711 ι
1551 4657 1796 4726 Quorum
1849 4658 2098 4728 sepulcra

515 4755 639 4809 data
667 4760 797 4809 sunt
836 4754 895 4810 in
943 4754 1262 4811 novissimis
1314 4752 1422 4810 laci
1459 4772 1480 4809 ι
1536 4753 1689 4821 Quod
1731 4762 1914 4810 autem
1951 4753 2101 4809 lacus

512 4853 739 4904 vocetur
762 4845 1032 4911 infernus,
1056 4847 1345 4918 perspicue
1364 4844 1609 4918 psalmus
1623 4846 1714 4902 ille
1738 4845 2098 4914 demonstrat,

514 4936 570 4992 in
601 4952 710 5007 quo
736 4936 1010 5007 pauitans
1056 4935 1302 5005 loquitur
1332 4954 1345 4990 :
1378 4951 1400 4989 ί
1432 4935 1778 4992 Assimilatus
1828 4952 1946 4992 sum
1974 4952 2099 4993 cum

514 5027 601 5084 bis
659 5028 753 5098 qui
810 5025 1147 5083 (incendunt
1216 5025 1275 5081 in
1340 5024 1516 5082 laeum
1578 5024 1769 5099 (Psal.
1823 5026 2036 5099 xxvn).
2072 5046 2090 5081 ι

515 5123 688 5189 Quem
741 5132 1081 5189 nequaquam
1115 5118 1378 5174 debemus
1418 5119 1575 5190 juxta
1602 5119 1785 5175 Latini
1823 5119 2095 5176 sermonis

513 5213 906 5288 proprietatem
929 5226 1053 5269 eum
1098 5209 1425 5282 intelligere,
1474 5210 1569 5282 qui
1594 5210 1783 5268 Graece
1829 5212 1976 5284 λίμνη
2015 5210 2095 5266 div

514 5306 682 5372 citur,
706 5312 766 5360 ut
792 5311 876 5361 est
897 5303 1051 5359 lacus
1075 5300 1401 5367 'l'lberiadis,
1429 5309 1486 5356 et
1511 5300 1662 5357 lacus
1686 5300 1884 5356 Larius
1912 5310 1970 5356 et
1994 5301 2094 5357 Bs-

514 5409 687 5453 naeus
722 5393 984 5466 multique
1008 5393 1125 5462 alii,
1151 5392 1249 5449 sed
1295 5407 1432 5463 quas
1480 5406 1578 5446 nos
1627 5389 1863 5447 solemus
1909 5391 2098 5461 appel-

515 5486 635 5543 lare
679 5485 965 5555 cisternas,
1009 5501 1148 5558 quos
1192 5486 1365 5553 lacus,
1393 5484 1520 5555 quia
1552 5498 1719 5554 aquas
1744 5482 2094 5555 refrigerant,

512 5585 575 5636 et
598 5592 817 5635 enarrem
842 5580 912 5637 ab
932 5580 1013 5636 eis
1031 5579 1268 5636 calorem
1296 5578 1518 5649 spiritus
1544 5576 1819 5652 auferunt,
1849 5587 2101 5648 peccato.-

513 5681 612 5727 res
642 5670 930 5744 cunctique
966 5671 1209 5729 heretici
1244 5670 1472 5727 fodiunt.
1505 5671 1572 5725 Et
1594 5678 1859 5742 quantum
1887 5670 1941 5724 in
1978 5687 2099 5727 mea

516 5763 1147 5839 maestam
1191 5770 1503 5825 nam
1528 5762 1735 5835 lacum,
1763 5761 1822 5827 id
1849 5771 1957 5834 est,
1989 5765 2098 5823 cis-

2202 4646 2329 4709 bula
2361 4653 2703 4703 mortuorum
2744 4653 2905 4702 terra;
2945 4660 3066 4703 esse
3107 4646 3434 4703 credantur.
3469 4666 3493 4702 ι
3530 4646 3599 4703 Et
3618 4654 3775 4717 μηδ

2203 4746 2421 4803 verunt,
2454 4737 2650 4806 inquit,
2705 4736 3059 4808 ignominiam
3098 4737 3217 4793 sive
3244 4745 3596 4795 tormentum
3625 4751 3773 4793 ω.

2205 4845 2329 4891 Cum
2365 4830 2450 4888 bis
2479 4845 2620 4901 quos
2665 4844 2853 4889 secum
2888 4830 3245 4887 detraxerunt
3289 4830 3353 4885 in
3377 4829 3592 4897 lucrm,
3618 4850 3640 4883 ι
3668 4828 3779 4885 et‘u

2203 4919 2529 4991 profundum
2570 4919 2795 4987 inferni,
2826 4934 3057 4991 quorum
3086 4918 3267 4977 cubile
3312 4919 3675 4979 interiectu
3696 4926 3777 4973 st

2204 5012 2409 5073 Eorum
2437 5012 2690 5071 videlicet
2732 5027 2871 5084 quos
2899 5028 3002 5069 suo
3051 5026 3317 5070 mucrone
3352 5010 3703 5084 jugulum
3738 5018 3783 5059 ὕ

2202 5107 2613 5167 circumdantur
2640 5104 3010 5177 hujuscemodi
3038 5103 3273 5175 populis.
3305 5101 3380 5165 Hi
3422 5104 3619 5176 prpuli
3642 5104 3785 5169 Al!-

2200 5199 2274 5259 rii
2303 5199 2449 5270 regis
2496 5197 2681 5271 populi
2726 5206 2872 5264 sunt,
2920 5207 2977 5255 et
3031 5196 3163 5259 licet
3194 5197 3785 5260 (διαπωλοῦσι-εει

2198 5291 2428 5363 jactent.
2456 5298 2640 5351 tamen
2668 5287 3035 5347 incircumcisi
3062 5286 3461 5359 interfectique
3506 5298 3639 5348 sua!
3680 5284 3786 5357 th-

2203 5384 2313 5439 dio.
2339 5382 2407 5439 Et
2432 5381 2592 5439 tertio
2614 5379 2882 5438 dederunt
2930 5387 3194 5436 terrorem
3240 5387 3413 5449 atque
3448 5378 3793 5437 formidinu-

2204 5473 2261 5532 in
2306 5481 2453 5528 terra
2503 5471 2821 5538 viventium,
2871 5471 3014 5531 unde
3054 5476 3419 5542 portaverant
3466 5477 3795 5527 tam

2203 5582 2362 5624 suum
2392 5573 2555 5639 atque
2591 5564 2918 5636 supplicium
2949 5562 3006 5619 in
3054 5562 3235 5620 medio
3265 5574 3469 5620 eorum
3494 5576 3637 5633 quos
3688 5558 3800 5613 ωε

2203 5661 2481 5721 fraudibus
2535 5661 2881 5729 deceperunt.
2907 5654 3114 5729 (αι-ορ.)
3152 5653 3327 5713 Recte
3371 5655 3552 5725 igitur
3580 5652 3637 5707 in
3666 5648 3801 5705 ὢν

2200 5753 2302 5814 Job
2354 5752 2551 5817 inferni
2589 5751 2830 5814 claustra
2877 5749 3172 5811 tenebrosa
3224 5753 3381 5807 terra
3430 5743 3801 5803 unum
