3916 6356
992 315 1350 377 ΒΟΠΙῙΕΝΤ.
1390 315 1462 372 ΙΝ
1500 315 1958 409 EZECHIELEM.
1997 351 2071 362 -
2108 321 2236 378 LIB.
2275 318 2390 377 XII.

3216 317 3326 377 850

81 428 207 501 (Job.
240 425 317 499 x),
340 427 469 498 quia
498 440 635 498 quos
665 426 969 498 puniendos
997 430 1267 503 accipth
1292 444 1635 500 nequaquam
1739 434 1838 507 vi).
1870 454 1890 488 ι
1932 434 2069 492 Cum
2108 438 2274 493 armis
2299 453 2429 510 ergo
2453 437 2522 494 ad
2554 438 2825 496 infernum
2864 437 3222 506 descendere,
3243 398 3333 496 est

81 533 222 593 ptBﬂa
252 519 559 575 transitoria
588 518 676 575 vel
700 519 1047 590 phantastica
1078 521 1466 593 imaginatione
1505 536 1634 576 cru-

81 610 229 676 ciant,
277 608 373 665 sed
397 608 600 669 ultione
634 608 803 666 solida
835 621 1113 682 perpetuae
1136 613 1498 669 damnationis
1523 627 1640 669 ser-

81 710 212 758 vant.
239 704 368 772 Quae
393 703 683 775 aliquando
707 711 887 761 tamen
914 705 1016 761 laci
1039 706 1397 777 appellatione
1424 706 1642 778 signan-

81 803 172 859 tur,
196 795 455 865 propheta
484 803 731 863 testante,
767 797 861 867 qui
889 796 966 852 ait
996 812 1012 852 :
1044 817 1063 850 ι
1094 797 1454 855 Portavemnt
1481 799 1640 870 igno-

1743 540 1867 583 cum
1896 525 2031 597 ipsis
2060 542 2275 598 quoque
2331 527 2587 597 membris
2624 530 2819 601 quibus
2840 530 3106 587 desideria
3141 528 3332 603 volun-

1741 616 1869 673 tatis
1892 617 2266 691 expleverunt,
2306 620 2495 677 :etcrni
2527 619 2717 690 judicii
2766 630 3035 681 tormenta
3066 622 3328 689 tolerare,

1740 717 1802 764 ut
1826 718 1954 769 mue
1980 725 2078 769 eos
2095 710 2332 781 undique
2383 711 2539 768 dolor
2563 713 2870 779 absorbeat,
2911 714 3005 783 qui
3042 728 3189 768 nunc
3212 700 3333 768 suis

1740 800 2195 861 delectationibus
2258 804 2458 861 subditi
2529 806 2766 875 undique
2826 814 3014 861 contra
3064 784 3332 878 justitiani

81 886 285 945 miniatu
313 902 467 943 suam
497 903 620 943 cum
670 889 759 950 bis
795 889 886 960 qui
936 891 1273 946 descendunt
1293 891 1349 946 in
1379 890 1577 947 lacum.
1616 908 1636 941 ι
1737 892 1885 964 juste
1909 895 2203 966 iudicantis
2241 906 2496 968 pugnant.
2539 897 2812 969 (Ηὶενοη.)
2864 898 2992 953 Post
3042 900 3160 954 lucc
3185 898 3329 953 seri:

81 979 306 1037 [infernus
346 995 477 1053 ergo
522 982 854 1049 nominatur,
893 984 1018 1053 quia
1068 992 1350 1056 susceptos
1375 984 1643 1041 stabiliter

81 1078 231 1125 Lenet.
254 1070 322 1125 Et
350 1070 498 1127 lacus
517 1072 746 1133 dicitur:
780 1075 906 1144 quia
934 1075 1033 1133 bos
1062 1091 1200 1145 quos
1244 1075 1411 1132 semel
1435 1074 1643 1147 ceperit

81 1177 274 1232 semper
317 1161 638 1223 ﬂuctuantes
680 1173 736 1221 et
765 1167 1005 1239 trepides
1060 1169 1347 1224 tormentis
1403 1168 1640 1223 circum-

81 1252 351 1311 luentibus
392 1256 662 1313 absorbet.
701 1278 719 1309 ς
755 1257 832 1316 lbi
864 1275 1079 1331 quoque
1121 1269 1228 1327 est,
1278 1261 1332 1315 id
1357 1268 1462 1325 est,
1488 1260 1644 1331 juxta

81 1346 362 1417 tssyrium,
396 1346 614 1403 Mosoch
637 1355 692 1403 et
725 1349 896 1404 Tubal
920 1359 975 1406 et
998 1352 1172 1406 omnis
1212 1350 1498 1405 multitudo
1524 1347 1643 1416 ejus

88 1449 121 1488 n
169 1436 393 1490 circuitu
426 1436 658 1508 sepulcri
682 1438 800 1510 ejus
824 1456 836 1492 :
860 1455 1051 1496 omnes
1076 1440 1443 1497 incircumcisi
1472 1441 1644 1495 inter-

81 1524 300 1596 fectique
332 1536 389 1583 et
414 1529 670 1589 cadentes
715 1529 913 1601 gladio,
962 1532 1055 1601 qui
1108 1532 1372 1588 dederant
1409 1532 1649 1587 formidi-

82 1634 192 1675 iem
221 1633 375 1677 suam
400 1622 457 1681 in
491 1630 637 1678 terra
682 1624 997 1679 viventium.
1038 1644 1058 1677 ι
1102 1625 1372 1697 (Ηὶενοη.)
1400 1625 1504 1680 Pro
1528 1625 1647 1680 Mo-

1742 994 1893 1058 putm
1922 995 2044 1043 est:
2088 1005 2107 1039 ι
2154 987 2222 1047 Et
2270 996 2325 1045 tu
2352 1003 2481 1061 ergo
2526 989 2582 1044 in
2612 990 2790 1045 medio
2822 989 3331 1044 incircumcisoruni

1744 1080 2064 1147 contereris,
2096 1100 2115 1132 ι
2145 1080 2291 1151 quod
2319 1081 2405 1139 vel
2440 1082 2511 1135 ad
2538 1080 2897 1145 Pharaonem,
2957 1080 3042 1135 vel
3071 1080 3137 1133 ad
3176 1077 3331 1134 forti-

1748 1176 1991 1237 tudinem
2038 1176 2157 1232 sive
2203 1176 2607 1232 multitudinem
2645 1174 2864 1248 (Egypti
2920 1175 3139 1238 dicitur,
3189 1171 3332 1244 quod

1744 1274 1803 1325 et
1828 1266 1943 1336 ipsa
1975 1274 2313 1332 conteratur,
2336 1264 2492 1335 juxta
2540 1265 2672 1321 illud
2701 1267 2847 1337 quod
2890 1266 3153 1336 scriptum
3203 1252 3331 1317 est:

1752 1380 1774 1414 ι
1812 1362 1956 1417 Deus
1979 1368 2161 1417 autem
2184 1369 2435 1437 conterat
2475 1359 2731 1416 Satanam
2764 1361 2864 1415 sub
2892 1358 3120 1430 pedibus
3140 1346 3337 1412 vestris

1747 1453 2005 1508 velociter
2033 1452 2210 1524 (Rom.
2250 1453 2386 1524 xw).
2432 1472 2451 1504 ι
2487 1452 2556 1506 Et
2576 1452 2831 1516 dormies,
2860 1450 3057 1521 inquit,
3094 1464 3219 1504 cum
3252 1437 3335 1502 in4

1748 1544 1990 1605 terfectis
2015 1544 2217 1613 gladio.
2253 1564 2273 1597 ι
2311 1543 2515 1599 Somno
2542 1551 2805 1613 perpetuo
2847 1541 2921 1596 ibi
2961 1554 3083 1597 cum
3113 1538 3336 1610 Assyrio

1748 1647 1946 1695 etcum
1961 1637 2214 1709 Egyptia
2236 1638 2342 1692 erit
2355 1636 2699 1691 multitudine
2713 1635 2946 1691 ldumaea
2974 1642 3027 1689 et
3042 1647 3197 1704 reges
3220 1630 3337 1701 ejus

81 1712 190 1766 socia
225 1722 272 1767 et
296 1711 463 1767 Tubal
491 1714 850 1785 Symmachus
876 1725 933 1770 et
958 1716 1255 1777 Theodotio
1302 1717 1642 1788 interpretati
1674 1788 1720 1798 _
1750 1728 2313 1798 omnes,quimrrenis
2326 1726 2581 1797 operibus
2596 1726 2920 1788 servierunt,
2938 1723 3057 1779 sive
3077 1716 3338 1792 sanguine

81 1813 194 1861 sunt
236 1807 411 1864 cubile
432 1824 640 1875 eorum,
668 1818 731 1865 ut
757 1810 1108 1866 ostenderent
1132 1812 1332 1869 cubilia
1364 1814 1647 1870 haeretico-
1674 1788 1725 1851 Β
1752 1788 2008 1876 delectati
2032 1828 2177 1875 sunt.
2207 1788 2423 1874 Etenim
2451 1818 2705 1883 Idumam,
2742 1826 2800 1873 et
2826 1826 3101 1871 terrenam
3130 1788 3340 1869 etvsanL

81 1913 214 1962 -um,
236 1898 345 1959 imo
371 1897 554 1954 foveas
583 1903 949 1971 sempiternas
970 1902 1180 1975 Assyrii
1210 1906 1355 1976 regis
1377 1922 1499 1962 esse
1523 1917 1648 1977 Sup-

82 1990 247 2045 plicia.
300 1990 517 2047 Mosoeb
564 1993 953 2064 interpretatur
981 1998 1211 2063 insania,
1240 1999 1411 2055 Tubal
1439 2016 1648 2055 conver-

81 2079 164 2145 sio,
203 2095 309 2136 non
339 2081 392 2137 in
421 2081 622 2138 bonum
652 2100 684 2140 a
704 2087 870 2153 male,
931 2089 1027 2143 sed
1055 2089 1122 2143 de
1150 2089 1294 2147 bono
1342 2092 1399 2145 in
1419 2092 1644 2146 malum.

81 2172 195 2228 iive
216 2173 476 2240 universa,
498 2186 559 2231 ut
586 2178 836 2235 ostendat
857 2194 1049 2236 omnes
1072 2182 1356 2238 haereticos
1382 2183 1645 2250 insanire,

81 2270 118 2318 :t
146 2264 267 2334 pari
303 2265 483 2321 studio
504 2266 571 2320 ad
598 2270 780 2339 pejora
810 2272 1072 2327 converti.
1126 2271 1235 2327 Nec
1263 2273 1462 2328 mirum
1489 2274 1533 2329 si
1565 2274 1647 2328 in-

81 2355 346 2412 ;anientes
373 2364 429 2412 et
461 2364 768 2415 coacervati
799 2361 855 2417 in
881 2362 1087 2427 malum
1117 2363 1317 2418 habent
1357 2363 1655 2419 multitudi-

81 2462 192 2501 nem
224 2462 344 2503 cum
369 2447 610 2521 Egyptii
636 2452 779 2521 regis
806 2454 936 2508 socii
967 2454 1075 2509 sint
1101 2496 1114 2521 ,
1160 2455 1253 2525 qui
1292 2456 1489 2525 gaudet
1515 2456 1653 2510 mul-

81 2537 324 2595 .itudine.
362 2558 382 2592 ι
421 2539 621 2597 Omnes
660 2544 716 2598 hi
740 2545 1010 2602 interfecti
1037 2547 1236 2617 gladio,
1267 2548 1360 2617 qui
1381 2548 1653 2606 dederunt

82 2629 417 2691 ’orniidinem
475 2650 629 2690 suam
667 2655 685 2688 ι
719 2653 825 2693 non
881 2639 1071 2706 semel,
1119 2656 1220 2696 nec
1273 2642 1378 2710 bis,
1415 2658 1517 2699 nec
1550 2650 1649 2710 ter,

81 2740 88 2773 ι
128 2723 190 2777 in
218 2731 359 2782 terra
388 2728 711 2797 viventium,
746 2751 764 2785 ι
806 2732 872 2788 de
897 2720 1093 2804 quibus
1142 2751 1303 2807 supra
1332 2737 1543 2809 plenius
1577 2738 1657 2793 di—

81 2814 293 2873 ximus.
311 2815 569 2890 Sequitur
595 2840 608 2875 :
645 2840 664 2873 ι
696 2822 763 2877 Et
784 2838 891 2879 non
919 2827 1189 2882 dormient
1211 2814 1333 2883 cum
1356 2827 1603 2895 fortibus,
1630 2848 1650 2882 ›

81 2904 188 2962 sive
218 2907 542 2979 gigantibus,
574 2930 592 2963 ι
629 2913 1053 2987 cadentibusque
1078 2926 1134 2973 et
1158 2933 1266 2973 non
1296 2919 1654 2986 circumcisis,

82 2998 162 3066 [ui
226 2997 620 3056 descenderunt
645 3004 713 3059 ad
743 3004 1012 3061 infernum
1046 3023 1179 3064 eum
1230 3008 1398 3065 armis
1440 3010 1573 3074 suis,
1605 3017 1660 3065 et

81 3100 375 3147 iosuerunt
397 3092 602 3164 gladios
624 3085 752 3152 suos
780 3099 881 3153 sub
907 3100 1174 3171 capitibus
1199 3102 1330 3168 suis,
1360 3110 1415 3157 et
1439 3101 1661 3159 fuerunt

82 3180 393 3250 uiquitates
437 3199 625 3242 eorum
682 3188 739 3243 in
791 3190 1010 3248 ossibus
1044 3206 1236 3249 eorum
1262 3234 1277 3260 ,
1314 3195 1443 3264 quia
1484 3203 1662 3252 terror

81 3272 303 3335 Tertium
337 3274 465 3331 facti
493 3287 618 3333 sunt
660 3280 714 3334 in
752 3288 896 3337 terra
926 3284 1245 3341 viventium.
1284 3306 1303 3340 ι
1340 3286 1430 3353 Hi,
1456 3288 1657 3359 inquit,

81 3365 165 3434 tui
189 3365 569 3422 haereticorum
588 3370 862 3442 principes
884 3374 1209 3435 exstiterant
1229 3378 1298 3433 ad
1324 3386 1533 3434 tantum
1546 3396 1662 3434 ma-

82 3458 209 3514 itim
228 3472 522 3527 pervenere
548 3461 760 3517 culmen
777 3473 939 3534 atque
957 3468 1316 3536 cruciatuum,
1339 3478 1399 3525 ut
1417 3485 1518 3526 nec
1536 3487 1661 3527 cum

81 3546 314 3607 Tortihus
335 3556 498 3619 atque
522 3550 831 3622 gigantibus
859 3555 950 3623 qui
970 3571 999 3610 a
1025 3558 1292 3629 principio
1319 3570 1659 3629 corruerunt,

81 3640 277 3696 timilia
311 3652 624 3701 mereantur
662 3643 808 3702 ferre
854 3649 1147 3719 supplicia,
1195 3652 1286 3723 qui
1319 3667 1662 3725 nequaquam

81 3729 387 3789 η’τωίεὼ
420 3742 546 3789 acta
574 3737 895 3806 ptenitentia
934 3740 1332 3797 descenderunt
1366 3745 1434 3799 ad
1460 3743 1664 3800 inferos

81 3835 208 3879 mm
235 3821 406 3881 armis
433 3823 567 3890 suis,
598 3826 830 3889 rebeﬂes
867 3838 1060 3885 contra
1089 3832 1255 3886 Deum
1284 3841 1340 3888 et
1365 3834 1664 3890 Ecclesiam

82 3908 199 3980 :jus
225 3926 240 3976 ;
270 3925 456 3969 secum
486 3928 641 3969 arma
676 3914 1007 3974 deterentes.
1039 3919 1117 3974 De
1163 3921 1358 3990 quibus
1402 3923 1663 3993 scriptum

81 4010 158 4057 est
188 4015 205 4054 :
238 4021 257 4053 ‹
294 4000 419 4061 Filii
441 4002 724 4061 hominum
753 4006 943 4064 dentes
971 4024 1157 4064 eorum
1183 4025 1336 4069 arma
1373 4019 1428 4067 et
1454 4013 1664 4083 sagittae

90 4089 258 4149 Paul.
287 4092 419 4163 LVI).
464 4112 482 4146 ι
520 4113 540 4145 ι
571 4093 640 4150 Et
668 4107 986 4165 posuerunt,
1036 4100 1133 4165 ait,
1180 4100 1387 4172 gladios
1415 4118 1542 4159 suos
1566 4105 1665 4163 sub

81 4180 354 4250 :apitibus
383 4182 514 4249 suis,
559 4204 579 4238 ι
611 4186 1016 4256 requiescentes
1065 4192 1121 4246 in
1170 4192 1353 4250 animo
1378 4196 1664 4265 perduelli,

1748 1913 2051 1984 guinariam
2080 1918 2256 1967 sonat.
2282 1911 2485 1967 Omnes
2511 1925 2669 1981 reges
2694 1916 2748 1965 et
2772 1907 3010 1963 universi
3039 1905 3336 1976 principes,

1750 2005 1820 2060 de
1875 2004 2072 2074 quibus
2123 2005 2316 2060 crebro
2361 2012 2417 2057 et
2456 2000 2745 2072 Apostolus
2797 1999 3056 2069 loquitur,
3100 1995 3336 2051 terrenis

1749 2097 2007 2168 operibus
2050 2096 2389 2160 incubantes,
2434 2102 2490 2151 et
2544 2092 2884 2149 eil‘undentcs
2936 2090 3178 2161 quotidie
3206 2102 3336 2143 san-

1750 2187 1969 2257 guinem
2017 2201 2207 2241 eorum
2254 2199 2391 2256 quos
2440 2190 2553 2240 sua
2593 2182 2786 2239 fraude
2811 2183 3160 2251 deceperunt,
3214 2192 3337 2234 eum

1753 2277 2145 2333 incircumcisis
2207 2285 2264 2332 et
2322 2275 2614 2332 immundis
2671 2275 3051 2336 dormierunt,
3107 2281 3163 2327 et
3211 2285 3338 2325 cum

1754 2368 1842 2425 bis
1891 2369 1983 2437 qni
2032 2368 2433 2423 descenderunt
2467 2367 2521 2423 in
2574 2366 2774 2422 lacum.
2824 2366 2905 2421 De
2933 2365 3130 2434 quibus
3176 2376 3340 2432 supra

1754 2461 2010 2526 diximus,
2044 2461 2096 2515 in
2129 2459 2246 2531 ipso
2295 2459 2553 2514 comitatu
2599 2466 2783 2523 erunt,
2810 2464 2865 2511 et
2889 2456 3163 2526 principes
3190 2450 3344 2531 aqui-

1753 2550 1916 2617 lonis,
1961 2567 1990 2605 a
2045 2566 2152 2620 quo
2187 2549 2548 2609 exardescunt
2590 2547 2732 2602 mala
2768 2561 2931 2615 super
2969 2554 3195 2610 terram,
3231 2550 3341 2598 et‘a

1756 2656 1863 2711 quo
1892 2640 1977 2697 vel
2006 2641 2060 2696 in
2084 2638 2342 2703 Jeremia,
2366 2635 2449 2692 vel
2489 2637 2543 2691 in
2582 2636 2686 2691 hoc
2709 2634 2901 2691 eodem
2937 2633 3198 2703 propheta
3234 2630 3340 2686 olla

1758 2732 1845 2790 illa
1874 2732 2030 2803 plena
2060 2730 2306 2787 carnium
2360 2728 2674 2796 ossiumque
2708 2725 3080 2790 succenditur,
3130 2731 3186 2779 et
3230 2726 3341 2797 uou'

1756 2826 1933 2883 solum
1964 2823 2236 2894 principes
2268 2819 2562 2890 aquilonis,
2600 2832 2791 2874 verum
2827 2830 3018 2873 omnes
3057 2814 3347 2887 magistra—

1760 2923 1847 2970 tus
1870 2914 2059 2969 Assur.
2088 2912 2195 2967 Pro
2252 2926 2361 2981 quo
2389 2909 2444 2965 in
2472 2908 2740 2967 chraico
2770 2907 3008 2977 positum
3061 2912 3167 2969 est,
3216 2901 3343 2959 uni-

1759 3006 1904 3063 versi
1953 3004 2185 3069 Sidonii,
2239 3017 2375 3072 quos
2423 3016 2524 3057 nos
2580 3000 2635 3057 in
2696 3007 2983 3055 venatores
3050 2988 3336 3060 vertimus;

1758 3098 1913 3170 juxta
1939 3095 2067 3153 illud
2098 3094 2241 3165 quod
2290 3092 2554 3164 scriptum
2583 3100 2669 3148 est
2697 3109 2713 3146 :
2751 3110 2770 3142 ι
2805 3090 3000 3145 Anima
3034 3095 3215 3143 nostra
3239 3086 3344 3141 sie.-

1763 3200 1824 3247 ut
1876 3203 2063 3261 passer
2109 3194 2296 3257 erepta
2346 3194 2429 3242 est
2471 3185 2538 3249 de
2585 3185 2775 3253 laqueo
2813 3180 3127 3237 venantium
3166 3175 3341 3251 (Paul.

1759 3279 1975 3351 casm).
2015 3300 2033 3332 ι
2068 3278 2174 3334 Pro
2195 3292 2304 3347 quo
2339 3276 2394 3331 in
2425 3274 2692 3331 Hebraico
2722 3273 2960 3344 positum
2986 3279 3072 3328 est
3100 3268 3348 3326 Sidonio»

1762 3389 1922 3438 runt;
1957 3370 2050 3441 qui
2112 3370 2344 3436 Sidonii,
2403 3369 2518 3427 sive
2571 3375 2881 3431 venatores,
2916 3364 3252 3420 deducentur
3276 3363 3348 3419 ad

1760 3463 1967 3520 inferos
1987 3468 2266 3533 paventes,
2293 3460 2349 3515 in
2378 3475 2474 3515 sua
2496 3458 2770 3529 quondam
2791 3454 2982 3513 conﬁsi
3010 3453 3345 3511 fortitudine.

1761 3556 1830 3613 Et
1857 3555 2126 3611 dormiunt
2156 3552 2440 3620 immundi,
2487 3559 2542 3607 et
2597 3551 2895 3621 portabunt
2952 3538 3347 3612 confusionem,

1762 3650 1879 3706 sive
1908 3656 2236 3704 tormentum
2267 3661 2447 3711 suum,
2480 3645 2744 3700 habentes
2792 3642 2960 3703 make.
2998 3628 3348 3697 conscientiae

1761 3745 2151 3817 paenitudinem
2182 3741 2591 3811 sempiternam,
2636 3738 2712 3793 ita
2754 3744 2817 3791 ut
2846 3735 2985 3806 ignis
3011 3747 3201 3789 eorum
3234 3738 3347 3786 non

1763 3836 2160 3907 exstinguatur,
2215 3840 2272 3888 et
2292 3830 2494 3888 verutis
2530 3844 2720 3886 eorum
2760 3842 2868 3884 non
2915 3826 3180 3883 moriatur
3208 3821 3345 3896 (Isis.

1763 3941 1928 3989 var;
1993 3922 2300 3994 Marcus):
2355 3937 2492 3993 quos
2535 3934 2725 3977 omnes
2761 3934 2886 3973 cum
2913 3915 3347 3972 videritPharao

1765 4014 2153 4079 consolabitur,
2195 4012 2281 4068 vel
2302 4013 2510 4069 habens
2538 4010 2715 4065 adhuc
2742 4007 3005 4063 malitiam
3037 4004 3346 4075 pristinam,

1765 4114 1823 4163 et
1858 4104 2055 4160 multos
2079 4118 2257 4173 pmnae
2284 4102 2463 4159 socios
2486 4100 2690 4156 habere
2719 4112 2779 4153 se
2804 4112 3058 4161 cernens,
3081 4095 3166 4148 vel
3198 4094 3348 4148 certe

1766 4198 2076 4255 consolatus
2103 4204 2222 4261 est;
2262 4194 2453 4250 videns
2483 4201 2539 4249 et
2574 4191 2692 4246 illos
2733 4186 2989 4244 confundi
3042 4187 3099 4240 in
3149 4182 3351 4255 suppli-

81 4280 127 4329 ει
170 4286 274 4342 ι)το
300 4288 512 4333 Wa
541 4277 769 4335 Victoria
813 4285 1207 4342 sententiarum
1243 4303 1461 4345 suarum
1486 4290 1666 4361 jacula
1765 4290 1867 4346 eiis
1917 4298 1973 4345 et
2007 4288 2307 4343 terroribus
2343 4285 2477 4341 suis.
2532 4304 2551 4336 ι
2590 4283 2769 4354 Super
2818 4281 3075 4341 universa
3105 4276 3350 4333 multitu-

81 4364 510 4435 mmplexantes.
548 4368 608 4427 lu
646 4378 856 4435 tantum
887 4381 949 4429 ut
988 4375 1305 4447 iniquitates
1336 4394 1524 4436 eorum
1550 4381 1668 4440 fue-
1766 4384 1893 4439 dine
1917 4397 2040 4449 sua,
2073 4396 2193 4452 quae
2230 4378 2513 4436 interfecta
2550 4385 2636 4433 est
2661 4376 2888 4448 gladio,»
2923 4370 3223 4428 Pharaonis
3244 4369 3351 4452 scio

556 4477 766 4518 eorum.
797 4463 921 4567 Hoc
940 4474 1046 4567 est,
1078 4444 1373 4527 fortissima
1408 4472 1663 4542 ﬁgmenta
1687 4505 1744 4567 Β
1767 4475 1894 4531 licet
1919 4473 2002 4530 vel
2024 4444 2270 4528 omnium
2289 4472 2562 4527 sociorum
2580 4444 2718 4537 ejus,
2738 4466 3116 4538 pracipueque
3132 4444 3349 4567 Assyrii

81 4559 123 4604 >ι
156 4550 372 4610 erroris
392 4553 477 4609 sui
504 4554 757 4627 dogmata
778 4562 1117 4629 possidentes
1147 4581 1161 4619 :
1190 4566 1315 4635 quia
1348 4576 1525 4624 terror
1556 4570 1665 4626 fer-

84 4642 219 4699 imn
245 4640 380 4699 facti
408 4653 535 4702 sunt
560 4647 617 4703 in
643 4650 753 4704 vita
782 4667 904 4719 sua,
933 4655 1049 4711 sive
1087 4656 1142 4711 in
1172 4666 1316 4714 terra
1346 4660 1662 4719 viventium.

81 4734 239 4802 Quod
269 4745 468 4808 quarto
493 4739 692 4795 dicitur
720 4760 734 4797 :
768 4753 826 4799 ut
854 4744 1180 4806 fortissimos
1219 4765 1465 4823 quosque
1487 4764 1544 4810 et
1570 4757 1669 4810 ha-

81 4833 275 4892 ientcs
301 4826 582 4887 scientiam
614 4830 1040 4904 Seripturarum,
1071 4847 1128 4893 et
1154 4842 1248 4910 qui
1273 4836 1457 4899 essent
1493 4845 1562 4903 de
1583 4861 1669 4902 re-

81 4919 243 4991 ;ione
297 4918 614 4990 viventium,
666 4939 763 4979 sua
800 4930 1161 4996 perversitate
1214 4940 1502 5000 terrerent,
1535 4937 1663 4993 dum

81 5012 417 5077 lescendunt
439 5017 509 5072 ad
542 5018 814 5081 infernum
854 5037 978 5079 eum
1010 5028 1179 5083 armis
1207 5029 1342 5097 suis,
1374 5038 1430 5085 et
1458 5039 1665 5100 ponunt

81 5103 294 5171 gladios
336 5121 468 5165 suos
495 5110 596 5164 sub
628 5111 896 5182 capitibus
927 5116 1060 5182 suis,
1107 5126 1164 5173 et
1192 5119 1449 5190 iniquitas
1475 5138 1666 5178 eorum

81 5210 260 5265 usque
282 5197 355 5253 ad
377 5213 501 5255 ossa
519 5204 861 5271 perveniunt.
890 5204 1069 5279 (ϐυ-θα.
1094 5208 1187 5265 lib.
1217 5226 1277 5266 ix
1298 5210 1520 5280 Horat,
1548 5231 1664 5285 cap.

81 5286 258 5359 tun.)
297 5288 446 5347 Bene
471 5306 601 5364 ergo
625 5309 725 5364 per
748 5298 1067 5367 prophetam
1092 5301 1292 5357 dicitur
1319 5320 1333 5357 :
1376 5321 1396 5355 ι
1432 5303 1669 5360 Descen-

81 5389 287 5439 terunt
315 5383 382 5437 ad
404 5383 677 5441 infernum
705 5402 829 5443 cum
860 5391 1035 5447 armis
1063 5393 1196 5448 suis.
1232 5411 1252 5448 ι
1277 5394 1443 5451 Arma
1472 5397 1671 5468 quippe

81 5474 436 5531 recentium
464 5486 590 5533 sunt
625 5481 869 5536 membra
914 5483 1160 5552 corporis
1214 5485 1412 5555 quibus
1460 5503 1558 5557 per
1590 5488 1672 5544 di-

81 5579 252 5621 rersa
300 5565 589 5638 desideria,
634 5587 755 5642 quae
782 5574 1155 5643 conspiciunt,
1203 5576 1321 5631 haec
1350 5590 1670 5649 sequuntur.

81 5653 252 5711 Unde
291 5667 442 5716 recte
474 5675 573 5731 per
598 5663 910 5733 Apostoluut
961 5666 1157 5721 dicitur
1187 5681 1203 5721 :
1248 5685 1266 5719 α
1317 5667 1500 5739 Neque
1525 5671 1678 5724 exhi-

81 5744 273 5802 ueutis
294 5749 538 5807 membra
559 5763 741 5811 vestra
763 5770 917 5813 arma
934 5757 1238 5832 iniquitatis
1258 5768 1480 5833 peccato
1501 5761 1674 5835 (Rom.

1766 4564 1911 4637 regis
1938 4572 1994 4619 et
2018 4562 2236 4619 Mosocb
2264 4569 2321 4618 et
2344 4560 2519 4616 Tubal
2570 4567 2627 4615 et
2653 4559 3011 4614 ldumatorum
3060 4552 3352 4624 stipi-inci-

1766 4670 1895 4726 pum
1951 4653 2219 4724 aquilwis
2266 4660 2326 4707 et
2371 4650 2720 4706 Sidoniorum
2751 4662 2766 4701 :
2802 4647 2858 4702 hi
2888 4646 3035 4702 enim
3087 4644 3352 4698 dederant

1767 4755 2033 4803 terrorem
2068 4760 2226 4799 suum
2254 4744 2311 4797 in
2339 4751 2488 4797 terra
2522 4738 2842 4797 viventium.
2868 4735 3022 4802 Quod
3051 4735 3241 4804 quinto
3267 4730 3350 4789 di-

1768 4837 1933 4901 citur,
1956 4844 2018 4890 ut
2063 4848 2252 4895 omnes
2299 4831 2603 4888 istiusmodi
2654 4829 2907 4884 nationes
2956 4840 3153 4882 cavere
3179 4833 3237 4880 et
3261 4823 3349 4882 fu-

1770 4940 1898 4997 gere
1921 4925 2232 4988 debeamus,
2278 4939 2399 4992 qua:
2446 4922 2655 4978 cunctis
2681 4935 2782 4976 nos
2829 4919 3079 4975 sensibus
3121 4917 3349 4987 decepe-

1768 5022 1915 5082 rttnt,
1941 5022 1998 5070 et
2024 5014 2167 5071 scire
2195 5029 2317 5070 esse
2342 5012 2650 5080 horribiles,
2690 5027 2792 5068 nec
2818 5010 2975 5067 facile
3002 5022 3164 5079 posse
3188 5009 3351 5070 vitari

1770 5107 1876 5163 nisi
1899 5106 2048 5161 omni
2075 5105 2323 5163 custodia
2365 5104 2762 5161 servaverimus
2791 5116 2887 5157 cor
2912 5110 3181 5157 nostrum.
3215 5099 3352 5164 Dor-

1772 5199 1945 5265 mivit,
1969 5198 2165 5269 inquit,
2198 5208 2256 5255 et
2284 5200 2403 5269 ipse
2432 5198 2648 5255 Pharao
2678 5212 2801 5253 cum
2840 5195 3005 5251 sociis
3034 5195 3151 5250 suis
3188 5203 3352 5249 inter-

1773 5290 1929 5353 i'ectis
1956 5290 2152 5362 gladio.
2183 5291 2288 5358 Qui
2332 5291 2488 5357 socii,
2511 5288 2801 5346 multitude
2827 5288 2945 5359 ejus
2981 5292 3125 5353 sunt,
3158 5286 3356 5357 perh-

1777 5394 1888 5441 tam
1913 5393 1970 5440 et
2005 5386 2300 5455 spatiosam
2322 5385 2467 5443 viam
2494 5390 2784 5455 pergentes
2827 5381 2896 5437 ad
2923 5378 3183 5453 supplicia
3210 5388 3355 5437 scuto

1772 5477 2009 5550 pitcrua.
3088 5496 3093 5501 ·
3150 5500 3153 5507 ι
3222 5488 3225 5497 ·
3270 5492 3295 5507 θ·

2454 5663 2683 5686 σῇ
