3916 6356
521 289 627 346 θῦί

1094 403 1323 462 CAPUT
1353 404 1590 460 XXXIII.

525 492 604 548 De
621 495 967 567 speculatore,
987 497 1076 565 qui
1103 497 1320 552 buccina
1361 507 1552 564 cantet,
1598 507 1656 551 ut
1693 507 1989 567 peccatores
2011 513 2095 552 re—

595 563 752 638 deant
781 565 851 618 ml
871 563 1230 638 ptenitentiam
1259 583 1276 619 :
1317 579 1362 622 et
1397 563 1748 638 unusquisque
1765 567 2094 637 iudicabitur

594 633 684 708 ubi
711 633 998 708 invenietur
1023 651 1040 690 :
1061 653 1229 690 sermo
1258 638 1466 708 Domini
1490 633 1672 692 contra
1699 633 1784 692 eos
1807 639 1895 708 qui
1918 655 1944 692 e
1966 638 2096 692 mut-

591 705 814 779 ti‘tudine
835 722 940 760 non
982 707 1037 760 in
1058 708 1334 762 sanctitate
1369 707 1544 779 volunt
1587 705 1945 763 haareditatem
1971 724 2098 779 pos-

592 774 860 856 siderc,et
881 786 1064 831 contra
1088 794 1174 832 eos
1203 779 1294 848 qui
1327 777 1479 833 verba
1523 779 1806 850 prophetiae
1834 774 2100 834 verterunt

595 861 649 898 ιη
679 855 960 901 canticum.

595 998 616 1031 ι
646 979 714 1036 Ει
764 980 968 1037 factum
1010 990 1095 1038 est
1139 985 1364 1039 verbum
1414 985 1627 1041 Domini
1655 985 1722 1041 ad
1752 1001 1840 1041 me
1869 986 2055 1043 dicens
2077 1003 2096 1042 :

530 1091 549 1123 ι
585 1072 690 1128 Fili
721 1074 973 1141 hominis,
1010 1075 1228 1146 loquere
1253 1077 1321 1131 ad
1351 1077 1487 1132 tilios
1517 1078 1700 1148 populi
1743 1078 1842 1140 tui,
1868 1086 1924 1133 et
1950 1079 2099 1134 dices

528 1181 547 1213 ι
584 1163 652 1218 ad
681 1177 776 1219 eos
807 1183 818 1218 :
851 1165 1019 1220 Terra
1044 1181 1170 1221 cum
1207 1167 1470 1224 induxeru
1500 1184 1662 1239 super
1691 1185 1812 1225 eam
1837 1169 2094 1241 gladium,

527 1249 547 1306 ι
579 1262 636 1309 et
670 1255 850 1310 tulerit
873 1258 1098 1327 populus
1127 1267 1284 1314 terra!
1334 1261 1512 1314 virum
1542 1277 1710 1316 unum
1755 1262 1824 1315 de
1871 1262 2099 1318 novissi-

526 1367 546 1400 ι
585 1349 688 1404 mis
724 1350 860 1413 suis,
890 1359 946 1404 et
1000 1353 1344 1407 constituerit
1371 1366 1494 1407 eum
1531 1368 1694 1422 super
1714 1368 1772 1408 se
1800 1354 2100 1423 speculato-

524 1457 562 1510 ι⁴
579 1453 716 1507 rem,
752 1449 808 1495 et
833 1439 920 1495 ille
948 1441 1142 1496 viderit
1165 1442 1399 1512 gladium
1433 1443 1743 1498 venientem
1794 1458 1955 1512 super
1995 1454 2100 1498 ter-

524 1549 544 1583 ι
582 1538 719 1598 ram,
747 1539 803 1587 et
821 1531 1077 1587 cecinerit
1099 1532 1329 1587 buccina
1357 1521 1412 1588 et
1446 1533 1855 1588 aununtiaverit
1879 1533 2096 1603 populo.

523 1643 544 1675 ι
577 1623 819 1681 Audiens
868 1634 1048 1680 autem
1079 1625 1326 1696 quisquis
1359 1625 1447 1680 ille
1471 1634 1555 1682 est
1587 1641 1780 1682 sonum
1835 1626 2096 1693 buccinae,

1156 291 1217 346 Β.
1253 288 1508 347 RABANI
1546 290 1765 348 MAURI
1795 289 2470 352 ARGIIIEPuMOGUN’I’.
2507 293 3007 354 OPERUM'PARS
3042 293 3106 349 Il.

2123 406 2175 488 ᾼ
2199 404 2383 473 gladio
2435 404 2545 476 ipse
2605 406 2886 477 sanguinis
2934 405 3017 461 sui
3056 404 3350 461 sustinebit
3377 414 3632 470 reatum,
3672 408 3796 475 quod

2196 496 2243 552 si
2270 494 2525 563 audierit,
2559 497 2788 554 salvabit
2821 497 3058 570 animam
3100 511 3272 551 suam.
3328 496 3433 550 Sin
3467 504 3668 549 autem
3693 511 3794 565 εικ-

2195 587 2403 645 culator
2471 603 2582 643 non
2631 587 2931 643 insonuerit
2989 571 3241 652 buccina,
3295 596 3356 642 et
3383 585 3634 656 populus

2196 695 2324 738 rans
2346 689 2640 738 venturum
2687 679 2947 751 gladium,
2999 693 3346 749 nequaquam
3381 693 3448 733 se
3477 679 3790 734 observave—

2196 773 2287 839 rit,
2319 773 2554 846 populus
2599 771 2818 842 quidem
2848 772 2901 825 in
2930 786 3028 825 sua
3057 771 3320 848 morietur
3364 770 3696 848 iniquitate,
3728 785 3790 825 διν

2196 876 2377 928 tamen
2399 866 2719 940 sanguinem
2741 863 3024 920 morientis
3044 864 3111 919 de
3131 861 3510 938 speculatoris
3544 862 3791 936 requirat:

2197 974 2378 1014 manu.
2419 960 2486 1015 Et
2539 968 2602 1014 nt
2658 957 2822 1012 sciret
2856 957 3120 1028 propheta
3172 955 3442 1012 Ezechiel
3500 955 3790 1032 generalem

2198 1051 2610 1122 disputationem
2639 1051 2708 1105 ad
2757 1065 2816 1106 se
2844 1049 3187 1120 potissimum
3223 1047 3547 1120 pertinere.
3590 1066 3607 1093 ι
3647 1047 3708 1101 Et
3731 1056 3789 1106 tu,

2199 1143 2394 1214 inquit,
2428 1144 2503 1200 ﬁli
2530 1141 2769 1200 hominis
2804 1160 2821 1191 ι
2856 1156 2962 1196 non
2993 1155 3024 1194 a
3057 1147 3199 1196 terra
3230 1148 3286 1194 et
3318 1154 3355 1193 a
3380 1136 3604 1210 populo
3641 1147 3787 1214 terra.

2200 1243 2261 1294 ut
2287 1250 2449 1304 supra
2505 1235 2639 1298 dixi,
2673 1233 2779 1292 sed
2807 1249 2839 1288 a
2870 1247 2956 1287 me
3008 1231 3316 1302 speculator
3375 1231 3724 1310 constitutus
3747 1246 3788 1284 ιε

2199 1327 2379 1382 domui
2416 1327 2599 1383 Israel.
2637 1348 2656 1380 ι
2701 1326 2764 1382 Si
2789 1341 2918 1396 ergo
2953 1341 3039 1381 me
3065 1326 3283 1380 dicente
3307 1323 3384 1380 ad
3417 1323 3686 1400 impium,
3718 1325 3788 1376 im»

2198 1418 2307 1488 pie,
2349 1427 2521 1474 morte
2550 1419 2824 1482 morieris,
2883 1437 2902 1467 ι
2935 1433 3040 1472 non
3081 1415 3252 1471 fueris
3301 1415 3547 1472 locutus

2198 1518 2262 1581 ut
2288 1525 2348 1565 se
2382 1510 2676 1576 custodiat,
2711 1510 2868 1566 etde
2897 1510 3116 1580 interitu
3152 1509 3450 1586 liberetur,
3498 1515 3566 1582 et
3587 1507 3786 1579 inequi-

2200 1601 2321 1660 dem
2356 1603 2409 1658 in
2435 1619 2532 1659 sua
2561 1604 2848 1674 iniquitate
2877 1603 3157 1667 morietur,
3187 1615 3358 1682 quam
3398 1599 3574 1669 prius
3599 1599 3784 1656 comi-

521 1733 542 1768 ι
572 1730 679 1771 non
706 1730 766 1771 se
795 1717 1188 1782 observaverit,
1247 1717 1562 1786 veneritque
1597 1717 1810 1789 gladius
1835 1726 1893 1774 et
1914 1719 2091 1774 tulerit

2201 1705 2369 1761 serat,
2417 1697 2566 1752 etde
2611 1713 2718 1768 qua
2765 1696 2810 1752 si
2868 1695 3247 1764 annuntiasses
3308 1693 3508 1766 potuit
3553 1691 3782 1768 liberari:

527 1763 541 1768 “
572 1763 679 1771 “⁷“”
706 1763 764 1771 ’⁷
798 1763 944 1772 """"
969 1763 1188 1782 "'"'""
1260 1763 1561 1786 "'"‘""‘|“'"
1597 1763 1809 1789 υ“““’““’
1837 1763 1893 1774 ν’
1917 1763 2042 1774 """'
2057 1763 2098 1774 "
2628 1763 2646 1768 “
2885 1784 2899 1800 ο
3310 1763 3318 1766 ⁷
3605 1765 3618 1795 ,’

521 1825 541 1859 ι
573 1821 718 1874 eum,
751 1809 970 1878 sanguis
1008 1809 1176 1879 ipsius
1211 1824 1374 1879 super
1411 1819 1576 1880 caput
1601 1811 1718 1880 ejus
1737 1811 1862 1866 erit.
1888 1809 2094 1867 Senum
2124 1763 2172 1854 II
2205 1808 2226 1880 ξ
2267 1789 2582 1860 εδιιευῑηυηι
2623 1797 2802 1845 autem
2851 1801 2971 1880 €395
3003 1787 3071 1880 de
3099 1800 3261 1880 {nam
3311 1792 3416 1838 “'3
3443 1797 3742 1880 ιτοεῖωηξι-
3767 1803 3786 1832 ⁵

521 1918 539 1950 ι
571 1897 814 1955 buccina:
847 1901 1071 1967 audivit,
1135 1909 1192 1956 et
1240 1916 1347 1956 non
1378 1917 1436 1957 se
1485 1902 1828 1958 observavit:
1875 1905 2099 1976 sanguis

519 2010 538 2042 ι
571 1989 689 2060 ejus
721 1991 772 2045 in
809 1991 927 2060 ipso
943 1993 1069 2047 erit.
1101 1990 1158 2047 Si
1194 2001 1374 2048 autem
1401 1995 1820 2061 secustodierit,
1851 1997 2096 2052 animam

517 2102 538 2134 ι
575 2098 729 2137 suam
763 2084 1008 2139 salvabit.
1039 2083 1192 2151 Quod
1219 2085 1264 2139 si
1296 2085 1605 2155 speculator
1627 2087 2096 2158 viderit-gladium

517 2191 538 2223 ι
573 2173 902 2239 venientem,
929 2183 985 2229 et
1011 2190 1116 2229 non
1139 2175 1456 2231 insonuerit-
1491 2175 1744 2242 buccina,
1789 2186 1844 2233 et
1868 2178 2098 2250 populus

517 2281 536 2314 ι
567 2279 675 2319 non
700 2279 758 2319 se
784 2264 1126 2330 custodierit,
1159 2266 1475 2336 veneritque
1499 2267 1710 2338 gladius
1730 2275 1787 2323 et
1815 2267 2001 2323 tulerit
2029 2269 2098 2324 de

513 2380 534 2413 ι
566 2362 653 2417 his
683 2361 942 2428 animam,
975 2362 1062 2418 ille
1083 2363 1302 2433 quidem
1344 2362 1399 2416 in
1442 2363 1731 2433 iniquitate
1749 2377 1856 2419 sua
1903 2371 2095 2434 captus

511 2469 536 2502 ι
572 2461 676 2516 est,
703 2452 1022 2523 sanguinem
1047 2461 1226 2508 autem
1271 2453 1390 2523 ejus
1416 2455 1484 2508 de
1533 2451 2095 2524 manu'speculatoris

515 2559 540 2593 ι’
569 2543 865 2611 requiram.
891 2542 959 2596 Et
977 2550 1056 2609 tu,
1085 2542 1159 2613 tib
1185 2542 1440 2609 hominis,
1466 2541 1860 2614 speculatorem
1890 2544 2096 2599 dedite

514 2651 534 2684 ι
572 2632 751 2688 domui
777 2632 962 2689 Israel.
987 2632 1224 2689 Audiens
1245 2648 1373 2704 ergo
1399 2648 1467 2689 ex
1495 2649 1594 2690 ore
1617 2649 1738 2688 meo
1762 2645 2089 2702 sermonem,

513 2743 536 2776 ι
569 2725 920 2780 annuutiabis
953 2725 1035 2780 eis
1063 2740 1130 2780 ex
1151 2741 1257 2780 me.
1285 2724 1344 2780 Si
1373 2740 1460 2781 me
1497 2726 1713 2781 dicente
1741 2727 1805 2781 ad
1844 2725 2090 2796 impium,

514 2834 536 2868 ι
572 2815 762 2887 lmpie,
790 2825 964 2872 morte
1006 2818 1277 2883 morieris,
1316 2834 1423 2875 non
1475 2817 1647 2874 fueris
1692 2819 1924 2885 loeutus,
1953 2829 2014 2874 ut
2035 2831 2093 2875 se

507 2927 537 2960 τ
571 2910 843 2965 custodiat
870 2911 1070 2981 impius
1098 2926 1127 2965 a
1154 2911 1240 2964 via
1278 2925 1395 2974 sua,
1426 2911 1544 2980 ipse
1571 2911 1770 2981 impius
1802 2911 1857 2966 in
1888 2911 2092 2980 iniqui-

513 3008 676 3056 atate
695 3017 791 3056 sua
817 3003 1098 3056 morietur.
1133 3000 1461 3073 Sanguinem
1491 3010 1672 3056 autem
1693 3000 1810 3070 ejus
1832 3001 1900 3057 de
1925 3017 2090 3057 manu

509 3109 534 3144 ι
568 3100 658 3146 tua
680 3091 974 3161 requiram.
1009 3091 1066 3147 Si
1090 3101 1270 3148 autem
1293 3092 1649 3148 annuutiante
1675 3102 1728 3147 te
1747 3093 1815 3147 ad
1841 3093 2087 3164 impium,
2117 3123 2162 3186 Ο

510 3199 530 3234 ι
568 3192 627 3237 ιιι
660 3197 690 3236 a
717 3183 821 3238 viis
849 3184 962 3238 suis
1004 3191 1378 3250 convertatur,
1428 3199 1536 3238 non
1592 3182 1757 3238 fuerit
1788 3198 2088 3240 conversus

2195 3174 2438 3230 temnere
2459 3176 2515 3223 et
2536 3167 2757 3238 proprio
2783 3169 2962 3240 perire
2985 3178 3329 3244 contemptu.
3360 3168 3482 3226 Nec
3703 3182 3788 3223 se.

510 3291 528 3322 ι
558 3287 592 3326 a
629 3272 712 3326 via
747 3288 866 3338 sua,
918 3273 1032 3343 ipse
1054 3273 1109 3327 in
1141 3273 1431 3343 iniquitate
1462 3288 1560 3328 sua
1603 3273 1890 3328 morietur.
1917 3274 2092 3330 Porro

509 3381 529 3414 ι
566 3363 802 3417 animam
846 3371 994 3418 tuam
1033 3364 1308 3419 liberabis.
1347 3385 1366 3416 ι
1401 3363 1676 3436 (Hierom)
1726 3365 1962 3420 Rursum
2020 3367 2090 3422 ad

505 3454 825 3522 prophetam
865 3469 1046 3509 sermo
1071 3453 1132 3508 tit
1166 3453 1404 3520 Domini,
1447 3454 1548 3523 qui.
1565 3454 1841 3524 aliquanto
1865 3456 2092 3526 siluerat

503 3550 750 3612 tempore
780 3560 846 3600 co
877 3545 1023 3614 quod
1053 3560 1159 3599 non
1186 3546 1362 3611 possit
1405 3547 1687 3615 propheta,
1719 3561 1821 3603 nec
1855 3548 2089 3604 humana

507 3635 771 3706 fragilitas
791 3636 919 3709 iuge
956 3645 1121 3706 atque
1147 3638 1464 3692 continuum
1499 3637 1568 3693 ad
1606 3653 1666 3695 se
1697 3639 1970 3696 sustinere
1991 3656 2091 3696 va-

507 3726 774 3794 ticinium,
804 3737 859 3784 et
911 3729 1154 3798 loquitur
1205 3729 1396 3785 eadem
1434 3744 1556 3800 qua:
1602 3732 1659 3786 in
1715 3733 2092 3802 superioribus

506 3817 894 3873 continentur:
929 3839 947 3869 ι
969 3818 1081 3886 Fili
1112 3819 1370 3886 hominis,
1430 3822 1828 3892 speculatorem
1875 3823 1998 3880 dedi
2037 3833 2091 3880 te

507 3907 692 3963 domui
742 3909 930 3965 Israel.
990 3909 1058 3964 Et
1095 3910 1284 3966 audies
1336 3927 1404 3967 ex
1452 3925 1553 3968 ore
1595 3926 1718 3968 meo
1760 3913 2006 3978 verbum,
2036 3921 2093 3969 et

507 4000 926 4056 columinaberis
948 4001 1028 4056 eis
1052 4017 1119 4057 ex
1158 4017 1264 4057 me.
1295 4001 1353 4057 In
1381 4018 1466 4068 eo,
1503 4004 1650 4073 quod
1673 4004 1852 4059 dicam
1880 4004 2087 4074 iniquo,

503 4101 682 4147 morte
717 4093 990 4158 morieris,
1045 4101 1100 4148 et
1126 4108 1232 4149 non
1265 4095 1601 4151 annuntiasti
1645 4097 1716 4162 ei,
1749 4111 1851 4153 nec
1880 4096 2090 4154 locutus

502 4195 584 4248 es,
621 4189 682 4236 ut
731 4182 1084 4238 annuntiares
1140 4183 1346 4253 iniquo,
1394 4192 1450 4240 et
1501 4187 2090 4245 convertereturaviis

504 4273 637 4336 suis,
671 4283 726 4331 et
751 4275 974 4341 viveret,
1003 4275 1221 4346 iniquus
1249 4275 1340 4332 ille
1377 4277 1432 4331 in
1455 4278 1741 4348 iniquitate
1767 4295 1865 4335 sua
1893 4281 2090 4336 morie-

505 4373 614 4429 tur,
644 4374 700 4420 et
745 4366 1061 4436 sanguinem
1109 4365 1226 4435 ejus
1262 4369 1329 4423 de
1366 4384 1533 4422 manu
1562 4379 1654 4424 tua
1686 4371 1982 4439 requiram.
2021 4372 2091 4427 Et

508 4459 567 4512 ιιι
598 4454 644 4508 si
679 4456 1085 4510 annuntiaveris
1111 4457 1298 4525 iniquo
1326 4466 1383 4512 et
1433 4473 1539 4512 non
1570 4475 1865 4516 conversus
1922 4461 2088 4518 fuerit
2113 4491 2166 4552 D

507 4546 576 4602 ab
603 4546 889 4617 iniquitate
937 4562 1058 4612 sua,
1085 4557 1141 4602 et
1162 4565 1192 4602 a
1217 4549 1303 4604 via
1359 4565 1480 4615 sua,
1534 4549 1753 4620 iniquus
1782 4552 1872 4608 ille
1901 4553 1956 4607 in
1986 4555 2085 4610 ini-

503 4638 858 4709 quitate'sua
908 4639 1194 4707 morietur,
1252 4648 1308 4695 et
1337 4649 1392 4695 tu
1419 4640 1656 4696 animam
1715 4651 1861 4698 tuam
1884 4643 2085 4700 libera-

503 4733 604 4788 hie.
640 4753 658 4786 ι
695 4732 824 4800 Qum
852 4733 896 4789 si
935 4733 1222 4805 diligenter
1272 4733 1547 4803 inspicias,
1610 4735 1863 4807 intelligis
1890 4737 2086 4793 similia

501 4824 717 4894 quidem
763 4840 904 4891 esse,
930 4826 1023 4880 sed
1053 4841 1158 4881 non
1183 4826 1394 4891 eadem,
1427 4826 1557 4880 dum
1585 4826 1643 4880 in
1672 4827 1943 4898 plerisque
1977 4829 2088 4885 dis-

501 4915 748 4969 cordant.
799 4914 866 4969 Et
894 4913 996 4969 hoc
1029 4915 1084 4969 in
1123 4915 1377 4970 omnibus
1423 4914 1723 4986 Scripturis
1752 4919 1956 4974 sanctis
1983 4920 2086 4975 ob-

502 5017 722 5064 servare
753 5007 1036 5072 debemus,
1075 5007 1163 5062 ubi
1193 5007 1406 5062 videtur
1432 5009 1610 5078 aliqua
1639 5011 1936 5068 similitudo
1964 5027 2086 5069 esse

501 5101 805 5165 sontentiai,
834 5116 944 5155 non
974 5101 1028 5154 in
1054 5101 1304 5155 omnibus
1338 5101 1526 5156 eadem
1560 5104 1687 5169 dici,
1720 5107 1816 5161 sed
1838 5107 1922 5160 vel
1952 5107 2085 5162 sub-

504 5190 646 5248 trahi
677 5190 934 5260 pleraque
965 5189 1047 5244 vel
1075 5191 1219 5256 addi,
1251 5201 1306 5246 et
1332 5193 1666 5263 singulorum
1713 5198 1858 5252 inter
1881 5213 1939 5252 se
1961 5214 2084 5254 ver-

501 5283 695 5341 borum
735 5285 1156 5354 discrepantiam
1206 5286 1405 5341 habere
1435 5290 1716 5346 rationem.
1744 5292 1812 5346 Et
1868 5293 2084 5350 interim

500 5373 818 5443 priusquam
854 5375 922 5429 ad
976 5375 1166 5431 altiora
1221 5377 1526 5444 veniamus,
1579 5379 1762 5435 brevis
1800 5390 1883 5434 est
1915 5382 2085 5452 expli-

502 5464 673 5522 canda
719 5467 1006 5522 sententia.
1037 5467 1092 5522 Si
1124 5468 1431 5537 speculator
1461 5469 1625 5524 fuerit
1673 5471 2000 5526 constitutus
2026 5473 2080 5528 in

502 5556 732 5627 populis,
762 5566 823 5611 ut
872 5561 1152 5616 annuntiat
1204 5561 1436 5632 gladimn
1471 5561 1682 5616 Domini
1725 5562 1968 5632 iramque
1995 5581 2084 5620 ve-

500 5648 758 5714 nientem,
790 5659 841 5706 ct
869 5653 1220 5707 annuutiante
1272 5665 1338 5707 co
1389 5651 1618 5722 pepulus
1667 5653 1855 5706 audire
1895 5653 2084 5708 nolue-

504 5741 595 5802 rit.
645 5746 948 5805 Speculator
983 5747 1120 5805 liber
1159 5748 1285 5816 erit,
1312 5756 1366 5804 et
1398 5747 1486 5804 ille
1521 5748 1612 5817 qui
1674 5764 1971 5814 oppressus
1999 5757 2085 5805 est

2199 1879 2350 1947 Quod
2383 1881 2428 1935 si
2464 1889 2518 1935 tu
2549 1878 2960 1935 annuntiaveris
2999 1877 3164 1948 impio
3193 1884 3366 1945 atque
3396 1876 3724 1957 praeceptus
3741 1885 3786 1929 et

2198 1978 2550 2028 convertatur
2579 1986 2609 2026 a
2639 1971 2741 2025 viis
2791 1971 2906 2025 suis
2952 1968 3222 2040 pessimis,
3259 1977 3317 2022 et
3369 1965 3475 2022 ille
3499 1967 3610 2022 hoc
3638 1966 3781 2021 facere

2197 2063 2454 2129 noluerit,
2493 2063 2582 2119 ille
2611 2064 2829 2135 quidem
2858 2064 2912 2118 in
2943 2078 3039 2118 sua
3071 2061 3369 2130 iniquitate
3429 2061 3713 2140 morietur,
3737 2070 3780 2114 ts

2198 2165 2380 2212 autem
2430 2157 2672 2212 liberasti
2703 2217 2706 2220 ,
2733 2157 2801 2212 de
2862 2155 3114 2231 interitu,
3149 2152 3522 2226 negligentia:
3581 2155 3776 2228 mum

2198 2255 2364 2316 tuam.
2399 2247 2474 2301 Ex
2497 2247 2696 2317 quibus
2734 2247 2993 2304 discimus
3020 2259 3182 2318 posse
3229 2244 3538 2316 hominem
3565 2247 3778 2322 quamvis

2196 2337 2462 2408 iniquum,
2498 2347 2554 2394 et
2584 2339 2805 2409 impium
2835 2339 2882 2394 si
2917 2337 3164 2408 magistri
3222 2338 3407 2392 verba
3463 2337 3716 2398 audierit,
3737 2347 3780 2390 et

2194 2427 2364 2500 egerit
2391 2426 2787 2502 paenitentiam,
2815 2443 2846 2482 a
2868 2443 2965 2483 sua
2988 2425 3272 2496 impletate
3295 2425 3515 2480 salvari
3543 2442 3560 2480 ;
3592 2441 3684 2481 nec
3704 2425 3780 2478 ni-

2195 2511 2297 2576 uus
2315 2519 2633 2590 magistrum
2656 2519 2839 2575 subire
2865 2518 3194 2579 discrimen,
3219 2516 3266 2572 si
3305 2517 3526 2588 docere
3555 2503 3788 2591 suum,

2194 2614 2279 2680 vel
2307 2614 2500 2670 timore
2535 2613 2893 2680 discriminis,
2946 2612 3030 2668 vel
3069 2611 3478 2682 desperatione
3518 2608 3780 2680 peccam'n,

2195 2705 2319 2762 dum
2347 2719 2473 2760 reus
2493 2712 2576 2760 est
2594 2704 2872 2776 sanguinis
2893 2703 3028 2775 ejus,
3053 2704 3144 2774 qui
3170 2702 3408 2758 liberari
3440 2703 3644 2773 potuit,
3665 2709 3716 2755 et
3732 2701 3780 2754 de

2193 2803 2369 2852 morte
2403 2796 2558 2861 erui,
2584 2796 2688 2851 nisi
2727 2795 2971 2866 magistri
3012 2794 3234 2852 silentio
3265 2795 3644 2870 concidisset,
3675 2793 3780 2847 etin

2192 2896 2426 2962 utroque
2452 2885 2685 2944 liberum
2703 2888 2908 2944 servari
2934 2887 3258 2951 arbitrium,
3288 2885 3428 2941 dum
3460 2893 3520 2966 et
3555 2887 3612 2940 in
3641 2884 3779 2955 magi-

2192 2982 2292 3036 stri
2319 2981 2594 3038 voluntate
2613 2990 2700 3038 est
2723 2981 2809 3037 vel
2836 2989 3016 3037 tacere
3041 2981 3126 3038 vel
3149 2979 3331 3052 loqui,
3365 2989 3427 3036 et
3458 2981 3515 3060 in
3546 2980 3781 3036 auditoris

2193 3073 2419 3130 arbitrio
2443 3073 2528 3128 vel
2562 3073 2748 3130 audire
2783 3081 2838 3130 et
2873 3074 3053 3131 facere
3079 3069 3246 3145 atque
3275 3073 3493 3131 salvari
3512 3116 3530 3139 ,
3561 3073 3644 3130 vel
3670 3088 3780 3128 con-

2190 3261 2398 3330 quitur,
2428 3271 2483 3317 et
2507 3262 2633 3333 quia
2667 3263 2926 3332 propheta
2947 3261 3225 3333 praedicit,
3245 3265 3440 3320 veniat
3467 3261 3606 3336 quod
3636 3275 3778 3331 pra:-

2190 3351 2326 3406 dixit
2349 3371 2362 3406 :
2387 3368 2495 3408 non
2515 3352 2658 3408 enim
2678 3354 2921 3425 praedicit
2939 3363 2998 3409 ut
3016 3356 3219 3420 veniat,
3249 3356 3452 3420 sedne
3472 3353 3674 3433 veniat,
3691 3366 3784 3406 nec

2189 3444 2315 3516 quia
2349 3445 2492 3500 Deus
2527 3445 2798 3514 loquitur,
2826 3459 3049 3502 necesse
3073 3455 3159 3502 est
3197 3447 3322 3502 tieri
3351 3448 3508 3526 quod
3537 3451 3782 3524 minatur.

2191 3538 2285 3594 sed
2304 3537 2424 3593 ideo
2443 3527 2828 3605 comminatur,
2845 3547 2905 3592 ut
2923 3545 3278 3610 convertatur
3291 3538 3372 3610 ad
3389 3538 3782 3610 penitentiam

2190 3629 2277 3686 cui
2303 3629 2577 3696 minatur,
2615 3636 2672 3684 et
2699 3643 2807 3684 non
2837 3627 2934 3683 ﬁat
2956 3628 3100 3699 quod
3120 3627 3374 3684 futurum
3405 3639 3526 3696 est,
3561 3631 3611 3686 si
3636 3629 3781 3684 vati

2190 3720 2402 3778 Domini
2439 3729 2879 3778 contemnantur.
2923 3721 3218 3776 Possumus
3259 3729 3458 3776 autem
3514 3721 3782 3792 tripliciur.

2190 3811 2368 3867 locum
2395 3812 2559 3868 istum
2587 3810 2887 3874 disserere,
2923 3819 2983 3866 ut
3005 3819 3157 3867 terra
3186 3825 3312 3882 quae
3339 3810 3455 3866 sibi
3486 3812 3772 3884 speculato-

2192 3920 2305 3966 rem
2353 3904 2658 3971 constituit,
2689 3904 2773 3959 vel
2811 3904 2969 3974 juxta
3011 3903 3249 3959 litteram
3276 3911 3439 3959 terra
3469 3903 3662 3960 ludar:
3698 3905 3784 3966 sit.-

2188 3997 2275 4056 vel
2319 3998 2473 4069 juxta
2520 3996 2820 4070 spiritalem
2866 3995 3277 4072 intelligentiam
3333 3995 3628 4062 Ecclesia,
3679 4011 3778 4066 qu

2190 4102 2333 4158 saepe
2373 4088 2439 4144 de
2477 4087 2790 4144 novissimis
2817 4085 2999 4160 populi
3033 4085 3117 4140 sui
3157 4084 3584 4156 speculatorem
3617 4085 3780 4162 δείδι’

2191 4179 2340 4250 illum
2367 4179 2617 4236 videlicet
2645 4194 2806 4251 quem
2838 4186 2894 4234 et
2909 4177 3198 4248 Apostolus
3229 4178 3496 4234 scribens
3517 4179 3594 4234 ad
3611 4177 3777 4246 βα·ρε-

2191 4273 2334 4329 thios
2377 4273 2604 4329 assumit
2633 4271 2903 4342 judicem,
2945 4270 3031 4326 vel
3071 4280 3220 4327 certe
3263 4271 3460 4349 anima
3495 4273 3780 4332 creduis.

2191 4380 2312 4434 quae
2359 4373 2596 4420 mentem
2637 4373 2802 4434 atque
2841 4363 3111 4419 rationem
3136 4363 3426 4434 praeponit.
3458 4364 3690 4435 populo,
3725 4377 3782 4416 ae

2192 4455 2364 4512 turbae
2408 4454 2795 4524 cogitationum
2826 4467 3068 4518 suarum,
3109 4459 3168 4506 ut
3206 4466 3315 4507 non
3363 4453 3568 4507 omnia
3593 4453 3778 4526 cogita»

2193 4549 2398 4610 tionum
2438 4547 2709 4602 incentiva
2754 4545 3034 4616 suscipiat,
3062 4544 3157 4601 sed
3179 4541 3396 4611 iudicet
3424 4553 3608 4619 atque
3629 4545 3780 4599 (ﬁcer-

2189 4649 2305 4708 nat,
2339 4655 2461 4711 qua:
2486 4638 2744 4694 sectanda
2774 4638 2876 4694 sibi
2909 4651 3097 4708 quaeve
3129 4635 3386 4706 fugienda
3413 4637 3561 4692 sint.
3601 4636 3781 4710 Spaa-

2189 4733 2329 4790 lator
2377 4739 2536 4787 terrae
2582 4728 2802 4797 Iudaeae,
2858 4727 2945 4783 vel
2999 4743 3095 4784 rex
3144 4733 3328 4797 potest
3379 4726 3666 4799 intelligi,
3710 4725 3780 4782 vel

2189 4825 2480 4894 Propheta.
2535 4821 2855 4893 Speculator
2890 4829 3069 4876 autem
3102 4817 3402 4882 Ecclesiae,
3440 4819 3541 4874 vel

2189 4931 2311 4986 pus,
2336 4915 2424 4971 vel
2457 4915 2760 4984 presbyter,
2791 4912 2884 4982 qui
2913 4926 2944 4965 a
2970 4909 3167 4982 populo
3185 4908 3426 4974 electus,
3449 4920 3522 4965 et
3554 4909 3780 4979 Scriptu-

2192 5025 2375 5068 rarum
2410 5009 2642 5066 lectione
2664 5019 2995 5078 cognoscens
3017 5011 3073 5058 et
3103 5001 3414 5073 praevidens
3443 5016 3584 5072 quae
3621 5002 3782 5056 tutan

2191 5104 2330 5170 sint,
2373 5101 2658 5157 annuntiet
2698 5097 2926 5170 populo,
2969 5103 3025 5151 et
3062 5094 3301 5165 corrigat
3349 5092 3780 5164 delinquenten.

2195 5193 2345 5252 Unde
2371 5207 2698 5264 magnopere
2731 5189 3130 5246 formidandum
3175 5195 3283 5253 est,
3310 5201 3388 5242 ne
3427 5187 3507 5241 ad
3552 5188 3659 5242 hoc
3682 5182 3784 5238 oi-

2188 5287 2331 5344 cium
2354 5285 2676 5343 accedamus
2697 5282 2922 5355 indigni,
2952 5289 3008 5337 et
3033 5279 3300 5350 assumpti
3330 5295 3366 5347 ξι
3389 5280 3609 5352 populo
3632 5277 3786 5348 nuli-

2188 5381 2380 5453 gentize
2404 5395 2504 5435 nos
2538 5378 2729 5434 demus
2755 5385 2918 5447 atque
2948 5373 3188 5439 desidiae,
3217 5379 3293 5438 et,
3322 5373 3476 5443 quod
3515 5373 3612 5429 his
3633 5371 3788 5444 pejus

2187 5481 2288 5538 est,
2319 5471 2530 5527 deliciis
2568 5469 2850 5538 ventrique
2891 5474 2947 5522 et
2985 5465 3099 5522 otio
3139 5463 3474 5537 servientes,

2189 5577 2287 5618 nos
2315 5561 2596 5631 accepisse
2647 5567 2902 5630 putemus
2928 5573 3037 5613 non
3066 5555 3457 5624 ministerium.
3500 5554 3793 5637 Siquide-

2193 5672 2212 5704 ι
2258 5652 2401 5707 ﬁlios
2443 5651 2679 5706 hominis
2732 5665 2840 5705 non
2883 5649 3032 5704 venit
3094 5648 3438 5713 ministrari,
3483 5649 3590 5708 sed
3630 5645 3782 5700 mini

2188 5753 2361 5814 strare
2386 5740 2601 5814 (Matth.
2629 5740 2749 5814 xx).
2781 5761 2801 5794 ι
2828 5740 2896 5814 Et
2919 5740 3100 5820 pedes
3119 5738 3520 5818 discipulorum
3539 5737 3714 5822 lavit...
3735 5744 3792 5794 ut
