3916 6356
99 364 174 422 ιιι
712 385 723 393 -
1009 348 1364 411 COMMENT.
1402 347 1471 405 IN
1507 336 1960 404 EZECHIELEM.
1997 368 2069 380 —
2106 337 2232 393 LIB.
2272 335 2389 393 XII.
3207 332 3313 389 843

100 494 102 525 :
143 470 475 545 purissimam
505 481 701 540 aquam
723 464 1001 532 biberetis,
1026 464 1284 535 reliquam
1302 460 1528 532 pedibus
1544 473 1639 514 ve-
1668 460 1720 521 Α
1745 454 2091 545 Primumque
2118 450 2339 545 dicitur,
2371 449 2465 505 Vae
2498 447 2815 545 pastoribus
2847 446 3154 545 israel,“q_ui
3191 463 3315 505 cum

137 539 260 620 stris
288 539 572 618 turbastis.
609 561 677 616 Et
700 573 830 615 oves
861 573 994 613 mea:
1020 556 1135 622 his,
1166 570 1286 625 quae
1319 552 1635 610 conculcata
1742 557 1958 616 gregem
1980 541 2193 598 Domini
2232 554 2456 611 Pasccre
2480 539 2731 627 debeam:
2761 548 2816 594 ει
2840 539 2999 596 salu“
3029 539 3173 596 ίυίιιθ
3193 555 3318 611 υτο-

141 654 357 726 pedibus
382 652 578 709 vestris
608 650 840 716 fuerant,
887 648 1271 719 pascebantur,
1322 653 1377 700 et
1401 660 1521 714 qua:
1544 657 1637 713 pe-

1767 634 1945 699 ridere,
1979 646 2079 702 pro
2117 646 2216 687 sua
2243 630 2500 687 festinant
2533 629 2763 684 luxuria.
2818 630 2971 686 Unde
2994 644 3320 701 magnopere

143 720 233 801 des
271 744 435 800 vestri
466 743 834 805 turbaverant,
884 740 999 794 haec
1026 737 1304 792 bibebant.
1346 734 1637 804 Propterea

1767 722 2044 777 :avendum
2082 733 2185 787 est,
2233 730 2290 776 et
2334 720 2667 776 observanda
2712 720 2801 775 illa
2843 731 3133 793 praecepta,
3185 739 3205 774 ι
3252 734 3325 777 ne
3373 790 3380 795 .

137 834 248 890 haec
272 834 401 889 dicit
434 833 691 888 Dominus
713 832 856 886 Deus
881 828 947 884 ad
972 843 1066 883 eos
1090 844 1104 880 :
1134 825 1275 881 Ecce
1298 839 1398 896 ego
1422 824 1537 894 ipse
1552 821 1641 891 ju-

1767 828 1954 883 [nzeras
1975 812 2140 882 iudex
2186 812 2326 878 fieri,
2360 827 2430 868 ne
2452 812 2591 868 forte
2616 827 2723 868 non
2758 814 2932 883 possis
2958 814 3171 871 auferre
3212 815 3320 870 ini-

142 928 257 983 dico
286 926 425 981 inter
450 940 615 995 pecus
652 924 849 995 pingue
897 929 950 975 et
1003 917 1370 974 macilentum.
1426 915 1533 970 Pro
1576 926 1641 968 eo

1767 904 1981 972 |uitates
2012 902 2201 975 (Eccli.
2242 901 2380 973 vn);
2423 921 2443 957 ι
2476 910 2534 958 et
2567 902 2761 958 iterum
2788 920 2802 958 :
2858 920 2877 955 ι
2908 903 3119 996 Quanto
3148 903 3321 972 major

137 1019 275 1090 quod
310 994 567 1072 lateribus
594 1023 650 1071 et
691 1013 935 1090 humeris
972 1008 1357 1081 impingebatis
1382 1016 1438 1062 et
1465 1004 1643 1062 corni-

1767 1009 1827 1059 :s,
1859 1001 2009 1049 tanto
2042 994 2217 1064 magis
2256 1001 2309 1049 te
2339 994 2580 1059 humilia,
2612 1003 2668 1050 et
2693 994 2750 1050 in
2775 994 3065 1065 conspectu
3105 996 3319 1052 Domini

137 1083 235 1165 bus
261 1108 454 1163 vestris
480 1084 821 1161 ventilabatis
851 1101 1032 1157 omnia
1072 1094 1288 1154 infirma
1325 1108 1523 1168 pecora
1549 1095 1644 1150 do-

1768 1084 1989 1140 nvenies
2034 1085 2262 1156 gratiam
2297 1084 2484 1156 (Eccli.
2518 1084 2639 1158 ιιι);
2679 1104 2698 1139 ›
2756 1095 2814 1141 et
2857 1101 3113 1142 rursum:
3166 1105 3185 1139 ι
3214 1086 3324 1143 Du-

137 1213 233 1255 nec
252 1199 682 1268 dispergerentur
697 1193 861 1259 foras,
886 1189 1107 1248 salvabo
1127 1202 1343 1261 gregem
1367 1200 1567 1249 meum,
1590 1190 1647 1238 et
1747 1187 1866 1228 00m
1889 1182 1968 1268 _le
2017 1175 2433 1268 COIiSlitlifBPlilil.
2473 1191 2554 1268 ne
2598 1176 2849 1268 CieYeriS.
2878 1186 3017 1268 γεειο
3051 1179 3193 1233 inter
3229 1194 3325 1235 eos

140 1306 243 1345 ηοη
272 1264 375 1345 erit
402 1264 543 1342 υἶιηι
588 1287 643 1341 in
669 1285 932 1354 rapinam,
966 1291 1020 1338 ει
1037 1280 1289 1351 iudicabo
1315 1279 1457 1333 inter
1479 1290 1646 1348 pecus
1747 1264 1905 1354 quasi
1932 1279 2073 1318 unus
2099 1279 2165 1319 ex
2196 1264 2301 1320 illis
2331 1264 2523 1336 (Eccli.
2554 1266 2750 1338 χχχιι).
2782 1286 2801 1319 ι
2846 1267 3070 1324 Undeet
3094 1269 3327 1338 Aposto-

138 1386 191 1436 et
226 1395 408 1450 pecus.
457 1378 523 1433 Et
548 1353 818 1433 suscitabo
860 1388 1023 1445 super
1061 1388 1125 1429 ea
1155 1378 1428 1442 pastorem
1454 1381 1642 1432 unum,
1748 1353 1833 1450 ξιιε
1879 1353 2036 1423 quaSi
2063 1355 2344 1450 Ρξξτῖυίιιξη
2374 1364 2536 1450 {iique
2577 1355 2869 1450 Incultum“!
2916 1358 3057 1450 ίξιιετ
3083 1360 3324 1429 ίιίεοίβα·

138 1439 431 1541 qui'pascm
455 1485 540 1535 ea,
570 1482 788 1524 servum
810 1439 988 1521 mcu'm
1002 1439 1192 1529 David;
1220 1463 1335 1532 ipse
1357 1465 1540 1531 pascet
1559 1471 1644 1525 ea,
1744 1439 1831 1541 los
1846 1457 1969 1541 esse
1996 1460 2055 1541 se
2082 1446 2233 1541 dicit.
2283 1444 2554 1541 Quodque
2566 1448 2847 1519 sequitur:
2891 1467 2910 1502 ι
2939 1448 3048 1505 Lac
3073 1452 3327 1507 comede—

140 1534 193 1614 et
220 1534 332 1632 ipse
355 1560 461 1614 erit
498 1534 578 1613 eis
601 1559 655 1612 in
687 1565 982 1628 pastorem.
1017 1553 1131 1625 Ego
1167 1560 1347 1607 autem
1387 1549 1647 1605 Dominus
1744 1534 1891 1590 baiis
1926 1543 1981 1632 ei
2008 1536 2637 1632 ιθὲηίεῇορθιςίεῦεξίῖὶῖηῖ.)
2688 1554 2787 1632 per
2836 1541 3116 1616 μιτάφοραν
3143 1550 3329 1612 ρεεῑοο

140 1626 344 1705 διο-εἰς
370 1650 424 1704 in
461 1648 651 1713 Deum,
684 1626 741 1701 et
772 1659 962 1701 servus
988 1658 1142 1698 meus
1183 1639 1350 1696 David
1397 1638 1649 1711 princeps

1767 1640 1869 1680 mm
1893 1626 1961 1682 ad
1988 1628 2259 1699 principes
2286 1628 2543 1699 loquitur.
2595 1630 2674 1686 De
2703 1631 2898 1701 quibus
2917 1641 2971 1687 et
2993 1633 3047 1687 in
3076 1632 3182 1689 alio
3205 1633 3325 1690 loco

149 1736 201 1791 in
228 1736 402 1791 medio
425 1751 633 1792 eorum.
682 1733 792 1804 Ego
836 1730 1095 1788 Dominus
1139 1729 1351 1785 locutus
1396 1743 1534 1783 sum.
1582 1724 1650 1781 Et
1675 1799 1707 1804 Α
1752 1720 2011 1790 scriptum
2055 1729 2176 1776 est:
2235 1739 2255 1772 ι
2286 1719 2389 1788 Qui
2420 1723 2680 1777 devorant
2722 1722 2934 1793 plebem
2962 1737 3138 1804 meam
3187 1722 3329 1780 sicut

144 1825 333 1880 faciam
362 1841 486 1880 cum
514 1825 592 1880 eis
637 1799 851 1895 paetum
881 1821 1054 1892 pacis,
1105 1824 1162 1876 et
1186 1830 1407 1876 cessare
1446 1817 1641 1874 faciam
1673 1799 1717 1861 Β
1746 1823 1924 1866 escam
1954 1811 2109 1882 panis
2137 1808 2309 1901 (Ρεαξ.
2342 1811 2487 1884 χιιι).
2525 1830 2546 1865 ι
2574 1811 2633 1867 In
2661 1811 2822 1879 lacte,
2846 1802 3224 1884 omnes'dapes
3252 1814 3333 1870 in-

138 1916 334 1971 bestias
357 1917 617 1988 pessimas
639 1917 707 1969 de
736 1924 897 1970 terra.
942 1913 1010 1969 Et
1044 1913 1136 1983 qui
1182 1912 1432 1967 habitant
1476 1910 1648 1965 inde.
1752 1899 1931 1972 tellige
1975 1914 1990 1954 :
2043 1901 2096 1955 in
2126 1899 2285 1968 lanis,
2337 1901 2685 1972 multiplicem
2728 1901 2960 1957 vestium
2986 1902 3328 1958 varietatem.

142 2013 286 2060 serto
312 2006 488 2061 securi
517 2004 787 2060 dormient
816 2002 870 2057 in
892 2001 1149 2068 saltibus;
1177 2009 1232 2056 et
1250 2015 1447 2071 ponam
1473 2015 1568 2056 eos
1592 1999 1646 2054 in
1751 1988 1904 2058 ριιοίί
1930 2000 2107 2047 autem
2140 1991 2337 2048 dieilur
2366 2010 2379 2047 ε
2434 2010 2453 2047 ι
2488 1993 2557 2048 Et
2581 1992 2723 2065 quod
2761 2007 3006 2065 grassum
3035 2002 3155 2050 erat
3179 1995 3328 2050 occi-

141 2096 368 2150 circuitu
393 2095 545 2150 collis
573 2094 677 2149 mei
706 2093 1158 2157 benedictionem,
1190 2100 1244 2145 et
1265 2090 1524 2146 deducam
1555 2091 1650 2144 im-

1767 2083 1992 2156 lebatisi,
2031 2104 2050 2138 ι
2089 2085 2155 2141 de
2199 2085 2456 2142 divitibus
2498 2086 2680 2157 populi
2724 2086 2979 2158 loquitur,
3025 2101 3161 2156 quos
3202 2086 3333 2142 mali

142 2183 289 2238 brem
325 2183 377 2238 in
411 2191 649 2254 tempore
676 2198 794 2248 suo,
822 2181 1015 2253 pluvia:
1042 2180 1431 2236 benedictionis
1464 2187 1645 2235 erunt.
1750 2176 2020 2246 principes
2057 2177 2112 2231 in
2137 2177 2383 2232 ecclesiis
2410 2175 2663 2249 iugulare
2709 2186 3023 2245 narrantur,
3076 2178 3205 2232 dum
3248 2177 3331 2232 eis

138 2271 205 2328 Et
229 2273 373 2328 dabit
392 2272 597 2343 lignum
620 2272 735 2343 agri
762 2270 996 2325 fructum
1033 2284 1215 2335 suum,
1250 2277 1305 2326 et
1330 2278 1475 2325 terra
1499 2267 1652 2349 dabit
1751 2267 2064 2336 praedicant,
2100 2275 2156 2322 et
2191 2267 2320 2322 vitia
2342 2279 2529 2323 eorum
2556 2267 2840 2337 increpare
2867 2282 2974 2323 non
3000 2267 3237 2333 audent;
3265 2265 3334 2322 de

142 2379 359 2435 germen
385 2379 539 2419 suum
566 2372 623 2417 et
642 2372 803 2419 erunt
828 2364 883 2418 in
910 2371 1057 2418 terra
1091 2375 1188 2417 sua
1208 2361 1411 2431 absque
1433 2362 1647 2418 timore.
1752 2357 1946 2427 quibus
1970 2366 2027 2412 et
2044 2357 2304 2428 propheta
2333 2358 2498 2413 dicit:
2533 2374 2554 2409 ι
2583 2356 2818 2429 P0pulus
2834 2371 3007 2420 meus,
3035 2357 3125 2427 qui
3144 2358 3333 2412 beatos

139 2454 204 2509 Et
241 2455 413 2511 scient
450 2454 576 2526 quia
619 2469 720 2525 ego
749 2453 1009 2511 Dominus
1032 2469 1157 2509 cum
1199 2454 1506 2510 contrivero
1553 2467 1650 2509 ca-

1767 2459 1847 2502 ros
1875 2446 2078 2511 dicunt,
2109 2445 2373 2501 seducunt
2395 2458 2511 2510 vos,
2539 2454 2596 2501 et
2636 2445 2884 2502 semitam
2909 2446 3105 2516 pedum
3131 2456 3336 2502 vestro-

144 2555 294 2602 tenas
325 2547 439 2618 jugi
464 2561 673 2612 eorum,
710 2554 766 2601 et
791 2561 984 2602 eruero
1026 2560 1120 2602 eos
1160 2543 1229 2601 de
1268 2560 1430 2601 manu
1478 2543 1648 2615 impe-
1752 2530 1874 2591 τυιῖι
1904 2536 2249 2606 ευρρῑὲηῑθηι
2294 2530 2439 2608 (Ῐδαί
2466 2533 2572 2608 1³)·
2612 2553 2632 2590 ³
2690 2536 2766 2591 De
2793 2537 2988 2606 Ἶυίδυε
3009 2545 3068 2591 ει
3104 2535 3336 2593 Ῐθοοδιιε

143 2637 373 2692 rantium
402 2638 527 2692 sibi.
581 2636 649 2692 Et
676 2653 783 2694 non
815 2645 976 2692 erunt
1001 2637 1138 2691 ultra
1168 2636 1224 2692 in
1250 2636 1492 2708 rapinam
1519 2651 1650 2708 gen-

1767 2625 1988 2696 oquitur
2014 2626 2221 2699 (Iacob.
2258 2625 2320 2699 ιι)
2353 2644 2368 2681 :
2419 2626 2573 2696 Quod
2602 2641 2723 2682 cum
2759 2627 2985 2699 ingressi
3033 2625 3236 2684 fuerint
3264 2626 3334 2683 ad

143 2725 304 2791 tibus,
334 2734 510 2795 neque
537 2726 723 2781 bestia}
751 2733 906 2782 terra;
929 2726 1266 2782 devci-abun:
1289 2741 1402 2791 eos,
1432 2729 1529 2783 sed
1554 2728 1652 2782 ha-
1754 2732 1848 2773 EOS
1868 2718 2117 2788 pretiosis
2133 2717 2450 2774 circumdati
2470 2719 2710 2775 vestibus
2729 2727 2785 2775 et
2807 2719 3005 2776 annulo
3028 2735 3214 2787 aureo,
3242 2721 3336 2776 i10-

143 2814 387 2868 bitabunt
416 2814 749 2871 confidenter
795 2816 1001 2885 absque
1028 2816 1138 2872 ullo
1170 2825 1396 2874 terrore.
1437 2816 1504 2873 Et
1528 2832 1654 2873 sus-

1767 2817 2016 2864 norantur
2044 2811 2112 2865 ab
2144 2811 2244 2865 eis.
2277 2809 2346 2865 Et
2378 2809 2581 2865 sanctis
2611 2812 2935 2882 pauperibus
2974 2811 3172 2871 dicitur
3203 2828 3216 2867 :
3251 2812 3334 2868 Tu

143 2906 318 2961 citabo
357 2906 437 2962 eis
463 2922 683 2978 germen
720 2907 1076 2970 nominatum,
1108 2916 1163 2963 et
1191 2924 1298 2964 non
1327 2916 1487 2964 erunt
1511 2908 1653 2965 ultra
1755 2912 1885 2955 “8P0
1906 2900 2033 2956 Sﬁde
2056 2899 2110 2954 ίῐι
2131 2899 2384 2967 scabello.
2408 2901 2522 2956 Sive
2542 2899 2596 2955 in
2621 2908 2783 2968 ῑθιτδν
2817 2910 2910 2958 τιυὶ
2933 2911 3037 2958 δίει
3069 2903 3161 2959 Ῐειί
3186 2904 3332 2973 τιιιοά

146 2994 411 3049 imminuti
442 2998 581 3054 fame
610 3000 664 3054 in
686 3008 852 3064 terra,
888 3013 1063 3069 neque
1080 3000 1372 3069 portabunt
1391 3000 1531 3055 ultra
1560 3014 1657 3071 op.
1756 2987 2030 3044 infirmum
2067 2998 2183 3056 est,
2225 3005 2334 3046 non
2367 2993 2674 3049 confortant
2706 2993 2822 3049 sive
2854 2995 3229 3062 consolidant;
3279 3004 3337 3052 et

143 3087 360 3156 probria
417 3086 677 3158 gentium.
726 3085 795 3141 Et
840 3091 1013 3142 scient
1072 3091 1199 3157 quia
1244 3106 1344 3163 ego
1395 3089 1654 3147 Dominus
1682 3142 1724 3166 Α
1757 3077 1957 3136 Paulus
1978 3079 2215 3150 loquitur
2241 3097 2255 3137 :
2285 3098 2306 3133 ι
2339 3080 2608 3154 Suscipite
2636 3082 2880 3166 inﬁrmos
2906 3083 2958 3156 (I
2990 3082 3167 3138 Thess.
3195 3083 3281 3155 v);
3307 3102 3328 3136 ι

143 3142 284 3230 Deus
313 3142 501 3230 eorum
531 3186 654 3231 cum
684 3173 764 3230 eis
802 3181 857 3229 et
886 3174 989 3245 ipsi
1019 3142 1655 3246 poiﬁﬁis'iieig'dBQJ.
1680 3142 1725 3205 δ
1756 3177 1811 3223 et
1838 3184 1851 3222 :
1899 3186 1918 3221 ι
1955 3142 2233 3225 Infirmum
2263 3172 2318 3225 in
2358 3171 2463 3226 fide
2497 3142 2763 3226 assumite
2800 3142 2972 3242 (Rom.
3003 3170 3137 3242 xxv).
3172 3190 3192 3224 ι
3228 3142 3335 3226 iit:
3382 3183 3390 3190 '

148 3265 334 3330 Israel,
368 3266 445 3319 ait
480 3263 739 3319 Dominus
785 3264 947 3319 Deus.
972 3262 1080 3320 Vos
1114 3271 1294 3319 autem
1329 3279 1519 3337 greges
1548 3264 1653 3322 mei
1759 3277 1778 3312 ι
1815 3258 1964 3315 Multi
1991 3259 2133 3315 inter
2151 3275 2248 3317 vos
2274 3261 2471 3317 infirmi
2499 3268 2556 3317 et
2584 3271 2904 3333 aegrotantes
2932 3261 2986 3335 (1
3022 3261 3145 3318 Cor.
3177 3263 3279 3336 χι).
3310 3283 3331 3316 ι

145 3362 335 3425 greges
356 3366 572 3424 pascuae
598 3368 731 3408 mea:
753 3354 1001 3409 homines
1022 3354 1172 3420 estis,
1203 3362 1259 3409 et
1278 3370 1379 3426 ego
1400 3354 1656 3411 Dominus
1752 3349 1835 3404 Ad
1852 3365 1987 3420 quos
2014 3350 2246 3406 mittitur
2275 3364 2453 3408 sermo
2479 3352 2712 3418 divinus,
2745 3352 2811 3409 de
2839 3368 2945 3424 quo
2966 3353 3229 3424 scriptum
3255 3361 3342 3410 est

144 3437 287 3498 Deus
311 3452 511 3509 vester,
538 3442 668 3499 dicit
692 3441 951 3498 Dominus
979 3442 1137 3498 Deus.
1172 3461 1191 3495 ι
1229 3442 1499 3515 (Ηίενοη.)
1526 3443 1656 3500 Post
1754 3438 1811 3496 in
1840 3439 2069 3497 Psalmis
2100 3460 2114 3496 :
2151 3459 2172 3495 ι
2200 3441 2344 3497 Misit
2376 3443 2600 3499 verbum
2627 3458 2782 3499 suum
2814 3453 2869 3500 et
2903 3445 3113 3501 sanavit
3138 3460 3254 3511 eos,
3284 3455 3342 3500 et

99 3541 289 3603 raptam
305 3530 602 3588 Jerusalem
623 3540 908 3603 postquam
932 3533 1345 3588 adnuntiavitin
1363 3532 1654 3606 Babylone,
1752 3530 1953 3601 eripuit
1987 3546 2081 3588 eos
2126 3532 2194 3587 de
2244 3533 2679 3604 corruptionibus
2726 3549 2911 3591 eorum
2941 3532 3111 3608 (Psal.
3144 3534 3274 3605 cvi).
3311 3553 3333 3585 ι

99 3620 168 3690 ιιιὶ
196 3620 409 3691 fugerat
448 3621 658 3677 locutus
681 3630 766 3677 est
789 3622 854 3677 de
878 3620 963 3677 his
992 3622 1083 3692 qui
1113 3623 1427 3678 habitabant
1448 3623 1504 3677 in
1550 3624 1659 3677 rui-
1760 3639 1782 3671 ι
1812 3622 1881 3674 Et
1901 3622 2042 3688 quod
2064 3621 2291 3677 fractum
2312 3634 2412 3683 est,
2444 3625 2539 3687 ait,
2560 3641 2666 3677 non
2688 3625 2927 3694 alligant,
2956 3643 2975 3675 ι
2997 3638 3336 3695 nequaquam

99 3713 229 3767 rosis
252 3712 568 3777 Jerusalem,
616 3720 674 3768 et
701 3713 894 3769 deinde
921 3714 988 3768 ad
1013 3728 1106 3770 eos
1132 3714 1225 3784 qui
1261 3712 1314 3769 in
1345 3712 1658 3784 captivitate
1755 3707 2003 3763 mortalia
2031 3707 2088 3762 in
2118 3708 2329 3781 populis
2347 3710 2750 3768 considerantes
2771 3713 3012 3781 vulnera,
3039 3714 3214 3785 qualis
3251 3724 3337 3772 est

99 3802 240 3855 ιοεῑιί
291 3801 638 3857 nihilominus
668 3803 1087 3872 perseverabant
1131 3804 1185 3858 in
1216 3800 1480 3873 nequitia,
1527 3802 1659 3859 Pro-
1758 3797 1989 3864 adulter,
2013 3796 2305 3867 homicida,
2330 3799 2656 3872 sacrilegus;
2688 3812 2742 3857 et
2765 3805 2907 3872 quod
2932 3802 3197 3873 abiectum
3226 3814 3333 3872 est,

99 3891 256 3945 theta:
281 3891 445 3945 verba
486 3891 671 3944 audire
699 3890 962 3945 nolentes.
1009 3889 1164 3948 Nunc
1194 3894 1262 3947 ad
1285 3901 1561 3965 pastores,
1604 3893 1659 3948 id
1757 3888 1874 3944 Sive
1897 3888 2039 3959 quod
2073 3903 2259 3945 errare
2297 3891 2531 3946 viderint
2556 3908 2661 3949 non
2690 3894 2973 3962 reducunt,
3023 3898 3339 3967 permitten-

99 3987 164 4032 :st
203 3978 273 4033 ad
322 3977 601 4046 Principes
649 3991 952 4033 sermonem
997 3980 1199 4053 dirigit,
1255 3996 1487 4052 quorum
1527 3983 1661 4038 vitio
1757 3988 1962 4036 teseos
2007 3979 2077 4035 ab
2114 3980 2383 4037 haereticis
2411 3983 2605 4053 decipi.
2650 3984 2715 4038 Et
2760 3986 2903 4055 quod
2959 3989 3182 4056 perierit
3227 4006 3336 4045 non

99 4083 231 4134 wes,
263 4067 318 4122 id
355 4075 440 4122 est
463 4066 646 4138 populi
676 4066 915 4137 dissipati
945 4076 1090 4123 sunt.
1146 4069 1215 4122 Et
1238 4070 1340 4124 hoc
1366 4072 1660 4127 notandum
1759 4068 2058 4139 requirunt,
2083 4084 2188 4125 non
2215 4078 2322 4124 tam
2345 4071 2584 4140 perditos
2611 4072 2820 4129 salvare
2846 4077 3144 4145 cupientes,
3175 4091 3337 4147 quam

99 4158 224 4226 μιοά
248 4173 278 4211 a
309 4155 625 4212 duodecimo
647 4171 810 4222 anno,
840 4156 1048 4212 decimo
1072 4172 1278 4225 mense,
1301 4160 1490 4229 quinta
1510 4176 1661 4217 meno
1759 4172 1875 4224 eos,
1902 4158 1994 4229 qui
2020 4165 2147 4214 sunt
2168 4157 2224 4213 in
2244 4159 2485 4217 ecclesiis
2521 4161 2803 4227 devorare,
2834 4164 2926 4218 sed
2954 4180 3075 4219 cum
3104 4167 3339 4221 austeri-

99 4247 155 4301 .is
185 4246 678 4317 transmigrationis
725 4246 840 4303 sive
879 4248 1206 4318 captivitatis
1254 4248 1555 4317 Jechonize,
1606 4259 1665 4307 et
1761 4254 1872 4301 tale
1898 4247 2226 4316 imperantes
2259 4249 2341 4305 eis
2366 4257 2578 4305 etcum
2626 4244 2888 4322 potentia.
2940 4253 3093 4321 Quod
3120 4256 3341 4327 proprie

99 4336 171 4407 [ui
194 4350 321 4390 cum
363 4349 429 4390 eo
450 4336 592 4405 capti
628 4334 845 4390 fuerant
869 4351 1042 4407 usque
1069 4336 1136 4391 ad
1163 4338 1476 4394 vicesimum
1506 4339 1664 4409 quin-
1762 4335 1831 4389 ad
1850 4335 2192 4405 supercilium
2230 4338 2603 4409 episcoporum
2634 4341 2867 4410 pertinet
2894 4361 2907 4397 :
2940 4360 3126 4401 eorum
3153 4346 3342 4402 videli-

100 4443 195 4482 um
225 4442 450 4493 annum,
500 4429 715 4498 quando
748 4443 910 4499 super
938 4438 1174 4486 montem
1216 4433 1367 4488 urbis
1386 4433 1662 4490 aediﬁcata;
1685 4488 1736 4505 ﬁ
1763 4434 1852 4481 cet
1880 4426 1973 4495 qui
2008 4427 2263 4497 operibus
2285 4429 2610 4485 dedecorant
2655 4434 2889 4489 nominis
2915 4435 3249 4505 dignitatem,
3282 4447 3341 4493 et

101 4518 342 4588 emplum
388 4488 688 4573 exstruitur
710 4525 765 4573 et
802 4488 1139 4576 incredibilia
1186 4522 1432 4578 ecclesia:
1479 4537 1662 4578 sacra-
1685 4488 1741 4551 D
1764 4530 1863 4586 pro
1889 4516 2188 4572 humilitate
2214 4517 2503 4573 adsumunt
2531 4522 2858 4590 superbiam,
2890 4532 2950 4577 ut
2971 4488 3250 4581 "honorem
3279 4542 3340 4582 se

99 4618 265 4662 nenta
290 4608 619 4678 panduntur,
648 4608 823 4664 nullus
847 4609 902 4663 in
942 4611 1120 4666 medio
1146 4625 1319 4667 annus
1352 4613 1665 4683 nullumque

100 4714 300 4768 empus
326 4706 412 4755 est
443 4699 679 4768 positum
699 4737 715 4763 ,
737 4699 830 4754 sed
855 4698 1171 4769 simpliciter
1196 4702 1396 4757 dicitur
1427 4721 1441 4756 :
1489 4702 1665 4759 factus

99 4801 165 4846 :st
188 4805 372 4845 sermo
395 4790 605 4846 Domini
626 4790 694 4844 ad
718 4804 804 4844 me
817 4790 1147 4845 dicenstili
1163 4792 1423 4859 hominis,
1445 4792 1665 4864 loquere

99 4882 149 4936 td
177 4880 302 4936 illas
330 4889 388 4937 et
411 4881 479 4936 ad
518 4880 669 4945 illos,
706 4889 767 4935 ut
804 4881 1104 4953 intelligere
1141 4883 1433 4939 debeamus
1460 4885 1662 4951 omnia,

99 4987 202 5041 [use
220 4972 717 5042 legunturi5annis
727 4972 956 5029 diversis
976 4974 1119 5029 dicta
1137 4974 1490 5045 temporibus,
1514 4982 1570 5030 et
1588 4984 1669 5031 ta-

99 5078 209 5119 nen
245 5072 397 5119 certa
423 5065 565 5122 inter
586 5082 645 5121 se
668 5068 842 5136 spatia
872 5076 1174 5139 temporum
1203 5086 1311 5126 non
1336 5070 1556 5126 habere.
1586 5069 1668 5124 Ad

99 5162 336 5209 iastores
355 5164 532 5210 autem
552 5155 716 5211 isracl
738 5172 918 5212 sermo
948 5158 1215 5229 dirigitur,
1247 5174 1383 5230 quos
1401 5160 1485 5215 vel
1511 5174 1667 5231 reges

99 5251 138 5297 :t
159 5242 461 5312 principes,
478 5244 683 5300 scribas
696 5257 751 5301 et
764 5246 1063 5305 Pharismos
1083 5265 1146 5304 ac
1166 5250 1667 5321 magistrosJudaici

99 5335 269 5404 iupuli
297 5335 557 5391 debemus
582 5337 847 5407 accipere.
875 5337 968 5393 Vel
993 5349 1143 5395 certe
1172 5340 1225 5394 in
1245 5342 1555 5413 evangelico
1573 5356 1669 5413 po-

99 5424 211 5479 pulo
255 5424 572 5495 Episcopos,
601 5426 952 5498 Presbyteros
979 5436 1035 5483 et
1068 5428 1332 5486 Diaconos
1360 5447 1373 5482 :
1405 5440 1499 5486 aut
1514 5433 1669 5502 juxta

100 5515 350 5585 nysticos
375 5514 675 5570 intellectus
703 5517 922 5585 angelos
942 5514 1269 5587 singularum
1297 5519 1666 5587 ecclesiarum,

99 5604 155 5658 ιιι
182 5619 326 5673 quos
349 5604 538 5661 scribit
559 5603 795 5660 Joannes
843 5605 898 5660 in
923 5604 1245 5676 Apocalypsi
1272 5621 1370 5662 sua
1418 5608 1601 5679 (Apoc.
1627 5627 1666 5674 ι,

100 5707 148 5757 ιι,
178 5693 290 5765 ιιι),
319 5704 375 5751 et
403 5708 633 5766 quorum
657 5693 832 5766 angeli
857 5695 1099 5763 quotidie
1127 5695 1313 5752 vident
1333 5694 1522 5753 faciem
1551 5699 1664 5754 Dei.

494 5786 770 5845 PATBOL.
819 5782 955 5845 CX.

1762 4614 1952 4678 putent
1975 4617 2313 4673 consecutos,
2354 4624 2458 4665 non
2489 4624 2644 4676 onus,
2683 4620 2739 4668 et
2767 4628 3115 4686 quoscunque
3150 4617 3205 4671 in
3243 4632 3338 4673 ec-

1765 4697 1929 4753 clesia
1965 4698 2198 4754 viderint
2241 4709 2635 4769 praeponentes,
2670 4711 2727 4757 et
2766 4703 2858 4759 Dei
2902 4705 3103 4762 habere
3136 4723 3343 4765 sermo-

1766 4801 1914 4853 nem,
1971 4787 2277 4856 opprimere
2325 4789 2586 4844 nituntur.
2640 4790 2789 4847 Unde
2835 4793 2985 4861 juxta
3015 4794 3158 4851 LXX
3203 4799 3339 4852 scri-

1765 4888 1917 4949 ptum
1947 4886 2031 4933 est
2056 4895 2069 4931 :
2108 4895 2127 4929 ι
2157 4878 2226 4932 Et
2248 4880 2390 4949 quod
2418 4878 2556 4935 forte
2581 4891 2701 4937 erat
2727 4884 3060 4955 adfligebatis
3079 4887 3283 4944 labore.
3315 4909 3335 4941 ι

1768 4970 1838 5025 Et
1879 4970 2159 5041 dispersus
2184 4981 2269 5027 est
2298 4973 2526 5042 populus
2573 4973 2666 5029 Dei
2694 4975 2778 5031 vel
2816 4978 2962 5033 vitiis
2986 5018 3002 5045 ,
3033 4979 3120 5035 vel
3154 4994 3340 5037 errore

1769 5062 2025 5117 hzeretico
2053 5079 2068 5115 :
2100 5077 2168 5118 eo
2193 5063 2336 5133 quod
2365 5079 2471 5118 non
2515 5073 2657 5119 esset
2685 5075 2871 5135 pastor
2897 5066 3091 5135 bonus,
3125 5071 3217 5141 qui
3246 5086 3342 5142 po-

1767 5164 1924 5212 neret
1964 5157 2198 5212 animam
2226 5172 2378 5213 suam
2422 5164 2523 5229 pro
2559 5160 2750 5215 ovibus
2787 5157 2969 5231 (Joan.
2997 5160 3074 5232 x),
3107 5162 3200 5217 sed
3225 5178 3342 5218 om-

1769 5262 1869 5302 nes
1896 5247 2238 5312 mercenarii,
2264 5247 2355 5316 qui
2378 5247 2525 5303 lucra
2566 5256 2774 5303 tantum
2794 5249 2860 5304 de
2891 5251 3138 5322 gregibus
3165 5254 3342 5309 consi-

1770 5340 1979 5395 derant.
2027 5338 2094 5392 Et
2133 5352 2258 5394 cum
2285 5338 2467 5409 lupum
2510 5339 2762 5407 viderint,
2811 5340 3061 5412 fugiunt:
3110 5358 3340 5414 quorum

1770 5430 2092 5502 negligentia
2130 5445 2261 5502 grex
2307 5431 2519 5488 Domini
2562 5434 2852 5489 devoratur
2896 5448 2928 5491 a
2972 5435 3161 5492 bestiis
3201 5437 3336 5508 agri.

1770 5521 1847 5576 De
1878 5521 2072 5590 quibus
2100 5521 2356 5591 scriptum
2400 5529 2481 5577 est
2508 5542 2521 5576 :
2564 5542 2581 5573 ι
2613 5521 2847 5579 Posuisti
2877 5526 3144 5592 tenebras,
3172 5535 3227 5579 et
3254 5525 3338 5579 fa-

1768 5619 1854 5665 cta
1883 5618 1969 5665 est
1988 5624 2116 5673 nox,
2142 5608 2194 5662 in
2220 5609 2335 5677 ipsa
2348 5611 2749 5677 pertransibunt
2773 5627 2960 5668 omnes
2980 5614 3163 5669 bestiae
3182 5614 3293 5685 agri
3321 5631 3335 5669 :

1773 5700 1934 5755 catuli
1984 5698 2198 5755 leonum
2248 5698 2521 5770 rugientes
2567 5708 2627 5757 ut
2679 5702 2909 5773 capiant,
2941 5711 2997 5758 et
3029 5713 3273 5774 quaerant
3307 5720 3338 5759 a

2869 5797 2946 5855 27
