3916 6356
95 399 191 457 815

1009 397 1360 456 COMMENT.
1397 396 1466 454 IN
1498 393 1952 453 EZECHIELEM.
1992 425 2062 435 —
2101 395 2230 450 LIB.
2273 393 2384 449 Xll.

3230 395 3331 452 846

95 510 260 565 solum
288 509 356 564 ad
394 523 522 566 oves
546 517 602 564 et
642 523 856 580 capras,
900 509 993 563 sed
1033 509 1100 562 ad
1134 508 1332 562 arietes
1365 514 1422 561 et
1453 507 1654 570 hircos,
1685 511 1734 568 Α
1766 521 1785 555 ι
1819 503 1993 559 factus
2024 512 2106 559 est
2131 505 2184 559 in
2216 519 2347 574 pace
2389 505 2538 560 locus
2565 503 2680 573 ejus
2726 504 2897 577 (Psal.
2929 505 3130 579 Lxxv);
3166 527 3186 562 ι
3237 511 3352 565 sed.

93 601 178 671 qui
203 608 329 655 sunt
361 601 414 655 in
439 599 690 672 gregibus
729 599 1000 670 principes
1041 613 1056 653 :
1102 600 1296 668 quibus
1321 599 1398 652 ait
1427 615 1439 652 :
1470 598 1656 653 Nonne

93 691 238 746 vobis
285 691 416 745 satis
439 699 573 754 erat,
620 690 761 760 quod
806 690 962 744 bonis
999 688 1397 759 Scripturarum
1442 687 1658 758 pascuis

93 780 465 845 vescebamini,
515 780 608 836 sed
663 763 886 850 insuper:
911 779 1169 848 reliquias
1196 793 1519 848 paseuarum
1567 791 1660 832 ve-

93 882 323 928 strarum
358 870 749 927 eonculcabatis
789 870 1034 940 pedibus.
1080 869 1146 923 Et
1183 885 1306 924 cum
1336 883 1530 938 aquam
1555 868 1660 922 elo-

93 961 335 1031 quiorum
366 960 459 1014 Dei
502 959 842 1028 purissimam
892 958 1180 1024 biberetis,
1213 956 1449 1026 reliquas
1493 971 1660 1026 aquas

93 1051 310 1120 pedibus
335 1050 662 1114 turbabatis,
695 1059 755 1104 ut
797 1049 1021 1119 populus
1062 1063 1214 1103 meus
1253 1047 1600 1102 conculcatas
1627 1063 1657 1101 a

93 1140 236 1194 vobis
257 1155 482 1208 pascuas
505 1149 560 1194 et
580 1139 821 1194 turbidas
848 1153 1014 1208 aquas
1038 1139 1410 1201 manducaret,
1441 1147 1495 1194 et
1517 1138 1660 1192 bibe-

93 1241 187 1294 ret,
227 1239 282 1286 et
323 1240 506 1286 vestro
533 1231 681 1296 vitio,
707 1231 849 1300 quod
900 1246 995 1301 per
1020 1247 1078 1285 se
1128 1230 1329 1284 bonum
1359 1238 1499 1295 erat,
1540 1244 1660 1284 cor-

93 1333 300 1392 ruptum
323 1323 684 1392 violatumque
709 1323 1059 1392 susciperent.
1089 1321 1243 1389 Quod
1264 1330 1320 1378 et
1339 1337 1530 1377 omnes
1546 1320 1660 1391 qui-

91 1413 204 1466 dem
234 1413 470 1468 haeretici
505 1411 730 1477 faciunt,
776 1419 832 1465 ut
857 1419 1081 1480 carpant
1123 1412 1333 1481 eloquia
1360 1409 1660 1481 Scriptura-

91 1517 225 1565 rum,
256 1511 312 1556 et
332 1512 591 1571 quantum
629 1501 682 1554 in
707 1514 765 1554 se
791 1509 892 1563 est,
951 1498 1242 1554 maculent.
1287 1497 1395 1553 Sed
1418 1507 1473 1552 et
1495 1497 1658 1552 eccle-

91 1592 285 1646 siastici
310 1592 444 1656 viri,
501 1591 589 1660 qui
619 1592 923 1660 dogmatum
967 1605 1074 1643 non
1125 1588 1434 1644 custodiunt
1460 1587 1660 1642 verita-

91 1690 214 1745 tem,
260 1681 353 1735 sed
395 1682 460 1734 de
502 1695 600 1734 suo
647 1679 808 1734 corde
847 1678 1195 1748 conﬁngunt,
1237 1677 1658 1747 magistratuque

92 1771 287 1824 habent
310 1768 778 1839 przesumptionem
813 1781 983 1830 suam,
1015 1765 1176 1819 simili
1216 1780 1400 1820 errore
1428 1765 1655 1819 retinem-

91 1869 192 1913 Lur.
241 1858 342 1925 Qui
385 1872 505 1911 cum
534 1855 724 1926 populo
766 1853 1135 1924 persuaserint
1175 1856 1304 1907 vera
1347 1867 1486 1914 esse,
1535 1867 1655 1922 qua:
1685 1847 1730 1905 B

91 1948 310 2018 iuguut,
340 1956 395 2000 et
428 1947 479 1999 in
509 1943 824 1999 theatralem
855 1943 1071 1997 modum
1098 1942 1320 2013 plausus
1365 1943 1660 1998 concitave-

92 2039 188 2092 rint
227 2045 282 2092 et
319 2036 601 2100 clamores,
649 2034 992 2087 immemores
1028 2031 1164 2087 ﬁunt
1205 2031 1488 2102 imperitia!
1525 2045 1656 2096 suae,

91 2137 132 2182 at
175 2127 407 2182 adducto
432 2124 718 2195 supercilio
738 2162 753 2188 ,
785 2123 1102 2193 libratisque
1123 2123 1465 2178 sermonibus
1496 2129 1658 2190 atque

89 2219 376 2283 :rutiuatis,
399 2218 780 2287 magistrorum
827 2217 928 2271 sibi
955 2223 1235 2270 assumunt
1256 2214 1655 2269 auctoritatem.

89 2308 282 2380 :Greg.)
323 2309 532 2378 Aquam
573 2309 769 2378 quippe
811 2309 1240 2376 limpidissimam
1289 2314 1535 2376 pastores
1581 2305 1658 2361 bi-

89 2408 234 2465 bunt,
276 2415 395 2454 cum
444 2398 640 2452 ﬂuenta
684 2397 924 2451 veritatis
967 2407 1110 2451 recte
1133 2397 1491 2466 iutelligentes
1532 2395 1658 2449 hau-

89 2495 250 2558 riunt,
290 2493 385 2547 sed
410 2491 653 2547 eamdem
680 2505 873 2559 aquam
917 2489 1144 2559 pedibus
1189 2488 1527 2558 perturbare,
1574 2495 1658 2541 est

89 2593 280 2639 sancta:
324 2582 684 2638 meditationis
740 2581 913 2636 studia
965 2581 1103 2634 male
1147 2580 1378 2634 vivendo
1424 2592 1658 2632 corrum-

89 2691 231 2744 pere.
257 2675 467 2745 Aquam
509 2673 716 2728 scilicet
755 2687 940 2727 eorum
965 2673 1236 2724 turbatam
1274 2669 1500 2739 pedibus
1527 2682 1656 2722 oves

90 2768 269 2822 iibunt
301 2787 312 2820 :
344 2783 467 2821 cum
505 2765 731 2834 subjecti
774 2766 971 2834 quique
1018 2780 1121 2818 non
1169 2771 1446 2818 sectantur
1491 2763 1655 2817 verba

90 2876 201 2928 pun
231 2857 486 2912 audiunt:
535 2855 630 2911 sed
674 2871 737 2911 ea
783 2855 914 2920 sola,
965 2870 1083 2923 qua:
1111 2853 1449 2923 conspiciunt
1473 2867 1656 2906 exem-

90 2953 160 3019 ila
228 2951 510 3018 pravitatis
561 2950 888 3004 imitantur:
943 2947 1034 3017 qui
1088 2963 1208 3001 cum
1253 2946 1399 3000 dicta
1443 2945 1653 3009 sitiunt,

88 3054 201 3108 qua:
241 3053 336 3106 per
369 3053 528 3106 Opera
582 3046 985 3106 pervertuntur,
1037 3038 1191 3107 quasi
1236 3037 1504 3105 corruptis
1540 3035 1657 3090 fou-

88 3131 244 3195 Libus,
299 3129 351 3183 in
393 3129 608 3200 potibus
655 3127 822 3182 lutum
871 3139 1106 3184 sumunt.
1162 3129 1429 3200 (Hier-on.)
1464 3129 1652 3182 Videa-

88 3237 203 3276 ;uus
240 3221 402 3292 igitur
423 3263 438 3286 ,
471 3221 610 3290 quod
634 3222 703 3275 sit
724 3219 985 3288 judicium
1021 3221 1162 3274 inter
1198 3235 1364 3288 pecus
1389 3229 1444 3274 et
1469 3235 1652 3290 pecus,

87 3319 268 3380 atquo
290 3310 494 3381 judicio
521 3309 725 3380 judicet
754 3325 847 3363 eos
870 3309 1042 3364 bonus
1073 3318 1258 3379 pastor
1285 3317 1340 3364 et
1367 3309 1656 3379 verus,qui

87 3402 291 3471 iccepit
317 3416 475 3454 omne
507 3401 766 3470 judicium
799 3414 828 3451 a
859 3398 1037 3453 Patre.
1071 3418 1088 3449 (
1122 3399 1281 3463 Ecce,
1313 3399 1508 3469 inquit,
1545 3399 1657 3468 ipse

87 3504 176 3560 3go
209 3488 392 3557 judico
426 3489 566 3541 inter
594 3504 758 3558 pecus
793 3489 988 3558 pingue
1019 3497 1074 3542 et
1102 3489 1466 3554 macileulum,
1501 3507 1518 3538 ι
1545 3490 1658 3545 sive

88 3590 224 3637 mter
265 3579 402 3635 forte
431 3590 486 3634 et
533 3580 848 3634 inﬁrmum:
894 3578 1060 3633 fortes
1109 3579 1251 3633 enim
1296 3578 1554 3634 lateribus
1603 3587 1660 3634 et

88 3669 322 3724 numeris
337 3670 449 3723 suis
478 3669 780 3740 impingunt
805 3677 965 3736 atque
997 3668 1260 3722 collidunt
1279 3667 1488 3723 inﬁrma
1507 3681 1660 3736 peco-

88 3774 157 3824 ra,
184 3766 238 3813 et
263 3759 518 3814 cornibus
538 3759 820 3822 ventilant,
856 3759 1158 3814 nescientes
1191 3757 1247 3812 in
1303 3758 1420 3827 lege
1442 3764 1655 3811 taurum

87 3856 432 3917 cornupetam
490 3847 690 3902 debere
763 3849 963 3918 puniri.
1042 3848 1412 3918 lmpingebant
1478 3855 1656 3918 autem

87 3915 342 3991 lateribus
375 3945 429 3990 et
467 3937 722 3991 cornibus
765 3915 1137 4002 ventilabam,
1177 3915 1348 3992 donec
1387 3915 1660 4006 disperge-

87 4035 204 4080 rent
223 4034 276 4080 et
289 4024 545 4092 ejicerent
559 4039 688 4078 oves
704 4024 864 4078 foras.
882 4027 1144 4095 Superbia
1163 4029 1307 4082 enim
1325 4026 1591 4096 majorum
1605 4032 1660 4080 et

87 4099 494 4183 )rmpositorum
559 4113 843 4181 iniquitate
887 4096 1196 4181 frequenter
1258 4115 1530 4182 pelluntur
1591 4115 1659 4167 ab

87 4203 334 4266 ecclesia,
358 4210 417 4255 ut
438 4201 818 4271 disperguntur
839 4216 868 4255 a
885 4201 1112 4256 Domino
1125 4217 1258 4271 quos
1274 4203 1387 4272 ipse
1410 4202 1655 4256 salvavit.

87 4292 193 4348 Sed
220 4308 324 4346 non
344 4291 578 4346 dimittet
603 4308 698 4347 eos
740 4292 880 4346 ultra
922 4292 1183 4348 Dominus
1215 4294 1269 4347 in
1312 4291 1578 4362 rapinam,
1603 4300 1662 4347 et

88 4381 346 4440 :udieabit
387 4381 529 4435 inter
557 4397 722 4450 pecus
750 4391 804 4436 et
868 4397 1068 4452 pecus;
1119 4382 1396 4438 non.inter
1441 4382 1658 4437 nomina

88 4471 422 4541 liguitalum,
444 4471 856 4539 quibustument
876 4472 1169 4541 praepositi,
1195 4472 1460 4527 sedinter
1484 4471 1659 4526 homi-

88 4577 204 4615 ποίη
245 4571 302 4615 et
320 4561 787 4630 bomiuem,juxta
823 4563 875 4616 id
918 4563 1060 4632 quod
1100 4572 1328 4632 uterque
1364 4577 1552 4618 servus
1575 4571 1660 4616 est

87 4652 314 4706 Domini.
373 4652 521 4708 Tunc
541 4654 822 4708 suscitabit
866 4664 1136 4723 pastorem
1189 4669 1378 4718 unum,
1405 4654 1495 4723 qui
1529 4654 1659 4709 dicit

88 4761 130 4796 in
170 4743 461 4812 Evangelio
490 4760 502 4796 :
548 4761 566 4793 ι
609 4743 719 4813 Ego
745 4759 863 4798 sum
887 4753 1074 4812 pastor
1097 4745 1271 4799 bonus
1293 4744 1486 4814 (Joan.
1513 4745 1598 4814 χ),
1631 4763 1650 4798 ι

87 4849 300 4887 servum
321 4849 475 4888 suum
497 4832 666 4888 David
693 4835 985 4889 secundum
1008 4834 1083 4898 id,
1110 4835 1254 4903 quod
1285 4833 1514 4888 formam
1544 4848 1658 4894 ser-

87 4923 128 4976 vi
157 4923 409 4993 dignatus
455 4931 538 4978 est
585 4939 879 4979 assumere.
920 4923 1023 4991 Qui
1068 4925 1236 4979 David
1277 4924 1660 4993 interpretatur

87 5011 240 5066 fortis
273 5027 455 5066 manu.
499 5011 617 5082 Ipse
638 5022 821 5083 pascet
848 5030 962 5080 eos,
988 5023 1045 5070 et
1069 5014 1328 5068 Dominus
1359 5015 1463 5069 erit
1487 5015 1567 5070 eis
1601 5014 1660 5070 in

87 5101 284 5166 Deum;
300 5103 386 5157 vel
404 5103 544 5158 ﬁlius
559 5113 613 5159 et
631 5116 802 5173 pater,
828 5106 911 5161 vel
934 5115 1081 5161 certe
1096 5115 1284 5177 pastor
1291 5105 1445 5174 juxta
1459 5107 1668 5162 adsum-

87 5201 235 5261 ptam
265 5207 504 5248 carnem.
536 5195 798 5251 Dominus
826 5205 1007 5251 autem
1025 5205 1080 5251 et
1100 5197 1243 5252 Deus
1265 5197 1420 5266 juxta
1446 5196 1667 5251 verbum

87 5283 228 5352 quod
250 5293 367 5340 erat
393 5286 446 5339 in
470 5286 735 5356 principio
760 5287 898 5357 apud
930 5289 1117 5343 Deum.
1144 5287 1246 5354 Qui
1274 5287 1464 5352 David,
1501 5286 1666 5356 proﬁ-

87 5375 355 5430 cientibus
374 5376 668 5446 pecudibus
694 5377 747 5431 in
775 5378 1035 5433 rationale
1073 5379 1294 5446 animal,
1325 5391 1664 5447 nequaquam

87 5477 272 5537 pastor
323 5469 623 5535 vocabitur,
651 5469 746 5525 sed
787 5471 1036 5540 princeps
1073 5472 1127 5525 in
1169 5475 1346 5531 medio
1360 5490 1576 5540 eorum;
1599 5473 1664 5529 de

87 5570 200 5627 quo
225 5557 486 5628 scriptum
511 5565 594 5613 est
618 5575 631 5612 :
660 5575 679 5609 ι
712 5559 918 5614 Medius
943 5568 1181 5616 vestrum
1209 5571 1338 5630 stat,
1374 5578 1534 5632 quem
1570 5577 1665 5618 vos

87 5651 353 5719 ignoratis
395 5650 576 5722 (Joan.
617 5653 680 5723 ι),
712 5671 730 5704 ι
765 5651 916 5707 Tunc
942 5660 1108 5722 ponet
1155 5667 1279 5706 cum
1322 5655 1402 5708 eis
1445 5664 1664 5722 pactum

87 5738 264 5808 pacis,
299 5756 637 5814 nequaquam
688 5742 952 5800 bellorum
998 5751 1162 5814 atque
1209 5743 1514 5811 discordiae,
1537 5744 1661 5816 quia

1756 597 1906 666 pacis
1927 595 2145 660 Christi,
2170 613 2290 666 qua:
2318 605 2606 666 exsuperat
2631 611 2844 653 omnem
2869 613 3106 664 sensum,
3135 601 3228 668 qui
3250 599 3331 662 di~

1755 684 1866 740 cit:
1899 703 1919 735 ι
1955 685 2148 740 Pacem
2176 685 2443 742 meamdo
2471 685 2640 750 vobis,
2665 701 2853 755 pacem
2879 703 3056 743 meam
3086 687 3333 760 relinquo

1755 773 1909 828 vobis
1958 773 2147 845 (Joan.
2195 777 2348 846 xiv).
2393 793 2413 828 ι
2471 791 2490 825 ι
2551 774 2619 829 Ει
2659 790 2874 831 cessare
2925 776 3088 831 faciet
3130 777 3329 832 bestias

1755 867 2017 936 pessimas
2043 866 2111 921 de
2142 875 2305 932 terra,
2342 887 2361 919 ι
2392 865 2478 921 vel
2507 867 2636 922 vitia
2657 868 3106 936 perturbationes,
3137 869 3335 938 quibus

1756 957 1948 1028 anima:
1974 965 2239 1011 vexantur
2265 957 2535 1012 humanae.
2556 957 2639 1013 vel
2666 957 2988 1012 adversariae
3016 967 3336 1028 potestates,

1757 1065 1788 1103 a
1821 1048 2018 1119 quibus
2051 1050 2414 1118 impugantur.
2451 1067 2470 1100 ι
2504 1048 2572 1103 Ει
2603 1049 2696 1118 qui
2725 1049 2970 1103 habitant
3008 1049 3064 1103 in
3099 1047 3334 1112 deserto,

1757 1139 1933 1195 securi
1956 1139 2223 1194 dormient
2243 1138 2299 1192 in
2325 1137 2569 1194 saltibus.
2601 1138 2858 1193 Dominus
2899 1138 3041 1194 enim
3074 1135 3339 1192 revelabit

1757 1232 2026 1287 condensa
2072 1231 2349 1295 silvarum,
2379 1238 2437 1284 et
2482 1230 2535 1284 in
2563 1230 2759 1300 templo
2789 1229 2906 1297 ejus
2933 1242 3121 1284 omnes
3157 1228 3339 1283 dicent

1757 1322 2003 1394 gloriam.
2038 1319 2240 1388 Ejectis
2286 1327 2465 1374 autem
2510 1320 2716 1385 bestiis,
2754 1329 2810 1374 et
2849 1320 3064 1376 redacta
3106 1327 3253 1374 terra
3280 1317 3340 1374 in

1757 1412 2097 1467 solitudinem
2139 1411 2207 1465 ab
2245 1409 2547 1465 istiusmodi
2585 1411 2948 1465 animantibus
2987 1409 3162 1464 securi
3209 1409 3339 1464 dor-

1758 1505 1942 1566 mient,
1991 1510 2045 1557 et
2085 1500 2266 1556 dicent
2314 1518 2328 1556 :
2382 1521 2400 1552 ι
2435 1501 2692 1556 Dominus
2732 1501 3052 1556 illuminatio
3099 1515 3238 1567 mea,
3286 1508 3341 1556 et

1757 1593 1903 1648 salus
1925 1606 2064 1656 mea,
2087 1607 2248 1661 quem
2271 1591 2506 1647 timebo?
2533 1590 2704 1661 (Psal.
2733 1592 2881 1662 xxvi)
2915 1611 2933 1642 ›
2961 1599 3016 1645 et
3058 1598 3221 1660 ponet
3245 1605 3340 1648 eos

1757 1681 1848 1750 qui
1873 1681 2048 1736 securi
2083 1681 2351 1734 dormient
2375 1681 2429 1734 in
2469 1680 2694 1734 circuitu
2728 1681 2924 1735 montis
2954 1680 3036 1733 vel
3060 1680 3209 1735 collis
3231 1681 3338 1746 sui,

1758 1775 1813 1828 et
1843 1781 2007 1827 erunt
2030 1770 2354 1827 benedictio.
2391 1769 2542 1826 Tunc
2569 1771 2720 1826 dabit
2750 1771 2974 1826 imbrem
3011 1770 3065 1824 in
3097 1779 3342 1840 tempore

1758 1878 1856 1917 suo
1880 1872 1936 1918 et
1959 1864 2149 1933 pluvia:
2178 1862 2564 1918 benedictionis
2607 1869 2783 1927 erunt,
2830 1878 2966 1931 quas
3002 1862 3056 1916 iu
3086 1861 3340 1916 Deutero-

1756 1951 2422 2033 nomiiubeuedictionibus
2447 1950 2747 2021 pollicetur.
2789 1971 2806 2002 ι
2845 1951 2911 2004 Et
2940 1949 3109 2015 dabit,
3142 1950 3338 2019 inquit,

1756 2040 1956 2111 lignum
1977 2042 2120 2106 vitae,
2144 2041 2210 2096 de
2229 2056 2338 2111 quo
2361 2041 2412 2094 in
2433 2039 2629 2096 Genesi
2651 2041 2914 2111 scriptum
2934 2049 3017 2094 est
3041 2035 3192 2111 (Gen.
3218 2038 3338 2110 In);

1755 2132 2064 2203 lignumque
2097 2131 2392 2201 sapientiae,
2421 2132 2486 2186 de
2510 2145 2616 2201 quo
2645 2130 2874 2185 dicitur:
2911 2148 2929 2178 ι
2962 2129 3191 2200 Lignum
3217 2127 3341 2183 vitae

1755 2232 1838 2278 est
1855 2223 2103 2278 omnibus
2121 2223 2211 2292 qui
2229 2231 2510 2277 assumunt
2532 2237 2651 2277 eam
2675 2219 2857 2293 (Prov.
2878 2221 2980 2291 ιιι).
3015 2242 3032 2273 ι
3061 2221 3220 2274 Dabit
3245 2235 3340 2274 au-

1757 2318 1862 2367 tem
1892 2313 2124 2381 fructum
2152 2327 2305 2364 suum
2331 2327 2348 2365 :
2381 2311 2595 2380 quando
2620 2319 2674 2366 et
2695 2320 2835 2365 terra
2866 2311 3073 2365 dederit
3101 2309 3341 2374 fructum

1755 2416 1931 2466 suum,
1957 2401 2069 2455 sive
2097 2401 2239 2470 ligna
2260 2401 2567 2471 regionum,
2615 2409 2923 2456 sanctorum
2949 2399 3177 2469 plurima
3200 2397 3338 2456 mul-

1755 2491 1946 2546 titudo.
1983 2509 2001 2541 ι
2025 2491 2091 2544 Et
2121 2500 2265 2546 terra
2281 2490 2430 2545 dabit
2449 2505 2667 2561 germen
2692 2505 2866 2552 suum,
2891 2508 2909 2541 ι
2935 2507 2952 2540 ι
2979 2489 3178 2542 veritas
3195 2489 3339 2541 enim

1754 2583 1820 2638 de
1845 2591 1989 2637 terra
2007 2590 2128 2638 orta
2149 2590 2283 2637 est.»
2311 2601 2330 2633 ι
2358 2583 2425 2637 Ει
2445 2591 2602 2637 erunt
2616 2583 2668 2636 iu
2693 2591 2837 2637 terra
2850 2597 2945 2637 sua
2965 2582 3170 2650 absque
3188 2581 3341 2635 timo-

1756 2688 1832 2737 re,
1856 2692 1874 2723 ι
1893 2673 2004 2728 sive
2018 2673 2072 2727 in
2096 2688 2189 2743 spe
2205 2673 2355 2744 pacis
2373 2673 2426 2728 in
2452 2682 2594 2728 terra
2611 2673 2920 2736 viventium,
2942 2672 2996 2725 iu
3020 2681 3160 2725 terra
3187 2686 3313 2724 man
3339 2706 3343 2709 -

1750 2771 2059 2830 suetorum;
2089 2752 2155 2818 de
2183 2779 2291 2834 qua
2333 2763 2592 2834 scriptum
2619 2771 2702 2818 est
2729 2782 2741 2816 :
2772 2782 2789 2814 ι
2821 2761 2972 2816 Beati
3003 2761 3180 2826 mites,
3203 2775 3338 2830 quo-

1752 2853 1897 2906 niam
1917 2852 2018 2921 ipsi
2048 2852 2401 2922 possidebunt
2425 2860 2622 2907 terram
2654 2851 2868 2922 (Matth.
2890 2853 2982 2922 v);
3016 2870 3034 2903 ι
3067 2857 3123 2904 ut
3155 2864 3338 2903 rerum

1751 2943 1994 2997 omnium
2047 2942 2308 2999 felicitate
2353 2951 2704 3014 cognoscant,
2751 2942 2893 3012 quod
2941 2944 3056 3012 ipse
3113 2940 3183 2996 sit
3235 2938 3341 2994 Do-

1752 3033 1952 3100 minus,
2005 3035 2223 3105 quando
2280 3035 2600 3090 contriverit
2677 3044 2897 3089 catenas
2945 3033 3029 3088 vel
3073 3029 3338 3088 circulum

1755 3125 1990 3181 ferreum
2014 3125 2129 3196 jugi
2150 3141 2361 3191 eorum,
2407 3141 2512 3195 quo
2559 3126 2711 3194 quasi
2757 3125 3078 3195 gravissimo
3124 3135 3337 3192 preme-

1756 3215 1953 3270 bantur
2005 3215 2250 3285 imperio.
2283 3215 2350 3268 Et
2397 3230 2519 3269 cum
2544 3215 2750 3268 eruerit
2777 3228 2869 3268 eos
2895 3213 2961 3264 de
2981 3226 3144 3264 manu
3167 3209 3338 3278 impe-

1757 3307 2014 3371 rantium,
2034 3306 2147 3361 sive
2179 3305 2438 3360 servitute
2489 3303 2837 3374 adligentium
2863 3317 2956 3356 eos
2994 3319 3006 3331 ·
3037 3315 3224 3355 servus
3251 3305 3338 3352 est

1753 3398 1897 3452 enim
1919 3397 2290 3467 unusquisque
2338 3394 2454 3463 ejus
2498 3411 2528 3448 a
2551 3409 2656 3464 quo
2709 3392 2962 3447 vincitur.
2993 3410 3010 3443 ι
3047 3392 3113 3446 Et
3133 3407 3342 3461 nequa-

1752 3507 1916 3562 quam
1935 3500 2096 3545 erunt
2111 3489 2248 3544 ultra
2267 3489 2318 3543 in
2343 3489 2584 3557 rapinam
2597 3485 2942 3541 daemoniacis
2955 3483 3227 3554 gentibus,
3241 3498 3342 3540 nec

1755 3582 1944 3638 bestiae
1981 3590 2139 3636 terra:
2167 3580 2503 3635 devorabuut
2539 3593 2652 3643 eos,
2677 3597 2695 3628 ι
2727 3577 2792 3630 de
2821 3575 3016 3645 quibus
3053 3575 3292 3631 diximus
3321 3587 3342 3628 :

1761 3688 1780 3721 ι
1838 3671 1933 3725 sed
1966 3670 2282 3724 habitabuut
2319 3667 2653 3722 conﬁdenter
2675 3665 2878 3731 absque
2911 3665 3019 3715 ullo
3058 3673 3281 3727 terrore,
3311 3679 3337 3718 ι

1747 3757 1903 3828 juxta
1934 3770 2084 3810 suam
2104 3755 2338 3824 priorem
2353 3752 2766 3822 expositionem.
2793 3770 2811 3802 ι
2845 3749 2912 3804 Et
2936 3750 3228 3818 suscitabo,
3260 3751 3341 3807 in-

1757 3849 1895 3919 quit,
1911 3847 1991 3902 eis
2011 3860 2228 3917 germen
2247 3844 2580 3898 nominatum
2605 3864 2622 3894 ›
2645 3844 2758 3898 sive
2772 3842 3153 3913 plantatiouem
3168 3845 3337 3915 pacis,

1757 3955 1875 4010 qua:
1901 3937 2137 4006 loquitur
2177 3936 2231 3990 in
2257 3934 2548 4006 Evangelio
2595 3951 2609 3988 :
2657 3953 2674 3986 ι
2720 3935 2830 4004 Ego
2879 3951 2999 3989 sum
3041 3935 3168 3991 vitis
3209 3951 3341 3991 vera

1758 4033 1776 4101 (
1797 4029 1960 4084 Joau.
2000 4027 2129 4100 xv).
2162 4046 2179 4079 ι
2214 4044 2232 4076 ι
2268 4026 2334 4080 Et
2363 4041 2469 4080 non
2498 4033 2658 4080 erunt
2688 4024 2829 4078 ultra
2879 4024 3147 4079 imminuti
3199 4025 3342 4080 fame

1758 4119 1814 4174 in
1843 4127 2008 4172 terra.
2039 4137 2056 4170 ι
2089 4117 2230 4186 Ergo
2254 4115 2423 4170 fames
2447 4115 2501 4168 iu
2532 4115 2760 4170 terrenis
2786 4122 2872 4168 est
2899 4131 2913 4168 :
2948 4112 3117 4170 fames
3157 4123 3338 4168 autem

1759 4207 2009 4262 audiendi
2065 4221 2368 4261 sermonem
2399 4204 2515 4270 Dei,
2559 4219 2679 4274 qua:
2715 4204 2816 4259 sub
2845 4212 3066 4273 pastore
3108 4205 3252 4259 bono
3286 4213 3341 4258 et

1759 4297 2002 4368 germine
2026 4297 2305 4352 nominato
2334 4303 2496 4364 atque
2526 4295 2767 4350 omnium
2791 4310 3043 4350 sermone
3063 4295 3339 4350 celebrato

1757 4399 1814 4446 et
1841 4388 2172 4458 plantatione
2201 4387 2372 4457 pacis,
2400 4401 2741 4456 nequaquam
2763 4386 2867 4440 erit
2891 4386 2943 4440 iu
2973 4393 3137 4450 terra,
3161 4400 3338 4456 neque

1758 4480 1989 4549 amplius
2009 4478 2314 4550 opprobriis
2339 4478 2581 4548 gentium
2606 4475 2964 4546 subjaeebunt
2981 4516 2995 4542 ,
3019 4484 3078 4530 ut
3108 4476 3290 4530 dicant
3325 4495 3340 4530 :

1767 4589 1786 4622 ι
1826 4570 1928 4626 Ubi
1956 4578 2040 4626 est
2097 4568 2358 4624 Dominus
2386 4569 2528 4623 Deus
2575 4569 2798 4623 eorum?
2829 4587 2846 4616 ›
2883 4566 2950 4620 Et
2997 4559 3170 4621 scient
3220 4578 3345 4636 post

1762 4661 1878 4717 hare
1910 4661 2113 4726 omnia,
2141 4661 2284 4730 quod
2303 4676 2409 4716 non
2443 4659 2618 4714 solum
2647 4659 2757 4728 ipse
2787 4659 2858 4712 sit
2886 4658 3166 4722 Dominus,
3198 4661 3338 4727 quod

1761 4761 1816 4808 et
1863 4766 2026 4822 supra
2081 4764 2295 4820 quoque
2357 4750 2586 4812 dixerat,
2632 4748 2724 4802 sed
2772 4762 2894 4801 cum
2948 4746 3337 4807 additameuto,

1763 4842 1906 4911 quod
1934 4840 2195 4894 Dominus
2222 4838 2462 4893 omnium
2489 4836 2706 4907 preprie
2734 4837 2876 4890 Deus
2904 4849 3092 4890 eorum
3117 4835 3187 4888 sit
3213 4850 3338 4888 cum

1763 4933 1865 4996 eis,
1892 4931 1984 4999 qui
2017 4929 2146 4984 dicit
2175 4928 2230 4982 in
2252 4927 2544 4996 Evangelia
2567 4927 2632 4982 ad
2657 4925 2931 4996 apostolos
2961 4939 2976 4977 :
3016 4942 3034 4974 ι
3071 4923 3212 4978 Ecce
3239 4939 3339 4995 ego

1763 5026 2043 5080 vobiscum
2074 5037 2194 5079 sum
2223 5023 2434 5078 cunctis
2467 5021 2655 5079 diebus
2690 5037 2862 5090 usque
2900 5021 2968 5075 ad
2997 5035 3338 5074 consumma-

1769 5117 1971 5172 tionem
1999 5115 2180 5172 saeculi
2222 5112 2435 5182 (Matth.
2467 5117 2681 5184 xxvtu).
2719 5134 2737 5166 ι
2783 5113 2917 5168 Cum
2955 5120 3133 5166 autem
3176 5110 3340 5166 fuerit

1767 5209 1883 5281 ipse
1905 5208 2162 5264 Dominus
2188 5207 2330 5261 Deus
2361 5221 2574 5269 eorum,
2606 5213 2734 5259 tunc
2761 5211 2817 5256 et
2851 5203 2953 5273 ipsi
2975 5209 3137 5258 erunt
3163 5216 3338 5271 popu-

1765 5300 1851 5356 lus
1879 5299 2016 5369 ejus,
2059 5312 2164 5352 non
2202 5296 2450 5366 quilibet,
2479 5295 2572 5349 sed
2601 5294 2694 5364 qui
2737 5301 3050 5348 meruerunt
3079 5292 3336 5364 appellari

1768 5386 1962 5444 domus
1985 5385 2166 5442 Israel.
2200 5385 2279 5440 Ac
2303 5401 2371 5440 ne
2397 5391 2711 5456 putaremus
2741 5384 3015 5449 universa,
3047 5398 3166 5453 qua:
3195 5383 3337 5437 dicta

1769 5488 1896 5536 sunt
1923 5481 1990 5534 ad
2024 5486 2271 5550 pastores
2315 5485 2370 5531 et
2396 5491 2525 5532 oves
2572 5477 2864 5546 hireosque
2901 5485 2956 5532 et
2983 5477 3182 5530 arietes
3207 5490 3335 5544 per-

1770 5569 1962 5633 tinere,
1985 5568 2144 5623 solvit
2167 5568 2414 5636 aenigma,
2444 5567 2607 5620 immo
2631 5569 2930 5641 μετάφοραν,
2967 5575 3018 5621 et
3043 5565 3191 5635 ponit
3218 5581 3336 5618 ma-

1769 5656 2042 5722 nifestius,
2071 5656 2180 5713 Vos
2212 5665 2390 5711 autem
2413 5671 2542 5710 oves
2571 5671 2722 5719 mem,
2747 5663 2803 5710 et
2821 5671 2948 5710 oves
2974 5669 3183 5725 pascuae
3207 5667 3339 5707 mea:

1769 5748 2014 5804 homines
2048 5747 2201 5804 estis.
2227 5744 2416 5804 Omnis
2441 5745 2601 5815 igitur
2626 5760 2805 5801 sermo
2831 5745 3043 5802 divinus
3072 5744 3136 5798 de
3165 5742 3338 5798 homi-
