3916 6356
558 387 665 445 867

1223 390 1284 445 Β.
1326 391 1577 448 ΒΑΒΛΝΙ
1616 390 1832 449 MAURI
1868 391 2184 450 ARCHIEP.
2224 394 2533 454 MOGUNT.
2572 395 2862 456 OPERUM
2893 397 3075 454 PARS
3107 398 3171 456 ll.
3750 401 3835 456 8i!

556 499 720 557 nibus
736 508 838 557 est.
866 502 950 557 Ad
969 515 1105 571 quos
1126 502 1253 558 dicit
1276 521 1289 557 :
1312 522 1330 555 ε
1361 505 1472 575 Ego
1493 505 1752 561 Dominus
1773 505 1915 561 Deus
1935 516 2138 574 vester,
2169 512 2215 573 Λ
2243 507 2385 564 sicut
2412 509 2479 564 de
2515 508 2839 579 quibusdam
2872 508 2931 564 in
2956 517 3180 580 peccato
3206 524 3308 567 suo
3334 510 3732 567 morientibus
3754 526 3832 580 per

556 591 693 649 (ﬁcit
722 591 983 649 Dominus
1018 592 1180 649 Deus.
1224 614 1245 647 ι
1282 592 1511 667 lGreg.)
1553 594 1968 665 Nonnumquam
2011 610 2143 668 ergo
2236 597 2558 668 prophetam
2611 600 2814 655 dicitur
2859 616 2875 655 :

559 682 810 740 homines
831 684 963 740 dicit
988 699 1103 754 eos,
1135 700 1271 756 quos
1299 700 1328 739 a
1364 686 1556 742 bestiis
1584 688 1798 742 ratione
1834 686 2136 759 distinguit,

554 773 611 828 id
646 781 750 839 est,
778 789 914 844 quos
947 790 1055 830 non
1082 777 1240 831 atteri
1266 776 1478 831 bestiali
1507 777 1820 847 passionum
1850 784 2000 832 motu
2037 776 2136 833 de-

554 870 850 930 monstrat,
896 865 1094 934 quibus
1138 880 1237 935 per
1277 866 1598 935 prophetam
1644 866 1906 921 Dominus
1951 866 2128 922 dicit:

558 967 579 1002 c
621 949 733 1007 Vos
784 960 966 1007 autem
1019 969 1209 1026 greges
1253 970 1469 1026 pascua:
1520 970 1654 1010 meae
1702 956 1835 1011 estis
1886 956 2133 1013 homines

554 1041 774 1115 (Ezech.
802 1044 1013 1117 xxxiv.)
1046 1064 1065 1097 ι
1098 1045 1236 1114 Quia
1272 1046 1395 1101 illos
1435 1047 1691 1101 nimirum
1720 1045 1983 1101 Dominus
2006 1061 2132 1116 pas-

554 1133 651 1199 cit,
708 1149 847 1206 quos
900 1137 1148 1207 voluptas
1187 1138 1369 1193 carnis
1404 1138 1772 1209 jumentorum
1815 1152 1969 1193 more
2024 1152 2131 1192 non

552 1223 739 1280 aﬂicit.
776 1224 846 1280 At
867 1237 1054 1283 contra
1088 1228 1168 1293 hi,
1197 1230 1289 1299 qui
1319 1230 1523 1284 carnali
1567 1227 1852 1286 all‘ectione
1880 1244 2131 1284 succum-

550 1316 708 1384 bunt,
744 1332 851 1373 non
874 1317 989 1388 jam
1033 1320 1302 1387 homines,
1330 1322 1426 1376 sed
1462 1319 1712 1390 jumenta
1737 1322 2130 1387 nominantur;

2925 617 2947 654 ι
2984 598 3459 672 Computrucrunt
3484 601 3749 669 jumenta
3786 603 3827 657 in

2235 694 2480 744 stercore
2512 703 2613 743 suo
2643 686 2803 760 (Joel.
2829 688 2896 761 ι).
2933 707 2954 743 ι
2985 689 3239 747 Iumenta
3265 694 3478 763 quippe
3512 693 3572 746 in
3606 700 3827 749 stercus

2232 789 2333 831 suo
2369 787 2828 847 conuputrescere,
2872 789 2958 836 est
2992 780 3241 838 carnales
3277 783 3548 838 homines
3580 783 3643 838 in
3686 784 3826 840 {om

2234 866 2460 923 luxuriae
2501 869 2670 925 vitam
2712 869 2890 926 finire.
2924 870 3042 928 Non
3068 873 3213 927 enim
3254 890 3380 930 esse
3407 875 3708 939 hutnines,
3746 877 3819 931 sed

2229 954 2478 1025 jumenta
2501 957 2850 1014 declarantur
2874 977 2889 1014 :
2919 959 2986 1015 de
3018 961 3217 1030 quibus
3251 978 3352 1033 per
3380 965 3728 1033 prophetam
3758 965 3821 1018 ὥς

2236 1045 2422 1100 citur:
2457 1064 2476 1098 ι
2510 1044 2895 1117 Unusquisque
2935 1048 3004 1104 ad
3043 1064 3269 1104 uxorem
3310 1052 3569 1121 proximi
3600 1052 3692 1106 sui
3734 1053 3823 1106 his.

2231 1136 2414 1191 niebat
2452 1136 2586 1209 (Jer.
2613 1138 2705 1210 v);
2745 1156 2766 1193 ι
2795 1148 2852 1195 et
2876 1140 2943 1195 de
2979 1141 3173 1210 quibus
3202 1144 3483 1212 propheta
3514 1143 3669 1197 alius
3688 1144 3819 1198 dixit:

2237 1242 2256 1278 ι
2285 1225 2491 1283 Games
2509 1230 2784 1285 asinorum
2807 1246 3003 1286 carnes
3022 1246 3236 1299 eorum,
3276 1243 3338 1289 et
3359 1233 3597 1290 tlnxuse
3625 1251 3817 1304 quem

2231 1317 2407 1375 fluxus
2429 1336 2619 1377 eorum
2647 1322 2864 1394 (Ezech.
2894 1324 3038 1397 xm).
3082 1343 3104 1379 ι

550 1472 3819 1502 mm

1492 1574 1799 1651 LIBER
1870 1571 2325 1651 DECIMUS
2397 1570 2875 1649 TERTIUS.

612 1754 778 1813 Juxta
799 1757 960 1814 linem
1008 1756 1298 1813 anterioris
1315 1755 1440 1813 libri
1487 1756 1750 1814 Dominus
1769 1771 1868 1828 per
1891 1756 2131 1827 Prophe—
2158 1761 2205 1820 Β
2239 1773 2258 1807 ι
2294 1756 2390 1812 ibi.
2428 1756 2717 1827 Propterea
2751 1755 2872 1812 vivo
2910 1770 3032 1828 ego,
3059 1754 3194 1812 dicit
3224 1754 3508 1812 Dominus
3537 1756 3699 1819 Deus,
3719 1758 3812 1829 pi

544 1859 657 1906 tam
689 1859 938 1921 pastores
975 1849 1345 1906 lsraelitarum
1391 1850 1755 1922 reprehendit,
1779 1850 1923 1920 quod
1950 1850 2131 1906 minus

542 1948 726 1997 essent
751 1939 966 1995 solliciti
991 1942 1059 1996 de
1087 1941 1331 1997 custodia
1360 1942 1540 2014 gregis
1564 1942 1679 2006 Dei;
1702 1949 1759 1997 et
1772 1957 1868 2011 per
1886 1943 2132 1998 eamdem

545 2032 971 2088 admonitionem
1024 2041 1272 2103 pastores
1298 2042 1353 2089 et
1406 2042 1649 2091 rectores
1689 2034 1944 2089 Ecclesiae
1996 2034 2134 2088 vitu-

543 2132 721 2195 perat,
751 2125 893 2195 quod
917 2125 1284 2195 voluptatibus
1330 2126 1533 2191 smeuli,
1558 2135 1614 2181 et
1641 2126 1788 2181 curis
1820 2124 1979 2194 hujus
2007 2126 2133 2180 vita:

542 2216 733 2282 dediti,
754 2218 933 2273 minus
953 2217 1178 2273 solertes
1196 2219 1305 2273 sint
1324 2234 1453 2289 erga
1474 2233 1665 2274 curam
1700 2218 1882 2275 ovium
1905 2216 2129 2282 Christi,

539 2317 597 2361 et
622 2308 860 2387 regimen
909 2308 1145 2365 ﬁdelium
1191 2310 1496 2364 animarum
1554 2310 1657 2364 sibi
1693 2309 2128 2364 commissarum.

539 2393 694 2450 Nunc
724 2405 904 2451 autem
934 2397 989 2452 in
1010 2399 1185 2468 capite
1211 2397 1496 2468 praesentis
1541 2396 1687 2461 libri,
1715 2411 2019 2451 sermonem
2050 2396 2131 2449 in.

538 2487 865 2558 crepatiouis
879 2488 1162 2543 adversum
1176 2497 1411 2543 montem
1425 2487 1568 2554 Seir,
1584 2488 1687 2543 hoc
1699 2495 1803 2553 est,
1819 2486 2103 2541 ldummatn
2113 2525 2129 2553 ,

540 2580 640 2647 per
661 2578 980 2648 prophetam
1005 2579 1246 2643 mandat,
1278 2593 1344 2634 eo
1363 2578 1506 2648 quod
1532 2578 1759 2648 superbe
1780 2578 2018 2633 sentiens
2038 2577 2129 2632 de-

540 2669 720 2737 spexit
741 2666 993 2738 populum
1016 2666 1407 2735 lsraeliticum;
1432 2669 1646 2725 minans
1664 2669 1716 2724 ei
1739 2669 2016 2723 interitum
2042 2667 2126 2722 fu-

538 2762 745 2823 turum,
777 2773 879 2829 pro
911 2758 1135 2825 malitia,
1168 2774 1329 2831 quam
1376 2767 1655 2830 gesserant
1689 2774 1817 2831 erga
1851 2758 2129 2829 proximos

536 2863 699 2915 suos;
740 2850 1117 2920 promittitque
1165 2860 1289 2922 post
1326 2852 1443 2907 haec
1487 2851 1748 2907 Dominus
1795 2849 1992 2921 populo
2029 2863 2128 2905 suo

539 2939 997 2995 restaurationem
1034 2949 1091 2996 et
1125 2940 1497 2998 liberationem
1536 2942 1603 2997 de
1629 2941 1843 2997 cunctis
1880 2939 2127 2997 hostibus

536 3028 672 3083 suis.
697 3028 828 3097 Qua:
853 3031 1055 3096 omnia,
1084 3046 1190 3087 non
1219 3040 1428 3088 tantum
1441 3031 1596 3101 juxta
1623 3032 1905 3089 historiam
1924 3033 1992 3087 ad
2007 3031 2122 3102 ple-

2240 1864 2260 1899 ι
2306 1845 2497 1901 faciam
2513 1845 2666 1915 juxta
2692 1848 2826 1901 iram
2847 1855 3014 1912 tuam,
3040 1855 3098 1901 et
3117 1849 3431 1902 secundum
3465 1847 3653 1902 zelum
3674 1859 3810 1915 tuan,

2240 1954 2260 1991 ι
2301 1953 2461 2007 quem
2491 1938 2666 1993 fecisti
2698 1938 2824 1993 odio
2845 1937 3052 1993 habens
3070 1953 3185 2002 eos,
3217 1945 3273 1992 et
3299 1945 3481 1993 notus
3523 1938 3808 1995 eﬂiciartih

2237 2046 2257 2081 ι
2303 2043 2425 2083 cum
2457 2027 2774 2096 judicavero
2831 2036 2908 2093 te,
2939 2036 2996 2082 et
3042 2027 3186 2084 scies
3237 2028 3371 2098 quia
3405 2044 3520 2099 ego
3566 2028 3805 2083 Homines.

2240 2134 2261 2170 ι
2304 2117 2500 2172 Audivi
2530 2117 2783 2173 universa
2807 2117 3099 2187 opprobria
3147 2125 3265 2182 tua,
3291 2132 3425 2187 quae
3455 2117 3676 2173 locutus
3697 2120 3806 2173 θεά·

2237 2229 2257 2263 ι
2300 2211 2574 2266 montibus
2592 2210 2758 2266 lsrael
2781 2210 2966 2265 dicens
2990 2227 3005 2263 :
3032 2208 3244 2264 Deserti
3269 2210 3444 2264 nobis
3477 2211 3603 2265 dati
3629 2223 3741 2264 sunt
3760 2210 3806 2263 ad

2239 2321 2259 2355 ι
2303 2303 2692 2359 devorandum.
2720 2303 2789 2357 Et
2815 2302 3189 2358 insurrexistis
3212 2317 3383 2372 super
3411 2319 3514 2358 me
3539 2319 3637 2359 ore
3668 2315 3805 2356 vestra

2237 2412 2258 2447 ι
2295 2406 2350 2451 et
2364 2396 2673 2467 derogastis
2682 2397 2969 2451 adversum
2985 2410 3072 2449 me
3092 2412 3105 2448 :
3134 2395 3306 2450 verba
3318 2403 3521 2450 vestra
3534 2396 3803 2467 θεωθῶτὶ

2237 2501 2257 2536 ι
2297 2484 2423 2539 11ωο
2455 2485 2586 2540 dicit
2610 2485 2871 2540 Dominus
2911 2484 3054 2538 Deus
3081 2501 3094 2536 :
3127 2482 3379 2537 Lmtante
3408 2485 3675 2539 universa
3700 2495 3802 2536 ter-ra

2237 2594 2256 2629 ι
2301 2578 2354 2632 in
2378 2577 2723 2633 solitudinem
2750 2586 2804 2632 te
2830 2577 3096 2646 redigam,
3119 2575 3278 2630 sicuti
3312 2576 3558 2647 gavisus
3603 2592 3665 2632 es
3685 2590 3807 2644 ξορα

2236 2685 2257 2719 ι
2304 2667 2675 2723 haereditatem
2722 2667 2915 2721 domus
2954 2665 3117 2721 lsrael
3155 2680 3225 2720 eo
3262 2667 3422 2735 quod
3470 2665 3644 2721 fuerit

2235 2774 2258 2811 ι
2300 2766 2450 2827 pata,
2497 2756 2578 2812 sic
2620 2756 2816 2810 faciam
2849 2756 2967 2810 tibi.
2996 2756 3304 2825 Dissipatus
3331 2756 3473 2821 eris,
3508 2772 3670 2811 metu
3702 2755 3808 2815 Seis.

2236 2864 2255 2900 ι
2296 2855 2350 2901 et
2377 2847 2555 2902 omnis
2576 2846 2832 2901 Idumaea.
2883 2846 2951 2900 Et
2980 2846 3156 2901 scient
3209 2844 3341 2915 quia
3371 2860 3485 2916 ego
3513 2862 3639 2900 sum
3664 2844 3811 2899 Doni-

2236 2956 2255 2992 ι
2300 2953 2422 2995 nus.
2447 2957 2465 2989 ι
2495 2936 2767 3011 (Ηίθνοη.)
2791 2937 2924 2992 Illud
2947 2945 3149 3002 autem,
3173 2938 3323 3007 quod
3346 2939 3401 2991 in
3427 2937 3582 2993 LXX
3603 2936 3812 2992 adﬁnia

2228 3038 2347 3085 est:
2387 3046 2406 3082 (
2454 3029 2524 3084 Et
2546 3035 2955 3093 consumentur,
2981 3045 3001 3079 ι
3032 3028 3088 3083 in
3128 3026 3404 3087 llebraico
3434 3042 3549 3080 non
3592 3028 3810 3078 habetur.

531 3118 658 3174 hem
682 3119 915 3189 priorem
937 3129 991 3175 et
1012 3120 1145 3193 legis
1165 3130 1431 3193 tempora,
1461 3124 1554 3179 sed
1577 3124 1740 3178 etiam
1764 3123 1933 3179 multo
1950 3122 2125 3194 magis
2152 3138 2197 3202 ρ
2230 3122 2289 3178 Si
2318 3137 2532 3192 semper
2562 3122 2617 3177 in
2649 3122 2935 3193 prophetis
2973 3130 3117 3177 esset
3150 3132 3340 3172 sermo
3366 3116 3497 3182 Dei,
3533 3127 3589 3172 et
3609 3116 3736 3188 juge
3770 3119 3813 3171 in

532 3209 831 3264 secundum
860 3210 1169 3278 allegoriam
1201 3213 1272 3266 ad
1308 3222 1519 3283 tempus
1546 3215 1672 3269 novi
1702 3214 2037 3281 testamenti,
2075 3222 2131 3269 et
2227 3224 2447 3285 pectore
2500 3227 2689 3267 eorum
2746 3210 2973 3265 haberet
3022 3210 3350 3281 hospitium,
3390 3225 3659 3279 nunquam
3700 3224 3816 3263 cre-

534 3302 604 3356 ad
627 3300 880 3372 populum
901 3301 1270 3359 Christianum
1295 3305 1578 3359 transferri
1604 3313 1850 3376 possunt,
1888 3306 1980 3360 ubi
2007 3319 2129 3359 ma-

530 3388 731 3446 nifesta
759 3393 1004 3462 potentia
1031 3393 1127 3448 Dei
1154 3394 1207 3448 in
1231 3393 1607 3450 liberationem
1634 3396 1928 3452 electorum
1950 3395 2127 3451 clare-

532 3482 657 3548 scit,
699 3490 755 3536 et
792 3480 939 3551 juste
982 3482 1228 3557 [justum]
1266 3483 1531 3554 judicium
1571 3485 1691 3558 ejus
1717 3486 1773 3541 in
1809 3485 2127 3542 confusione

532 3571 770 3627 hostium
807 3573 1055 3643 patescit.

1102 3663 1332 3719 CAPUT
1358 3666 1575 3723 XXXV.

533 3751 721 3809 Sermo
750 3768 907 3823 super
926 3761 1154 3827 moutth
1184 3750 1320 3827 Seir,
1344 3753 1419 3827 de-
1450 3754 1753 3827 conditione
1787 3755 1924 3826 ejus,
1948 3771 2042 3827 pro
2063 3771 2124 3812 eo

884 3822 1024 3894 quod
1051 3822 1232 3894 afﬂixit
1261 3822 1511 3894 populum
1540 3824 1776 3879 Domini.

606 3933 716 3989 «Et
755 3930 932 3989 factus
958 3940 1045 3989 est
1094 3948 1274 3990 sermo
1318 3934 1530 3990 Domini
1556 3938 1623 3991 ad
1655 3951 1740 3992 me
1788 3937 2014 3994 dicens:
2048 3939 2121 3995 fili

541 4043 563 4078 ε
602 4024 1377 4097 bomiuis,ponefaciemtuam
1395 4029 1681 4083 adversum
1706 4038 1944 4085 montem
1976 4030 2117 4098 Scir,

531 4133 553 4168 ι
591 4125 647 4173 et
676 4117 1024 4189 prophetabis
1045 4118 1111 4173 de
1131 4132 1219 4183 eo,
1243 4126 1299 4173 et
1329 4118 1476 4173 dices
1498 4119 1597 4184 illi,
1629 4118 1757 4176 Hinc
1781 4121 1912 4175 dicit
1939 4121 2121 4177 Domi—

531 4227 553 4261 ι
599 4224 703 4265 nus
729 4209 871 4265 Deus
896 4227 908 4265 :
934 4209 1073 4265 Ecce
1098 4224 1201 4279 ego
1228 4210 1297 4265 ad
1320 4219 1389 4278 te,
1413 4226 1569 4266 mons
1593 4210 1734 4279 Seir,
1757 4221 1814 4267 et
1831 4214 2119 4268 extendam

528 4319 549 4352 ι
597 4316 818 4356 manum
846 4316 1025 4356 meam
1057 4316 1220 4372 super
1253 4309 1327 4367 te,
1354 4309 1410 4355 et
1448 4302 1589 4357 dabo
1622 4310 1673 4357 te
1711 4301 2011 4357 desolatum
2033 4311 2118 4358 at-

533 4410 553 4443 ι
595 4406 704 4460 que
734 4390 1029 4449 desertum.
1056 4390 1232 4446 Urbes
1255 4398 1377 4446 tuas
1401 4390 1683 4456 demoliar,
1705 4398 1763 4445 et
1787 4399 1846 4445 tu
1872 4393 2119 4447 desertus

2226 3305 2327 3361 bro
2366 3302 2620 3359 Ezechiel
2654 3308 2883 3373 poneret
2914 3319 2927 3355 :
2969 3318 2988 3352 ι
3029 3301 3098 3355 Et
3122 3300 3302 3355 factus
3327 3310 3417 3355 est
3438 3314 3599 3354 sermo
3628 3299 3814 3353 Domi-

2226 3395 2283 3451 ni
2298 3396 2367 3450 ad
2385 3408 2472 3448 me
2492 3393 2711 3458 dicens;
2748 3410 2768 3444 ι
2799 3392 2893 3447 sed
2910 3392 3035 3462 quia
3060 3393 3130 3447 ob
3155 3392 3466 3446 humanam
3485 3388 3816 3460 fragilium

2225 3494 2283 3542 et
2303 3487 2429 3542 vita:
2452 3483 2622 3552 hujus
2648 3483 3005 3539 necessitates
3024 3483 3298 3536 interdum
3326 3482 3623 3537 recedebat
3643 3482 3712 3534 ab
3732 3480 3810 3541 eis.

2223 3585 2513 3650 propterea
2540 3575 2777 3631 Joannes
2805 3574 3047 3643 Baptista
3074 3573 3317 3645 loquitur
3343 3587 3360 3626 :
3391 3591 3412 3624 ι
3451 3572 3562 3640 Qui
3584 3573 3727 3626 misit
3746 3585 3809 3624 me

2224 3669 2525 3739 baptizare,
2542 3668 2657 3737 ipse
2687 3666 2828 3722 dixit
2852 3665 3008 3729 mihi,
3037 3664 3215 3735 Super
3235 3679 3403 3734 quem
3434 3663 3649 3719 videris
3670 3662 3807 3733 Spi-

2226 3768 2339 3814 tum
2361 3764 2609 3813 sanctum
2633 3758 2685 3812 in
2710 3757 2891 3826 specie
2905 3755 3169 3812 columba:
3184 3754 3627 3811 descendentem
3651 3766 3703 3810 et
3720 3770 3804 3808 ua-

2223 3861 2441 3907 nentem
2456 3850 2509 3905 in
2525 3864 2612 3914 eo,
2629 3848 2743 3919 ipse
2768 3855 2854 3902 est
2875 3848 3060 3918 (Joan.
3087 3846 3149 3920 ι).
3176 3866 3195 3900 ι
3219 3846 3529 3917 Nunquam
3552 3849 3699 3902 enim
3716 3862 3804 3915 pre

2221 3942 2399 4012 prium
2425 3947 2570 3996 esset
2592 3939 2647 3994 in
2666 3938 2907 4003 Christo,
2930 3939 3076 4008 quod
3098 3937 3321 3993 additur
3346 3955 3363 3990 :
3389 3957 3408 3987 ‹
3441 3947 3506 3992 et
3532 3946 3801 3991 mandata

2222 4034 2276 4087 in
2294 4047 2379 4097 eo,
2400 4051 2419 4084 ι
2437 4033 2538 4088 nisi
2553 4033 2622 4089 ab
2636 4030 2759 4086 aliis
2774 4045 3160 4098 nonnunquam
3178 4029 3509 4084 recederet:
3528 4029 3752 4099 alioqui-
3766 4036 3802 4077 et

2221 4125 2290 4178 ad
2319 4124 2539 4194 Moysen
2561 4124 2800 4192 loquitur
2811 4123 2984 4177 Deus:
3005 4140 3024 4172 ι
3048 4119 3304 4175 Auferam
3324 4123 3394 4177 de
3417 4122 3648 4192 spiritu,
3672 4122 3747 4189 qui
3766 4123 3798 4170 ιι

2221 4223 2276 4267 te
2292 4222 2378 4268 est
2401 4231 2414 4266 :
2441 4213 2629 4283 (Num.
2655 4213 2769 4283 x1);
2799 4231 2818 4263 ι
2842 4227 3003 4282 quem
3023 4213 3209 4281 utique
3226 4227 3339 4267 non
3364 4214 3633 4277 haberet,
3655 4210 3797 4267 nise

2221 4318 2345 4359 eum
2364 4319 2393 4357 a
2416 4303 2644 4358 Domino
2665 4302 3057 4357 descendisset.
3081 4302 3271 4358 Omnis
3293 4312 3493 4357 autem
3521 4304 3795 4369 istiusm-

2221 4395 2320 4449 tuli
2346 4395 2630 4465 prophetia
2649 4402 2735 4451 est
2754 4403 2943 4451 contra
2973 4402 3215 4451 montem
3240 4392 3386 4459 Seir,
3420 4395 3671 4451 filiorum
3696 4396 3794 4447 vide

531 4500 552 4533 ι
597 4481 731 4547 eris,
787 4491 843 4537 et
863 4483 1002 4537 scies
1052 4482 1179 4551 quia
1208 4498 1310 4553 ego
1359 4483 1637 4545 Dominus,
1663 4496 1729 4536 eo
1754 4482 1898 4551 quod
1951 4481 2119 4537 fueris
2148 4498 2198 4559 ι)
2223 4488 2350 4543 licet
2374 4489 2515 4543 Esau
2535 4498 2590 4543 et
2611 4486 2914 4557 Edom,qui
2934 4485 3121 4541 Graca
3142 4494 3199 4541 et
3217 4493 3413 4542 nostra
3444 4487 3643 4558 lingua
3664 4486 3795 4555 md-

531 4589 552 4623 ι
598 4571 851 4627 inimicus
892 4572 1274 4642 sempiternus,
1321 4581 1377 4626 et
1416 4572 1748 4627 concluseris
1787 4571 1925 4626 filios
1956 4570 2118 4627 lsrael

531 4681 553 4716 ι
600 4663 654 4719 in
680 4679 874 4720 manus
902 4664 1063 4737 gladii
1092 4664 1147 4719 in
1195 4672 1439 4735 tempore
1488 4660 1795 4719 alllictionis
1835 4678 2023 4719 eorum
2064 4665 2117 4719 in

534 4772 555 4806 ι
600 4762 843 4825 tempore
869 4755 1171 4826 iniquitatis
1195 4765 1477 4811 extremae.
1514 4752 1810 4824 Propterea
1836 4753 1961 4808 vivo
1993 4769 2115 4825 ego,

533 4864 554 4897 ι
603 4846 735 4902 dicit
762 4846 1024 4902 Dominus
1048 4847 1209 4912 Deus,
1233 4848 1493 4918 quoniam
1522 4846 1773 4916 sanguini
1803 4846 2012 4901 tradam
2042 4856 2115 4910 te,

532 4954 552 4988 ι
595 4945 652 4992 et
672 4939 891 5009 sanguis
914 4947 965 4993 te
991 4947 1367 5007 persequetur.
1396 4938 1463 4992 Et
1488 4953 1613 4993 cum
1642 4937 1960 5007 sanguinem
1989 4936 2120 4991 ode-

532 5042 553 5077 ι
596 5026 673 5081 ris
702 5028 921 5098 sanguis
950 5034 1310 5098 persequetur
1339 5035 1414 5081 te.
1447 5026 1514 5081 Et
1537 5026 1678 5083 dabo
1726 5037 1966 5083 montem
1995 5026 2119 5082 Seir

533 5133 555 5169 ι
600 5118 898 5174 desolatum
920 5127 976 5175 et
996 5120 1295 5185 desertum,
1311 5128 1366 5174 et
1384 5119 1625 5175 auferam
1646 5121 1714 5177 de
1735 5137 1800 5177 eo
1822 5134 2041 5176 euntem
2061 5128 2118 5175 et

532 5233 554 5267 ι
597 5217 935 5276 redeuntem,
960 5221 1016 5265 et
1036 5210 1270 5281 implebo
1292 5220 1502 5268 montes
1520 5213 1636 5285 ejus
1656 5215 1964 5268 occisorum
1991 5227 2116 5266 suo-

531 5326 552 5359 ι
599 5323 738 5361 ι-ιιιιι.
761 5306 820 5361 In
851 5304 1078 5361 collibus
1109 5305 1217 5361 tuis
1246 5314 1302 5361 et
1336 5307 1389 5360 in
1432 5307 1660 5363 vallibus
1705 5308 1814 5361 tuis
1864 5314 2030 5375 atque
2053 5305 2107 5359 in

532 5412 551 5447 ι
593 5397 921 5453 torrentibus
949 5396 1221 5451 interfecti
1247 5395 1425 5468 gladio
1453 5398 1665 5454 cadent.
1688 5398 1746 5453 ln
1793 5396 2110 5453 solitudines

532 5505 553 5540 ι
598 5489 956 5560 sempiternas
982 5488 1189 5543 tradam
1219 5497 1293 5553 te,
1320 5498 1375 5544 et
1398 5489 1645 5544 civitates
1667 5498 1772 5543 tua:
1821 5502 1929 5543 non
1953 5489 2108 5544 habi-

532 5597 553 5631 ι
596 5579 869 5634 tabuntur.
925 5580 993 5635 Et
1027 5580 1211 5636 scietis
1249 5581 1376 5650 quia
1403 5595 1503 5649 ego
1537 5581 1797 5659 Dominus
1842 5582 2003 5646 Deus,
2039 5596 2107 5637 eo

531 5688 551 5721 ι
586 5670 727 5741 quod
750 5669 975 5738 dixeris,
998 5669 1125 5724 Duae
1152 5680 1339 5740 gentes
1364 5680 1419 5726 et
1446 5671 1567 5726 duae
1591 5680 1749 5725 terra:
1772 5687 1906 5727 mea:
1921 5681 2106 5738 erunt,

532 5777 552 5810 ι
596 5769 651 5816 et
690 5760 1003 5819 hazreditate
1040 5759 1327 5831 possidebo
1371 5774 1484 5828 eas,
1512 5775 1635 5817 cum
1684 5759 1945 5817 Dominus
1963 5770 2108 5818 esset

2224 4579 2406 4634 lantur
2424 4578 2666 4641 Idumaei,
2682 4594 2748 4633 eo
2768 4577 2912 4647 quod
2938 4577 2992 4630 in
3017 4585 3259 4645 tempore
3280 4579 3656 4633 necessitatis
3673 4587 3720 4630 el
3732 4589 3795 4626 Il-

2220 4672 2432 4742 gustite,
2467 4686 2591 4726 cum
2617 4669 2787 4725 ludas
2822 4668 3139 4737 capiebatur
3164 4682 3196 4720 a
3226 4666 3585 4738 Babyloniis,
3624 4666 3794 4722 insib-

2218 4766 2400 4821 vcrint
2425 4765 2527 4830 eis,
2549 4772 2605 4818 et
2633 4762 2808 4831 ejecto
2826 4761 3025 4832 p0pnlo
3048 4758 3365 4814 Judzeorum
3387 4762 3507 4816 sibi
3532 4760 3794 4833 putaverint

2221 4868 2425 4911 terram
2456 4854 2714 4909 traditam
2741 4853 2809 4907 ad
2839 4849 3246 4921 possidendum,
3277 4858 3340 4904 et
3374 4866 3500 4906 non
3533 4852 3705 4907 solum
3724 4862 3791 4901 wn

2219 4948 2558 5017 susceperint
2586 4945 2783 4999 fratres
2806 4959 2951 5004 suos.
2989 4941 3127 4995 filios
3157 4939 3417 4997 videlicet
3441 4943 3628 4999 Jacob
3660 4942 3793 4996 fratr:

2219 5036 2323 5099 sui,
2341 5035 2433 5090 sed
2450 5034 2721 5105 persecuti
2746 5032 2854 5088 sint
2876 5041 2931 5087 et
2951 5029 3322 5086 concluserint
3350 5030 3407 5084 in
3438 5029 3789 5102 malumﬂ-

2221 5126 2375 5181 Unde
2432 5125 2773 5180 manifestius
2825 5124 3213 5191 interpretatus
3262 5130 3357 5174 est
3403 5121 3758 5192 Symmachi

2224 5236 2243 5268 σ
2272 5216 2606 5287 Sanguinem
2630 5226 2781 5270 tuum
2804 5213 2985 5276 odisti,
3009 5220 3063 5265 et
3080 5211 3301 5281 sanguis
3318 5226 3697 5285 persequetur
3710 5224 3791 5264 te:

2217 5310 2580 5379 Prophetatur
2600 5315 2801 5371 autem,
2823 5306 2966 5375 quod
2986 5316 3040 5359 et
3066 5304 3179 5373 ipse
3208 5306 3531 5373 capiendus
3552 5310 3647 5373 sit,
3667 5318 3715 5363 et
3736 5318 3791 5357 rb

2217 5403 2479 5473 digendns
2505 5400 2572 5455 ad
2603 5399 2919 5455 solitudines
2951 5396 3339 5465 sempiternas,
3384 5408 3448 5452 et
3492 5417 3681 5457 rerum
3704 5400 3793 5449 kx.

2217 5504 2510 5565 cognoscat
2529 5507 2650 5547 esse
2668 5489 2905 5559 judiccm
2928 5487 3123 5550 Deum,
3147 5501 3214 5541 eo
3230 5489 3382 5555 quod
3410 5490 3651 5552 dixerit,
3670 5509 3691 5541 ι
3710 5488 3793 5542 Dc:

2217 5592 2406 5654 gentes
2431 5592 2489 5637 et
2508 5582 2631 5637 dum
2659 5580 2908 5649 regiones
2934 5590 3068 5631 meae
3097 5585 3247 5639 sunt,
3285 5595 3306 5628 ι
3338 5578 3429 5632 vel
3467 5579 3795 5636 Idumaeas!l

2215 5682 2273 5727 et
2298 5672 2631 5735 Juzlxeorum,
2663 5671 2745 5724 vel
2772 5678 2923 5726 certe
2943 5666 3095 5721 ludas
3124 5677 3181 5723 et
3201 5667 3395 5735 Israel,
3431 5673 3677 5728 duarum
3696 5668 3785 5723 vini!

2215 5763 2343 5819 licet
2365 5772 2419 5817 et
2439 5763 2625 5819 decem
2655 5762 2915 5819 tribuum.
2945 5758 3011 5814 Et
3037 5757 3251 5815 locutus
3271 5775 3337 5816 es
3357 5763 3428 5818 de
3454 5763 3738 5819 insontibus
3754 5756 3799 5806 Lr
