3916 6356
151 371 257 428 849

1059 376 1405 434 ΟΟΜΜΕΝΤ.
1447 374 1515 429 IN
1553 370 2006 427 EZECIIIELEM.
2047 401 2114 411 —
2150 371 2278 427 LIB.
2319 372 2454 427 XIII.

3287 375 3400 431 830

152 484 283 552 rael,
325 485 508 544 dicens
542 505 554 540 :
597 505 616 538 ι
655 489 861 545 Desertl
889 490 1042 545 nobis
1075 490 1184 544 dati
1198 497 1324 544 sunt
1353 489 1419 543 ad
1455 488 1716 542 devoran-
1741 487 1793 546 Α
1820 491 1900 537 tra
1925 482 2061 538 filios
2080 483 2197 548 Dei,
2225 492 2280 539 et
2301 484 2482 542 dolose
2503 484 2703 553 aliquid
2727 486 2897 555 egerit
2917 494 2972 541 et
2986 487 3256 543 obsederit
3275 503 3392 555 eos,

152 575 280 630 dum
301 589 318 629 :
348 594 368 630 ι
392 591 498 632 non
518 578 864 633 considerans
885 580 1026 649 quod
1049 581 1160 634 lucc
1187 588 1375 634 contra
1397 579 1564 633 Deum
1586 576 1724 632 blas-

147 665 364 737 phemia
387 668 726 722 redundaret.
752 668 904 724 Unde
927 670 1169 740 sequitur
1187 688 1198 724 :
1219 669 1460 725 Lzetante
1474 672 1723 725 universa

149 762 298 812 terra
338 757 391 812 in
416 757 755 813 solitudinem
790 769 840 814 te
880 751 1158 831 redigam:
1194 781 1213 812 ι
1240 769 1323 815 εει
1355 775 1566 827 sensus,
1599 776 1724 816 cum

151 848 330 904 omnis
368 860 514 903 terra
544 847 726 904 Iudaea
768 851 1030 920 receperit
1065 851 1353 921 pristinum
1404 859 1624 916 statum,
1666 860 1723 904 ιιι

150 937 494 1006 permanebis
531 938 584 992 ia
625 938 910 994 solitudine
947 941 1298 1009 sempiterna.
1345 939 1605 1008 Quodque
1644 940 1725 994 in-

148 1025 372 1081 fertur:
412 1044 433 1079 ι
489 1027 662 1082 Sicuti
705 1027 922 1098 gavisus
965 1043 1026 1083 es
1071 1042 1231 1096 super
1281 1028 1592 1084 hmreditate
1629 1027 1725 1082 do-

146 1133 270 1174 ιιιιιε
311 1115 499 1184 Israel,
551 1133 618 1173 eo
669 1119 812 1188 quod
863 1117 1026 1173 fuerit
1071 1119 1350 1188 dissipata,
1401 1119 1480 1173 sic
1528 1118 1723 1173 faciam

144 1207 263 1270 tibi,
287 1227 304 1260 ι
332 1209 384 1262 in
415 1206 766 1278 Septuaginta
798 1223 904 1263 non
931 1209 1178 1271 habetur,
1203 1208 1297 1262 sed
1325 1208 1423 1262 sub
1447 1207 1724 1262 asteriscis

143 1297 213 1352 de
236 1297 617 1352 Theodotionis
641 1297 890 1352 versione
914 1298 1158 1352 additum
1179 1305 1282 1354 est.
1326 1297 1516 1352 Omnis
1541 1306 1724 1352 autem

145 1388 225 1441 ira
253 1389 346 1442 Dei
377 1387 503 1442 illuc
539 1387 753 1457 prolicit
794 1394 985 1443 contra
1034 1394 1270 1443 montem
1313 1386 1454 1451 Seir,
1487 1395 1546 1442 ut
1599 1401 1723 1441 cum

144 1476 311 1532 fuerit
337 1477 654 1546 dissipatus,
679 1485 735 1531 et
766 1477 882 1546 ipse
905 1485 960 1530 et
986 1475 1235 1530 universa
1267 1476 1495 1530 ldumzea
1527 1490 1722 1546 cogno-

144 1575 303 1620 scant
331 1567 457 1637 quia
487 1566 602 1636 ipse
628 1566 702 1621 sit
723 1567 1000 1621 Dominus.
1034 1566 1158 1620 Ilaec
1178 1564 1335 1634 juxta
1361 1565 1638 1619 historiam
1667 1572 1722 1618 et

141 1670 361 1710 sensum
399 1656 571 1727 magis
603 1671 764 1726 quam
789 1657 950 1711 verba
967 1656 1167 1710 cursim
1194 1655 1450 1711 dixerim:
1479 1655 1721 1712 transibo

140 1745 212 1799 ad
233 1747 517 1819 ἀναγωγήν,
543 1754 597 1801 ει
621 1746 798 1801 studio
820 1746 1096 1802 brevitatis
1119 1759 1286 1814 pauca
1311 1743 1672 1816 perstringam
1702 1762 1714 1798 :

1827 573 2065 627 tradetur
2087 573 2139 628 in
2162 589 2352 629 manus
2377 575 2536 645 gladii
2565 575 2706 630 sicut
2727 592 2881 632 mons
2907 577 3048 644 Seir,
3078 579 3131 633 in
3158 589 3397 650 tempore

1823 663 2122 732 iniquitatis
2141 672 2416 730 extremm,
2435 665 2692 720 cum'dies
2711 668 2927 736 pessimi
2943 677 3069 723 sunt
3091 679 3145 723 et
3167 671 3397 726 mundus

1824 755 1878 808 in
1926 755 2160 825 maligno
2214 756 2423 824 positus
2471 767 2576 820 est,
2607 766 2662 812 et
2717 758 3070 828 multiplicata
3113 761 3396 830 iniquitate

1823 845 2125 915 refrigescit
2153 847 2392 901 cbaritas
2415 847 2704 902 multorum
2737 847 2786 919 (I
2813 847 2973 903 Joan.
2996 850 3071 921 v).
3102 851 3196 906 Est
3215 861 3397 906 autem

1824 940 1880 986 ει
1905 934 2048 987 aliud
2083 943 2358 1002 peccatum
2399 937 2596 990 montis
2636 937 2776 1002 Seir,
2805 945 2863 991 ιιι
2915 940 3168 1008 quoniam
3209 942 3398 996 oderat

1823 1023 2140 1092 sanguinem
2163 1023 2429 1092 justorum
2449 1065 2464 1090 ,
2493 1041 2652 1093 quem
2680 1027 2905 1099 singulis
2931 1031 3400 1098 persecutionibus
3423 1033 3433 1040 ’

1824 1111 2074 1181 cupiebat
2113 1113 2342 1179 effundi,
2376 1115 2444 1168 ab
2479 1115 2594 1184 ipso
2637 1118 2892 1186 sanguine
2921 1121 3185 1172 sustineat
3209 1135 3398 1188 perse-

1823 1203 2116 1256 cutionem.
2177 1202 2329 1258 Unde
2383 1213 2439 1258 ct
2489 1206 2588 1260 sub
2642 1207 2795 1261 altari
2841 1218 3152 1262 sanctorum
3207 1211 3401 1263 anima:

1823 1291 2108 1346 clamitant
2149 1301 2204 1348 et
2237 1294 2492 1349 ultionem
2539 1311 2567 1348 a
2614 1295 2840 1352 Domino
2870 1299 2950 1352 sui
2997 1300 3272 1368 sanguinis
3310 1301 3402 1354 de-

1821 1390 2113 1451 precantur
2155 1382 2339 1455 (Apoc.
2374 1385 2469 1454 γι).
2505 1385 2571 1439 Ει
2615 1385 2933 1443 auferuntur
2956 1389 3022 1444 de
3069 1398 3251 1444 monte
3282 1390 3402 1444 Seir

1823 1481 2015 1528 euntes
2064 1481 2120 1530 ct
2157 1474 2472 1542 redeuntes,
2518 1477 2571 1532 id
2617 1485 2702 1532 est
2746 1479 2922 1533 omnis
2970 1479 3241 1534 habitator
3287 1481 3401 1534 sive

1823 1563 2069 1619 homines
2097 1574 2154 1621 et
2193 1565 2459 1635 jumenta,
2491 1569 2632 1639 quod
2659 1569 2934 1626 salvantur
2959 1573 3013 1626 in
3055 1573 3305 1638 ecclesia,
3337 1575 3402 1628 de

1823 1655 2016 1724 quibus
2042 1657 2300 1727 scriptum
2343 1669 2428 1714 est
2459 1679 2472 1714 :
2507 1680 2524 1713 ι
2564 1661 2818 1717 Homines
2847 1671 2902 1718 et
2941 1663 3183 1733 jumenta
3226 1665 3402 1721 salvos

1822 1744 2022 1812 facies,
2052 1747 2276 1804 Domine
2305 1747 2476 1819 (Psal.
2510 1753 2697 1823 xxxv).
2736 1772 2753 1804 ›
2799 1752 2948 1820 Quod
2981 1753 3033 1807 in
3075 1764 3255 1811 monte
3283 1756 3402 1811 Seir

143 1850 166 1884 ι
212 1833 380 1899 Ροιιε,
427 1854 446 1888 ι
493 1835 685 1904 inquit,
714 1835 827 1889 sive
855 1843 1108 1890 converte
1143 1852 1162 1886 ι
1207 1833 1402 1890 faciem
1435 1843 1581 1888 tuam
1627 1836 1724 1889 ad-
1750 1827 1798 1887 B
1825 1844 2111 1908 utrumque
2156 1839 2382 1904 deletur,
2443 1851 2500 1896 ιιι
2547 1852 2602 1898 ει
2649 1844 2732 1910 hi,
2783 1845 2875 1914 qui
2917 1845 3168 1900 videntur
3200 1849 3402 1918 aliquid

133 1941 356 1980 versum
385 1936 621 1981 montem
654 1924 793 1982 Seir.
829 1945 848 1980 ι
895 1927 962 1981 Ει
996 1926 1384 1998 signiﬁcanter,
1409 1926 1506 1993 ait,
1543 1946 1560 1980 ι
1594 1943 1722 1982 εοιι-

134 2026 292 2071 vcrtc
319 2037 338 2070 ι
370 2018 438 2073 ab
455 2017 558 2072 alia
572 2019 850 2088 prophetia
870 2019 936 2073 ad
964 2018 1122 2073 aliam
1145 2020 1479 2089 prophetiam
1498 2037 1510 2074 :
1529 2019 1721 2074 faciem

135 2115 320 2161 autem
377 2123 485 2161 non
539 2108 813 2178 corporis,
864 2110 958 2164 sed
1010 2109 1199 2174 animi,
1229 2110 1295 2164 de
1349 2124 1455 2178 qua
1497 2110 1626 2166 dicit
1667 2119 1724 2165 et

132 2197 426 2268 Apostolus
451 2213 466 2254 :
497 2217 514 2250 ι
545 2198 654 2254 Nos
674 2209 849 2254 autem
869 2215 1059 2255 omnes
1086 2201 1318 2256 revelata
1340 2199 1475 2256 facie
1496 2201 1721 2270 gloriam

139 2285 359 2342 Domini
386 2289 835 2358 contemplantes.
880 2310 898 2342 ι
934 2291 1084 2345 Mons
1109 2299 1290 2345 autent
1339 2291 1476 2354 Seir,
1501 2291 1592 2361 qui
1640 2292 1721 2346 in-

136 2389 472 2450 terpretatur
499 2382 733 2453 hispidus
789 2390 844 2438 et
892 2382 1112 2452 pilosus,
1144 2383 1414 2437 contraria
1461 2381 1720 2438 fortitudo

133 2473 450 2543 accipienda
481 2482 584 2539 est,
621 2490 740 2544 quae
775 2475 1098 2544 praesidebat
1121 2475 1264 2546 genti
1301 2475 1528 2529 filiorum
1555 2474 1718 2543 Esau,

131 2572 276 2619 etse
307 2572 492 2618 contra
520 2565 774 2635 populum
821 2564 979 2631 Juda,
1023 2565 1075 2620 id
1123 2574 1227 2630 est,
1265 2565 1616 2622 confessionis
1666 2577 1722 2623 et

127 2671 279 2711 verte
305 2657 428 2711 fidei
459 2667 731 2713 erexerat.
764 2657 919 2724 Quod
965 2657 1012 2714 si
1067 2659 1302 2726 prudens
1345 2657 1515 2713 lector
1554 2673 1719 2729 oppo-

129 2747 326 2812 suerit,
371 2749 639 2817 quomodo
664 2750 717 2803 in
748 2749 852 2804 isto
882 2748 999 2804 loco
1046 2747 1190 2814 Seir,
1222 2749 1324 2804 hoc
1363 2759 1446 2804 est
1478 2749 1720 2818 hiSpidus

127 2845 190 2891 et
220 2837 444 2906 pilosus,
474 2839 806 2909 intelligatur
834 2838 888 2892 in
917 2837 1114 2892 malam
1150 2847 1381 2908 partem,
1429 2853 1552 2894 cum
1576 2838 1719 2893 Elias

126 2942 350 2997 quoque
377 2929 461 2983 vir
487 2929 691 2998 pilosus
713 2929 891 2986 dictus
931 2929 1022 2995 sit,
1048 2930 1289 2986 breviter
1335 2928 1670 2998 respondebo
1702 2945 1715 2984 :

127 3014 213 3070 De
240 3015 380 3070 Esau
407 3020 666 3086 scriptum
695 3028 781 3074 est
808 3017 960 3090 (Gen.
1000 3020 1151 3090 xxv),
1183 3020 1326 3089 quod
1355 3019 1505 3075 rufus
1556 3018 1720 3074 fuerit

125 3113 191 3160 et
237 3106 388 3175 quasi
440 3107 594 3176 pellis
650 3105 875 3176 hispida:
915 3127 928 3164 :
979 3109 1045 3163 de
1085 3109 1200 3164 Elia
1249 3124 1399 3174 vero,
1460 3108 1601 3178 quod
1637 3108 1721 3162 vir

128 3204 348 3252 tantum
376 3196 598 3265 pilosus.
631 3197 686 3251 ln
731 3197 892 3263 Esau,
921 3198 1012 3266 qui
1044 3199 1421 3268 sanguinarius
1446 3207 1501 3252 et
1526 3213 1718 3253 cruen-
1747 3173 1790 3235 Ο

127 3296 222 3342 ιιιε
249 3287 374 3356 pelli
419 3288 646 3358 hispida:
671 3297 1018 3358 comparatur
1059 3289 1366 3344 mortalium
1397 3304 1621 3359 operum
1664 3298 1719 3345 et

124 3378 304 3448 Ipsius
351 3383 540 3434 mortis
572 3380 826 3435 indicium
875 3389 1003 3436 est:
1042 3381 1095 3436 in
1143 3382 1258 3436 Elia
1305 3382 1580 3439 virilitatis
1621 3399 1719 3438 au-

123 3476 411 3540 gmentum
441 3468 549 3542 (IV
577 3470 706 3542 Reg.
737 3469 798 3543 ι).
831 3470 1189 3536 Quamobrem
1214 3481 1268 3527 et
1296 3473 1559 3528 habitatio
1604 3473 1720 3542 ejus

123 3559 192 3616 in
215 3560 502 3617 solitudine
527 3571 582 3617 et
606 3562 1040 3617 conversationis
1075 3565 1366 3618 austeritas
1395 3581 1500 3619 non
1547 3565 1720 3620 solum

83 3650 334 3715 "virum,
384 3653 479 3707 sed
527 3662 582 3708 ει
632 3654 807 3708 virum
864 3653 1220 3709 fortissimum
1293 3653 1716 3711 demonstrabat.

123 3739 304 3796 Porro
337 3738 522 3807 Iacob,
552 3743 643 3813 qui
697 3743 1139 3814 supplantavcrat
1178 3743 1342 3809 Esau,
1367 3753 1421 3799 et
1448 3745 1721 3814 primoge-

128 3831 252 3886 nita
281 3830 397 3899 ejus
437 3843 736 3903 acceperat,
766 3836 890 3905 quia
921 3835 1239 3906 simpliciter
1263 3835 1541 3891 habitabat
1579 3835 1722 3892 domi

122 3933 191 3980 et
214 3940 321 3978 non
351 3935 472 3979 erat
497 3936 720 3981 venator
746 3928 887 3982 sicut
914 3929 1062 3999 gigas
1087 3928 1340 3994 Nemrod,
1370 3930 1570 3986 idcirco
1590 3929 1724 3986 levis

125 4014 438 4083 appellatur
461 4023 516 4069 et
544 4015 762 4070 nitidus.
797 4015 1086 4072 Videamus
1112 4034 1266 4088 ergo,
1296 4019 1424 4086 quid
1445 4019 1549 4074 dici
1591 4035 1726 4088 pra:-

124 4103 305 4172 cipiat
336 4102 478 4157 Deus
512 4103 578 4156 ad
608 4112 845 4158 montem
897 4104 1011 4158 sive
1055 4115 1245 4161 contra
1291 4115 1528 4160 montem
1580 4108 1721 4173 Seir,

135 4211 161 4243 ι
211 4191 352 4245 Ecce
383 4206 482 4260 ego
517 4193 584 4246 ad
623 4202 692 4260 te,
734 4209 888 4249 mons
923 4194 1062 4250 Seir.
1101 4213 1121 4248 ι
1157 4193 1272 4250 Non
1303 4196 1510 4251 mittam
1563 4211 1726 4266 ange-

127 4281 242 4345 los,
281 4297 381 4336 nec
402 4282 520 4337 aliis
546 4292 666 4338 utar
695 4284 981 4349 ministris,
1020 4285 1114 4339 sed
1145 4284 1258 4355 ipse
1283 4287 1350 4341 ad
1387 4294 1438 4341 te
1475 4287 1685 4342 veniam
1706 4327 1723 4354 ,

133 4388 158 4421 ι
209 4369 277 4422 Et
295 4370 579 4424 extendam
608 4385 826 4426 manum
850 4388 1025 4427 meam
1052 4389 1216 4443 super
1233 4383 1305 4439 te,
1355 4393 1371 4425 ι
1400 4384 1458 4430 ιιι
1481 4375 1722 4432 habitum

1823 1931 2021 1988 habere
2045 1934 2290 2000 rationis,
2315 1935 2462 1990 etilli
2485 1936 2575 2005 qui
2602 1937 2832 2006 simplici
2859 1936 2962 1992 fide
2983 1939 3223 1993 contenti
3249 1949 3398 2004 sunt,

1821 2024 1934 2080 Deo
1964 2025 2184 2093 iubente
2215 2028 2543 2097 dispereant.
2578 2047 2597 2082 ι
2639 2029 2706 2084 Ει
2733 2029 3024 2100 implentur
3048 2040 3259 2085 montes
3285 2030 3403 2098 ejus

1821 2114 2228 2170 vulneratorum
2262 2125 2317 2171 et
2336 2117 2660 2172 occisorum.
2692 2136 2711 2170 ι
2739 2117 2806 2171 Et
2835 2134 2940 2172 non
2969 2117 3141 2172 solum
3170 2128 3399 2182 montes,

1821 2206 1912 2274 qui
1940 2207 2007 2260 ad
2052 2207 2343 2276 impietatis
2369 2207 2626 2262 verticem
2666 2216 3056 2277 pervenerunt,
3101 2208 3194 2262 sed
3239 2207 3403 2262 colles

1821 2309 2056 2365 quoque,
2085 2297 2186 2351 hoc
2214 2305 2297 2351 est
2341 2297 2628 2354 inferiores
2659 2298 2903 2368 discipuli
2943 2298 3141 2353 montis
3159 2297 3300 2363 Seir,
3346 2306 3403 2351 et

1820 2386 1986 2442 valles
2009 2402 2130 2456 qua:
2158 2387 2210 2440 in
2242 2387 2350 2441 ima
2377 2388 2644 2457 depressa:
2673 2397 2818 2453 sunt,
2849 2388 2964 2443 sive
2991 2397 3274 2451 torrentes,
3307 2386 3402 2455 qui

1819 2477 2065 2532 turbidas
2108 2476 2310 2532 habent
2351 2493 2552 2546 aquas,
2593 2488 2647 2532 et
2677 2479 2797 2532 hinc
2841 2479 2962 2532 inde
2990 2478 3264 2542 collectas,
3309 2491 3401 2532 ve-

1820 2567 2140 2636 nientesque
2164 2567 2230 2622 de
2255 2567 2525 2636 superbia,
2555 2567 2660 2632 vel,
2684 2567 2835 2636 juxta
2864 2568 3026 2631 LXX,
3055 2585 3283 2637 campos,
3309 2566 3404 2635 qui

1821 2660 1984 2716 medii
2016 2661 2156 2715 inter
2184 2659 2349 2714 colles
2373 2669 2427 2714 et
2461 2659 2625 2714 valles
2655 2668 2798 2713 sunt.
2822 2658 2886 2712 Ili
2915 2673 3104 2714 omnes
3131 2656 3401 2711 interfecti

1821 2753 2014 2809 cadent
2042 2752 2216 2823 gladio
2248 2751 2479 2814 Domini,
2515 2760 2570 2806 et
2598 2758 2830 2805 extcntm
2860 2764 3049 2802 manus
3077 2757 3240 2815 atque
3279 2763 3403 2816 per-

1819 2843 2108 2908 cutientis,
2155 2851 2214 2897 ut
2242 2842 2555 2910 redigantur
2580 2841 2635 2894 in
2679 2839 2994 2894 solitudines
3022 2839 3399 2906 sempiternas.

1821 2930 1888 2987 Et
1923 2931 1965 2985 si
1992 2946 2112 3000 qua:
2133 2938 2290 2985 erant
2313 2930 2579 2994 civitates,
2609 2929 2712 2983 hoc
2736 2939 2840 2993 est,
2865 2926 3221 2982 conciliabula
3248 2925 3401 2979 mala:

1821 3021 2194 3082 habitationis,
2225 3028 2279 3076 et
2314 3021 2440 3089 ipsae
2468 3019 2799 3090 dispereunt,
2840 3026 2896 3072 et
2924 3015 3173 3072 desinant
3200 3017 3252 3069 in
3281 3032 3399 3068 ma-

1824 3111 1928 3165 lam
1958 3119 2166 3180 partem
2198 3109 2398 3164 habere
2421 3123 2765 3164 consensum.
2791 3108 2855 3161 Et
2881 3107 3190 3162 dividantur
3209 3105 3402 3173 lingua:

1823 3217 2034 3266 eorum,
2079 3216 2146 3256 ne
2172 3209 2375 3254 turrem
2405 3199 2753 3270 blasphemia}
2779 3206 2966 3252 contra
2994 3197 3160 3250 Deum
3194 3193 3403 3264 possint

1821 3301 2102 3352 exstruere
2119 3333 2134 3359 ,
2159 3300 2214 3348 et
2240 3292 2469 3347 redacta:
2491 3291 2544 3344 in
2571 3289 2912 3345 solitudinem
2940 3296 3102 3358 atque
3129 3288 3404 3342 desertum

1821 3392 2167 3454 cognoscant,
2185 3383 2326 3452 quod
2350 3383 2462 3451 ipse
2486 3382 2556 3436 sit
2577 3381 2857 3436 Dominus.
2883 3379 2990 3434 Nec
3011 3379 3205 3433 sufﬁcit
3233 3378 3405 3434 monti

1824 3475 1947 3531 Sclr
1979 3484 2128 3530 tanta
2176 3475 2402 3540 dixisse,
2435 3490 2554 3544 qua:
2578 3473 2884 3543 praeteritus
2921 3487 3104 3528 sermo
3141 3471 3405 3536 narravit,

1821 3568 1918 3622 sed
1945 3569 2045 3620 hoc
2075 3581 2320 3635 quoque,
2351 3581 2450 3635 per
2478 3563 2787 3633 superbiam
2819 3561 3029 3617 locutus
3053 3568 3137 3616 est
3164 3575 3178 3614 :
3218 3580 3236 3612 ι
3272 3559 3405 3614 Duae

1821 3670 2010 3730 gentes
2023 3670 2079 3715 et
2097 3662 2216 3715 duae
2237 3669 2393 3715 terrm
2413 3661 2527 3714 sive
2541 3659 2790 3725 regiones
2801 3672 2934 3710 meae
2953 3661 3096 3708 sunt.
3127 3671 3145 3704 ι
3173 3651 3404 3705 Idumam

1822 3749 2071 3804 videlicet
2095 3757 2149 3804 et
2175 3748 2376 3812 Judtea,
2409 3755 2464 3802 et
2493 3747 2776 3802 hmreticos
2801 3754 2855 3800 et
2879 3743 3274 3800 ecclesiasticos
3303 3757 3402 3812 pa-

1823 3842 1955 3896 riter
1977 3841 2282 3910 possidebo.
2309 3839 2374 3894 Et
2402 3838 2524 3904 hoc,
2556 3837 2750 3907 inquit,
2784 3835 2986 3900 dixisti,
3019 3854 3037 3887 ι
3071 3850 3194 3890 cum
3224 3833 3406 3890 Domi-

1823 3947 1926 3986 nus
1953 3938 2099 3986 esset
2127 3930 2218 3993 ibi,
2254 3947 2271 3981 t
2306 3929 2397 3996 qui
2427 3941 2526 3980 suo
2558 3925 2754 3996 populo
2774 3924 3110 3992 praesidebat.
3147 3922 3402 3990 Propter-

1822 4035 1887 4075 ea
1923 4019 2072 4088 jurat
2093 4019 2351 4073 Dominus
2372 4027 2428 4072 ει
2452 4016 2582 4070 dicit
2608 4033 2621 4068 :
2645 4034 2663 4066 ι
2693 4015 2826 4069 Vivo
2845 4028 2964 4082 ego,
2986 4013 3119 4066 dicit
3141 4011 3402 4066 Doiiiinus

1825 4111 1998 4175 Deus,
2036 4130 2055 4162 ι
2083 4110 2225 4179 quod
2245 4109 2396 4177 juxta
2429 4107 2564 4160 iram
2599 4115 2744 4159 tuam
2772 4119 2876 4172 qua
2907 4101 3167 4157 smvicbas
3206 4102 3256 4154 in
3302 4115 3404 4168 pn-

1801 4199 2008 4269 ~pulum
2031 4199 2147 4264 Dei,
2174 4207 2228 4252 et
2247 4197 2420 4251 zelum
2447 4205 2615 4260 tuum,
2638 4210 2746 4263 quo
2766 4192 3175 4264 persequebaris
3201 4190 3402 4244 Christi

1803 4280 2108 4354 familiam,
2138 4289 2262 4344 odio
2286 4288 2492 4342 habens
2521 4301 2634 4351 eos,
2667 4301 2800 4355 quos
2827 4283 3100 4353 possidere
3122 4280 3398 4349 cupiebas.

1823 4380 1958 4436 Cum
2011 4390 2064 4435 te
2090 4393 2410 4451 percussero
2438 4385 2493 4434 et
2529 4376 2882 4447 indicavero,
2935 4381 3064 4427 tunc
3101 4369 3194 4424 tibi
3244 4375 3404 4422 notus

121 4462 490 4532 percutientis
527 4461 828 4517 adsumam.
863 4481 882 4516 ι
926 4463 994 4518 Ει
1020 4464 1158 4519 dabo
1201 4473 1252 4520 te
1291 4465 1586 4520 desolatum
1635 4475 1720 4520 at—
1748 4509 1799 4567 Β
1825 4472 2029 4527 eﬂieiar
2048 4479 2103 4527 et
2132 4471 2272 4526 scies
2312 4469 2455 4539 quod
2497 4467 2784 4538 opprobria
2821 4474 2910 4519 tua
2939 4473 3102 4532 atque
3145 4459 3400 4530 blasphe-

122 4567 244 4622 que
273 4553 566 4617 desertum,
595 4565 656 4608 ut
680 4554 770 4623 qui
803 4553 942 4610 male
988 4555 1342 4622 habitabaris,
1369 4565 1422 4612 et
1461 4557 1721 4627 plurimos

123 4641 376 4699 habebas
396 4642 684 4712 impietatis
713 4652 816 4698 tua:
849 4643 1042 4709 socios,
1073 4645 1127 4700 in
1151 4653 1357 4700 tantum
1386 4653 1446 4700 ut
1478 4654 1532 4701 et
1557 4646 1722 4702 urbes

122 4739 482 4799 cxstrueres,
509 4732 899 4802 imperiumque
938 4733 1033 4788 tibi
1070 4735 1347 4804 proprium
1390 4734 1715 4802 vindicares,

119 4839 283 4881 nunc
311 4824 584 4880 desolatus
629 4840 752 4880 cum
779 4825 1003 4880 urbibus
1049 4825 1180 4890 tuis,
1217 4841 1352 4896 quas
1380 4834 1434 4881 et
1455 4825 1719 4882 Jeremias

119 4915 418 4974 destruere
441 4916 662 4986 jubetur
686 4915 1157 4986 atque‘sulfodere,
1199 4925 1260 4971 ut
1281 4919 1448 4972 bonas
1493 4933 1592 4986 pro
1638 4919 1718 4974 eis

120 5014 382 5062 exstruat
393 5007 655 5061 civitates.
674 5006 729 5060 In
743 5021 809 5061 eo
826 5005 1098 5075 proficies,
1117 5014 1177 5060 ut
1190 5006 1334 5061 scias
1345 5005 1488 5075 quod
1501 5021 1599 5076 ego
1613 5007 1716 5062 sint

121 5095 420 5162 Dominus,
443 5111 601 5165 quem
625 5103 749 5149 ante
777 5095 1124 5150 solitudinem
1158 5096 1234 5150 tui
1256 5111 1413 5150 nosse
1437 5111 1541 5150 non
1567 5106 1718 5168 pote-

123 5198 247 5238 ras.
277 5182 463 5239 Omnis
484 5193 661 5239 autem
683 5199 846 5238 causa
869 5185 1097 5254 peccati,
1123 5185 1264 5254 quod
1279 5184 1445 5240 fueris
1467 5185 1716 5243 inimicus

122 5275 520 5344 sempiternus.
557 5273 708 5330 Unde
754 5273 885 5328 dicit
930 5284 984 5330 et
1027 5273 1310 5346 psalmus:
1349 5292 1367 5326 ι
1415 5275 1712 5330 Irascimini

120 5372 193 5419 et
217 5363 382 5418 nolite
427 5377 655 5435 peccare
701 5360 874 5434 (Psal.
908 5363 1005 5435 ιγ),
1043 5383 1064 5420 ι
1096 5373 1156 5420 ιιι
1203 5365 1310 5420 εἰιο
1363 5365 1715 5420 conciliemur

123 5453 374 5512 inimicis
399 5463 455 5509 et
503 5455 684 5510 odium
711 5454 974 5512 eharitatc
1003 5463 1290 5520 mutemus.
1323 5455 1428 5510 Sed
1457 5472 1562 5510 non
1591 5456 1714 5512 talis

123 5558 298 5600 mons
311 5542 452 5609 Seir,
465 5545 554 5614 qui
571 5559 732 5614 super
744 5543 1053 5604 inimicitias
1067 5543 1424 5612 sempiternas
1451 5545 1714 5600 conclusit

123 5634 477 5691 siveobsedit
505 5635 645 5693 filios
678 5634 842 5690 Israel
867 5633 990 5689 dolo
1026 5633 1079 5688 in
1121 5649 1281 5687 manu
1303 5635 1581 5704 gladii.Ex
1606 5653 1712 5706 quo

129 5723 489 5799 intelligimus
515 5727 656 5800 quod
678 5727 999 5799 quicumque
1020 5726 1255 5798 gladium
1280 5729 1566 5798 arripuerit
1587 5744 1713 5786 con-

1823 4562 1961 4617 mias
1984 4575 2092 4614 non
2123 4559 2229 4614 alio
2255 4558 2521 4614 referente
2559 4555 2923 4626 cognoverim,
2950 4553 3042 4608 sed
3078 4552 3192 4620 ipse
3218 4549 3402 4604 audie-

1820 4653 1946 4718 rim,
1978 4667 2100 4721 quae
2143 4650 2354 4705 locutus
2403 4664 2462 4705 cs
2505 4655 2694 4704 contra
2725 4653 2933 4701 montes
2967 4643 3130 4698 Israel
3168 4643 3399 4697 dicens:

1827 4760 1847 4795 ι
1881 4742 2088 4797 Deserti
2115 4740 2268 4798 nobis
2299 4739 2409 4797 dati
2437 4745 2564 4792 sunt
2592 4736 2661 4791 ad
2701 4732 3088 4790 devorandum.
3125 4751 3143 4784 ι
3191 4729 3402 4785 Montes

1819 4831 2005 4896 Israel,
2049 4829 2286 4900 Moysen,
2317 4827 2610 4898 prophetas
2629 4865 2646 4892 ,
2671 4824 2940 4896 apostolos
2976 4823 3234 4878 debemus
3260 4822 3402 4876 acci-

1819 4937 1967 4992 pere,
1997 4937 2132 4990 quos
2154 4919 2389 4974 haeretici
2411 4927 2464 4972 et
2487 4917 2864 4972 hazreticorum
2885 4915 3135 4984 princeps
3155 4912 3401 4968 diabolus

1819 5011 2121 5083 putantsibi
2148 5009 2373 5064 traditos
2393 5008 2461 5063 ad
2484 5007 2868 5071 devorandum,
2887 5005 3100 5076 quando
3114 5012 3207 5059 aut
3225 5003 3402 5058 nullus

1820 5102 1876 5157 in
1898 5101 2124 5156 ecclesia
2151 5099 2416 5170 reperitur
2444 5098 2537 5168 qui
2585 5097 2756 5168 possit
2797 5109 3037 5167 pugnare.
3070 5109 3168 5162 pro
3207 5093 3403 5148 ruenti-

1817 5192 1920 5248 bus
1947 5191 2178 5257 Domini,
2199 5199 2451 5246 eteorum
2474 5188 2852 5244 lacerationem
2877 5199 2974 5240 sua
3000 5197 3134 5238 voce
3149 5183 3401 5237 defende-

1820 5298 1899 5338 re.
1935 5302 1951 5332 ι
1988 5283 2056 5337 Ει
2080 5281 2478 5342 insurrexistis,
2514 5280 2704 5350 inquit,
2731 5292 2893 5348 super
2911 5290 2995 5331 me
3027 5290 3122 5330 ore
3143 5282 3344 5339 vestro,
3370 5291 3396 5327 ι

1816 5373 1932 5427 sive
1977 5371 2258 5442 magnifice
2305 5369 2469 5426 locuti
2507 5369 2660 5433 estis,
2705 5382 2812 5422 non
2868 5374 2927 5421 ut
2967 5365 3168 5435 putatis
3208 5372 3398 5419 contra

1817 5471 2050 5528 montes,
2075 5461 2170 5518 sed
2215 5476 2312 5532 per
2341 5459 2460 5514 illos
2485 5458 2770 5511 adversum
2809 5470 2911 5510 me.
2949 5473 2967 5505 ι
3005 5454 3072 5508 Et
3096 5453 3395 5523 derogastis

1816 5556 1931 5612 sive
1957 5556 2231 5614 clamastis
2278 5554 2564 5615 adversum
2591 5564 2697 5604 me.
2737 5567 2755 5599 ι
2795 5550 2993 5604 Omnes
3037 5547 3180 5600 enim
3211 5559 3396 5613 preces

1817 5653 2032 5709 vestrm,
2069 5659 2103 5698 o
2124 5658 2278 5698 mons
2301 5641 2440 5704 Seir,
2465 5647 2519 5692 et
2547 5638 2677 5692 socii
2708 5637 2906 5692 montis
2934 5635 3076 5699 Scir,
3115 5636 3180 5686 de
3201 5632 3395 5699 quibus

1817 5748 1979 5805 supra
1997 5732 2196 5788 dictum
2215 5738 2335 5787 est:
2365 5749 2383 5782 ι
2409 5727 2644 5798 Implebo
2672 5734 2881 5782 montes
2908 5724 3024 5795 cjus
3050 5734 3102 5780 ct
3129 5721 3312 5785 colles,
3337 5727 3394 5776 et
