3916 6356
531 375 630 432 851

1168 372 1227 427 Β.
1265 371 1521 428 RABANI
1555 371 1773 428 MAURI
1805 371 2128 431 ARCHIEP.
2169 371 2479 430 MOGUNT.
2519 372 2806 430 OPERUM
2842 372 3025 430 PARS
3059 372 3124 428 II.
3711 372 3798 418 διῦὲ

501 543 504 546 ,
533 488 722 554 valles,
741 497 796 543 et
815 499 1054 556 campos,
1088 502 1110 536 ι
1135 484 1248 539 sive
1275 492 1560 548 torrentes,
1583 485 1802 540 fuerunt
1827 486 2114 542 adversum
2138 486 2194 547 Δ
2224 503 2245 538 ι
2281 485 2349 542 de
2378 487 2554 551 vobis,
2598 487 2913 542 Devoratrix
2943 485 3223 541 hominum
3265 499 3327 540 es
3349 522 3367 548 ,
3421 488 3489 538 et
3542 476 3795 534 militans

499 595 621 639 ,ωε
649 597 661 633 :
694 588 1250 647 nequaquampreces
1277 583 1333 629 et
1381 575 1677 641 orationes,
1713 584 1771 630 ut
1809 575 2012 646 putatis
2039 575 2108 630 ad

532 668 742 732 Deum,
779 665 873 722 sed
895 663 1177 730 clamores,
1204 662 1619 719 vociferationes
1653 672 1817 734 atque
1852 663 2107 734 blasphe-

529 757 673 813 mia}.
691 754 844 812 Unde
862 763 916 811 et
935 753 1196 810 Dominus
1217 754 1600 820 comminatur,
1617 763 1672 809 et
1688 754 1853 810 dicit:
1884 774 1904 806 ι
1935 752 2108 810 Sicuti

530 847 747 918 gavisus
772 861 833 901 es
869 861 1032 916 super
1069 844 1385 900 haereditate
1410 844 1601 900 domus
1622 843 1803 909 Israel,
1843 865 1862 897 ι
1892 845 2108 916 quando

531 937 636 992 tuis
658 935 1122 1008 persecutionibus
1141 933 1400 1004 dissipata
1421 941 1504 988 est
1526 941 1686 1008 atque
1699 934 1953 1000 lacerata,
1969 941 2025 990 et
2052 934 2106 988 in

531 1035 644 1083 toto
667 1028 800 1082 orbe
829 1027 1090 1097 dispersa,
1125 1045 1143 1078 σ
1173 1027 1253 1081 sic
1273 1025 1468 1082 faciam
1493 1027 1608 1082 tibi.
1647 1045 1667 1080 ι
1699 1027 1938 1083 Lzetante
1962 1026 2104 1080 enim

527 1119 784 1174 universa
828 1127 996 1183 terra,
1025 1118 1316 1174 viventium
1365 1126 1619 1187 terraque
1664 1126 2008 1180 sanctorum,
2052 1124 2108 1170 et

527 1211 780 1267 omnibus
801 1209 1076 1266 conversis
1099 1210 1168 1265 ad
1193 1209 1509 1265 servitutem
1531 1210 1647 1274 Dei,
1677 1218 1730 1263 tu
1765 1227 1784 1259 ι
1817 1209 2106 1278 dissipatus

526 1302 655 1368 eris,
685 1317 840 1358 mons
867 1302 1100 1372 hispide,
1126 1300 1572 1371 monSpilose.Et
1596 1300 1773 1354 omnis
1794 1298 2048 1365 Idumam,
2080 1319 2098 1350 ι

526 1409 692 1464 opera
719 1393 969 1448 videlicet
997 1401 1212 1448 terrena
1239 1400 1297 1448 et
1334 1391 1515 1447 cruori
1547 1399 1600 1446 et
1629 1390 1875 1458 sanguini
1905 1390 2102 1445 dedita.

529 1485 600 1542 Ut
626 1494 752 1539 tunc
787 1500 1082 1556 cognoscas
1112 1485 1255 1554 quod
1295 1484 1409 1554 ipse
1447 1484 1548 1538 sim
1580 1483 1838 1538 Dominus
1862 1482 1953 1552 qui
1976 1481 2104 1538 alibi

525 1575 884 1647 sum_locutus
916 1594 929 1636 :
956 1575 1068 1651 Ego
1096 1591 1214 1633 sum
1244 1575 1504 1630 Dominus
1534 1574 1675 1629 Deus
1697 1580 1894 1628 vester.

1063 1709 1290 1766 CAPUT
1327 1709 1566 1763 XXXVI.

524 1823 678 1890 Quod
706 1823 961 1896 Dominus
987 1817 1264 1896 uindicabit
1295 1823 1466 1896 Israel
1505 1824 1568 1878 de
1597 1824 1818 1878 inimicis
1847 1824 1955 1896 suis
1997 1839 2016 1880 :
2054 1831 2101 1896 et
2130 1837 2176 1896 Β

620 1895 849 1962 estituet,
877 1903 923 1946 et
953 1892 1317 1962 multiplicabtt
1344 1895 1399 1946 in
1427 1904 1619 1947 terram
1647 1910 1819 1947 suam.
1853 1893 1920 1945 Et
1960 1893 2099 1962 quod

498 1993 504 1998 -
595 1963 778 2044 aﬂlixit
805 1961 976 2044 Israel
1015 1961 1113 2042 pro
1141 1973 1350 2044 peccato
1378 1963 1710 2044 idololatrite.
1750 1962 2022 2044 De'gratnia
2052 1972 2100 2016 et

591 2031 782 2086 uirtute
815 2031 1080 2102 baptismi;
1118 2041 1331 2086 vocatur
1350 2031 1570 2102 populus
1618 2033 1687 2086 ad
1711 2031 2100 2102 paenitentiam,

593 2111 643 2157 et
662 2101 986 2172 promittitur
1014 2102 1212 2177 integra
1243 2101 1498 2156 restitutio
1536 2113 1583 2156 et
1611 2101 2001 2173 multiplicatio.

597 2231 618 2265 ι
655 2213 734 2268 Tu
758 2223 940 2275 autem
960 2254 976 2280 ,
1000 2213 1075 2268 ﬁli
1111 2213 1346 2271 hominis
1363 2255 1378 2278 ,
1420 2213 1678 2284 prepheta
1706 2229 1867 2284 super
1893 2223 2102 2270 montes

524 2322 545 2356 ι
581 2303 744 2358 Israel
800 2311 856 2359 et
910 2304 1058 2360 dices
1107 2321 1120 2358 :
1174 2303 1382 2359 Montes
1415 2305 1601 2368 Israel,
1639 2305 1822 2359 audite
1877 2305 2102 2360 verbum

525 2414 545 2448 ι
582 2395 795 2452 Domini
825 2413 839 2454 :
865 2396 994 2452 Hmc
1020 2397 1153 2453 dicit
1179 2397 1441 2451 Dominus
1468 2395 1632 2460 Deus,
1653 2411 1718 2452 eo
1742 2396 1883 2464 quod
1906 2396 2104 2453 dixerit

523 2507 544 2540 ι
581 2488 832 2543 inimicus
863 2489 930 2546 de
952 2487 1125 2554 vobis,
1148 2489 1316 2557 Euge,
1341 2488 1650 2543 altitudines
1681 2489 2022 2557 sempiternae
2048 2489 2102 2544 in

523 2594 544 2628 ι
581 2576 952 2632 haereditatem
975 2577 1112 2632 datae
1134 2586 1259 2631 sunt
1291 2578 1464 2641 nobis,
1493 2587 1781 2648 propterea
1808 2579 2105 2635 vaticinare

523 2684 545 2718 ι
581 2675 638 2722 et
661 2667 750 2722 die
796 2685 810 2722 :
848 2666 975 2723 [hac
1000 2668 1131 2722 dicit
1175 2667 1434 2724 Dominus
1460 2669 1603 2725 Deus
1641 2688 1654 2724 :
1703 2670 1809 2726 Pro
1853 2686 1918 2726 eo
1958 2672 2104 2740 quod

524 2772 546 2807 ι
583 2755 811 2812 desolati
841 2757 974 2812 estis
1015 2766 1070 2812 et
1097 2759 1398 2814 conculcati
1442 2775 1538 2829 per
1568 2761 1852 2816 circuitum
1893 2769 1949 2816 et
1976 2760 2103 2816 facti

523 2866 544 2902 ι
583 2848 639 2903 in
699 2848 1069 2906 baereditatem
1119 2849 1340 2919 reliquis
1370 2849 1620 2920 gentibus
1646 2890 1661 2916 ,
1703 2858 1758 2905 et
1786 2851 2104 2906 ascendistis

521 2957 542 2992 ο
579 2953 744 3008 super
787 2939 986 2996 labium
1026 2940 1220 3012 linguae
1263 2949 1320 2996 et
1347 2941 1696 3010 opprobrium
1737 2940 1940 3011 populi,
1980 2955 2106 3010 pro—

521 3048 541 3081 ι
575 3040 783 3101 pterea,
810 3039 1023 3088 montes
1041 3029 1228 3096 Israel,
1253 3031 1433 3086 audite
1453 3030 1677 3085 verbum
1699 3029 1910 3084 Domini
1934 3046 1949 3084 :
1978 3028 2105 3085 Haec

521 3139 542 3173 ε
577 3122 710 3178 dicit
739 3123 998 3179 Dominus
1020 3123 1165 3180 Deus
1187 3125 1460 3180 montibus
1488 3133 1543 3179 et
1569 3123 1814 3187 collibus,
1850 3124 2102 3178 torrenti-

2171 608 2174 610 η
2220 593 2240 628 ι
2275 583 2488 646 gentem
2535 583 2682 631 luant
2708 616 2724 640 ,
2770 583 3054 646 propterea
3095 573 3345 629 homines
3395 586 3518 626 non
3565 570 3796 626 comedet

2173 705 2178 712 ρ
2214 685 2235 720 ι
2271 665 2533 735 amplius,
2559 674 2615 721 et
2640 675 2856 738 gentem
2887 674 3031 722 tuam
3068 680 3177 720 non
3225 663 3457 720 necabis
3499 659 3689 725 ultra,
3735 662 3795 717 ait

2212 777 2231 810 ι
2271 758 2532 812 Dominus
2557 758 2714 813 Deus.
2746 757 2859 812 Nec
2902 757 3140 812 auditam
3168 755 3371 811 faciam
3400 755 3458 807 in
3493 762 3557 807 te
3587 752 3794 822 alapis

2214 869 2232 903 ι
2267 849 2636 905 confusionem
2689 851 2968 922 gentium,
3024 859 3079 905 et
3129 848 3433 920 opprobria
3489 846 3791 916 populat-tua

2212 957 2232 990 ο
2270 955 2608 1010 nequaquam
2643 941 2902 1009 portabis.
2928 941 2994 994 Et
3023 948 3235 1009 gentem
3267 947 3424 992 tuam
3456 951 3582 990 non
3605 937 3792 990 amittes

2173 1060 2177 1062 -
2211 1049 2230 1080 ι
2265 1030 2515 1099 amplius,
2547 1031 2624 1084 ait
2653 1030 2910 1085 Dominus
2941 1029 3101 1084 Deus.
3135 1025 3418 1097 (Hierom)
3452 1024 3646 1092 Supra
3670 1025 3790 1091 [nni-

2206 1127 2293 1172 tur
2315 1121 2591 1189 prophetae
2614 1119 2801 1185 facies,
2827 1120 2942 1174 sive
2963 1119 3302 1173 convertitur
3324 1116 3644 1169 adversum
3667 1131 3788 1166 uias-

2206 1217 2314 1262 tem
2344 1207 2466 1264 Scir
2493 1226 2507 1262 :
2536 1209 2624 1264 hic
2652 1209 2792 1264 filius
2813 1209 3048 1264 hominis
3069 1208 3313 1278 loquitur
3344 1206 3423 1258 ad
3451 1213 3679 1258 montes
3702 1205 3788 1257 sive

2203 1316 2365 1371 super
2391 1308 2600 1356 montes
2638 1301 2805 1355 Israel
2846 1301 2937 1370 qui
2961 1300 3218 1370 jubentur
3245 1299 3345 1351 Dei
3380 1296 3594 1349 audire
3617 1311 3789 1348 serui»-

2204 1408 2348 1449 nem.
2376 1393 2442 1446 Et
2473 1401 2532 1447 ut
2555 1407 2845 1462 parumper
2869 1390 3110 1446 differam
3143 1388 3527 1459 tropologiam
3557 1386 3716 1440 totius
3739 1386 3786 1437 ad

2205 1493 2416 1540 montes
2461 1484 2626 1540 Israel
2666 1484 2962 1554 prophetia:
3004 1483 3244 1538 breviter
3292 1480 3396 1534 hic
3453 1493 3660 1532 sensus
3685 1485 3785 1530 est:

2207 1574 2340 1642 Quia
2370 1573 2648 1630 insultavit
2687 1575 2842 1629 vobis
2875 1573 3144 1636 inimicus,
3171 1571 3277 1625 hoc
3319 1577 3450 1630 est,
3484 1583 3654 1620 mons
3678 1564 3786 1627 Ssir.

2205 1676 2261 1722 et
2285 1666 2494 1736 putavit
2521 1665 2664 1737 quod
2706 1667 2758 1720 in
2788 1674 3103 1736 perpetuum
3131 1665 3247 1734 ipse
3272 1677 3379 1715 vos
3407 1659 3713 1731 possideret
3748 1668 3789 1711 et

2207 1759 2515 1814 altitudines
2556 1757 2828 1827 quendam
2856 1754 3088 1818 Domini,
3117 1768 3268 1807 nunc
3290 1752 3571 1805 desertas

2204 1852 2306 1907 sibi
2361 1851 2414 1905 in
2471 1849 2842 1904 haereditatem
2868 1885 2884 1911 ,
2934 1853 2989 1900 et
3033 1860 3139 1899 non
3183 1841 3371 1898 solum
3422 1840 3608 1902 dixit,
3649 1841 3727 1892 sed
3753 1849 3789 1890 et

2199 1940 2474 2010 aliquanto
2499 1947 2740 2008 tempore
2762 1949 2858 1990 vos
2873 1933 3132 2005 possedit,
3161 1932 3214 1985 in
3247 1939 3483 1984 tantum
3509 1938 3574 1982 ut
3600 1929 3786 1996 superis

2199 2029 2508 2099 loqueretur
2521 2035 2709 2082 contra
2723 2040 2839 2086 vos.
2857 2022 2998 2093 quod
3014 2019 3377 2090 opprobrium
3394 2018 3610 2072 essetis

2199 2119 2467 2188 gentibus,
2486 2125 2772 2187 propterea
2793 2115 2910 2168 haec
2936 2113 3068 2166 dicit
3096 2110 3370 2164 Dominus
3405 2108 3586 2168 Deus,
3606 2121 3702 2159 non
3722 2120 3786 2157 st-

2201 2209 2312 2262 Ium
2332 2207 2502 2262 monti
2532 2204 2676 2270 Seir,
2695 2202 2788 2258 sed
2815 2211 2868 2258 et
2891 2201 3164 2258 montibus
3185 2196 3336 2266 eius,
3353 2203 3422 2250 et
3443 2195 3696 2258 milibus,
3710 2203 3786 2245 t2-

2178 2297 2465 2362 ‘rentibus,
2486 2295 2824 2362 vallibusque
2851 2299 2906 2347 et
2925 2290 3153 2346 desertis
3182 2297 3357 2357 atque
3384 2287 3648 2349 vastatis,
3664 2293 3711 2337 et
3725 2298 3787 2334 πο

2201 2389 2360 2444 bibus
2383 2386 2675 2452 derelictis,
2699 2385 2955 2456 quoniam
2984 2383 3035 2436 in
3055 2382 3176 2453 igne
3199 2379 3308 2434 zeli
3336 2378 3435 2433 sui
3457 2387 3516 2431 et
3538 2378 3784 2431 adversa:

2201 2497 2392 2537 omnes
2404 2481 2620 2550 quidem
2644 2486 2851 2550 gentes,
2872 2476 2965 2531 sed
2992 2473 3269 2545 praecipue
3291 2479 3506 2529 contra
3538 2469 3782 2524 Idume

2201 2574 2414 2628 locutus
2443 2573 2530 2627 sit.
2557 2571 2687 2637 Quae
2708 2585 2830 2625 cum
2859 2567 3090 2632 caeteris,
3121 2566 3329 2634 inquit,
3359 2565 3630 2632 gentibus
3653 2563 3786 2615 tanta

2204 2672 2406 2720 terram
2435 2679 2608 2718 meam
2641 2662 2695 2716 in
2720 2661 3140 2733 possessionem,
3170 2666 3224 2712 et
3251 2658 3520 2728 possedit
3545 2656 3728 2726 gladio,
3750 2662 3787 2705 et

2203 2765 2316 2815 toto
2342 2757 2507 2813 corde
2531 2756 2773 2827 possedit
2804 2763 2861 2809 ut
2882 2755 3102 2824 ejiceret
3128 2753 3492 2807 habitatores
3513 2752 3584 2806 de
3603 2767 3683 2812 ω,
3709 2759 3788 2802 ter-

2203 2863 2428 2918 ramque
2443 2853 2702 2902 vastaret.
2722 2844 3016 2915 Propterea
3039 2843 3292 2911 loquere,
3306 2842 3412 2904 ait,
3431 2842 3712 2910 propheta,
3724 2854 3789 2891 9:-

2204 2953 2300 3009 per
2327 2945 2528 2993 terram
2545 2935 2731 3001 Israel,
2755 2945 2811 2989 et
2836 2935 2983 2989 dices
3012 2934 3296 2988 montibus
3319 2941 3378 2987 et
3409 2932 3646 2987 collibus
3665 2944 3712 2985 et
3724 2933 3789 2996 ja-

2204 3028 2306 3098 gis,
2333 3043 2432 3098 pro
2457 3028 2654 3097 quibus
2675 3025 2819 3080 LXX
2841 3034 2954 3085 ταῖς
2972 3026 3155 3084 νάπαις
3175 3023 3502 3089 interpetati
3522 3028 3670 3082 sunt,
3691 3034 3789 3088 qu:

2204 3133 2304 3172 nos
2333 3131 2614 3172 nemorosa
2637 3115 2985 3183 intelligimus
3003 3112 3117 3165 loca
3142 3129 3156 3163 :
3182 3118 3237 3164 et
3272 3109 3511 3163 vallibus
3537 3109 3650 3163 haec
3677 3109 3794 3161 dicit

519 3231 542 3268 ί
575 3214 698 3279 bus,
730 3214 1065 3283 vallibusque
1092 3224 1148 3269 et
1175 3216 1407 3270 desertis
1435 3215 1719 3284 parietinis
1737 3256 1752 3281 ,
1785 3225 1842 3270 et
1875 3213 2099 3270 urbibus
2126 3184 2171 3247 (ἶ
2204 3207 2466 3269 Dominus
2482 3207 2625 3260 Deus
2655 3205 2709 3259 in
2731 3203 2870 3267 zelo,
2899 3213 2955 3256 et
2981 3202 3034 3255 in
3051 3198 3240 3254 furore
3273 3215 3404 3254 meo
3423 3199 3686 3270 opprobrii
3705 3211 3794 3250 ve-

519 3323 540 3356 ¢
575 3305 847 3361 derelictis
877 3320 998 3375 qua:
1033 3306 1368 3375 depopulatze
1404 3314 1550 3372 sunt,
1584 3315 1639 3362 et
1681 3309 2023 3372 subsannatae
2069 3322 2103 3362 a

521 3413 542 3448 ι
577 3395 798 3466 reliquis
846 3397 1096 3465 gentibus
1133 3411 1230 3466 per
1277 3397 1587 3451 circuitum.
1644 3397 1937 3468 Propterea
1985 3397 2102 3456 haec

521 3507 540 3542 ι
578 3488 709 3544 dicit
752 3489 1013 3544 Dominus
1056 3488 1201 3550 Deus
1241 3503 1256 3540 :
1296 3487 1564 3555 Quoniam
1609 3488 1663 3546 in
1693 3489 1815 3560 igne
1854 3488 1954 3542 zeli
1994 3487 2103 3554 mei

519 3596 541 3631 ι
578 3579 789 3634 locutus
836 3593 955 3633 sum
984 3578 1050 3632 de
1093 3577 1316 3646 reliquis
1364 3577 1642 3645 gentibus,
1691 3586 1748 3632 et
1777 3578 1844 3632 de
1868 3578 2100 3632 ldumaea

517 3685 540 3720 ι
576 3667 856 3730 universa,
879 3681 1001 3735 qua:
1029 3667 1296 3721 dederunt
1319 3675 1518 3725 terram
1547 3681 1724 3727 meam
1764 3667 1866 3722 sibi
1901 3666 1956 3719 in
1985 3665 2098 3720 ha:-

519 3773 541 3810 ι
577 3756 866 3813 reditatem
889 3769 1013 3809 cum
1040 3753 1216 3824 gladio
1253 3760 1309 3807 et
1341 3759 1454 3807 toto
1489 3753 1670 3819 corde,
1703 3763 1758 3808 et
1789 3767 1854 3807 ex
1887 3753 2096 3819 animo,

503 3865 542 3903 λ(
576 3857 634 3904 et
661 3846 935 3916 eiecerunt
961 3860 1104 3910 eam,
1150 3852 1209 3900 ut
1231 3855 1526 3912 vastarent,
1573 3846 1776 3905 idcirco
1803 3846 2100 3902 vaticinare

521 3958 542 3991 ‹
580 3952 744 4008 super
768 3938 990 3992 humum
1014 3936 1196 3999 Israel,
1225 3945 1279 3992 et
1307 3937 1454 3992 dices
1476 3938 1753 3992 montibus
1774 3945 1830 3992 et
1850 3937 2095 4003 collibus,

522 4046 540 4080 ι
573 4027 719 4099 jugis
749 4035 803 4082 et
825 4027 1056 4082 vallibus
1083 4045 1095 4080 :
1126 4027 1251 4082 Ilaec
1281 4028 1412 4082 dicit
1439 4026 1698 4082 Dominus
1725 4026 1870 4082 Deus
1901 4043 1914 4080 :
1957 4026 2098 4082 Ecce

517 4141 537 4172 ι
575 4135 676 4192 ego
704 4120 760 4174 in
798 4120 911 4175 zelo
944 4129 1001 4174 et
1025 4120 1077 4173 in
1108 4120 1292 4175 furore
1315 4134 1436 4174 meo
1459 4118 1670 4173 locutus
1692 4133 1812 4172 sum
1839 4132 1927 4184 eo,
1954 4117 2099 4186 quod

518 4227 539 4261 ι
575 4208 949 4266 confusionem
1001 4209 1241 4279 gentium
1283 4207 1671 4268 sustinueritis.
1721 4206 1926 4262 Idcirco
1983 4207 2100 4261 hac

518 4319 538 4352 ε
577 4301 712 4356 dicit
737 4302 998 4356 Dominus
1023 4301 1164 4355 Deus
1193 4318 1207 4356 :
1239 4300 1350 4371 Ego
1376 4299 1548 4358 levavi
1577 4314 1797 4353 manum
1826 4306 2102 4362 meam,ut

518 4410 536 4438 σ
578 4399 790 4460 gentes,
815 4404 933 4462 quae
953 4390 1006 4444 in
1034 4389 1264 4443 circuitu
1287 4397 1466 4444 vestro
1496 4396 1652 4452 sunt,
1674 4389 1804 4458 ipsae
1831 4388 2098 4449 cenfusio-

2203 3297 2302 3352 stri
2319 3297 2463 3350 ultor
2486 3296 2738 3360 existam,
2756 3301 2812 3347 et
2845 3291 3035 3348 levabo
3063 3306 3290 3346 manum
3312 3306 3500 3350 meam.
3520 3297 3578 3342 ut
3600 3298 3792 3358 gentes

2203 3404 2323 3460 qua:
2347 3389 2400 3443 in
2414 3387 2645 3442 circuitu
2658 3394 2841 3441 vestro
2853 3393 2978 3439 sunt
2990 3383 3350 3455 ignominiam
3365 3392 3424 3436 et
3436 3380 3792 3437 confusionem

2201 3496 2354 3538 suam
2382 3490 2614 3550 portent.
2647 3480 2757 3534 Vos
2801 3487 3000 3543 autem,
3047 3491 3081 3531 o
3128 3486 3352 3530 montes
3383 3474 3576 3538 Israel,
3619 3487 3790 3527 secue-

2201 3572 2326 3627 dum
2357 3571 2645 3640 pristinum
2666 3577 2863 3626 statum
2893 3567 3211 3638 germinetis
3237 3566 3488 3634 virgulta
3523 3580 3788 3633 ramosqu

2199 3661 2451 3724 mittatis,
2481 3661 2593 3714 sive
2619 3658 2774 3728 juxta
2810 3657 3162 3729 Septuaginta
3187 3656 3466 3711 adferatis
3497 3673 3653 3719 uvas,
3688 3657 3786 3726 qui-

2197 3749 2299 3805 bus
2332 3749 2560 3819 populus
2589 3763 2738 3812 meus
2775 3756 3050 3807 saturetur
3070 3747 3251 3807 Israel.
3277 3747 3445 3813 Quod
3473 3765 3582 3802 non
3618 3749 3786 3817 putetis

2198 3850 2321 3911 post
2350 3841 2566 3911 longum
2597 3850 2812 3910 tempus
2853 3840 3092 3895 futurum
3114 3881 3129 3905 ,
3166 3854 3340 3909 prope
3365 3851 3480 3904 est,
3534 3841 3712 3901 instat,
3743 3849 3784 3891 et

2196 3932 2378 3986 veniet
2396 3939 2632 4000 tempus,
2661 3946 2726 3986 ac
2747 3945 2814 3985 ne
2834 3930 2988 3986 vobis
3009 3931 3112 3986 hoc
3133 3940 3280 3988 esset
3302 3929 3552 3992 difﬁcile,
3581 3931 3691 3999 ipse
3705 3943 3782 3996 ego

2198 4024 2414 4079 veniam
2446 4024 2513 4078 ad
2542 4038 2668 4089 vos,
2698 4032 2752 4077 et
2796 4023 2887 4092 qui
2911 4037 2941 4075 a
2965 4022 3119 4075 vobis
3149 4035 3494 4075 recesseram
3524 4029 3782 4076 convertar

2199 4115 2268 4169 ad
2318 4129 2437 4177 vos,
2481 4121 2542 4166 ut
2584 4111 2870 4183 pristinam
2915 4110 3185 4166 culturam
3224 4112 3518 4180 recipiatis
3549 4153 3566 4175 ,
3621 4123 3672 4166 et
3717 4127 3780 4164 se

2197 4210 2378 4258 mente
2402 4202 2584 4256 omnia
2609 4201 2999 4272 compleantur.
3048 4201 3128 4255 Ita
3151 4209 3212 4256 ut
3239 4202 3397 4256 multi
3435 4203 3492 4257 in
3517 4205 3672 4257 unus
3695 4203 3776 4256 sis:

2198 4294 2467 4358 homines,
2489 4303 2545 4348 et
2568 4293 2878 4348 habitentur
2898 4293 3162 4358 civitates,
3186 4308 3308 4362 qua:
3328 4294 3491 4362 prius
3519 4295 3774 4349 destruet:

2199 4385 2430 4442 fuerant.
2456 4386 2524 4446 Et
2571 4400 2679 4440 non
2709 4384 2880 4438 solum
2910 4384 3157 4438 homines
3189 4383 3606 4454 multiplicabo,
3639 4387 3718 4440 sed
3738 4399 3776 4439 et

518 4499 537 4530 ι
577 4491 700 4532 netu
716 4493 868 4532 suam
881 4485 1128 4545 portent:
1151 4479 1257 4537 Vos
1276 4486 1705 4539 autem,montes
1720 4477 1902 4542 Israel,
1919 4493 2098 4533 ramos
2123 4537 2169 4549 ,λ
2193 4477 2437 4546 iumenta
2467 4492 2620 4546 atque
2640 4475 3142 4549 multiplicabuntur
3169 4483 3226 4530 et
3249 4487 3536 4543 crescent,
3567 4489 3626 4532 et
3658 4479 3774 4532 bats-

518 4585 538 4618 ‹
578 4573 790 4622 vestros
835 4564 1152 4637 germinetis
1189 4573 1246 4618 et
1295 4565 1532 4620 fructum
1574 4573 1815 4629 vestrum
1859 4565 2098 4630 a‘ll‘eratis
2123 4537 2175 4604 Ι)
2204 4567 2305 4622 tari
2344 4582 2442 4622 vos
2497 4565 2689 4622 faciam
2735 4547 2874 4620 sicut
2908 4581 2942 4620 a
2991 4566 3293 4635 principio,
3354 4570 3587 4638 quando
3631 4569 3774 4637 Moyse

517 4676 537 4708 ι
578 4656 776 4727 populo
816 4670 939 4711 meo
990 4655 1157 4711 Israel
1209 4673 1221 4710 :
1268 4671 1437 4726 prope
1482 4656 1628 4712 enim
1653 4665 1758 4723 est,
1789 4665 1850 4711 ut
1892 4658 2097 4715 veniat.

518 4769 537 4801 ι
579 4750 845 4818 Quoniam
876 4763 1004 4808 ecce
1032 4751 1098 4806 ad
1130 4765 1224 4808 vos
1252 4759 1305 4806 et
1331 4760 1621 4806 convertar
1647 4753 1715 4807 ad
1742 4767 1868 4818 vos,
1892 4761 1948 4809 et
1971 4769 2097 4808 ara-

516 4861 535 4893 ι
576 4842 767 4897 bimiui
793 4851 850 4897 et
891 4842 1169 4910 accipietis
1207 4849 1535 4907 sementem,
1563 4849 1618 4897 et
1642 4842 2009 4914 multiplicabo
2043 4844 2099 4899 in

516 4951 536 4984 ι
577 4935 732 4989 vobis
755 4933 1004 4989 homines
1033 4947 1358 5006 omnemque
1387 4934 1606 4988 domum
1637 4934 1818 4989 Israel.
1850 4935 1917 4990 Et
1947 4935 2100 4990 habi—

517 5045 536 5077 ι
583 5025 842 5080 labuntur
875 5023 1122 5080 civitates
1165 5031 1222 5079 et
1248 5023 1466 5078 ruinosa
1520 5025 1990 5090 instaurabuntur,
2045 5031 2101 5087 et

519 5133 538 5165 ς
578 5116 798 5186 replebo
823 5129 921 5172 vos
948 5113 1259 5168 hominibus
1282 5121 1336 5168 et
1359 5114 1620 5184 jumentis
1637 5155 1651 5180 ,
1679 5123 1736 5170 et
1774 5115 2101 5184 multiplica—

522 5220 542 5253 ι
583 5205 784 5258 buntur
809 5212 863 5259 et
888 5211 1152 5258 crescent.
1181 5203 1247 5258 Et
1268 5205 1516 5260 habitare
1541 5221 1638 5260 vos
1663 5205 1858 5261 faciam
1887 5205 2028 5260 sicut
2068 5221 2100 5263 a

523 5311 543 5343 ι
580 5293 871 5363 principio,
910 5295 1172 5364 bonisque
1217 5295 1427 5351 donabo
1453 5295 1750 5365 majoribus
1772 5336 1787 5364 ,
1815 5311 1976 5366 quam
2005 5298 2102 5352 ha-

523 5398 543 5431 t
579 5382 773 5436 buistis
799 5382 868 5437 ab
893 5382 1070 5449 initio,
1094 5393 1150 5439 et
1174 5385 1356 5440 scietis
1385 5386 1511 5456 quia
1534 5401 1634 5456 ego
1667 5401 1789 5448 sum
1816 5387 2096 5466 Dominus.

521 5488 546 5526 α
581 5472 644 5528 Et
677 5473 940 5529 adducam
987 5490 1149 5545 super
1183 5491 1281 5532 vos
1322 5477 1570 5532 homines
1612 5477 1868 5547 populum
1919 5493 2100 5534 meum

521 5579 546 5617 σ
578 5561 747 5619 Israel
773 5572 827 5618 et
857 5566 1169 5622 haereditate
1197 5568 1549 5636 possidebunt
1597 5577 1668 5623 te.
1702 5568 1770 5623 Et
1795 5569 1904 5624 eris
1929 5570 2009 5626 eis
2041 5571 2100 5635 iu

521 5669 544 5708 ι
578 5654 967 5724 possessiones,
989 5663 1046 5712 et
1074 5671 1178 5710 non
1203 5657 1367 5713 addes
1389 5658 1552 5723 ultra,
1577 5667 1639 5714 ut
1664 5659 1868 5730 absque
1893 5662 1972 5716 eis
1997 5662 2092 5718 sis.

524 5760 544 5803 t
580 5743 707 5806 Haec
730 5745 863 5804 dicit
907 5746 1167 5804 Dominus
1193 5746 1333 5805 Deus
1357 5765 1371 5802 :
1401 5747 1509 5810 Pro
1534 5763 1600 5808 eo
1617 5791 1632 5818 ,
1675 5750 1818 5828 quod
1842 5751 2097 5812 dixerunt

2201 4659 2337 4720 duce
2371 4666 2519 4721 trans
2538 4655 2829 4718 Iordanem
2859 4657 2976 4712 dua:
2996 4663 3052 4712 et
3078 4658 3243 4712 semis
3271 4658 3458 4713 tribus
3480 4669 3773 4732 acceperunt

2200 4751 2599 4821 possessionem
2627 4754 2722 4816 ,‘et
2745 4751 2845 4806 sub
2886 4749 3012 4806 Jesu
3042 4750 3153 4804 filio
3188 4751 3337 4805 Nave
3373 4752 3505 4808 alia:
3537 4764 3774 4810 navemet

2201 4842 2367 4898 semis
2395 4842 2565 4900 tribus
2587 4849 2789 4901 terram
2831 4839 3070 4898 Judaaam
3102 4843 3495 4912 possederunt.
3542 4846 3775 4913 30:1}qu

2199 4950 2296 4989 vos
2327 4935 2538 4991 donabo
2565 4934 2737 4990 multo
2767 4934 3080 5005 majoribus,
3109 4951 3270 5005 quam
3313 4935 3511 4993 fuistis
3538 4939 3608 4994 ab
3636 4940 3773 4992 ίαξιξες,

2201 5027 2518 5104 priusquam
2541 5027 2881 5097 captivitates
2903 5026 3082 5081 varias
3108 5026 3405 5085 sentiretis.
3443 5029 3520 5083 Et
3543 5046 3665 5084 cum
3703 5031 3776 5082 hs:

2203 5118 2356 5179 vobis
2379 5117 2584 5185 fecero,
2611 5127 2739 5180 tunc
2766 5119 3106 5188 cognoscetis
3144 5119 3285 5187 quod
3316 5134 3423 5189 ego
3465 5122 3575 5176 sim
3625 5120 3776 5176 Domi-

2203 5227 2326 5266 nus.
2350 5212 2418 5266 E’t
2442 5212 2771 5282 impleberis,
2797 5212 2989 5281 inquit,
3007 5227 3040 5267 ο
3064 5221 3205 5266 terra
3227 5213 3418 5279 Israel,
3439 5217 3652 5286 pepqu
3666 5231 3772 5269 mea

2203 5301 2295 5371 qui
2333 5311 2384 5355 te
2406 5301 2720 5357 haereditate
2752 5309 3000 5357 tenturus
3024 5311 3127 5355 est.
3161 5301 3227 5355 Et
3249 5303 3364 5357 eris
3388 5303 3478 5358 eis

2204 5400 2388 5454 etnon
2423 5392 2587 5448 addes
2617 5392 2783 5456 ultra,
2828 5400 2887 5448 ut
2915 5393 3120 5463 absque
3147 5391 3271 5448 filiis
3299 5395 3399 5447 sis.
3430 5391 3577 5449 Cum
3626 5405 3774 5447 ante:

2202 5481 2587 5553 multiplicatus
2610 5481 2772 5537 fuerit
2792 5491 2972 5538 vester
2992 5483 3286 5549 habitator,
3310 5498 3347 5538 ο
3370 5495 3597 5539 montes
3619 5482 3773 5544 [snsi

2203 5583 2332 5630 tunc
2379 5591 2719 5646 nequaquam
2759 5576 2940 5631 dicent
2967 5575 3174 5629 inimici
3220 5574 3393 5630 vestri
3437 5586 3643 5631 contra
3669 5591 3772 5638 res,

2201 5665 2344 5734 quod
2375 5665 2622 5720 homines
2651 5665 2941 5730 devorctis,
2981 5673 3035 5720 et
3061 5664 3264 5734 absque
3294 5664 3494 5721 liberis
3530 5668 3599 5722 sit
3621 5674 3771 5719 vestra

2202 5756 2490 5826 possessio,
2519 5756 2613 5815 sed
2633 5772 2664 5814 e
2692 5755 2986 5814 contrario
3006 5755 3382 5830 multiplicetis
3429 5758 3702 5824 homines,
3727 5764 3770 5808 et
