3916 6356
112 323 209 382 853

1019 329 1372 389 COMMENT.
1412 326 1479 383 IN
1518 326 1967 385 EZECHIELEM.
2007 358 2078 369 —
2113 326 2422 411 LIB._XIII.

3240 324 3344 380 85$

111 438 453 509 largissimam
481 441 686 512 prolem
702 449 883 500 vestra
917 445 1203 514 posteritas
1228 450 1511 512 germinet.
1554 441 1665 497 Nec
1690 449 1741 510 Α
1767 441 2067 513 persecutio
2087 436 2208 506 fuit,
2234 455 2332 510 per
2346 453 2506 508 quam
2526 436 2839 507 proscripta:
2861 444 2985 493 sunt
3003 434 3246 491 ecclesiae
3266 447 3348 488 at-

109 531 305 597 audies,
333 532 520 604 inquit,
550 535 811 605 amplius,
843 550 943 591 nec
969 535 1258 590 sustinebis
1293 531 1665 589 confusionem

109 622 358 694 gentium,
389 623 483 679 sed
514 640 613 680 nec
635 625 848 697 amittes
868 633 1083 696 gentem
1110 636 1276 689 tuam,
1300 632 1360 678 ut
1382 622 1667 699 aliquando
1710 639 1720 657 ο

110 713 366 768 sustineas
389 715 777 784 captivitatem,
800 715 1053 784 quoniam
1077 714 1336 769 Dominus
1354 713 1568 769 locutus
1588 720 1672 790 est

111 802 238 857 haec.
265 811 686 883 Παραφραστικὼς
735 821 886 861 more
913 803 1135 860 Iudaico
1168 805 1495 870 dixerimus,
1550 819 1672 874 quae

109 891 180 947 illi
196 903 506 963 exspectant
523 895 575 950 in
597 894 740 950 mille
762 910 1024 951 annorum
1046 911 1232 966 regno,
1247 893 1465 966 quando
1483 893 1673 947 civita-

107 987 211 1037 tem
241 980 570 1039 Hierusalem
607 994 856 1041 asserunt
888 985 1289 1051 exstruendam,
1312 993 1369 1039 et
1416 983 1673 1053 templum

107 1072 244 1140 quod
282 1072 334 1127 in
374 1074 482 1129 fine
508 1074 666 1146 hnjus
689 1074 976 1130 voluminis
1001 1073 1347 1141 describitur,
1386 1082 1441 1128 et
1490 1088 1672 1128 rerum

107 1164 333 1219 omnium
355 1164 683 1222 felicitatem.
699 1167 935 1235 Quorum
955 1166 1189 1222 nonnulli
1209 1168 1547 1222 arbitrantur
1572 1166 1672 1221 sub

107 1256 391 1314 Zorobabel
407 1260 520 1317 hzcc
538 1260 703 1316 fuisse
716 1261 1003 1332 completa.
1020 1260 1124 1316 Sed
1139 1261 1409 1333 quomodo
1421 1271 1567 1316 stare
1586 1275 1676 1330 po-

107 1349 261 1403 tuerit
276 1351 376 1406 hoc
393 1351 534 1422 quod
553 1352 749 1406 dicitur
777 1367 793 1406 :
822 1371 840 1404 ς
873 1352 937 1406 Et
956 1351 1187 1407 habitari
1210 1366 1305 1407 vos
1325 1350 1517 1406 faciam
1540 1351 1675 1405 sicut

107 1451 130 1490 a
149 1439 428 1509 principio,
449 1440 708 1512 bonisque
721 1442 932 1496 donabo
953 1442 1267 1513 majoribus,
1288 1457 1447 1511 quam
1462 1440 1679 1497 habuis-

105 1530 169 1584 tis
186 1533 250 1586 ab
293 1531 477 1588 initio?
511 1553 530 1587 ι
569 1534 681 1589 Sub
706 1535 1001 1592 Zorobabcl
1030 1537 1174 1591 enim
1203 1536 1339 1590 Ezra
1368 1543 1423 1590 et
1458 1522 1677 1591 Neemia

105 1620 251 1689 pauci
278 1621 341 1675 de
362 1622 556 1693 pOpqu
583 1634 708 1678 sunt
734 1625 959 1690 reducti,
983 1634 1037 1680 et
1063 1625 1161 1695 ipsi
1183 1624 1494 1679 obedientes
1512 1613 1678 1685 Medis

1768 546 1872 601 qne
1892 539 2113 585 vastatas
2130 570 2145 592 ,
2170 532 2383 599 quando
2410 528 2877 583 subsannaverunt
2895 526 3183 583 ecclesiam
3212 540 3345 597 geu-

1762 624 1938 688 tilium
1960 633 2015 677 et
2037 622 2410 676 haereticorum
2440 626 2629 691 gentes
2646 634 2745 690 per
2764 619 3051 674 circuitum
3073 660 3089 684 ,
3117 618 3260 688 quod
3291 614 3348 671 in

1770 713 1893 784 igne
1919 711 2016 766 zeli
2040 720 2095 766 et
2121 709 2319 764 furoris
2342 710 2424 764 sui
2455 708 2781 772 locutussit,
2817 717 2874 763 et
2904 708 3121 778 proprie
3152 692 3348 764 adver-

1771 819 1890 859 sum
1910 803 2201 866 ldumeam,
2224 816 2345 871 quae
2367 800 2597 855 terrenis
2621 798 2874 868 operibus
2895 799 3111 854 volebat
3132 812 3347 864 omnes,
3420 856 3435 869 ,

1766 897 2013 966 deposita
2038 896 2266 966 imagine
2288 895 2542 960 caelestis,
2563 902 2783 964 portare
2813 894 3098 964 imaginem
3124 889 3346 948 terreni.

1771 989 1849 1045 Illi
1879 988 2020 1044 enim
2048 988 2309 1042 dederunt
2349 994 2547 1041 terram
2580 985 2671 1039 Dei
2718 984 2821 1040 sibi
2863 983 2917 1038 in
2947 985 3346 1048 hrereditatem,

1772 1088 1827 1134 et
1855 1094 1919 1134 ex
1964 1086 2077 1133 toto
2105 1076 2269 1132 corde
2317 1087 2478 1145 atque
2504 1089 2571 1129 ex
2600 1076 2780 1131 animo
2808 1073 3091 1130 ecclesiam
3134 1071 3354 1130 Domini

1773 1169 2042 1240 persecuti
2089 1176 2234 1231 sunt,
2265 1176 2319 1221 et
2344 1164 2622 1233 eiecerunt
2659 1180 2776 1219 eam
2808 1164 2874 1219 de
2900 1163 3117 1219 sedibus
3152 1163 3267 1219 suis
3294 1170 3355 1222 et

1775 1265 2141 1313 vastaverunt.
2174 1254 2280 1311 Sed
2310 1256 2438 1326 quid
2468 1255 2666 1326 profuit
2687 1255 2994 1310 nationibus
3013 1294 3027 1319 ,
3059 1254 3188 1323 quid
3209 1254 3352 1326 juvit

1776 1351 2153 1406 haereticorum
2188 1358 2375 1420 gentes
2409 1348 2697 1404 insultasse
2725 1356 2884 1403 terra:
2924 1346 3172 1411 Domini,
3223 1362 3349 1401 cum

1778 1442 2028 1512 loquatur
2060 1442 2128 1496 ad
2156 1457 2277 1498 eam
2324 1448 2379 1496 et
2420 1440 2691 1494 montibus
2719 1439 2860 1493 illius
2902 1438 3239 1506 collibusque
3286 1450 3351 1490 ac

1772 1534 1938 1605 jugis,
1963 1533 2077 1588 sive
2100 1531 2400 1588 nemorosis
2432 1530 2585 1594 locis,
2616 1543 2735 1598 qua:
2762 1528 3076 1582 amoenitate
3103 1526 3355 1580 virebant

1776 1627 2034 1698 paradisi,
2058 1633 2115 1681 et
2138 1624 2383 1690 collibus,
2412 1623 2477 1678 de
2505 1621 2699 1691 quibus
2722 1634 2885 1689 supra
2905 1619 3139 1673 diximus
3156 1618 3208 1671 in
3236 1617 3353 1671 zelo

105 1724 163 1763 ac
187 1708 383 1775 Persis,
405 1720 459 1765 et
484 1711 729 1782 .leinceps
751 1711 1129 1767 Macedonibus
1147 1721 1201 1767 et
1229 1711 1496 1785 [Egyptiis
1518 1723 1680 1783 atque
1716 1784 1729 1785 ί
1781 1726 1837 1773 et
1864 1719 1920 1772 in
1953 1717 2138 1772 furore
2164 1730 2261 1771 suo
2310 1714 2523 1769 locutus
2567 1713 2675 1775 sit,
2717 1718 2772 1763 et
2800 1708 3089 1780 opprobrio
3118 1706 3349 1778 gentium

105 1797 357 1854 Romanis
374 1816 539 1870 usque
560 1802 627 1857 ad
648 1803 825 1857 Titum
853 1810 908 1857 et
931 1803 1319 1874 Vespasianum
1348 1803 1679 1858 diversarum
1710 1784 1755 1843 Β
1785 1808 1922 1864 levet
1940 1822 2157 1862 manum
2184 1820 2335 1860 suam
2358 1809 2546 1858 contra
2567 1798 2929 1864 adversarios,
2951 1797 3044 1868 qui
3070 1793 3356 1850 ecclesiam

105 1889 332 1956 gentium
356 1891 569 1961 regibus
588 1892 893 1948 servierunt
920 1912 932 1947 :
958 1900 1013 1948 et
1047 1909 1215 1963 usque
1238 1894 1397 1949 hodie
1418 1895 1678 1959 serviunt,

105 1984 155 2030 ut
184 1987 328 2031 stare
363 1980 581 2033 omnino
628 1998 733 2036 non
764 1983 934 2053 possit
968 1984 1103 2050 hoc,
1155 1986 1300 2055 quod
1346 1985 1398 2039 in
1437 1995 1680 2041 extrema

103 2065 294 2121 dicitur
333 2069 636 2138 prophetia.
680 2090 699 2123 ι
737 2072 801 2126 Ει
831 2074 1178 2144 opprobrium
1224 2074 1541 2146 populorum
1587 2092 1681 2131 ne-

103 2174 362 2229 quaquam
391 2160 651 2230 portabis,
688 2172 744 2219 et
773 2176 988 2236 gentem
1021 2175 1168 2220 tuam
1192 2182 1299 2220 non
1325 2167 1542 2221 amittes
1567 2182 1683 2219 am-

103 2247 252 2316 plius.
298 2269 317 2301 ι
374 2249 439 2304 Et
467 2251 592 2320 quia
625 2251 842 2323 longum
867 2264 952 2310 est
997 2272 1137 2309 nunc
1169 2257 1456 2310 adversnm
1486 2256 1681 2326 dogma

103 2334 372 2393 Iudaicum
410 2348 463 2396 et
504 2341 891 2398 beatitudinem
920 2345 1097 2398 ventri
1128 2352 1182 2399 et
1215 2345 1420 2416 gutturi
1459 2343 1681 2400 Iudaico

103 2421 440 2495 servientem,
462 2432 587 2502 quia
608 2433 789 2488 omnia
816 2442 1029 2490 terrena
1048 2435 1380 2501 desiderant,
1398 2443 1452 2490 et
1471 2436 1679 2502 dicunt,

103 2518 475 2577 lianducemus
501 2532 556 2577 et
579 2524 851 2593 bibamus,
890 2527 956 2583 de
988 2528 1182 2597 quibus
1207 2536 1259 2582 et
1285 2528 1576 2598 Apostolus
1605 2529 1682 2585 lo-

101 2610 314 2679 quitur:
355 2631 373 2662 c
409 2612 544 2667 Esca
571 2617 778 2682 ventri,
829 2625 882 2672 et
907 2626 1099 2673 venter
1125 2616 1472 2685 escis;’Deus
1502 2627 1683 2674 autem

101 2707 150 2753 et
197 2698 339 2755 hunc
370 2710 424 2755 et
453 2701 599 2756 illam
633 2704 875 2760 destruet
906 2704 957 2776 (Ι
996 2705 1118 2760 Cor.
1156 2706 1268 2778 v)»,
1302 2707 1355 2761 in
1385 2707 1540 2762 brevi
1584 2724 1681 2763 ex-

101 2785 399 2859 planaliouc
430 2789 632 2858 dicere,
666 2809 809 2849 nunc
847 2796 914 2849 ad
951 2794 1248 2865 spiritalem
1274 2796 1684 2868 intelligentiam

101 2885 457 2949 transeamus,
498 2882 653 2954 juxta
692 2903 853 2956 quam
879 2896 933 2944 et
962 2897 1237 2944 extremas
1278 2899 1463 2959 partes
1509 2891 1683 2946 inter-

101 2972 293 3039 pretati
334 2989 539 3029 sumus.
579 2974 763 3046 Neque
794 2979 938 3033 enim
963 2977 1119 3048 juxta
1158 2977 1410 3036 Judaicas
1438 2979 1683 3049 fabulas,

99 3072 229 3130 quas
256 3058 328 3115 ιιιὶ
358 3060 688 3140 δωτιρὼσιις
718 3068 1003 3138 appellant,
1029 3076 1356 3140 gemmatam
1384 3079 1439 3126 et
1458 3087 1680 3127 auream

99 3151 161 3210 ie
183 3154 321 3210 caelo
336 3167 712 3227 exspectamus
727 3159 1084 3229 Hierusalem,
1105 3179 1207 3218 nec
1227 3180 1442 3219 rursum
1463 3165 1677 3237 passuri

99 3244 524 3302 circumcisionis
571 3248 848 3318 injuriam,
891 3267 993 3307 nec
1033 3253 1266 3308 oblaturi
1299 3263 1578 3310 taurorum
1625 3264 1682 3311 et

99 3336 327 3393 arietum
348 3339 613 3407 victimas,
642 3357 745 3397 nec
761 3343 972 3398 sabbati
1002 3344 1113 3399 otio
1140 3345 1470 3399 dormiemus
1501 3363 1514 3398 :
1540 3346 1683 3415 quod

99 3435 149 3485 et
180 3428 336 3483 multi
378 3439 688 3489 nostrorum
721 3443 776 3489 et
834 3437 1105 3507 praecipue
1150 3437 1470 3494 Tertulliani
1520 3438 1680 3505 liber,

99 3519 189 3591 qui
224 3515 539 3575 inscribitur
567 3522 631 3577 de
659 3521 761 3595 Spe
787 3524 1021 3595 ﬁdelium
1040 3567 1054 3592 ,
1073 3536 1129 3581 et
1159 3525 1426 3582 Lactantii
1462 3527 1681 3581 institu-

99 3610 303 3664 tionum
348 3611 599 3667 volumen
647 3615 933 3684 septimum
964 3615 1283 3686 pollicetur,
1326 3624 1380 3670 et
1423 3615 1682 3671 Victorini

99 3701 511 3761 Petobionensis
532 3705 778 3778 Episcopi
804 3710 1007 3764 crebrae
1031 3710 1417 3780 expositiones,
1440 3720 1493 3766 et
1514 3726 1687 3782 nuper

99 3794 335 3852 Severus
372 3806 559 3853 noster
597 3798 653 3853 in
684 3799 913 3872 diaIOgo,
951 3801 1038 3857 cui
1064 3801 1219 3858 Gallo
1260 3818 1458 3857 nomen
1506 3802 1685 3872 impo-

99 3886 207 3941 suit
240 3905 252 3939 :
294 3894 349 3942 et
372 3896 429 3941 ut
451 3886 667 3943 GI‘IBCOS
689 3892 984 3957 nominem,
1011 3901 1066 3949 et
1095 3894 1328 3963 primum
1358 3902 1687 3949 extremum-

99 3992 204 4047 que
242 3977 585 4047 conjungam,
626 3978 856 4036 Irenaeus
899 3990 955 4036 et
1008 3982 1353 4052 Apollinaris.
1397 3984 1506 4039 Nos
1557 3999 1688 4055 ergo

99 4075 317 4122 montes
345 4066 507 4122 Israel
528 4066 828 4137 Prophetas
857 4078 911 4125 et
936 4071 1222 4141 Apostolos
1258 4090 1380 4130 esse
1406 4076 1649 4132 dicemus
1671 4118 1688 4145 ,

99 4158 196 4228 qui
227 4158 458 4211 audiunt
484 4158 706 4212 verbum
736 4159 851 4227 Dei,
883 4169 938 4214 et
963 4161 1157 4231 quibus
1192 4161 1435 4219 diabolus
1460 4164 1690 4220 insulta-

99 4248 180 4304 vit
204 4247 457 4303 inimicus
477 4248 662 4303 dicens
688 4267 701 4303 :
728 4249 908 4321 Euge;
932 4251 1131 4306 excelsi
1157 4253 1428 4323 quondam
1453 4264 1690 4323 montes,

99 4337 169 4393 de
196 4339 396 4409 quibus
416 4340 678 4412 scriptum
718 4350 801 4397 est
851 4360 864 4397 :
901 4363 918 4395 ‹
952 4342 1159 4400 Montes
1187 4347 1240 4400 in
1268 4347 1495 4403 circuitu
1536 4348 1651 4419 ejus
1672 4389 1689 4417 ,

1784 1900 2053 1974 persecuti
2093 1899 2234 1963 sint,
2270 1906 2330 1952 ut
2373 1902 2590 1965 portent
2618 1890 2985 1948 confusionem
3028 1896 3083 1942 et
3130 1885 3361 1957 ignomi-

1785 1993 1929 2047 niam
1948 1990 2136 2046 suam?
2161 1988 2312 2043 Tunc
2332 1984 2765 2059 persecutoribus
2792 1979 3110 2041 interfectis,
3149 1986 3203 2032 et
3225 1990 3360 2047 pace

1782 2081 2037 2139 Ecclesia:
2064 2079 2292 2143 reddita,
2317 2084 2525 2131 montes
2546 2072 2709 2127 Israel
2728 2113 2742 2137 ,
2768 2068 3007 2141 Apostoli
3035 2065 3281 2121 videlicet
3307 2073 3362 2118 et

1783 2172 2063 2245 apostolici
2081 2171 2178 2225 viri
2203 2167 2578 2239 germinabunt
2593 2165 2812 2219 arbores
2832 2176 2981 2225 suas,
2999 2165 3055 2211 et
3071 2153 3363 2211 extendent

1785 2281 1964 2321 ramos
1989 2278 2227 2332 uvasque
2249 2262 2494 2317 adferent
2528 2258 2814 2314 calcandas
2841 2254 2894 2307 in
2924 2250 3088 2323 prazlo
3114 2245 3359 2308 Domini,

1781 2358 1849 2412 de
1874 2355 2071 2426 quibus
2108 2363 2282 2408 musta
2308 2351 2625 2412 funduntur,
2659 2362 2778 2417 qua:
2815 2343 3084 2399 inebricnt
3131 2336 3359 2393 creden-

1782 2449 1915 2503 tium
1966 2446 2221 2519 populos,
2273 2451 2329 2497 et
2354 2440 2677 2512 exprimitur
2705 2438 2887 2492 vinum
2932 2432 3077 2504 quod
3126 2426 3367 2519 lrctificat

1783 2556 1879 2595 cor
1904 2517 2138 2595 hominis
2170 2550 2184 2589 :
2213 2544 2273 2589 ut
2306 2532 2481 2588 omnis
2519 2529 2725 2583 fructus
2763 2526 3047 2589 montium,
3074 2522 3140 2576 de
3167 2517 3367 2590 quibus

1783 2630 2068 2686 conficitur
2096 2626 2251 2698 panis
2295 2626 2360 2680 de
2388 2623 2526 2678 ccclo
2552 2618 2922 2681 descendens,
2971 2612 3287 2669 comedatur
3329 2620 3365 2663 a
3430 2644 3440 2658 .

1783 2721 1979 2791 populo
2013 2720 2109 2775 Dei
2133 2717 2316 2776 Israel.
2343 2716 2410 2770 Et
2437 2730 2505 2770 ne
2526 2712 2756 2768 forsitan
2784 2710 3132 2779 desperemus
3157 2704 3211 2757 in
3240 2715 3365 2772 per-

1784 2815 2171 2876 secutionibus,
2222 2810 2441 2867 additur
2473 2826 2486 2863 :
2525 2828 2543 2860 r
2575 2806 2752 2877 Prope
2797 2810 2881 2859 est
2909 2810 3122 2872 tempus
3170 2805 3230 2853 ut
3271 2812 3366 2853 ve-

1766 2907 1919 2975 niat.
1964 2902 2205 2959 Veniens
2227 2901 2371 2957 enim
2401 2900 2605 2963 veniet,
2631 2905 2688 2953 et
2716 2911 2821 2950 non
2853 2892 3090 2949 tardabit
3130 2888 3362 2960 (Habac.

1785 2995 1870 3069 tt).
1901 2995 2053 3052 Unde
2087 3010 2243 3050 suum
2270 2994 2338 3048 ad
2367 2998 2580 3046 montes
2608 2997 2663 3045 et
2702 2988 2771 3042 ad
2802 3001 2916 3050 eos,
2949 2983 3039 3054 qui
3063 2980 3367 3037 tribulatio-

1786 3085 1946 3140 nibus
1984 3084 2365 3154 perdurarunt,
2391 3078 2680 3149 pollicetur
2706 3076 2996 3130 adventum
3027 3081 3189 3141 atque
3233 3082 3367 3140 pro-

1785 3173 1973 3239 mittit,
1998 3171 2139 3243 quod
2171 3169 2564 3242 persecutionis
2596 3166 2845 3221 ardorem
2871 3172 3193 3220 exerceatur
3219 3169 3371 3217 terra

1782 3263 1935 3334 prius
1965 3262 2218 3332 decerpta
2259 3259 2461 3315 Christi
2503 3271 2723 3313 vomere
2752 3263 2807 3310 et
2848 3270 3063 3309 omnem
3106 3253 3371 3306 virtutum

1785 3360 2084 3408 sementem
2114 3349 2363 3420 recipiat,
2389 3349 2453 3402 de
2480 3363 2586 3416 qua
2611 3353 2906 3400 nascantur
2922 3351 2977 3397 et
3004 3340 3367 3412 multiplicen-

1785 3451 1874 3499 tur
1906 3442 2169 3505 homines,
2197 3448 2251 3495 ct
2274 3439 2451 3494 omnis
2478 3438 2668 3491 domus
2696 3434 2875 3489 lsrael.
2916 3432 3159 3501 Cumque
3185 3426 3373 3484 civita-

1788 3544 1888 3599 tes,
1921 3536 2023 3590 hoc
2058 3542 2161 3597 est,
2189 3531 2430 3587 ecclesia:
2456 3528 2788 3585 credentium
2822 3525 3025 3581 fuerint
3054 3522 3373 3578 inhabitata'.

1789 3625 2140 3680 redeuntibus
2172 3623 2363 3687 turbis,
2389 3629 2517 3675 tunc
2540 3631 2880 3688 nequaquam
2897 3615 3070 3670 solum
3099 3611 3368 3675 homines,

1786 3717 1878 3785 qui
1910 3714 2186 3783 pollebunt
2214 3712 2439 3765 scientia
2464 3709 2865 3778 Scripturarum
2894 3721 2905 3756 :
2931 3702 3026 3758 sed
3054 3711 3109 3756 et
3125 3700 3371 3770 iumenta

1789 3807 2057 3878 simplices
2096 3804 2296 3875 quique
2317 3801 2650 3861 credentium
2680 3795 3181 3867 multiplicabuntur
3212 3799 3377 3860 atque

1790 3904 2159 3953 succrescent.
2189 3894 2254 3947 Et
2276 3892 2664 3947 habitabuntur
2682 3888 2926 3943 ecclesia:
2953 3886 3093 3941 sicut
3121 3900 3150 3937 a
3174 3880 3378 3953 princi-

1790 3988 1901 4059 pio,
1950 3987 2054 4040 hoc
2077 3991 2193 4049 est,
2230 3982 2542 4052 priusquam
2572 3985 2715 4034 esset
2742 3976 3069 4046 persecutio.
3102 3971 3377 4042 Bonisque

1792 4077 2061 4131 ﬂorebunt
2086 4072 2399 4141 majoribus,
2425 4085 2585 4139 quam
2609 4067 2919 4123 habuerunt
2939 4066 3007 4119 ab
3028 4063 3204 4126 initio,
3231 4074 3378 4115 mar-

1795 4176 1974 4240 tyrum
2004 4165 2245 4220 victoriis
2274 4170 2565 4218 coronatte.
2597 4160 2663 4214 Et
2704 4167 2834 4215 tunc
2859 4158 3050 4222 scient,
3086 4154 3231 4224 quod
3258 4153 3376 4223 ipse

1796 4240 1868 4313 sit
1895 4256 2172 4319 Dominus,
2204 4253 2295 4324 qui
2320 4252 2558 4307 restituit
2587 4248 2799 4321 plebem
2830 4262 2982 4303 suam
3008 4245 3237 4316 pristino
3266 4251 3378 4299 sta-

1798 4350 1898 4416 tui,
1931 4365 2052 4419 qna:
2077 4348 2352 4418 possideat
2378 4344 2659 4409 ecclesias,
2684 4351 2739 4396 ct
2764 4343 2878 4411 ipsa
2913 4340 2985 4396 sit
3021 4337 3379 4394 ecclesiarum

99 4439 155 4487 et
177 4431 438 4487 Dominus
460 4434 513 4489 in
534 4434 759 4489 circuitu
785 4436 965 4505 populi
982 4437 1064 4491 sui
1088 4434 1259 4511 (Psal.
1284 4439 1489 4511 cxxtv),
1515 4459 1533 4491 ›
1559 4441 1689 4497 mihi
1716 4457 1769 4517 D
1795 4443 2106 4498 haereditas.
2166 4441 2233 4495 Et
2277 4452 2617 4509 nequaquam
2663 4435 2806 4490 ultra
2849 4434 3054 4502 absque
3074 4429 3279 4498 liberis
3305 4427 3382 4484 sit

99 4522 212 4580 dati
242 4534 371 4578 sunt
393 4525 445 4580 in
486 4526 903 4594 possessionem,
930 4530 1146 4602 quando
1174 4533 1565 4601 persecutionis
1590 4550 1691 4590 an-

99 4615 298 4687 gustiis
326 4616 549 4671 desolati
582 4627 739 4685 sunt,
770 4628 825 4674 et
849 4621 1149 4678 conculcati
1170 4639 1268 4695 per
1291 4622 1574 4679 circuitum
1594 4667 1608 4691 ,
1638 4635 1693 4682 et

99 4706 234 4761 facti
265 4706 318 4761 in
345 4706 715 4763 htcreditatem
739 4709 963 4781 reliquis
984 4713 1255 4785 gentibus,
1280 4723 1335 4768 et
1356 4715 1424 4770 ab
1442 4716 1693 4771 omnibus

99 4797 492 4867 blasphemati.
532 4797 824 4870 Propterea
851 4800 1091 4874 loquitur
1118 4802 1380 4859 Dominus
1406 4805 1691 4860 conculca-

99 4890 175 4944 tis
203 4891 482 4946 montibus
502 4899 557 4946 et
578 4892 856 4959 desolatis,
876 4902 930 4948 et
955 4910 1062 4950 non
1085 4895 1259 4950 solum
1282 4897 1571 4960 montibus,
1599 4897 1694 4953 sed

99 4989 158 5034 et
187 4977 540 5035 inferioribus
564 4996 628 5035 ac
657 4997 752 5052 per
768 4983 1005 5054 singulos
1026 4985 1224 5055 gradus
1252 4985 1303 5043 in
1330 4994 1472 5042 terra
1491 4986 1695 5054 Judaca,

99 5068 209 5125 hoc
227 5080 316 5126 est
330 5071 384 5126 in
405 5081 585 5127 monte
600 5073 858 5130 Ecclesia:
878 5077 1203 5144 constitutis,
1227 5078 1293 5133 de
1315 5095 1421 5150 qua
1436 5079 1697 5151 scriptum

99 5170 189 5215 est
218 5175 234 5215 :
265 5179 285 5212 ι
311 5161 428 5217 Non
454 5170 629 5233 potest
652 5164 843 5241 civitas
867 5165 1121 5221 abscondi
1151 5183 1312 5241 super
1338 5178 1578 5226 montem
1602 5185 1700 5243 po-

100 5253 209 5309 sita
242 5253 460 5327 (Matth.
489 5253 566 5329 v).
604 5275 624 5309 ι
645 5255 713 5311 Ει
740 5256 968 5314 collibus
1004 5267 1164 5331 atque
1190 5261 1543 5328 torrentibus,
1570 5277 1701 5333 quo-

100 5361 230 5403 rum
267 5347 449 5404 bieme
480 5349 945 5420 persecutionum,
975 5357 1030 5404 et
1070 5358 1387 5422 tempestate
1426 5368 1695 5423 pressurae

101 5444 343 5509 augetur
370 5436 522 5493 fides.
549 5437 784 5494 Vallibus
803 5455 1016 5512 quoque
1039 5440 1145 5508 his,
1161 5442 1254 5511 qui
1277 5443 1577 5497 humilitate
1597 5443 1694 5499 de-

104 5526 287 5599 pressi
318 5535 475 5594 sunt,
502 5536 558 5583 et
586 5528 816 5583 desertis
844 5527 1103 5585 Ecclesiis
1128 5536 1184 5585 et
1225 5531 1507 5601 parietinis
1536 5541 1699 5602 atque

106 5617 164 5670 in
217 5624 334 5672 toto
391 5617 523 5675 orbe
571 5617 926 5673 ecclesiarum
964 5619 1337 5675 conciliabulis
1386 5621 1657 5677 derelictis
1680 5664 1695 5689 ,

108 5707 292 5777 qualis
343 5708 443 5767 sub
474 5707 807 5766 Diocletiano
836 5716 889 5767 et
923 5707 1249 5766 Maximiano
1298 5709 1353 5766 in
1405 5718 1516 5768 toto
1565 5712 1697 5769 orbe

1795 4550 1930 4605 quos
1963 4533 2018 4589 in
2046 4531 2421 4607 persecutione
2449 4527 2778 4601 perdiderat.
2812 4523 2967 4580 Unde
2990 4521 3215 4590 jubctur
3252 4533 3379 4589 pro-

1795 4625 1979 4696 pheta,
2005 4630 2065 4676 ut.
2094 4622 2348 4691 loquatur
2375 4619 2443 4674 ad
2479 4627 2681 4674 terram
2714 4622 3119 4670 mansuctorum
3151 4620 3379 4666 terram-

1795 4730 1901 4785 que
1930 4713 2246 4777 viventium,
2278 4712 2392 4767 sive
2414 4711 2482 4765 ad
2505 4719 2718 4763 montes
2738 4705 2919 4771 Israel,
2952 4712 3008 4760 et
3036 4704 3217 4759 dicat:
3243 4701 3376 4757 Per-

1796 4814 2103 4859 secutorum
2135 4803 2271 4857 ultra
2304 4817 2410 4857 non
2445 4799 2669 4870 patiaris
2690 4797 3059 4869 opprobrium,
3085 4809 3184 4849 nec
3211 4791 3379 4847 insul-

1801 4892 2296 4963 tabuntjugulatum
2310 4890 2562 4963 p0pulum
2580 4898 2755 4956 tuum,
2770 4889 2911 4944 sicut
2929 4902 3059 4943 oves
3069 4884 3373 4941 occisionis.

1803 4983 1943 5039 Pace
1964 4985 2107 5040 enim
2157 4983 2382 5048 reddita,
2428 4984 2717 5054 opprobria
2756 4982 3010 5038 universa
3062 4985 3372 5035 cessabunt.

1802 5075 1915 5131 Nec
1964 5076 2253 5132 sustinebis
2300 5074 2671 5131 confusionem
2720 5082 2777 5130 et
2834 5073 3182 5145 ignominiam
3237 5074 3378 5127 inter

1803 5170 2046 5226 diversas
2071 5169 2123 5224 in
2158 5169 2387 5224 circuitu
2422 5169 2695 5234 nationes,
2722 5167 2817 5223 sed
2851 5175 3069 5238 gentem
3099 5173 3244 5220 tuam
3284 5164 3383 5221 ba-

1802 5260 1956 5316 bebis
1980 5269 2034 5315 et
2055 5261 2306 5331 populum
2335 5279 2348 5316 :
2380 5261 2508 5330 quia
2528 5261 2728 5317 veritas
2755 5256 3129 5328 promissionis
3150 5257 3381 5313 Domino

1801 5349 2053 5419 loquente
2080 5351 2293 5407 tirmata
2327 5360 2430 5407 est.

1879 5461 1897 5492 ι
1940 5441 2006 5495 Ει
2035 5442 2235 5496 factum
2269 5451 2352 5497 est
2382 5441 2607 5495 verbum
2648 5438 2861 5494 Domini
2901 5438 2967 5494 ad
3012 5451 3099 5493 me
3146 5437 3333 5493 dicens
3366 5454 3379 5490 :

1812 5550 1830 5583 ι
1870 5530 1968 5585 Fili
2008 5532 2260 5597 hominis,
2289 5532 2480 5587 domus
2502 5530 2665 5585 Israel
2702 5530 3082 5586 habitaverunt
3120 5528 3172 5583 in
3219 5528 3384 5582 humo

1813 5643 1831 5674 ‹
1870 5638 1964 5677 sua
1995 5631 2049 5677 ct
2094 5622 2397 5694 polluerunt
2425 5638 2545 5675 eam
2595 5622 2647 5676 in
2678 5623 2781 5677 viis
2833 5624 2945 5678 suis
2982 5630 3039 5677 et
3083 5621 3137 5675 in
3186 5619 3379 5674 studiis

1815 5731 1833 5764 ι
1871 5711 2002 5768 suis.
2031 5710 2191 5768 Juxta
2222 5712 2615 5768 immunditiam
2644 5722 2991 5771 mcnstruata:
3017 5713 3159 5767 facta
3180 5718 3265 5767 est
3299 5708 3387 5765 via
