3916 6356
496 357 618 414 855

1132 354 1196 409 Β.
1237 352 1489 411 RABANI
1524 350 1744 410 MAURI
1780 348 2099 410 ARCIIIEP.
2133 347 2443 407 MOGUNT.
2483 348 2768 408 OPERUM
2806 348 2987 405 PARS

501 490 521 523 ι
557 483 745 529 eorum
781 482 967 525 coram
992 482 1111 531 me,
1136 477 1192 522 et
1214 464 1376 521 effudi
1425 462 1851 533 indignationem
1890 473 2069 516 meam
2095 462 2150 523 Α
2173 458 2316 517 Deus
2341 476 2509 531 quare
2537 463 2791 534 populum
2821 461 2991 519 Israel
3032 461 3338 537 captlvitati
3367 459 3708 525 tradiderit,
3728 473 3772 518 et

502 580 521 611 ι
561 574 724 629 super
746 573 840 614 eos
881 571 980 628 pro
1016 557 1311 633 sanguine,
1353 569 1513 626 quem
1556 552 1868 643 etfudcrunt
1911 564 2076 621 super

498 671 516 701 ι
557 661 777 706 terram.
808 648 876 704 Et
901 648 956 703 in
985 647 1141 702 idolis
1170 647 1282 703 suis
1306 646 1617 716 polluerunt
1642 659 1763 700 eam
1795 642 1811 707 ,
1860 650 1915 697 et
1966 642 2076 699 dis-

498 760 516 790 ι
553 740 699 810 persi
726 752 820 794 eos
867 737 921 792 in
952 737 1234 810 gentibus,
1259 744 1315 792 et
1339 736 1584 791 ventilati
1632 745 1756 792 sunt
1803 736 1857 791 in
1890 735 2072 801 terris,

498 852 515 883 ι
549 831 703 905 juxta
730 828 846 884 vias
873 843 1063 885 eorum
1093 838 1148 883 et
1177 828 1586 884 adinventiones
1609 843 1795 884 eorum
1832 828 2072 899 judicavi

496 939 515 970 ο
558 935 672 975 eos.
706 919 775 974 Et
817 918 1049 990 ingressi
1077 927 1202 974 sunt
1248 920 1316 974 ad
1342 928 1550 989 gentes,
1577 919 1644 974 ad
1685 934 1821 987 quas
1844 920 2069 975 introie-

489 1029 506 1061 ι
556 1018 704 1073 runt,
753 1016 808 1065 et
851 1008 1158 1088 polluerunt
1202 1023 1394 1064 nomen
1431 1018 1681 1064 sanctum
1721 1024 1901 1066 meum
1946 1024 2070 1064 eum

487 1123 507 1154 ο
554 1103 831 1163 diceretur
871 1102 938 1158 de
979 1101 1058 1157 eis
1098 1101 1325 1171 populus
1372 1100 1585 1157 Domini
1631 1101 1734 1158 iste
1758 1111 1875 1168 est,
1920 1102 2072 1157 etde

488 1214 507 1245 α
555 1203 702 1250 terra
741 1192 857 1264 ejus
884 1194 1084 1266 egressi
1114 1202 1257 1249 sunt.
1296 1193 1362 1248 Et
1394 1194 1611 1264 peperci
1645 1194 1849 1250 nomini
1881 1203 2071 1250 sancto

488 1304 507 1335 σ
555 1300 700 1350 meo,
734 1285 877 1354 quod
905 1284 1169 1355 polluerat
1192 1284 1383 1340 domus
1417 1283 1580 1339 Israel
1603 1284 1657 1339 in
1684 1284 1934 1356 gentibus
1955 1324 1970 1349 ,
2002 1284 2070 1340 ad

489 1398 507 1428 ε
551 1392 687 1447 quas
707 1377 937 1448 ingressi
962 1384 1104 1431 sunt.
1127 1375 1333 1430 Idcirco
1351 1374 1499 1431 dices
1518 1375 1699 1431 domui
1717 1374 1878 1431 Israel
1905 1393 1918 1429 :
1943 1374 2069 1430 Rrec

488 1488 507 1520 ε
558 1467 689 1524 dicit
728 1467 986 1522 Dominus
1014 1466 1183 1532 Deus,
1223 1481 1329 1521 non
1358 1475 1579 1536 propter
1603 1480 1699 1521 vos
1740 1480 1839 1536 ego
1874 1464 2068 1520 faciam

490 1577 511 1607 ι
552 1556 744 1613 domus
772 1556 957 1621 Israel,
993 1554 1086 1611 sed
1118 1564 1335 1626 pr0pter
1358 1570 1555 1611 nomen
1584 1562 1832 1610 sanctum
1862 1569 2066 1619 meum,

491 1667 512 1700 ι
547 1648 690 1722 quod
734 1648 1001 1725 polluistis
1045 1646 1405 1719 ingentibus,
1446 1646 1514 1700 ad
1555 1660 1690 1727 quas
1719 1645 1981 1709 intrastis,
2015 1653 2071 1699 et

490 1758 509 1792 ι
547 1739 895 1797 sanctificabo
919 1754 1115 1796 nomen
1143 1755 1321 1795 meum
1342 1754 1618 1811 magnum,
1642 1737 1785 1809 quod
1806 1737 2067 1807 pollutum

491 1850 511 1887 ι
545 1841 632 1889 est
653 1833 797 1888 inter
824 1842 1011 1905 gentes
1040 1833 1183 1904 quod
1209 1832 1475 1903 polluistis
1511 1832 1565 1886 in
1585 1830 1761 1886 medio
1780 1844 1988 1893 earum,
2012 1837 2071 1883 ut

490 1941 510 1974 ι
546 1924 723 1979 sciant
746 1934 936 1995 gentes
950 1925 1074 1994 quia
1087 1938 1186 1993 ego
1202 1923 1479 1989 Dominus,
1507 1921 1908 1978 dicitDominus
1920 1933 2073 1975 exer-

493 2033 513 2068 ι
550 2016 777 2083 cituum,
804 2031 927 2072 cum
950 2016 1318 2072 sanctificatus
1339 2016 1492 2071 fuero
1515 2015 1569 2069 in
1585 2013 1739 2069 vobis
1758 2028 1942 2069 coram
1968 2012 2067 2067 eis.

494 2124 514 2158 ο
550 2104 758 2160 Tollam
793 2105 992 2177 quippe
1014 2121 1109 2161 vos
1134 2105 1202 2161 de
1239 2107 1494 2177 gentibus
1517 2112 1573 2161 et
1606 2104 1948 2177 cougregabo
1974 2118 2071 2158 vos

490 2212 509 2245 ι
547 2194 615 2251 de
638 2195 908 2255 universis
936 2197 1117 2263 terris,
1145 2206 1199 2252 et
1226 2197 1488 2257 adducam
1516 2211 1612 2252 vos
1655 2195 1712 2250 in
1750 2204 1951 2251 terram
1983 2210 2071 2249 ve-

489 2304 509 2340 r
546 2294 708 2342 tram.
763 2287 831 2350 Et
854 2287 1127 2349 effundam
1157 2303 1318 2366 super
1343 2304 1443 2345 vos
1467 2304 1661 2358 aquam
1692 2286 1950 2342 mundam
1970 2326 1985 2351 ,
2017 2294 2073 2341 ct

487 2396 507 2429 ι
544 2380 934 2441 mundabiminl
987 2381 1056 2436 ab
1099 2380 1351 2441 omnibus
1392 2377 1814 2450 inquinamentis
1841 2377 2069 2442 vestris,

486 2487 506 2524 ε
545 2476 601 2524 et
642 2469 712 2526 ab
760 2470 1031 2526 universis
1075 2470 1234 2526 idolis
1281 2472 1478 2526 vestris
1525 2470 1802 2525 mundabo
1834 2484 1950 2524 vos.
2005 2470 2072 2523 Et

486 2582 507 2618 ι
545 2562 687 2621 dabo
711 2564 868 2621 vobis
896 2580 992 2621 cor
1017 2581 1237 2629 novum,
1273 2574 1329 2620 et
1370 2546 1618 2635 spiritum
1647 2578 1843 2619 novum
1872 2577 2069 2634 ponam

486 2675 506 2715 ς
543 2655 601 2710 in
629 2656 809 2713 medio
837 2657 1022 2712 vestri.
1048 2655 1373 2711 Etaufcram
1401 2641 1497 2713 cor
1517 2656 1786 2728 lapideum
1814 2656 1882 2712 de
1904 2672 2070 2712 carne

486 2766 507 2799 ι
542 2755 722 2802 vestra
752 2788 767 2815 ,
809 2757 865 2803 et
911 2748 1051 2803 dabo
1090 2748 1251 2811 vobis,
1289 2763 1383 2805 cor
1411 2765 1692 2815 earneum,
1723 2756 1778 2804 et
1818 2749 2069 2821 spiritum

487 2854 507 2887 ι
545 2851 725 2893 meum
781 2853 979 2909 ponam
1012 2839 1064 2893 in
1106 2839 1284 2895 medio
1335 2838 1520 2895 vestri.
1572 2840 1640 2895 Et
1674 2838 1868 2896 faciam
1914 2851 1975 2895 ut
2016 2840 2070 2895 in

486 2945 505 2978 ι
543 2930 827 3003 praeceptis
848 2929 984 2985 meis
1002 2930 1308 2994 ambuletis,
1344 2939 1400 2986 et
1416 2930 1622 2999 judicia
1651 2946 1774 2987 mea
1796 2932 2070 2987 custodia-

484 3036 504 3071 ε
540 3018 632 3084 tis,
655 3027 708 3074 et
728 3020 1045 3095 operemini.
1071 3021 1136 3075 Et
1164 3021 1478 3087 babitabitis
1504 3022 1559 3077 in
1575 3030 1741 3089 terra,
1765 3038 1928 3095 quam
1947 3023 2069 3077 dedi

485 3127 505 3160 ε
539 3111 782 3181 patribus
807 3112 1023 3179 vestris,
1051 3121 1106 3169 et
1136 3113 1289 3169 eritis
1314 3114 1443 3169 mibi
1470 3113 1524 3170 in
1547 3114 1803 3187 populum
1824 3154 1840 3180 ,
1891 3124 1947 3170 et
1969 3128 2068 3185 ego

484 3219 503 3255 r
541 3214 635 3255 ero
655 3202 809 3257 vobis
826 3203 877 3256 in
895 3204 1083 3258 Deum.
1103 3204 1168 3258 Et
1183 3204 1404 3261 salvabo
1414 3221 1588 3261 vosex
1608 3204 1878 3261 universis
1892 3204 2068 3274 inqui-

484 3312 503 3343 ι
540 3294 809 3349 namentis
829 3296 1046 3360 vestris,
1065 3304 1120 3352 et
1141 3298 1344 3353 vocabo
1365 3293 1722 3364 frumentum,
1740 3304 1796 3352 et
1818 3296 2071 3367 multipli-

488 3402 509 3442 ς
546 3382 681 3438 cabo
738 3384 866 3440 illud
894 3426 909 3450 ,
957 3394 1013 3440 et
1051 3402 1159 3441 non
1190 3387 1464 3457 imponam
1506 3388 1560 3443 in
1588 3404 1685 3445 vos
1730 3388 1949 3444 famem.
2003 3388 2071 3442 Et

486 3498 505 3531 ς
544 3477 910 3549 multiplicabo
932 3480 1166 3547 fructum
1196 3481 1326 3553 ligni
1348 3493 1403 3538 et
1430 3483 1703 3553 genimina
1724 3484 1857 3556 agri,
1882 3493 1938 3539 et
1962 3499 2069 3538 non

489 3588 508 3623 ι
549 3570 779 3640 portetis
831 3571 975 3626 ultra
1017 3572 1379 3641 opprobrium
1404 3572 1564 3631 famis
1594 3573 1648 3628 in
1679 3573 1934 3645 gentibus
1960 3612 1974 3637 ,
2015 3581 2072 3627 et

493 3676 512 3709 ι
552 3659 975 3713 recordabimini
1008 3662 1218 3718 viarum
1247 3671 1552 3718 vestrarum
1577 3666 1935 3737 pessimarum
1961 3672 2074 3718 stu-

491 3769 508 3801 r
548 3749 870 3823 diorumque
891 3765 998 3811 non
1012 3752 1299 3808 bonorum.
1327 3752 1765 3822 Etdisplicebunt
1790 3753 1943 3808 vobis
1968 3754 2072 3808 iui-

487 3858 505 3889 ε
542 3839 781 3910 quitates
805 3849 1003 3899 vestra:
1041 3850 1097 3897 et
1120 3842 1328 3901 scelera
1354 3851 1557 3908 vestra,
1592 3859 1700 3899 non
1726 3853 1947 3915 propter
1972 3861 2071 3900 vos

486 3952 503 3985 ι
542 3947 643 4004 ego
665 3932 861 3988 faciam
888 3973 905 4001 ,
944 3932 1020 3990 ait
1045 3934 1307 3999 Dominus
1343 3936 1519 4003 Deus,
1560 3944 1745 3992 notum
1777 3936 1849 3991 sit
1890 3937 2065 3991 vobis.

484 4044 502 4073 ι
541 4023 943 4080 Confundimini
963 4034 1017 4083 et
1031 4028 1337 4097 erubescite
1351 4044 1511 4099 super
1525 4029 1629 4083 viis
1640 4028 1856 4095 vestris,
1874 4028 2071 4084 domus

483 4136 501 4167 ι
534 4112 727 4171 Israel.
756 4115 884 4175 llaec
908 4117 1040 4173 dicit
1065 4118 1323 4174 Dominus
1348 4120 1510 4177 Deus.
1538 4119 1596 4185 In
1636 4118 1723 4175 die
1766 4136 1874 4191 qua
1905 4136 2066 4182 mun-

483 4223 502 4257 ι
541 4208 742 4261 davero
770 4221 867 4262 vos
889 4222 955 4267 ex
981 4208 1231 4271 omnibus
1257 4209 1633 4280 iniquitatibus
1659 4211 1853 4267 vestris
1884 4219 1939 4266 et
1973 4211 2070 4266 ba-

483 4316 502 4348 ι
539 4297 700 4352 bitari
727 4295 907 4351 fecero
929 4298 1093 4352 urbes
1120 4307 1175 4353 et
1194 4299 1567 4357 instauravcro
1584 4302 1823 4365 ruinosa,
1844 4309 1901 4357 et
1922 4310 2067 4361 terra

484 4410 501 4440 ι
541 4390 756 4444 deserta
779 4388 945 4443 fuerit
969 4390 1201 4454 exculta,
1225 4408 1345 4461 qua:
1371 4394 1641 4461 quondam
1661 4402 1779 4447 erat
1799 4393 2064 4457 desolata,

2175 561 2397 622 propter
2450 567 2602 608 suam
2661 553 3009 610 clementiam
3068 554 3361 626 poliicetur
3418 553 3773 610 reductum

2175 655 2235 696 se
2263 657 2357 697 eos
2378 642 2432 697 in
2460 653 2662 698 terram
2704 642 2969 710 Iudaeam,
3001 653 3059 699 et
3093 644 3265 698 multo
3292 643 3585 715 ampliora
3620 644 3775 702 tlin-

2175 742 2391 799 turum,
2434 749 2595 804 quam
2637 734 2955 790 abstulerat.
2994 734 3151 802 Quod
3188 735 3422 805 quidam
3462 733 3775 797 Iudaeus

2174 825 2417 880 refcruut
2439 826 2506 881 ad
2536 826 2833 883 Zorobabel
2864 836 3133 898 tempora,
3174 827 3407 899 quando
3434 843 3578 898 rege
3600 826 3774 885 Persa-

2175 932 2293 970 rum
2310 916 2525 971 laxante
2537 918 2904 987 captivitatem
2920 933 3107 973 eorum
3124 919 3190 973 de
3204 919 3351 974 tribu
3366 916 3521 972 Juda
3538 916 3772 988 edictis-

2173 1008 2283 1064 min
2299 1008 2516 1080 plurimi
2539 1010 2747 1064 reducti
2764 1018 2890 1065 sunt
2906 1011 2959 1064 in
2976 1009 3241 1064 Iudaeam.
3264 1011 3377 1065 Alii
3395 1026 3546 1065 vero
3567 1010 3639 1067 ad
3652 1013 3771 1068 unde

2174 1113 2437 1153 annorum
2453 1114 2675 1171 regnum
2696 1100 2960 1164 referunt,
2982 1102 3201 1172 quando
3215 1102 3322 1155 sub
3340 1099 3617 1164 Christo,
3634 1118 3771 1170 quem

2172 1203 2364 1265 putant
2386 1209 2506 1251 esse
2527 1205 2833 1257 venturum,
2862 1204 2922 1249 ut
2950 1196 3142 1250 civitas
3168 1203 3511 1253 cxslruatur
3534 1192 3769 1248 Hier-usa.

2172 1286 2300 1352 lem,
2325 1295 2382 1342 et
2413 1287 2709 1342 aediﬁcetur
2740 1286 3018 1358 templum,
3054 1286 3122 1341 de
3161 1301 3272 1355 quo
3308 1286 3370 1340 in
3414 1284 3623 1337 ultima
3648 1295 3771 1352 parte

2172 1377 2331 1448 hujus
2357 1378 2652 1448 prophetia:
2674 1378 2869 1433 dicturi
2894 1392 3099 1435 sumus.
3130 1377 3198 1430 Et
3229 1375 3492 1439 interim,
3528 1382 3595 1427 ut
3618 1372 3771 1427 Iudai-

2171 1484 2263 1524 cas
2284 1468 2494 1525 fabulas
2522 1468 2913 1539 relinquamus,
2955 1479 3012 1523 et
3052 1465 3509 1527 intenninabiles
3542 1464 3769 1535 genealo-

2171 1560 2303 1631 gias,
2324 1561 2480 1632 juxta
2500 1562 2941 1616 consuetudinem
2965 1568 3205 1616 nostram
3232 1560 3493 1614 breviter
3513 1564 3769 1627 παρα-κήν

2173 1650 2331 1721 hujus
2354 1651 2573 1721 capituli
2601 1667 3002 1723 percurramus,
3044 1660 3101 1707 et
3141 1652 3275 1722 quid
3321 1650 3495 1705 nobis
3548 1651 3768 1705 videatur

2168 1742 2324 1815 juxta
2358 1745 2783 1803 ecclesiasticam
2830 1744 3237 1816 intelligentiam
3273 1743 3658 1797 disseramus.
3689 1740 3769 1794 Do-

2177 1855 2295 1895 mus
2314 1838 2501 1906 Israel,
2516 1838 2619 1896 hoc
2638 1838 2956 1911 estpnpulus
2976 1836 3305 1899 Judtcorum,
3325 1834 3618 1889 habitavit
3635 1849 3770 1903 quon-

2173 1931 2296 1985 dam
2328 1932 2380 1986 in
2409 1940 2552 1986 terra
2590 1946 2707 1996 sua,
2741 1916 2846 1985 hoc
2874 1938 2979 1995 est,
3011 1930 3065 1991 in
3110 1937 3257 1993 terra
3302 1926 3559 1990 Judataz,
3581 1926 3767 1998 quinis

2172 2021 2365 2075 educta
2387 2029 2475 2076 est
2502 2021 2569 2077 de
2611 2020 2881 2093 Egypto;
2914 2019 3009 2074 sed
3036 2017 3351 2090 polluerunt
3398 2031 3533 2071 eam
3572 2014 3627 2068 in
3668 2016 3767 2076 viis,

2174 2119 2230 2165 et
2256 2112 2311 2165 in
2337 2111 2530 2166 studiis
2553 2110 2667 2168 sive
2696 2111 2856 2167 idolis
2884 2110 3015 2166 suis.
3062 2108 3130 2163 Et
3164 2108 3219 2162 in
3267 2116 3500 2161 tantum
3535 2104 3767 2159 exstitere

2173 2202 2384 2273 polluti,
2414 2212 2474 2258 ut
2498 2204 2854 2259 immunditim
2895 2201 3139 2258 mulieris
3165 2207 3547 2255 menstruam:
3574 2212 3767 2266 comp-

2175 2295 2276 2348 rati
2316 2294 2447 2361 sint,
2494 2305 2718 2365 propter
2757 2294 2900 2365 quod
2935 2293 3075 2348 Deus
3110 2290 3308 2347 ell'udit
3346 2288 3767 2360 indignationes

2174 2400 2327 2440 suam
2353 2400 2515 2457 super
2543 2399 2639 2440 eos
2665 2398 2765 2460 pro
2797 2382 3062 2454 sanguine
3084 2381 3498 2452 prophetarum
3524 2374 3765 2444 atquein»

2174 2484 2402 2540 storum,
2457 2490 2621 2545 quem
2666 2474 2917 2529 fuderant
2957 2486 3122 2545 super
3170 2480 3411 2534 terram,
3472 2466 3689 2521 dicente
3724 2465 3766 2518 ὴ

2174 2566 2467 2637 Evangelia
2512 2565 2794 2621 Salvatore
2838 2562 3053 2635 (Matth.
3092 2560 3295 2630 mu):
3343 2579 3365 2611 ¢
3413 2557 3767 2618 Ilierusalm.

2175 2656 2531 2724 Hierusalem,
2572 2672 2692 2731 qua:
2729 2655 2933 2713 occidis
2972 2653 3287 2729 prophetas,
3329 2662 3392 2710 et
3435 2650 3653 2722 lapidas
3689 2663 3768 2703 eos

2174 2748 2265 2819 qui
2292 2748 2361 2802 ad
2387 2748 2455 2803 ad
2484 2747 2709 2803 temissi
2740 2756 2882 2802 sunt.
2921 2765 2939 2797 ι
2958 2745 3026 2800 Et
3047 2744 3248 2799 iterum
3278 2760 3294 2796 :
3330 2761 3350 2794 ι
3390 2742 3605 2803 Amen,
3634 2754 3769 2793 amat

2175 2840 2297 2895 dico
2324 2838 2497 2905 vobis,
2527 2838 2837 2910 requiretur
2863 2832 3082 2907 sanguis
3108 2832 3202 2907 qui
3225 2832 3448 2888 eﬂ’usus
3468 2841 3557 2886 est
3579 2846 3612 2883 a
3632 2842 3770 2900 gene-

2176 2930 2386 2987 ratione
2419 2931 2542 2997 hac,
2573 2944 2605 2984 a
2631 2928 2889 3003 sanguine
2913 2926 3049 2981 Abel
3072 2923 3207 2996 justi
3246 2937 3436 2994 usque
3477 2922 3549 2975 ad
3575 2917 3771 2988 53::in-

2174 3037 2297 3077 nem
2323 3021 2621 3086 Zachariae,
2653 3018 2748 3075 lilii
2774 3017 3069 3080 Baraehiaz,
3095 3030 3260 3085 quem
3298 3012 3620 3069 effuderunt
3645 3009 3771 3062 inter

2175 3112 2347 3169 altare
2385 3122 2442 3168 et
2487 3111 2765 3181 templum.
2803 3129 2822 3163 ι
2865 3107 2979 3165 Non
3024 3107 3200 3163 solum
3245 3111 3441 3159 autem
3476 3101 3773 3159 eﬂ’udcrunt

2172 3206 2510 3278 sanguinem,
2543 3203 2638 3259 sed
2660 3213 2715 3259 et
2734 3202 3041 3274 polluerunt
3064 3208 3270 3254 terram
3303 3196 3591 3253 sceleribus
3613 3194 3762 3258 δοες

2170 3300 2523 3371 quamobrem
2547 3296 2800 3367 dispersit
2829 3309 2924 3350 eos
2952 3291 3036 3347 vel
3074 3292 3175 3347 sub
3225 3289 3515 3364 Babylonia
3536 3283 3769 3357 captivi-

2174 3399 2283 3446 tate
2325 3389 2408 3443 vel
2434 3390 2535 3445 sub
2573 3387 2839 3450 Romana,
2883 3384 3101 3454 quando
3138 3396 3272 3435 vere
3302 3381 3613 3435 effuderunt
3639 3391 3769 3431 m-

2172 3481 2387 3552 guinem
2415 3479 2616 3535 Christi
2651 3486 2707 3533 et
2738 3475 2979 3531 ventilati
3006 3481 3132 3529 sunt
3165 3472 3221 3527 in
3259 3482 3473 3536 terras,
3518 3466 3772 3538 qum

2171 3572 2340 3643 paleas
2367 3569 2718 3633 ventilantur,
2761 3575 2817 3621 et
2848 3564 3005 3635 juxta
3036 3563 3149 3618 vias
3178 3578 3315 3618 suas
3358 3570 3419 3620 et
3447 3558 3772 3615 adiuvetur

2172 3679 2269 3719 nes
2309 3660 2572 3732 pessimas
2608 3657 2836 3729 judicati
2880 3674 2894 3710 :
2929 3656 3003 3710 ita
3030 3663 3089 3709 ut
3133 3654 3188 3708 in
3219 3652 3496 3724 gentibus
3544 3662 3772 3722 quoque.

2173 3754 2240 3808 ad
2281 3768 2428 3822 quas
2460 3748 2659 3821 captivi
2705 3746 2851 3803 ducti
2899 3746 3163 3809 fuerant,
3217 3742 3551 3814 polluerent
3595 3753 3771 3795 mea

2172 3854 2418 3909 sanctum
2477 3841 2615 3907 Dei,
2681 3856 2747 3897 eo
2783 3838 2941 3912 [quod
2991 3853 3089 3908 per
3142 3836 3473 3890 irrisionem
3551 3834 3771 3889 dicerem

2171 3938 2437 3997 universae
2472 3934 2716 3989 nationes
2756 3933 2822 3989 de
2848 3948 2910 3988 ea
2950 3950 2965 3987 :
3003 3930 3239 4001 Pepulus
3268 3928 3373 3982 Dei
3405 3929 3525 3983 iste
3570 3935 3669 3991 est,
3694 3923 3773 3994 cpi

2171 4045 2228 4084 se
2270 4029 2513 4099 jactabat
2558 4025 2776 4096 proprie
2830 4036 2989 4080 nosse
3042 4022 3247 4085 cultum
3296 4021 3421 4077 Dei.
3464 4020 3629 4095 Quod
3662 4032 3771 4074 eum

2170 4121 2454 4181 vidissem,
2512 4119 2621 4183 ait,
2681 4131 2788 4171 non
2840 4121 3062 4184 propter
3112 4126 3240 4175 eos,
3278 4112 3382 4165 sed
3417 4122 3655 4185 propter
3690 4121 3776 4162 na-

2170 4229 2293 4271 men
2338 4228 2517 4269 meum
2546 4217 2794 4265 sanctum
2836 4206 3085 4280 (Creator
3121 4204 3266 4259 enim
3306 4204 3575 4258 omnium
3620 4202 3771 4270 sum),

2169 4303 2383 4375 peperci
2421 4302 2522 4367 eis,
2562 4307 2619 4357 et
2655 4295 2989 4359 sanetiiieavi
3031 4294 3169 4360 illos,
3210 4300 3268 4347 et
3295 4292 3504 4377 gloria:
3549 4294 3772 4365 prist'm

2171 4394 2381 4452 restitui
2406 4410 2420 4447 :
2451 4393 2525 4453 ita
2558 4399 2620 4451 ut
2645 4404 2808 4459 super
2832 4387 3114 4443 credentes
3139 4391 3196 4438 et
3225 4383 3294 4437 ab
3325 4399 3539 4438 errore
3564 4397 3774 4439 ooan-

483 4501 501 4531 ι
545 4480 600 4534 in
622 4480 794 4535 oculis
820 4482 997 4536 omnis
1024 4482 1247 4538 viatoris
1276 4484 1453 4538 dicent
1484 4501 1497 4535 :
1557 4483 1726 4538 Terra
1766 4484 1855 4538 illa
1896 4485 2064 4539 multa
2094 4506 2146 4566 Ι)
2172 4502 2261 4541 sos
2298 4484 2630 4541 effunderem
2675 4495 2871 4551 aquam
2907 4478 3161 4535 mundam
3198 4476 3467 4551 baptismi
3510 4475 3770 4535 salut-iris.

483 4590 500 4622 ι
540 4569 683 4625 facta
709 4578 810 4635 est,
838 4579 899 4627 ut
925 4572 1117 4635 hortus
1142 4572 1455 4643 voluptatis,
1479 4582 1536 4628 et
1558 4573 1809 4628 civitates
1834 4574 2065 4629 deserta:

482 4680 501 4713 ‹
539 4669 593 4717 et
619 4662 891 4720 destituta:
933 4672 1098 4736 atque
1126 4662 1370 4721 suffossa:
1407 4665 1628 4720 munita:
1661 4665 1942 4720 sederunt.
1997 4665 2066 4719 Et

479 4771 500 4804 ε
540 4753 715 4810 scient
746 4765 938 4827 gentes
962 4771 1298 4840 quaecunque
1323 4756 1593 4813 derelictae
1619 4755 1825 4817 fuerint
1862 4756 1919 4811 in
1949 4756 2063 4811 cir-

477 4866 496 4898 c
540 4847 687 4902 cuitu
710 4857 913 4917 vestro,
944 4850 1072 4925 quia
1099 4866 1201 4927 ego
1228 4850 1487 4905 Dominus
1525 4849 1792 4911 aedificavi
1834 4848 2064 4920 dissipa-

478 4958 497 4992 ι
539 4947 623 4995 tos
650 4939 1008 5011 plantavique
1055 4940 1279 5005 inculta,
1308 4956 1410 5012 ego
1432 4942 1695 5005 Dominus
1724 4941 1935 5002 locutus
1957 4939 2062 5003 sim

476 5054 494 5086 ι
534 5040 590 5086 et
615 5031 841 5088 fecerim
873 5051 887 5087 :
925 5033 1046 5088 haec
1066 5032 1199 5097 dicit
1218 5031 1480 5098 Dominus
1502 5034 1664 5092 Deus.
1694 5032 1885 5089 Adhuc
1913 5032 2066 5089 inve-

476 5142 495 5175 c
531 5122 687 5179 nient
712 5138 799 5178 me
826 5124 880 5179 in
902 5124 1005 5178 hoc
1027 5122 1221 5177 domus
1251 5122 1433 5186 Israel,
1467 5131 1525 5177 ut
1550 5124 1744 5181 faciam
1774 5125 1854 5179 eis
1882 5142 1894 5179 :
1925 5122 2059 5179 Μαι.

477 5234 496 5267 σ
537 5214 799 5285 tiplicabo
830 5229 962 5277 eos,
990 5214 1125 5277 sicut
1152 5229 1372 5286 gregem
1414 5215 1715 5281 hominum,
1753 5225 1810 5269 ut
1835 5230 2058 5289 gregem

476 5321 499 5359 ς
536 5312 810 5370 sanctum,
833 5313 892 5360 ut
920 5320 1137 5375 gregem
1161 5305 1495 5361 Hierusalem
1540 5306 1592 5361 in
1622 5306 2058 5368 solemnitatibus

480 5413 499 5448 ι
535 5393 675 5471 ejus,
701 5394 780 5451 sic
800 5407 962 5451 erunt
979 5396 1231 5452 civitates
1252 5397 1481 5453 deserta:
1501 5398 1779 5469 plenaeque
1804 5398 2060 5468 gregibus

480 5507 500 5540 ε
538 5488 817 5543 hominum
837 5504 852 5555 ;
872 5496 928 5544 et
945 5488 1119 5545 scient
1140 5490 1265 5560 quia
1289 5506 1392 5561 ego
1414 5490 1695 5545 Dominus.
1725 5486 1995 5560 (Hier-on.)
2033 5507 2053 5540 ι

477 5579 769 5651 Perspicua
798 5589 925 5637 sunt
955 5596 1075 5652 qua:
1104 5564 1359 5637 dicuntur
1394 5590 1451 5641 et
1472 5582 1650 5637 omnis
1690 5595 1882 5637 sensus
1907 5595 2060 5634 ruon-

474 5674 609 5735 tium
628 5672 816 5740 lsrael,
857 5671 951 5745 qui
975 5673 1125 5743 prius
1154 5673 1364 5736 deserti,
1382 5672 1621 5738 fuerant,
1663 5680 1720 5727 et
1747 5680 1934 5743 postea
1974 5688 2062 5727 re-

473 5765 671 5827 stituti.
717 5781 862 5829 nunc
888 5764 1231 5825 manifestius
1269 5766 1518 5838 ponitur;
1546 5764 1829 5837 redditque
1856 5780 2054 5822 causas

2170 4588 2226 4635 et
2267 4577 2585 4635 mundarem
2621 4589 2717 4631 eos
2754 4574 2823 4628 ab
2871 4568 3374 4626 abominationibus
3422 4570 3576 4633 suis,
3617 4578 3673 4622 et
3714 4567 3771 4619 ἑ

2168 4668 2437 4723 universis
2482 4665 2762 4729 erroribus
2791 4661 2987 4733 quibus
3015 4661 3230 4716 fuerant
3263 4661 3542 4729 occupati
3567 4679 3583 4714 :
3610 4669 3667 4714 et
3690 4659 3770 4713 da-

2170 4774 2283 4821 rem
2308 4757 2388 4813 eis
2410 4771 2509 4813 cor
2541 4769 2761 4821 novum,
2785 4762 2866 4809 ut-
2890 4749 3177 4808 crederent
3218 4750 3275 4803 in
3309 4749 3532 4805 Filium
3576 4750 3691 4813 Dei,
3724 4758 3772 4803 ά

2166 4851 2417 4923 spiritum
2450 4864 2670 4914 novum,
2703 4848 2771 4904 de
2800 4846 2999 4918 quibus
3046 4843 3213 4899 David
3260 4843 3525 4913 loquitur
3557 4864 3573 4899 :
3609 4862 3632 4895 ι
3679 4843 3771 4898 Car

2169 4923 2428 4999 mundum
2460 4955 2584 5005 crea
2614 4939 2668 5001 in
2704 4953 2810 5009 me.
2845 4938 3007 5001 Deus,
3032 4942 3088 4990 et
3123 4933 3380 5015 spiritum
3432 4943 3659 4990 rectum
3695 4935 3771 4989 in-

2169 5047 2309 5095 nova
2337 5032 2392 5086 in
2421 5028 2720 5099 visceribus
2757 5027 2895 5082 meis
2923 5025 3096 5097 (Psal.
3136 5022 3266 5096 1.)..‘1
3301 5022 3377 5078 Et
3415 5024 3771 5080 considera-

2169 5129 2294 5184 dum
2347 5124 2491 5195 quod
2532 5137 2628 5178 cor
2675 5134 2872 5175 novum
2911 5125 2963 5171 et
2998 5114 3220 5186 spiritus
3261 5128 3443 5169 novus
3476 5115 3651 5170 detur
3683 5128 3771 5183 per

2166 5216 2482 5281 cli‘usioncm
2512 5221 2567 5267 et
2597 5209 2965 5279 aspersionem
2987 5220 3161 5277 aquze.
3191 5202 3433 5273 Quando
3459 5213 3661 5259 autem
3688 5218 3771 5258 cur

2167 5323 2365 5364 novum
2387 5307 2569 5359 datum
2598 5299 2761 5371 fuerit
2787 5306 2850 5368 et,
2862 5296 3085 5367 spiritus
3110 5309 3301 5356 novus,
3324 5301 3462 5348 tunc
3490 5292 3773 5349 auferetur

2163 5398 2232 5453 de
2261 5396 2426 5452 corde
2458 5392 2684 5459 Judaico
2711 5389 2888 5445 omnis
2919 5385 3139 5449 duritia,
3171 5398 3292 5453 quae
3327 5382 3509 5454 lapidi
3548 5398 3772 5454 compa-

2164 5499 2354 5545 ratur:
2379 5495 2436 5543 et
2469 5501 2567 5557 pro
2599 5483 2808 5558 lapideo
2851 5481 3017 5537 corde
3053 5478 3114 5533 ﬁt
3154 5493 3249 5533 cor
3287 5491 3568 5532 car-neum
3614 5476 3777 5532 ωιῶ

2162 5592 2219 5639 et
2244 5591 2514 5645 tenerum,
2543 5577 2686 5649 quod
2713 5574 2962 5646 spiritum
2991 5572 3084 5626 Dei
3117 5571 3172 5624 in
3199 5569 3466 5640 sepossit
3492 5569 3774 5640 recipere,

2164 5682 2220 5730 et
2243 5670 2463 5727 inscribi
2490 5668 2686 5724 litteris
2712 5662 3059 5723 salutaribus.
3087 5658 3293 5738 (6ης.)
3318 5657 3433 5714 Cor
3450 5659 3671 5737 quippe
3698 5658 3777 5711 la-

2163 5763 2383 5837 pideum
2426 5760 2583 5828 tollit,
2618 5773 2739 5817 cum
2768 5772 2799 5815 a
2835 5754 2990 5813 nobis
3032 5750 3299 5827 superbia:
3331 5748 3604 5807 duritiam
3643 5747 3774 5809 sub-
