3916 6356
84 357 187 417 857

988 357 1338 415 COMMENT.
1376 357 1443 415 IN
1483 355 1938 415 EZECIIIELEM.
2078 358 2205 417 LIB.
2246 360 2383 419 XIII.

3230 370 3335 428 858

81 482 274 548 trahit;
312 486 368 537 et
395 492 491 535 eor
525 492 781 535 cat-neum
812 479 1018 546 tribuit,
1047 495 1169 536 cum
1193 478 1446 551 {eamdem
1475 477 1647 549 proti-
1674 481 1724 553 ᾼ
1754 476 1807 551 (1
1829 477 1952 533 Cor.
1981 476 2059 549 v),
2090 480 2303 549 quando
2332 494 2521 552 azyma
2555 480 2887 541 sinceritatis
2912 492 2967 541 et
2994 485 3254 551 veritatis,
3280 496 3338 543 et

79 586 177 627 nus
200 577 437 625 nostram
461 567 717 625 duritiam
750 569 817 623 ad
853 570 1262 626 sensibilitatem
1292 570 1469 624 vertit.
1498 567 1655 640 (Ilie-

78 659 214 734 ron.)
236 659 385 714 Tunc
407 657 756 713 ambulabunt
773 660 822 713 in
844 661 1128 732 praeceptis
1153 660 1385 725 Domini,
1401 667 1455 714 et
1470 669 1655 714 custo-

77 753 220 807 dient
245 749 449 821 judicia
496 748 634 817 ejus,
664 759 717 805 et
745 751 1065 806 habitabunt
1105 752 1159 806 in
1187 760 1331 808 terra
1359 751 1655 807 confessio-

77 840 174 903 nis,
202 853 364 908 quam
408 837 632 893 dederat
670 840 918 910 patribus
950 855 1138 896 eorum
1175 841 1466 907 Abraham,
1503 840 1656 896 Isaae

77 942 125 988 et
150 931 338 996 Jacob,
369 938 426 986 et
450 932 658 987 cunctis
681 934 884 989 sanctis
910 949 973 988 ac
998 932 1297 1003 prophetis,
1330 942 1384 988 et
1412 940 1571 989 erunt
1598 932 1655 986 in

75 1023 320 1095 populum
373 1021 492 1089 Dei,
522 1031 577 1079 et
608 1024 867 1080 Dominus
896 1024 1002 1080 erit
1042 1025 1122 1080 eis
1172 1024 1227 1078 in
1278 1025 1468 1088 Deum,
1512 1022 1655 1093 quod

75 1117 320 1185 praesenti
350 1128 594 1189 tempore
620 1117 1020 1186 comprobatur.
1058 1115 1301 1183 Cumque
1326 1114 1516 1169 salvati
1543 1113 1656 1169 fite-

75 1205 194 1270 rint,
243 1207 464 1262 vocabit
506 1206 763 1262 Dominus
815 1205 1146 1261 frumentum
1186 1214 1241 1260 et
1280 1203 1659 1275 multiplicabit

75 1294 232 1350 illud:
268 1313 287 1350 ι
318 1296 433 1351 Nisi
476 1296 619 1351 enim
648 1311 873 1368 granum
915 1296 1079 1351 tritici
1120 1296 1324 1351 cadens
1363 1295 1417 1349 in
1453 1304 1654 1349 terram

75 1392 336 1440 mortuum
364 1386 545 1451 fuerit,
578 1387 751 1457 ipsum
780 1386 951 1441 solum
993 1394 1174 1443 manet
1219 1384 1399 1456 (Joan.
1428 1383 1550 1457 xu).
1588 1384 1655 1440 Et

73 1490 402 1547 nequaquam
432 1478 705 1549 patientur
729 1476 948 1542 famem,
986 1495 1003 1528 ι
1039 1491 1143 1531 non
1169 1473 1367 1530 famem
1392 1476 1567 1545 panis,
1601 1483 1656 1529 et

73 1566 206 1623 sitim
264 1582 464 1638 aquae,
521 1567 615 1624 sed
664 1565 864 1621 famem
920 1566 1172 1621 audiendi
1220 1580 1497 1620 sermones
1557 1564 1652 1622 Dei

74 1658 263 1725 Amos.
312 1658 456 1729 vm),
480 1673 643 1728 quam
681 1672 874 1728 passus
913 1665 998 1712 est
1032 1656 1120 1711 ille
1141 1655 1232 1725 qui
1272 1670 1303 1709 a
1334 1664 1488 1725 patre
1528 1669 1656 1734 pro-

73 1745 260 1815 cetus,
288 1762 510 1802 omnem
550 1762 711 1816 quam
737 1753 1015 1814 acceperat
1042 1744 1397 1799 substantiam
1428 1744 1654 1813 dissipa-

1754 566 1879 636 agni
1923 566 2176 621 carnibus
2224 569 2508 634 vescimur,
2559 576 2615 626 et
2657 586 2850 628 cruore
2891 582 3162 643 potamur,
3197 575 3338 631 etin

1754 664 1960 727 septem
1993 656 2418 714 hebdomadibus
2455 667 2509 714 et
2540 659 2596 716 in
2637 659 3003 717 tabernaculis
3036 662 3196 732 hujus
3237 681 3338 722 sa:-

1754 747 1860 803 culi
1881 748 2091 804 Domini
2117 747 2253 804 festa
2284 742 2643 817 celebramus,
2679 762 2738 806 ut
2775 753 3022 810 civitates
3064 757 3338 825 quondam

1752 835 1983 893 deserta:
2020 838 2192 908 plenae
2217 838 2348 895 fiant
2381 841 2633 911 gregibus
2681 842 2958 897 hominum
2994 860 3009 897 :
3044 852 3099 900 et
3127 845 3229 900 hac
3259 861 3342 899 ra-

1756 926 1901 983 tione
1925 937 2252 999 cognoscant
2293 931 2419 999 quia
2467 931 2581 1000 ipse
2609 931 2681 986 sit
2709 931 2987 997 Dominus,
3018 934 3108 1003 qui
3145 943 3340 990 cuncta

1752 1018 2084 1087 prazstiterit.
2114 1017 2238 1074 Haec
2258 1016 2414 1087 juxta
2440 1020 2680 1077 historize
2708 1022 3012 1088 veritatem,
3053 1022 3162 1077 imo
3188 1030 3340 1091 juxta

1753 1108 2048 1177 pr0phetiae
2080 1107 2259 1175 fidem,
2306 1112 2574 1180 quomodo
2618 1112 2846 1182 populus
2885 1112 3052 1169 Israel
3088 1114 3342 1170 restituat

1754 1197 1809 1252 in
1848 1199 2121 1270 integrum
2150 1209 2373 1263 statum,
2423 1209 2477 1257 et
2516 1203 2754 1273 reliquiae
2791 1204 2974 1275 populi
3006 1202 3339 1272 Judaeorum,

1753 1292 1995 1362 apostolo
2016 1291 2186 1348 Paulo
2212 1294 2465 1360 docente,
2491 1293 2651 1350 salvae
2679 1296 2787 1350 sint
2812 1296 2867 1350 in
2896 1295 3173 1365 apostolis,
3201 1304 3257 1350 et
3285 1295 3342 1351 in

1752 1384 2001 1440 omnibus
2029 1384 2120 1455 qui
2150 1401 2216 1441 ex
2263 1384 2461 1443 ludatis
2499 1388 2553 1442 in
2586 1387 2848 1458 principio
2882 1388 3252 1455 crediderunt,
3281 1394 3340 1442 et

1751 1490 1921 1545 usque
1951 1476 2110 1532 hodie
2147 1478 2373 1532 redeunt
2403 1478 2469 1532 ad
2508 1477 2828 1543 Ecclesiam,
2868 1477 3110 1533 breviter
3137 1477 3342 1533 dixisse

1751 1564 1980 1621 sufficiat
2010 1583 2023 1622 :
2055 1582 2199 1622 nunc
2226 1566 2540 1638 tropologia:
2568 1568 2757 1623 eadem
2793 1567 3059 1622 brevitate
3090 1567 3339 1637 aperien-

1752 1656 1852 1712 dus
1896 1667 1981 1712 est
2025 1672 2237 1713 sensus.
2284 1657 2604 1729 Quicunque
2629 1659 2696 1714 de
2723 1657 2884 1713 domo
2932 1666 3017 1714 est
3057 1656 3245 1722 Israel,
3283 1665 3342 1713 et

1750 1749 1925 1805 cernit
1947 1764 2132 1827 pacem
2157 1748 2378 1814 Christi,
2397 1765 2516 1819 quae
2539 1756 2829 1819 exsuperat
2848 1762 3063 1803 omnem
3093 1761 3337 1815 sensum,

73 1838 155 1901 rit,
216 1838 457 1909 quando,
504 1837 664 1893 famis
706 1836 1029 1892 necessitate
1070 1845 1316 1908 cogente,
1358 1851 1644 1905 porcorum
1676 1829 1720 1889 Β
1749 1839 1954 1895 habitat
1990 1841 2224 1901 interra
2266 1855 2386 1905 sua,
2410 1841 2512 1895 hoc
2536 1849 2641 1907 est,
2666 1839 2932 1905 Ecclesia,
2958 1839 3042 1894 vel
3073 1838 3127 1894 in
3156 1838 3342 1895 carnis

71 1935 245 1982 )astus
284 1936 375 1983 est
420 1928 629 1997 siliquis
672 1927 821 2002 (Luc.
867 1926 980 1999 xv).
1010 1924 1161 1981 Tunc
1204 1924 1649 1997 multiplicabitur

71 2018 268 2074 'ructus
289 2017 446 2088 ligni,
470 2018 573 2075 hoc
598 2027 683 2074 est
706 2018 1005 2089 sapientia},
1027 2018 1094 2072 de
1113 2030 1221 2088 quo
1240 2016 1498 2086 scriptum
1523 2026 1608 2071 est
1630 2034 1645 2071 :

71 2108 287 2178 Lignum
320 2108 446 2164 vitm
472 2116 557 2163 est
589 2109 838 2163 omnibus
870 2108 962 2178 qui
995 2109 1278 2179 requirunt
1305 2122 1450 2173 eam,
1479 2115 1533 2161 et
1559 2121 1650 2178 ge-

72 2198 259 2253 )imina
291 2199 408 2270 agri
435 2199 490 2252 in
514 2198 920 2254 similitudinem
948 2197 1136 2264 Iacob,
1166 2196 1317 2266 cujus
1351 2198 1484 2252 odor
1506 2204 1648 2263 erat,

70 2291 205 2360 [nasi
240 2308 259 2342 ι
296 2291 438 2346 odor
462 2291 578 2361 agri
607 2290 770 2361 pleni,
794 2291 881 2346 cui
910 2290 1183 2345 benedixit
1210 2289 1467 2344 Dominus
1492 2286 1645 2360 (Gen.

69 2383 248 2454 txvu).
290 2403 309 2436 ι
343 2383 461 2439 Nec
495 2384 637 2438 ultra
663 2385 955 2454 portabunt
996 2383 1343 2453 opprobrium
1393 2380 1551 2437 famis
1595 2382 1650 2436 in

69 2473 303 2544 gentibus
338 2475 487 2549 quod
515 2474 783 2545 hodieque
825 2473 1132 2530 Judzeorum
1171 2474 1375 2544 patitur
1401 2474 1650 2529 incredu-

70 2565 196 2630 itas,
226 2564 324 2619 sed
373 2573 666 2636 postquam
705 2565 1094 2623 beatitudinem
1130 2564 1328 2620 fuerint
1351 2566 1647 2633 consecuti,

73 2655 417 2711 mitabuntur
440 2656 776 2727 Apostolum,
804 2653 896 2726 qui
923 2655 1092 2710 dicit:
1126 2675 1143 2707 ι
1170 2654 1286 2710 Νοιι
1312 2671 1430 2710 sum
1458 2657 1651 2729 dignus

67 2747 231 2802 rocari
258 2747 561 2819 apostolus,
587 2747 711 2819 quia
739 2758 1055 2817 persecutus
1080 2761 1216 2801 sum-
1234 2745 1527 2804 Ecclesium
1557 2746 1651 2802 Dei

77 2839 97 2892 1
131 2840 255 2895 Cor.
283 2839 406 2911 xv).
439 2859 458 2892 ι
488 2839 554 2895 Et
581 2840 1009 2896 recordabuntur
1035 2837 1243 2891 viarum
1273 2852 1494 2891 suarum
1524 2852 1649 2908 pes-

67 2930 331 2997 ,imarum,
356 2940 419 2986 et
470 2931 771 2986 studiorum
806 2944 913 2984 non
945 2928 1213 2983 bonorum
1247 2928 1442 2999 quibus
1482 2927 1653 2983 offen-

67 3023 243 3075 leraut
271 3022 472 3076 Deum.
516 3021 583 3077 Et
612 3020 971 3092 displicebunt
1005 3020 1086 3075 eis
1119 3017 1431 3088 iniquitates
1457 3032 1568 3074 suae
1596 3026 1653 3073 et

1752 1931 2006 2002 bOSpitio,
2030 1932 2170 2003 quod
2201 1931 2249 1987 ei
2282 1946 2312 1985 a
2340 1932 2567 1988 Domino
2600 1931 2854 1986 traditum
2882 1936 2984 1984 est.
3030 1928 3124 1984 Sin
3152 1938 3336 1983 autem

1750 2022 2000 2093 polluerit
2028 2031 2314 2092 utramque
2344 2031 2545 2077 terram
2583 2021 2637 2075 in
2665 2020 2766 2074 viis
2812 2018 2926 2074 suis
2963 2017 3238 2089 pessimis,
3281 2024 3338 2073 et

1752 2113 2104 2169 immunditize
2132 2113 2373 2168 mulieris
2411 2118 2759 2167 menstruam:
2784 2110 2948 2165 fuerit
2968 2116 3334 2179 comparatus,

1750 2203 1974 2260 effundit
2014 2204 2155 2262 Deus
2199 2204 2621 2276 indignationem
2669 2217 2822 2257 suam
2869 2215 3031 2271 super
3073 2215 3197 2255 eum
3232 2212 3335 2270 pro

1750 2295 2013 2366 sanguine
2035 2295 2121 2350 vel
2160 2310 2277 2360 suo,
2300 2294 2384 2350 vel
2414 2309 2599 2350 eorum
2634 2307 2770 2363 quos
2791 2290 3257 2355 scandalizaverit,
3281 2293 3339 2344 et

1750 2385 2001 2442 eﬂ'uderit
2031 2400 2194 2454 super
2232 2393 2433 2440 terram
2476 2394 2531 2439 et
2573 2383 2844 2455 perversis
2888 2378 3335 2452 cogitationibus,

1750 2475 1946 2547 quibus
1974 2474 2164 2545 polluit
2202 2489 2344 2529 eam.
2373 2473 2524 2528 Tunc
2561 2474 2902 2544 dispergetur
2941 2472 2995 2526 in
3026 2478 3236 2543 gentes,
3275 2478 3339 2525 ut

1751 2567 2040 2624 incredulis
2067 2575 2378 2637 coaequetur
2404 2574 2457 2621 et
2483 2565 2835 2621 ventilabitur
2877 2564 2933 2618 in
2975 2570 3120 2618 terra
3164 2563 3339 2617 instar

1749 2658 2045 2731 palearum,
2076 2667 2137 2714 ut
2169 2674 2201 2714 a
2231 2658 2501 2713 frumento
2531 2655 2783 2721 Ecclesiae
2811 2663 3093 2724 separetur
3120 2660 3174 2709 et
3188 2651 3340 2722 judi-

1750 2759 1905 2806 cetur
1949 2750 2245 2805 secundum
2278 2748 2394 2803 vias
2426 2762 2571 2803 suas.
2608 2746 2761 2814 Quod
2787 2745 2832 2803 si
2857 2759 2959 2801 nec
2985 2743 3066 2799 sic
3107 2739 3342 2797 senserit

1751 2850 2029 2911 peccatum
2057 2856 2235 2906 suum,
2260 2841 2354 2895 sed
2393 2839 2644 2910 polluerit
2682 2851 2877 2893 nomen
2914 2846 3162 2892 sanctum
3201 2831 3338 2901 ejus,

1751 2930 1932 2987 dicent
1950 2943 2158 2994 omnes,
2200 2928 2343 2984 inter
2373 2942 2510 2998 quos
2556 2926 2883 2982 habitaverit
2909 2943 2922 2980 :
2948 2925 3086 2980 Ecce
3112 2921 3343 2993 populus

1751 3017 1868 3083 Dei,
1894 3033 2021 3074 ecce
2066 3018 2159 3087 qui
2188 3031 2438 3089 egressus
2473 3025 2558 3072 est
2597 3016 2665 3072 de
2710 3024 2852 3070 terra
2896 3014 3034 3085 ejus,
3073 3013 3183 3069 imo
3215 3024 3342 3082 pro-

65 3110 254 3166 scelera
300 3125 429 3176 sua,
476 3111 672 3181 quibus
715 3111 866 3182 prius
908 3116 1249 3165 erraverunt.
1295 3108 1423 3164 ﬂare
1466 3118 1649 3165 autem
1744 3109 1925 3183 jectus
1953 3131 1966 3165 :
1991 3110 2074 3166 sin
2109 3119 2290 3166 autem
2317 3108 2525 3181 egerint
2551 3107 2925 3179 paenitentiam
2949 3114 3006 3160 et
3033 3104 3341 3160 sanctifica-

65 3204 222 3257 tmnia
266 3204 583 3259 tributurus
611 3211 693 3260 est
721 3202 999 3266 Dominus,
1034 3216 1139 3257 non
1176 3211 1397 3273 propter
1432 3216 1528 3257 eos
1558 3202 1649 3271 qui
1675 3213 1722 3277 (ς
1755 3211 1841 3259 tus
1863 3202 2016 3258 fuero
2046 3202 2099 3257 in
2123 3200 2301 3259 medio
2321 3215 2531 3266 eorum,
2557 3210 2684 3257 tunc
2714 3198 2891 3255 cumis
2918 3194 3157 3267 gentium
3183 3192 3343 3252 turba

66 3296 260 3366 traprio
279 3309 488 3350 errore
512 3295 813 3365 perierunt,
828 3295 920 3349 sed
947 3301 1167 3365 propter
1185 3308 1381 3348 nomen
1402 3304 1650 3352 sanctum

66 3401 222 3440 uuln.
258 3384 429 3442 Unde
457 3393 717 3454 provocat
744 3385 962 3439 domum
988 3382 1172 3448 Israel,
1199 3392 1258 3438 ut
1292 3384 1654 3442 confundatur

65 3486 98 3532 :t
122 3479 425 3534 erubescat
451 3490 615 3547 super
639 3474 910 3547 prioribus
930 3475 1095 3540 vitiis,
1121 3482 1176 3529 et
1201 3489 1356 3530 suum
1387 3475 1654 3547 intelligat

65 3579 388 3624 :reatorem.
417 3567 707 3637 Postquam
739 3575 919 3622 autem
945 3565 1287 3620 mandaverit
1315 3568 1649 3622 credentium

65 3675 113 3714 ex
146 3658 363 3715 Judmis
390 3658 643 3737 pepulum
670 3657 740 3712 ab
764 3658 1140 3733 iniquitatibus
1164 3659 1297 3724 suis,
1328 3667 1382 3713 et
1415 3658 1652 3713 habitari

65 3751 246 3804 eeerit
268 3748 441 3803 urbes
464 3747 736 3813 Ecclesiae,
766 3754 822 3806 et
851 3746 1235 3807 instauraverit
1259 3747 1497 3812 ruinosa,
1532 3763 1654 3819 qua:

65 3854 95 3891 ιι
125 3837 433 3908 synagogis
454 3836 822 3902 conciderant,
850 3846 906 3891 et
936 3846 1080 3892 terra
1103 3836 1463 3894 confessionis
1490 3837 1653 3899 fuerit

72 3927 267 3982 xculta
292 3926 638 3981 caeremoniis
659 3926 774 3993 Dei,
804 3941 923 3996 qua:
949 3927 1219 3997 quondam
1247 3928 1360 3982 visa
1390 3936 1472 3983 est
1499 3930 1654 3984 deso-

65 4027 152 4072 λιιι
210 4015 480 4071 omnibus
532 4016 766 4079 sanctis,
814 4015 907 4083 qui
954 4024 1183 4070 terrena:
1222 4017 1654 4072 conversationis

65 4123 212 4181 pera
266 4114 644 4176 prmtereunt;
686 4114 813 4160 tunc
856 4120 1047 4161 omnes
1106 4105 1290 4160 dicent
1324 4125 1338 4161 :
1372 4107 1653 4175 Quomodo

65 4216 193 4258 erra
222 4199 444 4263 Iudaea,
476 4214 598 4269 qua:
622 4198 892 4269 quondam
921 4197 1100 4254 fuerat
1121 4198 1348 4264 inculta,
1379 4215 1524 4253 nunc
1558 4200 1653 4254 ha-

65 4302 130 4349 et
178 4289 606 4347 similitudinem
646 4289 884 4361 paradisi
931 4289 1049 4355 Dei,
1089 4297 1146 4345 et
1189 4289 1440 4345 civitates
1477 4288 1650 4355 Judae,

66 4396 162 4451 qua:
197 4380 442 4436 desertae
478 4379 694 4439 fuerant
727 4388 784 4435 et
820 4379 1109 4444 destitutae,
1144 4388 1201 4437 et
1235 4396 1331 4436 sua
1357 4381 1650 4438 increduli-

65 4481 149 4529 ite
177 4468 464 4536 suﬂ'oss'e,
493 4487 635 4531 nunc
653 4480 851 4530 erecta:
870 4479 926 4528 ct
955 4472 1177 4527 munita:
1201 4479 1328 4528 sunt
1353 4473 1406 4527 in
1434 4474 1649 4529 confes-

1754 3301 2045 3365 cognoscet
2068 3293 2210 3363 quod
2238 3307 2337 3365 ego
2368 3308 2461 3349 eos
2492 3292 2674 3349 tollam
2708 3292 2775 3347 de
2807 3287 2969 3346 terris
2993 3286 3046 3345 in
3081 3300 3218 3360 quas
3255 3283 3340 3345 di-

1750 3386 1923 3457 Spersi
1951 3392 2132 3451 erant,
2162 3394 2218 3440 et
2247 3384 2500 3441 reducam
2531 3384 2585 3438 in
2620 3393 2821 3440 terram
2855 3382 3130 3437 Ecclesiie.
3172 3381 3241 3436 Et
3264 3379 3345 3436 ef-

1750 3476 1974 3533 fundam
1998 3490 2161 3549 super
2188 3475 2307 3532 illos
2335 3489 2675 3544 nequaquam
2704 3487 2873 3543 aquas
2911 3471 3165 3543 baptismi
3192 3470 3342 3526 salu-

1752 3569 1907 3635 taris,
1936 3569 2031 3623 sed
2059 3583 2228 3638 aquas
2252 3566 2514 3622 doctrina:
2539 3575 2593 3622 et
2622 3565 2887 3621 sermonis
2926 3564 3041 3621 Dei.
3085 3562 3153 3619 Et
3186 3577 3345 3617 mun-

1752 3663 1893 3718 dabo
1920 3661 2041 3717 illos
2067 3662 2137 3717 ab
2160 3661 2413 3716 omnibus
2439 3659 2861 3728 inquinamentis
2884 3656 3017 3720 suis,
3043 3663 3099 3709 et
3127 3655 3195 3709 ab
3223 3652 3345 3708 ιιιιί-

1750 3753 1925 3809 versis
1946 3751 2104 3808 idolis
2125 3759 2288 3821 atque
2309 3748 2605 3813 erroribus,
2632 3762 2752 3817 qua:
2775 3746 2830 3801 in
2858 3760 2956 3800 suo
2993 3744 3156 3800 corde
3177 3744 3343 3799 simu-

1751 3844 2015 3903 laverant.
2044 3841 2113 3899 Et
2151 3841 2307 3904 dabo,
2339 3839 2534 3908 inquit,
2565 3839 2645 3894 eis
2685 3853 2782 3893 cor
2816 3851 3037 3902 novum,
3069 3835 3211 3905 quod
3241 3850 3343 3907 per

1750 3942 2031 4005 peccatum
2058 3931 2429 4002 perdiderant,
2457 3936 2513 3984 et
2547 3928 2794 3999 spiritum
2822 3935 3030 3983 rectum
3074 3926 3345 3981 innovabo

1753 4023 1806 4078 in
1838 4022 2093 4077 cordibus
2128 4034 2316 4075 eorum
2361 4016 2535 4090 (Psal.
2582 4015 2656 4087 ι).
2687 4016 2755 4071 Ει
2793 4015 3036 4070 auferam
3076 4031 3171 4071 cor
3204 4014 3342 4089 lapi-

1752 4114 1934 4178 deum,
1979 4127 2076 4167 cor
2114 4109 2368 4165 videlicet
2411 4106 2772 4162 incredulmn.
2821 4106 2891 4159 Et
2926 4104 3065 4161 dabo
3097 4119 3194 4159 eor
3216 4119 3342 4159 car-

1753 4221 1914 4262 neum
1954 4203 2115 4260 molle
2139 4210 2194 4258 et
2222 4210 2490 4265 tenerum,
2521 4198 2667 4270 quod
2706 4196 2801 4251 Dei
2847 4203 3116 4268 praecepta
3162 4194 3341 4252 susci-

1752 4306 1890 4379 piat,
1922 4303 1997 4359 ita
2037 4312 2098 4358 ut
2134 4299 2414 4358 ambulent
2444 4302 2498 4356 in
2535 4299 2820 4371 praeceptis
2849 4297 3003 4362 meis,
3043 4305 3100 4353 et
3140 4295 3344 4354 faciant

1747 4395 1973 4467 judicia,
2003 4408 2125 4464 quae
2148 4390 2298 4463 prius
2323 4390 2694 4462 neglexerant.
2723 4388 2794 4442 Et
2831 4387 3073 4444 habitent
3112 4387 3165 4441 in
3194 4395 3344 4443 terra

1753 4503 1918 4560 quam
1958 4486 2214 4541 dederam
2257 4481 2499 4553 patribus
2539 4494 2746 4542 eorum,
2785 4477 3059 4549 magistris
3091 4477 3347 4534 videlicet

65 4568 200 4623 ioue
247 4571 315 4620 et
362 4564 580 4620 nomine
626 4564 838 4621 Domini
880 4565 1212 4621 Salvatoris?
1254 4565 1329 4621 lta
1374 4576 1433 4621 ut
1472 4568 1651 4626 omnis
1677 4565 1727 4625 D
1754 4591 1916 4650 atque
1944 4577 2273 4634 doctoribus.
2302 4574 2372 4628 Et
2392 4587 2606 4628 rursum
2640 4572 2713 4626 sit
2743 4569 2970 4641 papulas
2991 4568 3111 4634 Dei,
3139 4576 3194 4623 et
3234 4568 3345 4626 Do-

65 4665 315 4715 reatura
337 4665 651 4727 cognoscat,
677 4666 733 4711 et
762 4656 1139 4718 multitudines
1169 4658 1504 4731 angelorum,
1529 4675 1649 4729 qua:

65 4762 261 4807 ert-am
318 4745 564 4801 ambiunt
611 4745 804 4812 Israel,
857 4746 999 4816 quod
1053 4748 1314 4803 Dominus
1363 4748 1652 4819 dissipatas

65 4838 418 4899 :dificaverit
443 4837 712 4902 civitates,
753 4845 810 4893 et
836 4837 1068 4895 incultas
1102 4839 1425 4910 plantaverit
1469 4840 1650 4912 regio-

66 4951 165 4999 es,
205 4939 273 4989 et
315 4930 458 5001 quod
491 4929 761 5000 pollicitus
809 4929 990 4986 fuerat
1028 4933 1126 5002 per
1159 4932 1450 5003 prophetas
1485 4947 1651 5003 opere

65 5022 435 5097 urnpleverit.
470 5020 583 5077 Nec
611 5021 713 5077 hoc
736 5021 841 5076 erit
882 5020 1224 5080 liberalitatis
1255 5040 1366 5079 sua:
1398 5024 1453 5079 in
1481 5039 1652 5095 popu-

66 5134 179 5185 ιιιι,
210 5129 388 5187 quem
417 5112 710 5169 salvaverit
746 5121 1034 5171 contentus
1070 5130 1313 5181 munere,
1351 5117 1446 5172 sed
1483 5117 1651 5173 multo

66 5207 266 5277 iiajora
295 5204 593 5274 praestabit.
622 5202 928 5259 Invenietur
945 5206 1091 5260 enim
1114 5222 1145 5260 a
1163 5206 1321 5262 domo
1345 5206 1529 5274 Israel,
1558 5208 1650 5278 qui

66 5300 223 5355 multo
266 5306 514 5368 tempore
547 5302 806 5367 quarsitus
842 5296 1018 5353 fuerat
1055 5308 1110 5354 et
1134 5315 1242 5356 non
1279 5302 1544 5358 inventus.
1584 5302 1653 5360 Et

66 5400 352 5461 estquam
397 5388 667 5444 invenerit
716 5403 840 5443 eum
866 5430 883 5455 ,
936 5390 1312 5462 multiplicabit
1363 5407 1456 5449 eos
1509 5394 1655 5449 sicut

69 5500 179 5540 vos
205 5498 225 5538 :
262 5496 376 5536 non
420 5481 698 5536 brutorum
737 5483 1127 5549 animantium,
1171 5485 1264 5540 sed
1311 5501 1439 5542 oves
1478 5488 1652 5543 homi-

65 5591 208 5640 ιιιιιι,
243 5571 349 5642 qui
371 5572 598 5628 rationis
636 5571 1095 5642 confessionisque
1142 5582 1272 5628 sunt
1306 5575 1467 5646 pleni,
1511 5579 1653 5633 sicut

65 5681 180 5721 .ves
214 5671 539 5720 sanctorum
561 5671 616 5719 et
636 5678 827 5735 greges
851 5663 1208 5731 Hierusalem,
1234 5664 1287 5719 in
1310 5682 1411 5737 qua
1434 5668 1651 5738 proprie

65 5756 150 5821 )ei
180 5753 376 5813 cultus
403 5764 459 5811 et
485 5754 621 5812 visio
658 5755 809 5829 pacis
848 5763 931 5812 est
969 5755 1024 5811 in
1068 5756 1495 5814 solemnitatibus
1533 5758 1651 5828 eius

1754 4669 1934 4726 minus
1959 4667 2039 4722 eis
2064 4672 2304 4721 vertatur
2322 4663 2375 4717 in
2398 4662 2586 4722 Deum,
2618 4675 2778 4730 quem
2808 4658 2959 4730 prius
2982 4656 3344 4716 oﬂ‘enderant.

1755 4760 1907 4815 'I‘unc
1937 4758 2292 4814 salvabuntur
2329 4753 2396 4807 ab
2434 4751 2701 4807 universis
2748 4749 3170 4820 inquinamentis
3206 4749 3341 4817 suis,

1754 4858 1810 4905 et
1838 4845 2281 4917 multiplicabitur
2298 4836 2378 4897 eis
2396 4841 2745 4907 frumentum,
2760 4840 2826 4895 de
2852 4854 2958 4909 quo
2978 4838 3209 4894 edicitur
3227 4853 3341 4898 co)-

1755 4941 1907 4996 Iestis
1940 4938 2116 5009 panis,
2145 4945 2202 4992 et
2238 4950 2345 4989 non
2366 4933 2642 5005 patientur
2670 4932 2812 4990 ultra
2841 4930 3038 4987 famem
3070 4930 3345 4988 sermonis

1755 5031 1872 5087 Dei.
1899 5029 1965 5083 Et
1979 5025 2423 5097 multiplicabitur
2448 5024 2501 5079 in
2521 5023 2602 5079 eis
2616 5022 2820 5094 lignum
2843 5022 3143 5092 sapientiae,
3163 5030 3218 5078 et
3238 5037 3335 5093 ge-

1754 5122 1958 5178 nimina
1990 5120 2042 5176 in
2085 5132 2273 5174 eorum
2300 5123 2519 5188 pectore
2566 5114 2997 5186 complebuntur.
3028 5112 3141 5169 Nec
3176 5120 3341 5173 erunt

1754 5214 1897 5270 ultra
1918 5210 2271 5283 opprobrium
2297 5209 2352 5263 in
2372 5209 2644 5279 gentibus,
2665 5207 2756 5262 sed
2774 5214 3059 5277 postquam
3083 5205 3337 5261 misertus

1752 5321 1940 5364 eorum
1974 5305 2136 5361 fuerit
2171 5303 2335 5369 Deus,
2385 5300 2812 5357 recordabuntur
2858 5297 3067 5353 viarum
3113 5311 3336 5357 suarum

1753 5394 2129 5468 pessimarum.
2179 5391 2244 5445 Et
2278 5389 2452 5445 scient
2488 5388 2578 5443 ubi
2622 5386 2860 5442 fuerint:
2893 5398 2949 5444 et
2979 5386 3339 5458 displiccbunt

1753 5485 1854 5540 sibi
1885 5485 1939 5539 in
1985 5480 2361 5551 iniquitatibus
2388 5478 2522 5544 suis,
2561 5476 2705 5548 quod
2744 5476 2876 5532 dicit
2923 5477 3185 5534 Dominus
3224 5491 3339 5533 non

1751 5585 1969 5647 propter
1994 5574 2132 5638 illos,
2149 5573 2242 5628 sed
2270 5577 2489 5641 propter
2511 5585 2664 5624 suam
2685 5586 2745 5625 se
2766 5569 2945 5627 facere
2965 5569 3329 5629 clementiam.

1756 5666 1905 5723 Unde
1926 5674 1982 5719 et
1999 5665 2313 5720 cohortatur
2338 5670 2603 5726 errantes,
2636 5670 2691 5715 ut
2712 5661 3109 5717 confundantur
3136 5671 3191 5717 et
3214 5675 3337 5717 eru-

1751 5757 1973 5816 bescunt
2002 5754 2058 5813 iu
2093 5753 2193 5809 viis
2218 5753 2352 5821 suis,
2380 5760 2436 5807 et
2474 5752 2827 5810 restituantur
2854 5745 2930 5808 in
2950 5751 3112 5809 urbes
3140 5749 3335 5808 Eccle-
