3916 6356
539 307 644 365 859

1174 302 1238 358 Β.
1275 299 1527 357 RABANI
1564 299 1782 358 MAURI
1819 299 2138 356 ARCHIEP.
2180 299 2489 358 MOGUNT.
2524 300 2809 358 OPERUM
2843 300 3025 358 PARS
3061 301 3107 358 Il
3717 302 3803 359 850

539 423 654 486 size,
687 433 806 491 quae
835 431 1049 473 rursum
1075 416 1349 471 habitetur
1376 416 1444 471 ab
1471 415 1579 480 eis;
1613 421 1668 468 et
1708 414 1888 468 omnia
1918 428 2037 482 quae
2062 413 2116 467 in
2145 416 2196 476 Α
2227 432 2246 464 ‹
2281 413 2508 469 ticinare
2535 421 2586 470 el
2610 413 2758 470 dices
2786 414 2852 470 ad
2871 428 3001 469 eos:
3031 413 3157 470 Ilaec
3187 412 3317 468 dicit
3338 410 3620 468 Dominus
3639 411 3800 470 Deus:

539 512 620 566 eis
647 515 986 569 corruerant,
1032 505 1379 570 zediﬁcentur,
1426 513 1481 559 et
1522 504 1590 559 ad
1619 503 1877 574 pristinas
1901 503 2124 558 redeant
2163 535 2176 545 ς

541 599 910 654 czeremonias.
953 597 1021 650 Et
1059 603 1202 649 terra
1227 595 1496 664 quondam
1527 594 1763 658 deserta,
1809 609 1930 663 qua:
1971 609 2124 648 acco-

542 688 607 742 lis
649 696 704 744 et
751 686 1072 757 peregrinis,
1119 693 1172 738 et
1217 684 1400 740 mundi
1450 683 1608 752 hujus
1659 685 2123 739 conversationem

542 776 964 842 transeuntibus,
1013 775 1126 830 visa
1175 774 1350 829 fuerat
1398 774 1670 839 desolata,
1715 781 2018 827 revertatur
2070 774 2123 828 in

541 867 826 936 pristinum
878 875 1096 920 statum.
1146 864 1455 934 Omnesque
1506 865 1769 918 mirentur
1809 873 1864 919 et
1899 865 2120 919 dicant:

540 957 706 1012 Terra
732 958 818 1011 illa
850 958 1073 1024 inculta,
1099 965 1241 1012 terra
1270 957 1502 1020 deserta,
1533 957 1586 1011 in
1614 973 1719 1026 qua
1744 974 1932 1013 omnes
1955 974 2125 1027 quon-

541 1049 662 1101 dam
704 1049 914 1118 periere
939 1049 1198 1112 virtutes,
1244 1065 1384 1102 nunc
1430 1048 1573 1102 facta
1619 1057 1703 1103 est
1742 1051 1896 1119 quasi
1939 1051 2125 1104 hortus

541 1138 833 1208 voluptatis
880 1149 935 1194 et
977 1140 1257 1210 paradisus
1293 1140 1406 1195 Dei.
1448 1141 1514 1194 Et
1563 1141 1810 1196 civitates
1853 1143 2123 1212 quondam

541 1228 785 1294 desertae,
817 1247 936 1301 qute
967 1233 1133 1286 Demn
1163 1233 1427 1302 hospitem
1473 1247 1577 1286 non
1620 1233 1912 1298 habebant,
1942 1243 1993 1287 et
2035 1235 2127 1288 de-

540 1322 742 1376 stitutae
763 1332 916 1377 erant
954 1339 984 1377 a
1009 1323 1226 1393 ‘Spiritu
1259 1332 1444 1378 sancto
1474 1331 1528 1378 et
1570 1323 1809 1378 suffossae
1839 1324 2126 1379 increduli-

542 1425 655 1471 tate
696 1418 858 1472 unita:
901 1429 1056 1472 erant
1113 1419 1216 1472 ﬁde
1263 1417 1486 1481 Christi,
1541 1426 1598 1470 ut
1631 1417 1804 1472 sciant
1833 1433 2021 1472 omnes
2069 1417 2124 1471 in

539 1507 792 1570 circuitu,
819 1509 960 1576 quod
989 1509 1245 1562 Dominus
1270 1505 1621 1562 aediﬁcaverit
1651 1507 1861 1560 animas
1895 1506 2125 1575 dissipa-

538 1605 625 1653 tas
644 1610 696 1652 ct
719 1598 1038 1666 plantavcrit
1067 1597 1119 1650 in
1150 1596 1250 1661 eis,
1279 1606 1442 1666 atque
1477 1595 1784 1650 conseverit
1810 1604 2123 1650 cunctarum

543 1683 798 1736 virtutum
837 1682 1077 1744 arbores,
1106 1690 1160 1734 et
1186 1683 1298 1751 ipse
1330 1683 1491 1736 rebus
1513 1681 1846 1750 prtrstiterit,
1873 1698 1992 1751 quae
2018 1697 2128 1736 ser-

2228 523 2246 554 «
2284 504 2423 559 Ecce
2456 519 2556 576 ego
2584 505 2824 574 aperiam
2861 505 3094 561 tumulos
3118 513 3348 572 vestros,
3379 512 3436 559 et
3466 504 3707 559 educam
3728 519 3800 560 res

2229 615 2247 647 ι
2283 596 2349 650 de
2375 595 2638 666 sepulcris
2665 595 2882 662 vestris,
2911 597 3143 668 populus
3163 610 3335 661 meus,
3360 605 3420 650 et
3449 595 3713 648 inducam
3732 612 3802 651 vos

2229 705 2246 736 ι
2285 684 2338 739 in
2389 693 2589 740 terram
2641 685 2847 741 Israel:
2884 693 2938 740 et
2987 686 3171 740 scietis
3205 686 3331 756 quia
3386 700 3496 755 ego
3547 683 3798 744 Dominus.

2230 793 2248 824 ι
2287 791 2408 829 cum
2439 790 2699 845 aperuero
2739 774 2981 844 sepulcra
3009 782 3212 840 vestra,
3250 782 3303 828 et
3350 774 3611 827 eduxero
3637 789 3728 828 vos
3755 776 3802 828 de

2229 885 2247 917 ι
2286 865 2504 922 tumulis
2539 867 2748 931 vestris,
2781 865 3006 936 populus
3036 880 3206 928 meus,
3234 873 3289 918 et
3337 863 3560 917 dedero
3590 864 3801 931 spiritum

2230 978 2248 1009 ι
2286 975 2465 1014 meum
2499 959 2551 1012 in
2589 958 2758 1020 vobis,
2801 967 2855 1012 et
2896 956 3174 1023 vixeritis;
3219 965 3276 1011 et
3321 954 3692 1024 requiescere
3733 972 3801 1008 vus

2229 1068 2250 1101 α
2287 1049 2479 1104 faciam
2508 1065 2670 1119 super
2701 1051 2923 1104 humum
2953 1056 3207 1113 vestram,
3255 1055 3310 1101 et
3351 1045 3560 1100 scietis
3591 1046 3711 1113 quia
3733 1061 3802 1114 es?

2230 1161 2247 1192 ι
2287 1140 2544 1194 Dominus
2571 1140 2778 1195 locutus
2805 1154 2923 1194 sum
2949 1146 3001 1191 et
3028 1137 3155 1201 feci,
3197 1136 3277 1190 ait
3306 1135 3602 1190 Dominus
3628 1134 3763 1191 Deus.
3787 1157 3798 1184 ν

2226 1227 2495 1300 (meram)
2521 1228 2747 1283 Famosa
2774 1236 2856 1284 est
2883 1227 3042 1293 visio,
3077 1234 3132 1281 et
3169 1227 3430 1281 omnium
3465 1224 3801 1279 Ecclesiart-a

2226 1320 2425 1374 Christi
2457 1319 2684 1374 lectione
2710 1319 2997 1376 celebrata.
3028 1317 3128 1386 Qui
3153 1332 3286 1388 ergo
3315 1325 3538 1386 putant
3573 1317 3643 1370 de
3671 1333 3802 1369 resur-

2225 1413 2488 1478 rectione,
2517 1428 2634 1482 quae
2683 1413 2752 1468 ab
2793 1411 3040 1467 omnibus
3068 1419 3118 1466 et
3160 1407 3373 1463 Judzcis
3405 1416 3468 1462 et
3518 1407 3803 1462 Christianis

2225 1506 2464 1560 creditur
2494 1505 2584 1560 Dei
2616 1519 2736 1560 esse
2770 1518 3094 1567 sermonem,
3128 1503 3244 1556 haec
3273 1502 3472 1556 solent
3503 1501 3709 1560 dicere,
3725 1499 3801 1552 Fa-

2227 1605 2312 1652 cta
2339 1605 2422 1652 est
2451 1611 2610 1665 super
2629 1595 2943 1664 prophetam
2968 1608 3159 1648 manus
3185 1591 3442 1655 Domini,
3469 1592 3588 1645 hoc
3611 1600 3707 1652 est,
3728 1590 3804 1643 Ite-

2228 1689 2407 1743 minus
2432 1697 2592 1757 atque
2619 1686 2865 1742 Salvator
2888 1705 2900 1739 :
2928 1700 3089 1755 super
3110 1701 3272 1754 quem
3294 1683 3484 1738 Pater
3507 1692 3702 1737 cuncta
3718 1700 3804 1752 ore

539 1789 698 1828 mone
719 1773 982 1842 promisit.
1010 1773 1353 1841 Rursumque
1374 1773 1690 1826 cohortatur
1705 1787 1880 1826 sermo
1899 1773 2126 1842 prophe-
2155 1767 2199 1826 Β
2229 1788 2378 1834 ratus
2401 1790 2484 1833 est
2511 1798 2522 1833 ;
2556 1799 2573 1830 ‹
2607 1778 2797 1834 omnia
2823 1779 2966 1833 enim
3012 1779 3080 1832 ab
3119 1792 3184 1832 eo
3229 1775 3386 1830 facta
3440 1783 3605 1839 sunt,
3638 1785 3688 1828 et
3719 1777 3799 1827 sine

544 1863 684 1918 ticus
724 1865 1068 1934 pmnitentes,
1107 1873 1166 1916 ut
1209 1864 1372 1918 etiam
1419 1878 1541 1916 cum
1574 1863 1802 1932 regressi
1838 1863 2038 1918 fuerint
2072 1864 2125 1917 in

540 1954 816 2020 ecclesias,
857 1969 1070 2023 semper
1111 1955 1388 2024 requirant
1426 1955 1712 2009 Dominum
1763 1963 1817 2009 et
1855 1955 2129 2009 inveniant

540 2060 664 2100 eum
706 2064 719 2099 :
762 2055 821 2100 ut
871 2047 1291 2117 multiplicentur
1337 2047 1672 2101 redeuntium
1719 2047 1890 2101 turbis
1938 2063 2126 2117 greges

537 2134 775 2202 Domini,
803 2152 906 2191 non
930 2135 1296 2206 jumentorum
1335 2144 1391 2191 et
1418 2137 1701 2190 brutorum
1747 2135 2122 2201 animantium,

537 2227 634 2282 sed
661 2241 847 2296 greges
873 2226 1169 2290 hominum,
1202 2227 1292 2296 qui
1323 2225 1442 2280 ﬁdei
1467 2225 1801 2294 rationisque
1829 2225 1936 2279 sint
1961 2225 2124 2294 pleni,

538 2331 726 2389 greges
765 2318 959 2381 sancti,
1008 2332 1196 2388 greges
1237 2318 1383 2370 urbis
1426 2315 1786 2381 Hierusalem,
1830 2316 1884 2370 in
1919 2317 2127 2371 cunctis

536 2405 988 2471 solemnitatibus,
1029 2423 1163 2476 quas
1211 2405 1308 2460 Dei
1347 2406 1632 2460 clementia
1677 2415 2022 2476 receperunt,
2068 2415 2128 2460 ut

535 2505 821 2567 postquam
883 2499 1132 2553 civitates
1198 2497 1408 2552 Domini
1467 2494 1839 2565 hujuscemodi
1906 2512 2126 2568 gregum

537 2589 824 2644 multitudo
854 2589 1222 2660 compleverit,
1254 2595 1382 2644 tunc
1417 2589 1589 2644 sciant
1625 2605 1815 2644 onmes
1839 2589 1982 2659 quod
2013 2589 2127 2659 ipse

538 2680 612 2734 sit
634 2680 914 2736 Dominus.

1062 2791 1290 2848 CAPUT
1330 2791 1590 2847 XXXVII.

537 2877 618 2934 De
645 2881 1290 2962 generalinr‘esurrectione
1316 2898 1335 2935 :
1365 2883 1428 2936 de
1447 2882 1688 2962 Christo;
1719 2892 1766 2962 et
1792 2883 1930 2962 quod
1953 2883 2005 2936 in
2034 2899 2128 2936 no-

609 2951 830 3022 vissimis
851 2952 1030 3007 diebus
1056 2953 1264 3022 recipiet
1305 2969 1422 3006 eum
1461 2951 1493 3005 Ι
1503 2953 1606 3007 uda
1635 2963 1682 3007 et
1705 2951 1999 3008 Jerusalem
2019 2993 2032 3018 ,
2076 2964 2125 3007 et

605 3021 704 3075 erit
739 3038 871 3075 unus
897 3022 1138 3093 populus.

2225 1869 2342 1940 ipso
2393 1869 2592 1924 factum
2636 1877 2720 1923 est
2759 1867 2916 1933 nihil,
2957 1867 3098 1938 quod
3128 1865 3341 1920 factum
3373 1873 3473 1919 est
3513 1864 3796 1933 (Joan.t}.i

2231 1981 2248 2010 ί
2278 1959 2346 2013 Ει
2405 1959 2589 2014 eduxit
2631 1975 2738 2024 me,
2787 1959 2981 2028 inquit,
3015 1958 3067 2012 in
3107 1957 3305 2028 spiritu
3363 1956 3634 2019 Domini;
3668 1958 3798 2009 imb-

2225 2052 2439 2106 auditur
2469 2067 2659 2106 manus
2690 2051 2921 2104 Domini.
2947 2040 3144 2104 Eduxit
3171 2057 3364 2103 autem
3397 2049 3459 2102 in
3492 2049 3702 2118 spiritu.
3727 2065 3797 2101 aea

2227 2144 2280 2198 in
2310 2159 2557 2214 corpore,
2599 2144 2695 2198 sed
2735 2152 2886 2197 extra
2919 2158 3131 2212 corpus.
3176 2142 3246 2195 Et
3285 2141 3493 2211 posuit
3543 2140 3688 2194 illum
3724 2142 3798 2194 sire

2226 2233 2429 2287 dimisit
2460 2233 2512 2287 in
2541 2233 2718 2288 medio
2742 2232 2942 2303 campi,
2971 2232 3059 2302 qui
3088 2231 3283 2300 plenus
3317 2239 3460 2285 erat
3483 2231 3726 2283 humanis
3746 2245 3797 2283 es

2226 2326 2395 2381 sibus.
2427 2326 2536 2380 Nec
2565 2341 2688 2380 eum
2718 2335 2800 2380 est
2823 2341 2982 2397 passa
3022 2326 3408 2394 requiescere,
3443 2325 3548 2379 sed
3579 2325 3795 2379 feritas:

2225 2418 2406 2472 omnia
2434 2417 2687 2482 circuire,
2711 2432 2829 2488 qua:
2852 2433 2957 2470 non
2984 2425 3139 2470 erant
3165 2425 3365 2486 aperta
3401 2417 3607 2480 humo,
3637 2417 3714 2470 sed
3734 2431 3795 2470 sr-

2226 2524 2322 2578 per
2344 2522 2589 2578 campum
2624 2508 2879 2578 jacentia.
2918 2505 3025 2562 Nec
3067 2506 3242 2560 solum
3299 2506 3515 2569 multa,
3558 2508 3650 2561 sed
3675 2505 3794 2558 multa

2226 2599 2409 2663 nimis,
2431 2607 2484 2653 et
2516 2608 2733 2669 propter
2756 2599 3010 2668 temporis
3031 2606 3367 2653 vetustatem
3402 2599 3566 2652 arida
3598 2601 3794 2666 sicca-tt

2229 2691 2592 2754 vehementer,
2625 2699 2678 2744 et
2709 2689 2842 2743 nihil
2888 2689 2941 2742 in
2978 2688 3220 2743 humoris
3254 2690 3558 2744 habentia.
3604 2691 3794 2758 Cumis-2

2226 2779 2612 2850 interrogasset
2652 2795 2774 2834 eum
2821 2795 2999 2835 sermo
3037 2779 3251 2834 divinus
3303 2789 3504 2833 utrum
3552 2781 3796 2834 aestimaret

2226 2871 2339 2926 hmc
2361 2887 2483 2926 ossa
2508 2887 2666 2941 posse
2686 2872 2888 2937 vivere,
2919 2871 3196 2942 respondit
3221 2890 3233 2924 :
3269 2891 3289 2921 ι
3324 2871 3574 2926 Domine
3601 2872 3741 2928 Deus.
3759 2881 3796 2920 tl

2226 2965 2406 3030 nosti,
2464 2965 2626 3035 Lqui
2677 2965 2893 3036 plenam
2938 2966 3105 3020 habes
3155 2967 3459 3020 scientiam
3511 2965 3795 3019 futumrura.

2226 3054 2477 3124 Dixitque
2500 3054 2565 3108 ad
2592 3069 2714 3108 eum
2741 3054 2997 3108 Dominus
3024 3073 3036 3108 :
3067 3071 3086 3103 ι
3107 3054 3433 3108 Vaticiuare
3466 3055 3532 3108 de
3552 3055 3795 3110 ossibus.»

610 3149 630 3184 ι
669 3131 835 3186 Facta
860 3140 943 3188 est
970 3148 1130 3203 super
1157 3146 1244 3186 me
1272 3147 1463 3186 manus
1491 3131 1724 3199 Domini,
1751 3139 1804 3187 et
1824 3133 2009 3187 eduxit
2038 3148 2123 3188 me
2151 3119 2194 3180 (ἶ
2228 3139 2338 3194 sive
2367 3119 2530 3209 super
2547 3155 2669 3194 ossa
2687 3139 2821 3204 haec,
2842 3158 2859 3189 ι
2895 3149 2949 3193 et
2970 3138 3117 3193 dices
3135 3137 3201 3192 ad
3225 3154 3296 3192 ea
3323 3158 3335 3191 :
3367 3137 3506 3193 Ossa
3529 3139 3695 3199 arida,
3726 3153 3802 3190 au-

536 3241 559 3278 ¢
590 3223 647 3279 iu
675 3220 866 3293 spiritu
895 3224 1108 3279 Domini
1140 3243 1152 3278 :
1186 3232 1240 3280 et
1281 3225 1485 3280 dimisit
1510 3241 1596 3280 me
1623 3227 1677 3280 in
1714 3227 1889 3281 medio
1919 3228 2116 3298 campi,

536 3329 562 3368 ι
595 3315 686 3384 qui
712 3325 829 3369 erat
857 3317 1048 3386 plenus
1077 3318 1311 3382 ossibus,
1339 3327 1395 3372 ct
1431 3317 1791 3372 circumduxit
1826 3334 1912 3374 me
1940 3334 2037 3389 per
2057 3333 2120 3373 ea

537 3421 560 3458 α
593 3403 650 3458 in
677 3420 828 3475 gyro.
866 3406 1036 3459 Erant
1083 3414 1262 3461 autem
1301 3407 1469 3461 multa
1517 3407 1670 3462 valde
1721 3423 1882 3477 super
1925 3407 2120 3463 faciem

540 3510 560 3544 ι
601 3495 797 3562 campi,
831 3495 1081 3565 siccaque
1110 3497 1476 3552 vehementer.
1509 3498 1578 3552 Et
1605 3499 1739 3552 dixit
1766 3500 1833 3553 ad
1863 3515 1948 3554 me
1977 3519 1989 3553 :
2016 3501 2120 3556 Fili

539 3606 556 3638 ι
593 3587 845 3652 hominis,
869 3575 1096 3656 putasne
1119 3590 1300 3644 vivent
1319 3605 1440 3645 ossa
1466 3590 1604 3645 ista?
1625 3590 1692 3645 Et
1716 3592 1826 3646 dixi
1851 3609 1864 3644 :
1893 3592 2120 3648 Domine

538 3695 557 3728 ι
593 3675 755 3742 Deus,
786 3686 840 3731 tu
874 3679 1033 3732 nosti.
1068 3679 1134 3732 Et
1162 3681 1295 3733 dixit
1339 3683 1406 3734 ad
1449 3697 1534 3736 me
1561 3701 1576 3735 :
1605 3682 1913 3736 Vaticinare
1936 3682 2001 3737 de
2027 3697 2118 3739 os-

539 3786 557 3819 ‹
595 3768 743 3822 sibus
768 3769 905 3835 istis,
935 3778 988 3824 et
1010 3769 1154 3824 dices
1179 3770 1292 3826 eis:
1322 3769 1453 3826 Ossa
1479 3771 1650 3838 arida,
1682 3774 1862 3828 audite
1893 3774 2120 3829 verbum

540 3877 559 3911 ι
597 3859 808 3915 Domini
835 3879 848 3914 :
879 3861 993 3915 hate
1018 3861 1148 3917 dicit
1173 3863 1430 3920 Dominus
1454 3865 1666 3920 ossibus
1693 3865 1778 3920 his
1807 3885 1820 3920 :
1855 3866 1994 3922 Ecce
2020 3882 2119 3938 ego

541 3972 561 4015 ι
598 3953 946 4018 intermittat!)
985 3954 1038 4009 in
1081 3971 1175 4010 vos
1213 3956 1494 4026 spiritum,
1530 3967 1584 4012 et
1625 3958 1845 4024 vivetis;
1883 3968 1937 4014 et
1981 3959 2120 4015 dabo

544 4063 562 4104 ι
601 4060 761 4122 super
783 4061 875 4100 vos
901 4061 1116 4111 nervos,
1146 4056 1199 4102 et
1221 4062 1562 4104 succrescere
1591 4047 1780 4104 faciam
1823 4063 1985 4120 super
2024 4065 2120 4106 vos

543 4153 561 4192 ί
597 4150 805 4200 carnes,
849 4146 903 4190 et
935 4138 1382 4207 superextendam
1409 4139 1461 4193 in
1498 4140 1652 4194 vobis
1675 4149 1876 4206 cutem,
1901 4149 1956 4196 et
1984 4141 2121 4197 dabo

545 4243 563 4280 ς
603 4225 750 4280 vobis
789 4226 1035 4296 spiritum
1076 4235 1132 4282 et
1155 4228 1369 4294 vivetis,
1410 4238 1466 4284 et
1508 4230 1690 4284 scietis
1731 4231 1856 4301 quia
1881 4247 1980 4303 ego
2011 4231 2119 4287 Do-

545 4334 562 4368 ι
602 4317 796 4369 minus.
836 4316 904 4370 Et
939 4321 1255 4389 prophetavi
1283 4321 1423 4374 sicut
1449 4332 1780 4391 prmceperat
1815 4321 1946 4377 mihi
1992 4339 2008 4379 :
2041 4321 2122 4376 fa-

548 4420 565 4452 ι
603 4411 720 4456 etus
762 4412 844 4456 est
887 4415 1069 4460 autem
1109 4408 1341 4472 sonitus,
1386 4409 1740 4478 prophetante
1782 4425 1884 4475 me,
1912 4419 1967 4464 et
1993 4425 2120 4466 ecce

2225 3230 2334 3284 dite
2367 3233 2589 3284 verbum
2621 3229 2852 3284 Domini.
2900 3249 2918 3280 ι
2953 3228 3009 3282 ln
3042 3244 3148 3298 quo
3183 3229 3510 3290 mirandum,
3542 3228 3803 3296 quomodo

2225 3320 2292 3374 ad
2320 3335 2441 3375 ossa
2471 3320 2621 3374 arida
2653 3321 2724 3374 sit
2763 3319 2996 3385 locutus,
3028 3335 3148 3389 quae
3183 3329 3316 3374 ante
3353 3335 3553 3380 nervos,
3589 3335 3802 3372 carnem

2225 3419 2278 3467 et
2304 3420 2502 3477 cutem,
2537 3419 2592 3466 et
2637 3411 2888 3481 spiritum
2916 3411 3305 3477 viviﬁcantem,
3341 3413 3436 3466 Dei
3468 3420 3686 3482 possent
3720 3429 3796 3465 aa-

2225 3502 2338 3557 dire
2383 3517 2709 3556 sermonem.
2739 3501 3090 3571 Primumque
3130 3517 3252 3557 ossa
3299 3517 3430 3556 cum
3470 3501 3595 3555 aliis
3617 3500 3795 3555 ossibus

2223 3606 2512 3647 nervorum
2538 3592 2764 3647 vinculis
2788 3593 3124 3663 colligantur,
3156 3592 3357 3647 deinde
3390 3593 3687 3662 implentur
3702 3607 3794 3644 car.

2222 3684 2413 3740 nibus:
2444 3693 2498 3740 et
2526 3685 2758 3754 desuper
2791 3687 2860 3741 ob
2887 3686 3346 3756 pulchritudinem
3381 3687 3699 3740 extenditur
3723 3700 3793 3738 cu-

2223 3775 2314 3840 tis,
2361 3790 2481 3842 quae
2526 3775 2793 3829 nudarum
2840 3777 3084 3830 carnium
3125 3775 3341 3844 operiat
3383 3776 3708 3831 fteditatem.
3743 3775 3791 3829 Et

2223 3873 2350 3920 tunc
2393 3867 2665 3937 accipiunt
2714 3868 2996 3938 spiritum,
3043 3867 3132 3937 qui
3159 3868 3358 3938 ivivere
3407 3883 3476 3922 ea
3525 3868 3720 3922 faciat:
3748 3877 3790 3919 et

2222 3965 2508 4027 postquam
2549 3957 2806 4024 vixerint,
2855 3966 2983 4012 tunc
3028 3967 3360 4028 cognoscant
3409 3960 3561 4028 quod
3605 3959 3707 4027 ipse
3739 3959 3791 4010 sit

2223 4045 2498 4101 Dominus.
2548 4047 2767 4102 Dicente
2810 4047 2988 4116 itaque
3036 4047 3299 4116 propheta
3349 4049 3503 4117 quod
3550 4048 3602 4102 ei
3648 4047 3790 4101 fuerat

2224 4135 2568 4204 imperatum,
2597 4135 2779 4188 statim
2827 4143 2910 4190 est
2944 4135 3086 4190 facta
3131 4137 3461 4202 commotio,
3509 4137 3786 4206 ossaqm’m

2223 4241 2376 4281 suam
2401 4235 2524 4281 sunt
2545 4225 2807 4296 applicata
2824 4241 3158 4298 compagem,
3185 4227 3414 4282 astricta
3438 4229 3644 4292 nervis,
3664 4229 3784 4296 ptem

2224 4317 2489 4382 carnium,
2518 4317 2655 4386 pelle
2685 4325 2958 4388 cooperta,
3001 4315 3368 4388 jacebantque
3418 4320 3661 4374 humana
3693 4333 3782 4370 eae

2224 4423 2379 4479 pora,
2409 4409 2657 4478 spiritum
2693 4425 2798 4462 non
2828 4407 3104 4462 habentia.
3141 4407 3349 4463 Idcirco
3382 4411 3655 4478 propheta
3684 4416 3783 4458 rat:-

549 4508 566 4547 t
605 4493 934 4552 commotio:
972 4503 1026 4550 et
1067 4476 1413 4551 accesserunt
1456 4514 1578 4554 ossa
1632 4499 1699 4553 ad
1724 4514 1881 4565 ossa,
1924 4517 2124 4556 unum-
2150 4476 2202 4534 D
2227 4476 2531 4556 cinaturad
2563 4499 2836 4569 spiritum,
2881 4507 2937 4554 et
2976 4499 3094 4555 ait:
3132 4517 3151 4550 ι
3200 4498 3330 4554 [hec
3374 4476 3519 4554 dicit
3563 4499 3782 4554 Donum

551 4599 569 4632 ι
607 4583 855 4653 quodque
900 4585 965 4643 ad
1002 4582 1314 4656 juncturam
1354 4603 1526 4641 suam.
1557 4588 1623 4642 Et
1645 4589 1775 4654 vidi,
1798 4599 1853 4644 et
1883 4603 2010 4645 ecce
2036 4606 2120 4645 su-

546 4688 564 4722 ι
600 4687 696 4742 per
719 4687 782 4727 ea
809 4674 957 4728 nervi
994 4683 1049 4735 et
1079 4691 1273 4738 carnes
1309 4677 1690 4742 ascenderunt,
1717 4685 1771 4732 et
1795 4686 2012 4733 extenta
2039 4687 2124 4734 est

548 4783 566 4822 α
605 4764 656 4818 in
686 4766 764 4820 eis
788 4766 925 4822 cutis
953 4767 1204 4838 desuper,
1230 4778 1284 4824 et
1314 4769 1561 4848 spiritum
1591 4785 1696 4824 non
1729 4771 2022 4825 habebant.
2055 4772 2122 4826 Et

547 4874 565 4907 ι
603 4856 738 4910 dixit
779 4858 845 4913 ad
893 4875 1016 4914 me:
1047 4861 1352 4915 Vaticinare
1389 4861 1456 4915 ad
1486 4861 1756 4930 spiritum,
1800 4863 2118 4926 vaticinare,

546 4969 563 5001 ι
606 4948 677 5003 fili
709 4950 976 5016 hominis,
1029 4952 1146 5005 haec
1185 4953 1332 5006 dices
1380 4954 1447 5006 ad
1496 4954 1782 5022 spiritum:
1819 4953 1944 5009 llaec
1993 4953 2124 5009 dicit

549 5060 566 5094 ι
607 5043 862 5098 Dominus
917 5043 1094 5097 Deus:
1129 5043 1174 5099 A
1225 5053 1456 5113 quatuor
1485 5047 1659 5101 ventis
1689 5047 1832 5112 veni,
1877 5047 2116 5117 spiritus,

547 5152 567 5184 ι
603 5144 655 5188 ct
681 5134 887 5188 iusullla
915 5150 1075 5203 super
1102 5134 1411 5189 interfectos
1434 5136 1582 5201 istos,
1605 5147 1660 5191 et
1687 5138 2028 5193 reviviscant.
2054 5138 2122 5192 Et

549 5241 570 5277 ι
607 5226 920 5295 prophetavi
951 5227 1091 5280 sicut
1120 5236 1447 5295 praeceperat
1476 5229 1625 5292 mihi,
1657 5239 1711 5284 et
1735 5231 2009 5300 ingressus
2037 5237 2120 5284 est

544 5331 569 5369 ι
602 5314 657 5371 in
689 5331 751 5370 ca
777 5316 1014 5386 spiritus,
1046 5326 1093 5371 el
1127 5317 1398 5383 vixerunt,
1419 5327 1790 5390 steteruntque
1832 5311 1994 5389 super
2027 5337 2120 5392 pe-

545 5424 572 5464 c
606 5411 702 5466 des
731 5426 876 5475 suos,
909 5411 1178 5465 exercitus
1209 5410 1426 5482 grandis
1471 5412 1631 5466 nimis
1674 5412 1857 5478 valde;
1900 5422 1954 5466 et
1985 5395 2120 5468 dixit

547 5518 572 5556 ι
602 5502 670 5557 ad
711 5517 835 5556 me:
873 5501 975 5556 Fili
1020 5503 1274 5566 hominis,
1320 5518 1443 5557 ossa
1481 5503 1596 5556 haec
1637 5502 1888 5557 universa
1928 5503 2118 5558 domus

548 5609 569 5645 ι
603 5589 763 5647 lsrael
790 5601 910 5647 est.
949 5593 1046 5662 ipsi
1096 5593 1298 5648 dicunt.
1347 5592 1621 5646 Aruerunt
1673 5607 1792 5646 ossa
1838 5601 2023 5648 nostra
2065 5602 2119 5650 et

549 5700 570 5735 ι
607 5683 768 5761 periit
792 5698 914 5757 spes
948 5693 1156 5752 nostra,
1176 5691 1231 5741 et
1259 5683 1453 5742 abscisi
1479 5698 1686 5747 sumus.
1710 5681 1997 5758 Propterea
2018 5700 2106 5741 va-

2228 4591 2388 4647 Deus.
2428 4589 2474 4644 Α
2514 4599 2748 4660 quatuor
2770 4590 2945 4645 ventis
2971 4589 3114 4654 veni,
3146 4589 3402 4658 spiritus;
3453 4610 3474 4644 ι
3525 4606 3556 4644 a
3595 4600 3782 4660 quam

2225 4683 2476 4738 videlicet
2500 4682 2681 4738 mundi
2710 4681 2903 4755 plagis,
2934 4689 2994 4736 ut
3029 4681 3299 4751 quomodo
3341 4681 3394 4734 in
3423 4683 3607 4750 prima
3637 4679 3781 4735 cori-:5-

2228 4773 2372 4828 tione
2415 4773 2667 4837 hominis,
2699 4770 2988 4826 insulilavit
3022 4772 3166 4836 Deus
3203 4771 3258 4824 in
3301 4769 3509 4826 faciem
3535 4771 3674 4841 ejus,
3703 4791 3717 4819 ι
3744 4776 3782 4821 ει

2226 4863 2401 4920 factus
2438 4874 2522 4919 est
2565 4864 2617 4918 in
2651 4864 2888 4918 animam
2937 4862 3209 4916 viventem
3253 4859 3410 4932 (Gen.
3469 4864 3566 4933 ri);
3607 4883 3626 4914 ι
3657 4863 3782 4916 sica

2223 4957 2457 5013 secunda
2483 4955 2739 5020 conditio,
2783 4954 2836 5008 id
2875 4961 2976 5018 est,
3004 4951 3332 5007 resurrectio
3365 4961 3704 5006 mortuorum
3725 4955 3781 5001 isi-

2222 5044 2469 5104 sufllante
2512 5046 2704 5116 spiritu
2755 5045 3078 5099 viviﬁcetur.
3124 5043 3224 5110 Qui
3265 5043 3556 5112 ingressus
3601 5053 3680 5098 est
3709 5045 3782 5096 te

2219 5153 2380 5196 mana
2402 5151 2628 5207 corpora
2655 5137 2944 5205 statimque
2969 5134 3240 5199 vixerunt,
3272 5151 3290 5184 ‹
3311 5143 3696 5206 steteruntque
3717 5149 3783 5187 ει-

2218 5243 2316 5301 per
2338 5227 2502 5297 pedes
2540 5241 2683 5281 suos.
2724 5245 2742 5278 ›
2776 5225 2928 5282 Unde
2961 5233 3014 5278 et
3055 5224 3385 5280 resurrectio
3418 5225 3628 5279 dicitur
3665 5238 3780 5278 mr-

2219 5327 2436 5374 tuorum
2481 5315 2826 5386 congregatio
2878 5314 2991 5369 sive
3041 5313 3269 5368 ecclesia
3313 5313 3528 5381 multa,
3569 5325 3627 5369 et
3659 5323 3711 5366 ut
3743 5313 3782 5365 is

2221 5407 2446 5464 Hebraeo
2493 5407 2674 5471 habet,
2719 5405 2932 5476 grandis
2973 5406 3248 5470 exercitus,
3296 5420 3479 5474 eoque
3513 5405 3786 5475 complcti

2220 5507 2501 5568 tempore:
2541 5515 2559 5548 ‹
2597 5497 2795 5552 Emitte
2821 5496 3069 5566 spiritum
3108 5505 3258 5550 tuum
3289 5504 3345 5550 et
3372 5499 3725 5557 creabantur,
3747 5507 3788 5546 et

2221 5588 2507 5646 renovabis
2555 5586 2749 5642 faciem
2792 5596 2950 5642 terra:
2981 5585 3152 5658 (Psal.
3187 5587 3327 5656 cm).
3367 5606 3387 5638 ι
3415 5585 3575 5653 Quod
3630 5597 3786 5640 antra

2223 5682 2467 5756 sequitur
2504 5701 2514 5737 :
2551 5700 2569 5735 ι
2599 5681 2663 5738 Et
2695 5680 2829 5741 dixit
2856 5679 2922 5736 ad
2957 5695 3080 5736 ωσι·
3113 5679 3213 5737 Fili
3246 5679 3508 5747 hominis,
3540 5695 3666 5736 ossa
3693 5679 3786 5734 hac
