3916 6356
129 330 228 391 861

1054 333 1407 393 COMMENT.
1447 333 1517 390 IN
1546 322 2008 394 ‘EZECHIELEM.
2046 366 2119 379 —
2152 337 2283 396 LIB.
2323 338 2462 397 XIII.

3281 342 3389 401 862

128 451 378 508 universa
413 452 603 510 domus
629 452 795 509 Israel
826 460 930 520 est,
953 473 972 507 ι
1003 454 1214 510 videtur
1242 454 1421 511 facere
1449 454 1702 524 qutestio-
1727 456 1778 518 Α
1806 470 1905 511 nos
1956 449 2410 515 resurrectionem
2455 472 2652 529 negare
2670 498 2686 524 ,
2727 460 2822 515 sed
2867 458 2985 515 haec
3029 474 3135 515 non
3185 462 3389 533 scripta

127 558 274 609 nem,
313 558 379 598 eo
407 543 551 614 quod
587 560 693 600 non
736 546 805 602 de
851 545 1087 617 generali
1132 548 1555 612 resurrectione,
1609 546 1706 603 sed

125 634 346 706 proprie
371 635 437 690 de
465 636 860 692 resurrectione
904 636 1115 691 dicatur
1148 637 1334 692 domus
1363 636 1555 702 Israel,
1585 648 1705 707 quae

123 723 308 778 dicat:
342 741 363 777 ι
396 725 670 780 Aruerunt
691 740 812 783 ossa
837 736 1040 793 nostra,
1071 736 1126 784 et
1153 729 1316 799 periit
1342 743 1465 797 spes
1493 735 1700 793 nostra,

123 822 182 869 et
213 815 410 871 abscisi
438 831 626 872 sumus
660 833 692 872 a
723 827 867 874 terra
908 828 1111 884 nostra,
1149 841 1168 873 ι
1203 821 1318 876 sive
1353 821 1576 876 omnino
1606 821 1704 875 de-

122 906 481 977 speravimus.
517 908 723 976 Quibus
765 909 866 966 ista
910 909 1211 967 dicentibus
1255 913 1414 983 tertio
1451 910 1705 967 Ezechiel

120 998 450 1066 prophetare
504 990 846 1071 compellitur
892 1011 949 1059 et
1004 1004 1185 1059 dicere
1231 1004 1443 1059 ossibus
1486 1002 1700 1058 aridis:

127 1106 148 1140 r
180 1089 308 1145 Haec
339 1090 470 1146 dicit
501 1090 760 1149 Dominus
793 1095 934 1151 Deus
963 1113 976 1149 :
1009 1095 1151 1151 Ecce
1193 1111 1294 1167 ego
1338 1097 1575 1166 aperiam
1619 1103 1706 1149 tn-

120 1178 299 1235 mulos
324 1189 552 1238 vestros.
589 1201 609 1235 »
640 1182 700 1237 In
726 1199 834 1252 quo
856 1187 1136 1254 qumritur,
1169 1185 1214 1240 si
1237 1186 1412 1257 aperit
1442 1186 1701 1252 tumulos,

119 1270 393 1339 quomodo
434 1287 595 1343 supra
633 1273 865 1328 dixerit:
899 1293 918 1325 ‹
945 1274 1322 1330 Εηιηιειυιθηι
1348 1275 1512 1330 multa
1549 1274 1705 1331 valde

118 1377 289 1433 super
332 1362 524 1419 faciem
568 1366 779 1435 campi,
827 1367 1079 1436 siccaque
1122 1367 1488 1422 vehementer.
1526 1387 1544 1418 ι
1585 1384 1604 1416 ε
1637 1366 1704 1421 Ει

116 1452 365 1518 educam,
410 1454 612 1524 inquit,
658 1471 753 1511 vos
792 1456 859 1512 de
903 1457 1162 1527 sepulcris
1208 1456 1435 1522 vestris,
1476 1456 1703 1526 populus

118 1558 295 1599 tuens.
328 1564 347 1597 ι
383 1544 688 1602 Secundum
726 1547 856 1604 illud
886 1547 1026 1617 quod
1053 1549 1311 1619 scriptum
1337 1558 1422 1604 est
1441 1550 1494 1603 in
1522 1549 1703 1604 Evan-

117 1634 463 1707 gelio'ann.
490 1638 543 1706 v)
574 1655 629 1692 ε(
658 1639 816 1694 Venit
845 1640 999 1705 hora,
1018 1642 1233 1710 quando
1257 1641 1347 1710 qui
1365 1641 1417 1696 in
1441 1642 1702 1712 sepulcris

116 1736 269 1794 sunt,
318 1729 534 1784 audient
575 1746 762 1787 vocem
803 1732 922 1787 Filii
950 1731 1067 1799 Dei,
1101 1742 1156 1788 et
1190 1734 1411 1789 exibunt
1440 1735 1531 1806 qui
1561 1734 1700 1790 bona

1804 547 1875 603 de
1915 550 2312 606 resurrectione
2342 550 2669 606 contendere
2691 589 2707 615 ,
2747 557 2804 605 et
2851 567 2950 622 per
2977 552 3389 612 resurrectionis

1802 639 2113 708 parabolam
2143 641 2212 696 de
2244 642 2587 697 restitutione
2625 641 2788 697 Israel
2831 644 3158 714 prophetari,
3196 646 3288 716 qui
3321 662 3389 705 eo

1804 736 2045 800 tempore
2067 732 2312 801 captivus
2337 740 2456 787 erat
2507 733 2562 786 in
2593 731 2883 804 Babylone.
2919 733 3031 790 Nec
3068 736 3252 790 statim
3279 738 3389 798 bte-

1803 822 1993 878 reticis
2012 822 2352 879 occasionem
2381 823 2652 888 dabimus,
2685 825 2731 879 si
2759 825 2872 880 h:ec
2902 827 2970 880 de
2991 828 3389 883 resurrectione

1803 913 2077 968 communi
2129 913 2350 985 intelligi
2387 915 2731 986 denegemus.
2777 914 3061 985 Nunquam
3098 926 3390 986 poneretur

1803 1001 2096 1059 similitudo
2129 991 2542 1060 resurrectionis
2564 1006 2631 1059 ad
2671 1006 3064 1062 restitutionem
3108 1006 3389 1063 Israelitici

1801 1093 1984 1164 populi
2015 1094 2441 1166 signiﬁcandam,
2486 1097 2588 1153 nisi
2628 1106 2796 1152 staret
2822 1097 2937 1166 ipsa
2968 1098 3295 1152 resurrectio
3333 1106 3389 1152 et

1802 1181 1980 1237 futura
2027 1185 2372 1238 crederetur:
2404 1186 2529 1255 quia
2557 1200 2716 1241 nemo
2746 1188 2812 1241 de
2852 1186 3012 1241 rebus
3045 1187 3389 1242 exstantibus

1803 1272 2007 1329 incerta
2063 1274 2382 1340 conﬁrmat;
2422 1286 2640 1347 totaque
2664 1288 2850 1333 nostra
2883 1277 2970 1332 illo
3000 1278 3170 1333 tendit
3210 1293 3387 1333 asser-

1802 1363 1897 1429 tio,
1925 1365 2065 1433 quod
2090 1366 2358 1435 quomodo
2387 1367 2602 1422 videtur
2628 1367 2960 1422 incredulum
2990 1369 3132 1437 quod
3172 1369 3387 1424 ossibus

1800 1455 1967 1509 aridis
1989 1463 2045 1510 et
2074 1455 2240 1510 multa
2267 1465 2535 1513 vetustate
2559 1458 2822 1514 confectis
2860 1458 3037 1513 futura
3061 1460 3386 1516 resurrectio

1799 1546 2165 1615 promittatur,
2187 1555 2241 1601 et
2266 1555 2445 1603 tamen
2470 1549 2708 1603 futurum
2738 1557 2822 1604 est
2840 1549 2982 1618 quod
3004 1550 3341 1619 promittitur
3366 1566 3381 1604 :

1801 1637 1880 1693 sic
1893 1647 1948 1693 et
1962 1640 2290 1696 resurrectio
2304 1640 2485 1711 populi
2509 1641 2695 1707 Israel,
2711 1641 2802 1711 qui
2820 1641 3013 1697 ductus
3033 1650 3117 1697 est
3132 1641 3186 1696 in
3211 1657 3271 1697 ca
3279 1642 3383 1713 pti-

1801 1729 2022 1784 vitatem
2034 1737 2088 1784 et
2104 1730 2155 1784 in
2174 1738 2285 1785 toto
2299 1733 2430 1787 orbe
2442 1732 2739 1803 dispersus,
2758 1734 2969 1789 videtur
2981 1734 3197 1805 quidem
3214 1734 3389 1791 incre-

115 1827 351 1887 egerunt
372 1821 426 1875 in
454 1823 900 1878 resurrectionem
926 1824 1068 1879 vim,
1098 1845 1117 1878 ι
1152 1826 1222 1881 Et
1262 1801 1504 1885 iterum}
1542 1848 1561 1879 (
1598 1827 1700 1894 Qui
1730 1801 1776 1861 Β
1803 1818 1982 1877 dibilis
2012 1821 2096 1876 his
2116 1822 2204 1892 qui
2232 1823 2330 1877 Dei
2359 1838 2467 1879 non
2500 1801 2699 1879 norunt
2720 1801 3052 1895 potentiam;
3083 1827 3177 1881 sed
3207 1834 3389 1882 tamen

116 1909 393 1966 audierint
416 1911 618 1967 vivent.
657 1932 677 1964 ι
701 1913 770 1968 Ει
803 1914 849 1969 si
890 1922 951 1970 ut
986 1917 1227 1971 nonnulli
1265 1918 1599 1974 arbitrantur
1637 1919 1703 1974 de

115 2000 359 2071 generali
393 2003 791 2059 resurrectione
828 2005 959 2060 dicit
988 1998 1171 2062 sermo
1189 2007 1422 2073 divinus,
1445 2008 1574 2077 quid
1600 2023 1702 2064 ne-

116 2105 275 2146 cesse
299 2090 398 2146 fuit
418 2094 725 2163 specialiter
746 2096 887 2152 dici:
924 2118 942 2150 ι
971 2098 1040 2154 Et
1069 2100 1315 2155 inducam
1353 2116 1450 2156 vos
1497 2101 1551 2155 in
1592 2110 1701 2156 ter-

115 2196 240 2241 ram
267 2182 467 2239 Israel?
505 2203 525 2237 ι
551 2201 674 2242 cum
700 2187 753 2243 in
781 2190 926 2244 omni
958 2189 1089 2246 orbe
1120 2201 1383 2247 terrarum
1419 2208 1703 2265 resurgere

100 2271 352 2328 debeant
388 2277 608 2344 mortui,
635 2293 703 2333 ex
733 2280 818 2333 his
856 2280 987 2335 locis
1023 2281 1075 2335 in
1111 2281 1306 2351 quibus
1331 2282 1523 2354 sepulti
1552 2292 1698 2338 sunt.

114 2358 363 2432 Cumque
385 2364 499 2418 ait:
538 2383 557 2416 ‹
590 2366 840 2423 Eduxero
874 2384 971 2424 vos
1014 2369 1080 2425 de
1126 2372 1345 2426 tumulis
1389 2374 1606 2439 vestris,
1649 2383 1704 2430 et

115 2450 320 2507 dedero
362 2451 609 2522 spiritum
658 2464 836 2513 meum
882 2456 937 2510 in
979 2457 1130 2512 vobis
1167 2466 1224 2514 et
1266 2459 1531 2527 vixeritis,
1575 2470 1704 2518 tunc

114 2542 459 2612 requiescere
486 2559 584 2600 vos
610 2544 802 2600 faciam
846 2563 1008 2619 super
1036 2550 1262 2604 humum
1288 2561 1544 2619 vestram,
1586 2573 1604 2605 ι
1644 2561 1704 2608 ut

112 2640 405 2703 postquam
447 2634 826 2706 requieveritis
859 2638 911 2692 in
953 2647 1096 2695 terra
1123 2640 1307 2707 Israel,
1345 2649 1473 2698 tunc
1500 2660 1701 2716 cogno-

112 2726 284 2789 scalis
332 2727 475 2797 quod
523 2729 637 2799 Ipse
674 2729 777 2788 sim
825 2730 1111 2797 Dominus,
1140 2733 1230 2804 qui
1270 2735 1536 2803 promissa
1583 2749 1702 2792 mea

110 2830 281 2885 opere
310 2817 714 2886 compleverim.
758 2820 859 2887 Qui
898 2836 1027 2893 ergo
1068 2822 1134 2878 de
1175 2825 1409 2896 generali
1461 2842 1704 2884 resurre-

112 2907 297 2963 ctione
317 2908 433 2963 bzec
451 2906 595 2965 dicta
623 2910 948 2982 intelligunt,
973 2912 1101 2969 illud
1122 2915 1264 2984 quod
1290 2916 1503 2972 videtur
1524 2917 1705 2976 facere

110 2998 470 3067 quaestionem
494 3018 508 3054 :
539 3021 558 3052 ι
581 3000 716 3059 Ossa
735 3004 850 3061 haec
872 3004 1123 3061 universa
1151 3005 1343 3062 domus
1362 3007 1526 3063 Israel
1550 3020 1697 3076 θείς»

111 3090 183 3145 ad
215 3100 526 3147 sanctorum
571 3095 1024 3150 resurrectionem
1072 3096 1332 3164 referunt,
1379 3100 1446 3155 de
1491 3117 1599 3172 qua
1647 3110 1703 3159 et

110 3179 393 3250 apostolus
418 3180 653 3238 Joannes
692 3183 747 3237 in
782 3184 1105 3265 Apocalypsi
1138 3187 1415 3257 loquitur:
1454 3209 1473 3242 ‹
1504 3190 1702 3247 Beatus

109 3281 166 3327 et
187 3279 411 3328 sanctus
433 3272 524 3345 qui
553 3273 717 3329 habet
741 3284 952 3345 partem
994 3277 1047 3330 in
1075 3279 1473 3335 resurrectione
1502 3281 1696 3351 prima,

110 3376 280 3434 super
293 3377 415 3420 eum
434 3364 670 3420 secunda
692 3381 839 3422 mors
858 3381 965 3422 non
988 3367 1153 3428 habet
1168 3376 1489 3439 potestatem
1512 3370 1697 3442 (Apoc.

108 3454 234 3526 xx),
272 3473 292 3507 ι
327 3454 469 3525 quod
504 3455 751 3515 videlicet
776 3456 878 3512 alia
930 3467 1263 3527 sanctorum,
1299 3462 1404 3519 alia
1450 3470 1702 3533 peccato-

108 3560 235 3602 rum
258 3545 328 3600 sit
343 3547 683 3602 resurrectio.
710 3546 863 3605 Unde
882 3556 936 3603 et
956 3548 1009 3602 in
1029 3549 1268 3623 psalmot
1285 3552 1514 3607 dicitur:
1542 3571 1561 3604 ‹
1583 3552 1700 3609 Νοη

112 3643 408 3705 resurgunt
442 3634 590 3706 impii
620 3634 675 3690 in
693 3633 918 3703 judicio,
948 3653 1122 3708 neque
1146 3648 1460 3709 peccatores
1495 3641 1547 3695 in
1572 3657 1704 3697 con-

110 3723 242 3781 cilio
266 3722 559 3792 justorum.
600 3744 619 3777 ι
648 3725 871 3781 Terram
898 3736 1079 3786 autem
1113 3728 1301 3796 lsrael,
1331 3746 1494 3801 quam
1529 3746 1703 3793 resur‘

112 3816 365 3886 gentibus
396 3816 656 3872 Dominus
686 3817 992 3886 pollicetur,
1031 3819 1179 3874 illam
1220 3804 1703 3877 esse'couﬁrmant

112 3911 185 3966 de
215 3925 320 3980 qua
356 3909 619 3978 scriptum
666 3918 751 3964 est
776 3926 789 3961 :
819 3926 838 3959 ‹
874 3908 1024 3964 Beati
1063 3910 1240 3977 mites,
1294 3913 1548 3983 quoniam
1601 3913 1702 3983 ipsi

110 4001 467 4072 possidebunt
505 4008 707 4054 terram
750 3998 966 4072 (Matth.
1009 4002 1061 4072 v)
1096 4019 1111 4068 ;
1146 4010 1202 4057 et
1232 4020 1244 4059 :
1282 4021 1301 4054 ι
1335 4002 1565 4059 Placebo
1605 4005 1704 4059 Do—

114 4090 269 4151 mino
299 4090 353 4145 in
378 4089 594 4159 regione
616 4089 909 4144 viventium
933 4089 1106 4159 (Psal.
1130 4091 1299 4163 cxtv).
1332 4090 1458 4147 Hatc
1483 4092 1704 4162 loquun-

113 4191 212 4237 tur
258 4179 350 4248 qui
406 4178 476 4234 de
535 4179 771 4250 generali
801 4220 816 4246 ,
867 4189 928 4235 ut
975 4180 1209 4238 diximus
1237 4222 1253 4248 ,
1305 4183 1704 4240 resurrectione

114 4270 459 4331 Ezechielem
513 4271 796 4343 scripsisse
842 4281 1148 4330 autumant.
1188 4273 1288 4343 Qui
1325 4284 1505 4332 autem
1547 4277 1705 4334 aliter

113 4366 545 4434 interpretantur
594 4364 695 4418 ista
746 4380 852 4420 non
906 4365 1102 4421 debent
1147 4366 1304 4421 nobis
1342 4366 1521 4423 facere
1561 4368 1701 4423 invi-

1729 3143 1774 3205 C

1802 1910 1986 1966 futura
2011 1920 2114 1977 est,
2150 1913 2276 1982 quia
2301 1928 2423 1985 ego,
2472 1915 2647 1985 inquit
2685 1916 2965 1982 Dominus,
2993 1916 3205 1972 locutus
3242 1931 3386 1983 sum,

1802 2011 1857 2058 et
1888 2002 2078 2057 faciam
2111 2004 2251 2059 sicut
2293 2005 2564 2074 pollicitus
2599 2022 2736 2061 sum.
2767 2007 3005 2076 Denique
3029 2016 3085 2061 et
3129 2005 3390 2063 anteriori

1782 2094 2114 2163 prophetia,
2184 2094 2238 2147 in
2297 2110 2403 2164 qua
2462 2096 2734 2150 montibus
2780 2095 2945 2150 Israel
2996 2097 3249 2164 antiquus
3296 2111 3388 2149 re-

1800 2183 2133 2252 promittitur
2180 2191 2373 2241 status.
2421 2185 2490 2240 Et
2538 2186 2669 2240 dicit
2718 2186 2786 2241 ad
2817 2200 2911 2241 eos
2941 2186 3234 2241 Dominus:
3269 2204 3288 2236 (
3322 2185 3390 2241 Et

1803 2281 2089 2329 convertar
2120 2274 2186 2329 ad
2213 2289 2330 2341 vos,
2358 2284 2412 2330 et
2432 2276 2739 2343 arabimini,
2764 2285 2820 2332 et
2847 2277 3125 2347 accipietis
3170 2290 3389 2332 semen-

1801 2370 1931 2428 tem,
1986 2371 2043 2418 et
2080 2364 2425 2435 muliplicabo
2468 2366 2528 2425 in
2570 2368 2722 2422 vobis
2761 2368 3025 2428 homines,
3066 2379 3389 2435 omnemque

1802 2455 2019 2512 domum
2046 2453 2234 2509 Israel.
2265 2474 2283 2505 ι
2320 2454 2387 2509 Et
2419 2472 2636 2511 rursum
2664 2457 2806 2526 quod
2833 2457 3023 2512 domus
3051 2455 3215 2511 Israel
3241 2453 3389 2510 habi-

1803 2558 1923 2603 tura
1953 2547 2024 2603 sit
2056 2546 2110 2602 in
2143 2555 2285 2602 terra
2309 2563 2428 2612 sua,
2459 2563 2578 2617 quae
2619 2548 2892 2617 quondam
2934 2545 3158 2610 inculta,
3200 2552 3387 2615 postea

1801 2640 1983 2696 futura
2010 2643 2081 2697 sit
2101 2643 2254 2712 quasi
2284 2643 2475 2697 hortus
2488 2641 2869 2712 voluptatis,et
2888 2640 3135 2695 civitates
3160 2638 3388 2692 desertae

1803 2739 1858 2787 et
1896 2732 2165 2787 destituta:
2211 2732 2547 2796 muniantur,
2585 2740 2641 2786 et
2665 2729 3052 2800 multiplicetur
3086 2728 3143 2781 in
3176 2726 3256 2781 eis
3288 2726 3386 2780 do-

1802 2837 1923 2877 mus
1952 2822 2112 2876 Israel
2145 2823 2286 2878 sicut
2309 2837 2441 2891 grex
2465 2821 2671 2886 ovium,
2700 2827 2755 2875 et
2782 2828 2980 2874 uetera
3009 2832 3129 2887 qua:
3157 2831 3388 2886 sequun-

1804 2919 1893 2966 tur
1936 2912 2002 2966 ad
2042 2912 2294 2966 eumdem
2344 2927 2562 2966 sensum
2601 2910 2875 2979 pertinere
2909 2923 2924 2962 :
2957 2908 3047 2977 qui
3096 2922 3239 2961 nunc
3285 2904 3389 2959 sub

1804 3002 2099 3073 tropologia
2137 3010 2194 3057 et
2219 3001 2473 3071 parabola
2511 3001 2712 3056 dicitur
2753 2998 3027 3053 aridorum
3074 2996 3297 3059 ossium,
3334 3001 3391 3049 et

1804 3093 2021 3163 penitus
2047 3092 2251 3161 nullum
2298 3093 2577 3147 humorem
2615 3090 2740 3145 vita:
2766 3089 3079 3144 habentium
3112 3101 3126 3139 :
3169 3083 3388 3153 impleto

1805 3184 1899 3238 illo
1927 3183 2070 3253 quod
2111 3182 2165 3237 in
2203 3182 2494 3252 Evangelio
2532 3180 2793 3250 scriptum
2838 3185 2924 3233 est
2962 3193 2975 3226 :
3015 3194 3034 3227 ι
3069 3176 3199 3243 Quae
3246 3173 3388 3244 apud

1803 3277 2052 3333 homines
2082 3275 2433 3346 impossibilia
2467 3275 2737 3338 videntur,
2775 3270 2917 3340 apud
2952 3270 3119 3323 Deum
3150 3263 3384 3336 possibi-

1800 3367 1873 3421 lia
1903 3375 2030 3423 sunt
2048 3365 2200 3438 (Luc.
2225 3365 2404 3438 xvtu).
2437 3386 2456 3418 ι
2486 3363 2656 3434 Ejecti
2682 3370 2808 3418 sunt
2832 3370 3012 3415 autem
3035 3358 3101 3413 de
3126 3353 3390 3425 sepulcris

1801 3460 1936 3525 suis,
1962 3460 2028 3513 de
2052 3458 2315 3528 sepulcris
2339 3455 2683 3527 captivitatis,
2715 3461 2772 3509 et
2800 3451 3028 3507 vinculis
3051 3449 3247 3519 quibus
3266 3457 3388 3503 ser-

1800 3550 1972 3605 vitute
2000 3548 2290 3619 Babylonia
2315 3549 2631 3602 tenebantur
2664 3543 2891 3599 astricti.
2924 3542 3031 3597 Sed
3064 3542 3180 3596 haec
3199 3535 3384 3594 omnia

1801 3638 1973 3695 Judzci
1996 3640 2081 3695 vel
2107 3641 2207 3695 sub
2235 3638 2554 3703 Zorobabcl,
2584 3646 2645 3692 ut
2676 3636 2828 3706 prius
2855 3635 2987 3699 dixi,
3015 3632 3230 3702 expleta
3254 3646 3385 3686 con-

1801 3730 2044 3796 ﬁrmant,
2090 3731 2305 3800 quando
2335 3729 2477 3785 facta
2512 3736 2597 3784 est
2639 3741 2833 3798 magna
2861 3725 3177 3787 commotio,
3208 3730 3264 3781 et
3298 3737 3389 3779 re—

1802 3838 1967 3894 gnum
1993 3822 2365 3887 Chaldzeorum
2398 3823 2452 3876 in
2483 3821 2666 3876 Medos
2704 3820 3005 3888 Persasque
3038 3817 3386 3900 translatum,

1803 3913 1886 3968 vel
1908 3915 1961 3968 in
1986 3914 2273 3984 praesentia
2294 3911 2496 3967 Christi
2525 3910 2608 3967 sui
2640 3923 2800 3979 quem
2824 3916 3017 3978 putant
3042 3922 3164 3962 esse
3186 3914 3381 3963 ventus

1804 4020 1943 4059 rum.
1996 4003 2106 4059 Nos
2152 4010 2335 4057 autem
2380 4001 2695 4071 spiritaliter
2738 4008 2859 4058 post
2904 4012 3120 4053 crucem
3169 3995 3390 4065 Domini

1805 4094 2104 4152 Salvatoris
2142 4094 2407 4164 completa
2455 4107 2840 4157 memoramus,
2883 4098 2937 4147 et
2984 4089 3220 4159 quotidie
3264 4088 3391 4153 ﬁeri;

1805 4184 1859 4241 in
1907 4187 1993 4241 his
2030 4184 2116 4241 vel
2169 4185 2401 4240 maxime
2440 4184 2534 4254 qui
2585 4183 2758 4238 instar
2797 4181 2986 4239 Lazari
3033 4187 3384 4250 peccatorum

1805 4295 2024 4337 suorum
2061 4278 2244 4334 fasciis
2281 4277 2516 4349 colligati
2555 4276 2620 4332 ad
2660 4290 2845 4331 vocem
2875 4273 3086 4330 Domini
3119 4271 3393 4327 suscitans

1806 4378 1917 4435 tur,
1948 4378 2005 4424 et
2039 4384 2173 4425 vere
2219 4378 2344 4423 sunt
2389 4368 2582 4422 domus
2616 4365 2804 4431 Israel,
2840 4378 2999 4419 arens
3030 4363 3300 4434 quondam
3335 4370 3393 4420 et

114 4454 294 4519 diam,
349 4454 491 4524 quod
537 4453 699 4509 istum
750 4454 924 4510 locum
958 4455 1117 4511 aliter
1154 4467 1483 4529 exponentes
1518 4474 1702 4515 resur—
1728 4510 1780 4533 ἢ
1806 4462 2007 4517 nullam
2042 4474 2192 4533 spem
2223 4460 2430 4518 habens
2454 4459 2666 4524 salutis,
2700 4458 2796 4513 sed
2825 4456 3065 4516 intrante
3092 4454 3146 4508 in
3187 4468 3246 4513 se
3282 4453 3395 4522 spiq

112 4543 413 4601 rectionem
461 4559 661 4615 negare
701 4544 1001 4602 videamur.
1064 4546 1278 4604 Scimus
1329 4550 1475 4605 enim
1532 4549 1701 4607 multo

1728 4510 1781 4571 D

1805 4554 1913 4611 ritu
1937 4553 2144 4625 gratite,
2173 4558 2226 4606 et
2262 4551 2573 4623 porrigente
2600 4547 2831 4603 Domino
2877 4561 3119 4610 manum,
3166 4543 3234 4599 de
3269 4558 3392 4613 pro-

114 4635 428 4692 rubustiora
457 4636 803 4702 testimonia,
834 4644 889 4691 et
930 4638 986 4692 in
1024 4639 1220 4707 quibus
1258 4640 1406 4697 nulla
1447 4640 1518 4697 sit
1547 4641 1702 4697 dubi-
1802 4645 1970 4701 fundo
2017 4641 2215 4699 inferni
2268 4641 2612 4699 liberentur:
2656 4646 2713 4693 et
2753 4637 2846 4707 qui
2903 4637 3054 4705 prius
3101 4635 3388 4689 dixerant:

114 4732 255 4790 tatio
283 4732 339 4788 in
369 4732 666 4803 Scripturis
702 4733 906 4790 sanctis
932 4735 1176 4805 reperiri,
1204 4745 1263 4791 ut
1285 4746 1369 4792 est
1405 4737 1533 4793 illud
1557 4737 1698 4793 Job:

1801 4735 2029 4791 Domine
2052 4733 2215 4797 Deus,
2247 4740 2305 4789 tu
2334 4731 2498 4794 nosti,
2529 4730 2645 4783 haec
2667 4735 2853 4798 postea
2882 4726 3105 4788 audiant
3130 4724 3394 4792 liberati:

121 4843 141 4879 ι
192 4823 497 4882 Suscitabis
537 4828 731 4898 pellem
784 4842 961 4884 meam
1008 4827 1151 4901 (Job.
1194 4831 1346 4899 xix),
1383 4849 1402 4882 ι
1444 4844 1563 4898 quae
1597 4830 1701 4883 ista
1803 4827 2026 4884 Modica:
2050 4825 2194 4892 fidei,
2225 4839 2392 4894 quare
2412 4820 2711 4878 dubitasti?

116 4918 389 4984 sustinet;
444 4925 498 4975 et
547 4919 602 4973 in
640 4918 829 4974 Daniel
881 4934 897 4973 :
944 4938 964 4973 ι
1000 4918 1149 4979 Multi
1193 4919 1287 4989 qui
1332 4918 1607 4979 dormiunt
1646 4919 1703 4978 in

117 5022 283 5068 terrae
302 5011 553 5082 pulvere,
598 5019 903 5082 resurgent,
933 5011 1021 5066 isti
1062 5012 1115 5066 in
1138 5012 1305 5067 vitam
1339 5020 1620 5077 mternam,
1651 5018 1707 5067 et

118 5101 215 5163 isti
256 5102 311 5157 in
354 5098 698 5171 opprobrium
724 5107 780 5155 et
819 5099 1189 5157 confusionem
1236 5108 1494 5156 aeternam
1540 5098 1702 5172 (Dan.

122 5194 247 5267 xu).
285 5214 305 5247 ι
337 5192 405 5247 Ει
434 5193 488 5247 in
511 5191 833 5263 Evangelia:
868 5209 887 5242 ι
923 5190 1099 5246 Nolite
1129 5191 1321 5250 timere
1345 5206 1441 5246 eos
1470 5189 1562 5262 qui
1587 5205 1709 5245 cor-

122 5302 228 5357 pus
254 5284 604 5348 interﬁciunt,
640 5291 696 5339 et
732 5283 967 5338 animam
1008 5298 1113 5338 non
1162 5289 1387 5352 possunt
1428 5282 1704 5337 occidere:

126 5380 317 5434 timete
363 5386 544 5432 autem
574 5391 696 5432 eum
741 5375 913 5446 magis
945 5376 1037 5446 qui
1064 5383 1241 5446 potest
1285 5383 1342 5429 et
1385 5374 1619 5429 animam
1653 5383 1710 5430 et

127 5481 327 5535 corpus
345 5465 569 5537 perdere
591 5464 644 5518 in
664 5463 964 5535 gehennam
988 5463 1137 5537 (Luc.
1164 5465 1284 5538 xu).
1306 5465 1373 5519 Et
1392 5464 1446 5519 in
1466 5462 1708 5535 apostolo

127 5554 333 5613 Paulo:
369 5576 388 5608 ι
421 5556 522 5624 Qui
550 5554 844 5611 viviﬁcabit
883 5563 937 5610 et
984 5555 1230 5610 mortalia
1259 5564 1439 5611 vestra
1482 5570 1711 5625 corpora

128 5657 353 5729 propter
380 5648 769 5704 mhabitaritem
807 5645 1057 5717 spiritum
1097 5643 1216 5713 ejus
1260 5644 1313 5699 in
1355 5646 1508 5702 vobis
1530 5645 1716 5717 (Rom.

132 5735 282 5815 uti),
315 5758 336 5796 ι
365 5738 641 5809 ειηιιηιιιειη
664 5737 799 5808 alia;
844 5751 908 5794 ex
948 5750 1057 5817 quo
1095 5736 1439 5815 perspicuum
1474 5745 1575 5805 est,
1604 5750 1710 5792 non

1881 4937 1899 4970 ι
1937 4917 2004 4975 Ει
2028 4916 2203 4976 factus
2224 4922 2308 4970 est
2327 4927 2505 4970 sermo
2531 4911 2745 4971 Domini
2765 4911 2832 4967 ad
2856 4925 2944 4966 me
2964 4911 3149 4965 dicens
3174 4927 3186 4962 :
3211 4908 3279 4962 Et
3308 4917 3388 4975 tu,

1812 5031 1832 5065 ι
1873 5011 1949 5066 ﬁli
1977 5008 2231 5073 hominis,
2256 5020 2408 5063 sume
2436 5006 2530 5062 tibi
2558 5005 2758 5077 lignum
2791 5018 2979 5068 unum,
3006 5010 3062 5057 et
3090 5000 3265 5056 scribe
3296 5016 3391 5055 θυι

1814 5120 1834 5155 ι
1876 5115 1975 5171 per
2002 5098 2131 5154 illud
2144 5096 2315 5162 Iudae,
2336 5103 2392 5150 et
2413 5094 2644 5150 ﬁliorum
2669 5092 2836 5149 Israel
2861 5091 3131 5151 sociorum
3157 5089 3306 5165 ejus;
3335 5085 3393 5152 et

1788 5167 1834 5246 ἰ
1878 5167 2008 5247 tolle
2033 5190 2237 5260 lignum
2275 5186 2531 5252 alterum,
2561 5192 2616 5242 et
2643 5184 2822 5241 scribe
2852 5197 3012 5253 super
3039 5181 3167 5237 illud
3190 5181 3391 5251 Ioseph

1813 5302 1833 5335 ι
1876 5283 2078 5353 lignum
2124 5279 2399 5350 Ephraim,
2428 5285 2483 5332 et
2529 5284 2738 5332 cuncta:
2787 5274 2968 5330 domui
3005 5273 3169 5336 Israel
3216 5273 3393 5328 socio-

1816 5374 1851 5424 c‘
1879 5383 2107 5440 rumque
2127 5368 2262 5439 ejus.
2291 5367 2359 5422 Et
2387 5365 2616 5437 adiunge
2637 5364 2726 5420 illa
2752 5379 2918 5423 unum
2947 5363 3015 5419 ad
3039 5363 3264 5419 alterum
3293 5361 3391 5426 tibi

1816 5480 1836 5514 ι
1878 5462 1933 5516 in
1962 5459 2167 5531 lignum
2187 5472 2377 5522 unum,
2397 5465 2454 5511 et
2473 5463 2636 5511 erunt
2653 5455 2709 5512 in
2733 5455 2986 5511 unionem
3009 5455 3064 5510 in
3089 5469 3251 5509 manu
3276 5461 3393 5509 tua.

1819 5570 1837 5603 ι
1878 5550 2013 5607 Cum
2028 5557 2206 5604 autem
2229 5547 2465 5603 dixerint
2484 5546 2551 5600 ad
2576 5555 2628 5601 te
2650 5545 2745 5600 ﬁlii
2770 5545 2953 5615 populi
2972 5545 3051 5600 tui
3071 5543 3390 5614 loquentes:

1820 5660 1839 5693 ι
1884 5639 2072 5694 Nonne
2095 5637 2304 5692 iudicas
2330 5634 2487 5691 nobis
2505 5633 2632 5705 quid
2659 5634 2713 5690 in
2734 5634 2819 5689 his
2842 5634 2937 5690 tibi
2966 5632 3136 5688 velis?
3154 5626 3396 5700 loqueris

1820 5751 1842 5795 ς
1887 5732 1955 5788 ad
1979 5746 2074 5791 eos
2100 5748 2113 5786 :
2136 5728 2262 5789 Ilaec
2284 5728 2414 5786 dicit
2443 5727 2704 5793 Dominus
2733 5727 2901 5797 Deus,
2932 5728 3074 5793 Ecce
3101 5739 3204 5799 ego
3226 5733 3386 5782 assa-
