3916 6356
513 329 623 387 863

1173 330 1235 385 Β.
1278 328 1535 389 RABANI
1562 328 1792 386 MAURI
1827 328 2152 391 ARCIIIEP.
2193 329 2505 393 MOGUNT.
2541 332 2830 392 OPERUII
2866 335 3047 391 PARS
3082 335 3150 392 Il.

519 464 541 500 ι
579 459 724 502 mam
752 442 956 515 lignum
985 440 1180 513 Ioseph
1208 442 1350 514 quod
1375 442 1538 501 estin
1569 457 1730 498 manu
1755 442 2013 513 Ephraim
2041 449 2096 497 et
2121 446 2174 507 Α
2199 441 2266 498 de
2308 440 2488 498 medio
2530 443 2813 500 nationum
2858 446 2926 501 ad
2965 462 3101 516 quas
3137 447 3341 519 captivi
3369 448 3535 506 duett
3568 458 3716 514 sunt.
3744 462 3790 509 et

518 554 540 590 ι
583 535 755 593 tribus
794 534 980 600 Israel,
1005 550 1126 605 qua:
1148 533 1352 603 junctae
1378 541 1505 590 sunt
1537 535 1610 599 ei,
1634 542 1687 589 et
1715 534 1856 589 dabo
1884 549 1980 590 eas
2005 548 2101 605 pa-

518 646 539 682 r
584 628 717 682 riter
734 641 859 683 cum
880 626 1022 697 ligno
1038 624 1199 691 Iuda,
1212 634 1267 682 et
1286 626 1480 681 faciam
1493 641 1590 682 eas
1608 626 1663 681 in
1683 626 1885 697 lignum
1909 641 2099 693 unum,

520 734 540 769 α
579 727 637 773 et
661 726 826 773 erunt
858 732 1026 772 unum
1056 718 1111 772 in
1138 732 1299 772 manu
1327 717 1465 788 ejus.
1510 717 1684 772 Erunt
1726 724 1908 772 autem
1955 717 2100 788 ligna

519 825 540 859 ι
582 822 744 876 super
767 823 889 878 qua:
916 808 1203 878 scripseris
1228 808 1280 862 in
1312 823 1473 863 manu
1497 814 1587 862 tua
1614 808 1671 862 in
1693 808 1865 863 oculis
1884 821 2097 873 eorum,

519 914 540 949 ι
583 906 638 951 et
667 896 815 952 dices
849 897 917 952 ad
944 912 1059 952 eos.
1105 897 1231 951 Huic
1274 896 1409 951 dicit
1451 896 1712 951 Dominus
1751 896 1895 952 Deus
1922 915 1935 949 :
1959 896 2103 952 Ecce

518 1004 539 1040 ι
584 1002 685 1058 ego
729 1002 1003 1044 assumam
1049 986 1187 1042 ﬁlios
1227 986 1389 1042 Israel
1419 988 1486 1042 de
1516 986 1694 1042 medio
1722 987 2001 1041 nationum
2031 987 2100 1042 ad

520 1098 539 1133 ι
583 1096 720 1150 quas
762 1081 1032 1144 abierunt,
1068 1088 1123 1135 et
1151 1080 1490 1151 eongregabo
1513 1095 1610 1135 eos
1639 1079 1900 1147 undique,
1922 1088 1976 1134 et
2007 1080 2102 1133 ad-

466 1182 471 1185 ‘
519 1190 538 1224 t
584 1171 778 1226 ducam
799 1186 894 1227 eos
919 1170 985 1225 ad
1012 1156 1234 1225 huiumn
1254 1187 1427 1226 suam.
1460 1170 1528 1226 Et
1555 1171 1750 1226 faciam
1771 1186 1865 1225 eos
1886 1180 2100 1241 gentem

518 1279 538 1314 ι
583 1277 745 1316 unam
773 1262 828 1316 in
856 1270 999 1317 terra
1028 1261 1082 1315 in
1114 1260 1387 1317 montibus
1411 1261 1597 1326 Israel,
1624 1271 1678 1316 et
1708 1277 1801 1316 rex
1828 1277 1969 1316 unus
1998 1261 2103 1316 erit

520 1369 542 1404 ι
587 1351 1157 1423 omnibusimperans;
1188 1362 1243 1407 et
1269 1369 1376 1407 non
1402 1361 1564 1407 erunt
1586 1352 1723 1407 ultra
1747 1352 1866 1407 duae
1892 1360 2098 1423 gentes,

449 1478 455 1483 -
522 1461 544 1497 ι
590 1460 691 1500 nec
731 1444 1037 1499 dividentur
1072 1444 1301 1514 amplius
1328 1445 1382 1498 in
1410 1444 1518 1500 duo
1546 1460 1732 1515 regna.
1772 1443 1960 1513 Neque
1988 1441 2104 1513 pol-

521 1554 542 1588 r
584 1535 799 1591 Iuentur
820 1537 960 1591 ultra
993 1536 1047 1592 in
1080 1536 1237 1592 idolis
1265 1538 1401 1603 suis,
1425 1544 1479 1592 et
1506 1536 2023 1602 abominatiouibus,
2047 1545 2105 1592 et

523 1643 545 1678 ι
585 1627 793 1682 cunctis
820 1626 1198 1697 iniquitatibus
1231 1629 1345 1683 suis
1362 1669 1376 1692 ,
1403 1636 1459 1683 et
1485 1627 1664 1683 salvos
1688 1642 1784 1682 eos
1807 1625 2008 1682 faciam
2036 1627 2103 1684 de

521 1735 542 1772 ι
584 1718 852 1774 universis
874 1718 1093 1775 sedibus
1119 1720 1173 1775 in
1208 1720 1404 1789 quibus
1429 1727 1813 1789 peccaverunt,
1833 1727 1889 1775 et
1913 1735 2102 1774 emun-

2201 533 2552 590 reducturum
2595 550 2693 592 eos
2728 536 2785 592 in
2832 545 3055 605 terram,
3085 549 3143 595 et
3184 540 3241 595 in
3278 550 3511 599 montes
3552 541 3789 603 lsraelh

2200 623 2397 693 quibus
2425 640 2586 694 supra
2606 625 2862 697 legimus,
2883 637 2940 683 et
2957 629 3337 699 appellandam
3360 646 3545 686 unam
3574 642 3787 702 με,

2201 713 2469 783 uniusque
2491 714 2634 785 regis
2655 716 2948 787 regendam
2971 718 3218 787 imperio,
3249 736 3269 769 ‹
3299 728 3364 774 ut
3390 719 3551 774 ultra
3572 737 3682 775 non
3703 723 3785 790 pd.

2199 801 2420 857 Iuantur
2444 803 2498 857 in
2524 802 2683 859 idolis
2712 813 2769 860 et
2794 804 3293 863 abominationibus
3324 808 3476 872 suis,
3506 827 3532 858 ς
3565 809 3663 865 sed
3687 826 3785 866 cu

2199 892 2403 948 fuerint
2428 894 2494 950 de
2517 895 2848 965 captivitatis
2869 898 3086 954 sedibus
3109 900 3351 967 liberati,
3376 902 3434 956 in
3460 902 3671 972 quibus
3691 921 3788 974 pec-

2200 992 2481 1048 caverunt,
2507 986 2762 1042 omnibus
2784 987 2932 1043 vitiis
2960 1004 3080 1045 esse
3112 992 3499 1057 mundandos,
3526 1002 3589 1048 et
3610 993 3785 1050 fama

2200 1075 2454 1146 populum
2486 1077 2602 1141 Dei,
2630 1077 2702 1131 ita
2743 1084 2803 1131 ut
2844 1077 3104 1135 Dominus
3139 1081 3211 1136 sit
3250 1081 3406 1137 Deus
3441 1098 3667 1137 eorum.
3698 1104 3715 1136 ι
3740 1086 3786 1140 Et

2201 1179 2408 1229 servus,
2439 1166 2630 1236 inquit,
2663 1182 2815 1222 meus
2853 1170 3023 1224 David
3054 1186 3168 1233 rex,
3197 1187 3374 1242 super
3407 1188 3542 1238 eos,
3564 1194 3587 1225 ι
3613 1175 3678 1230 de
3706 1191 3785 1245 φο

2201 1264 2256 1311 et
2283 1255 2505 1326 angelus
2533 1256 2772 1325 loquitur
2809 1260 2863 1315 in
2902 1260 3192 1331 Evangelia
3228 1262 3394 1333 (Luc.
3427 1262 3476 1336 ι)
3496 1304 3515 1328 ,
3546 1267 3692 1333 quod
3724 1280 3784 1319 re

2202 1355 2468 1418 gnaturus
2491 1348 2565 1403 sit
2592 1365 2757 1420 super
2795 1350 3016 1407 domum
3049 1352 3246 1421 Iacob,
3276 1363 3339 1409 et
3367 1357 3541 1425 regni
3572 1358 3685 1426 ejus
3706 1375 3783 1412 an

2203 1439 2274 1493 sit
2302 1437 2442 1503 ﬁnis,
2474 1446 2747 1510 tantmque
2783 1443 2888 1497 erit
2911 1443 3211 1500 clementiae
3242 1455 3302 1501 ut
3333 1462 3457 1501 non
3494 1446 3674 1502 solum
3696 1444 3795 1505 rea.’

2203 1529 2299 1584 sed
2328 1536 2385 1582 et
2413 1537 2600 1600 pastor
2637 1533 2966 1601 appelletur,
3002 1550 3068 1591 eo
3093 1536 3241 1605 quod
3275 1538 3608 1608 superbum
3634 1556 3785 1596 mea

2206 1619 2416 1691 imperii
2446 1624 2681 1693 pastoris
2708 1626 2970 1683 vocabulo
2995 1629 3227 1701 mitiget,
3245 1631 3346 1699 qui
3380 1645 3685 1702 postquam
3702 1632 3784 1686 in»

2205 1708 2314 1762 rint
2344 1709 2398 1763 in
2429 1719 2644 1781 gentem
2676 1728 2862 1780 unam,
2892 1723 2948 1770 et
2975 1716 3030 1770 in
3062 1725 3207 1772 terra
3233 1718 3422 1774 Israel
3452 1734 3529 1774 ac
3559 1722 3787 1776 mtili-

521 1826 542 1861 ι
584 1808 725 1864 dabo
767 1824 882 1865 eos,
934 1810 1001 1864 Et
1034 1819 1195 1865 erum,
1225 1810 1355 1865 mihi
1399 1810 1663 1881 populus.
1694 1819 1748 1865 et
1778 1824 1879 1881 ego
1902 1824 1999 1865 ero
2025 1810 2106 1865 eis
2131 1805 2179 1865 B
2207 1798 2599 1868 habitaverint,
2626 1803 2953 1860 ambulaturi
2999 1816 3130 1862 sunt
3175 1809 3233 1863 in
3283 1811 3574 1867 omnibus
3616 1812 3790 1882 il“

522 1917 543 1953 ι
587 1899 755 1966 Deus,
778 1908 835 1955 et
860 1915 1051 1956 servus
1078 1916 1231 1957 meus
1261 1901 1429 1956 David
1454 1915 1547 1955 rex
1578 1909 1739 1971 super
1770 1916 1893 1966 eos,
1925 1909 1983 1957 et
2005 1916 2105 1971 pa-

524 2009 544 2045 ι
586 2001 702 2047 stor
740 2007 880 2047 unus
913 1991 1018 2047 erit
1065 1992 1307 2046 omnium
1355 2007 1563 2047 eorum.
1609 1992 1668 2046 In
1704 1990 1925 2060 iudieiis
1970 1992 2107 2047 meis

524 2098 544 2133 ι
592 2080 965 2147 ambulabunt,
988 2089 1044 2137 et
1073 2082 1326 2137 mandata
1354 2097 1473 2138 mea
1500 2082 1808 2138 custodient
1827 2091 1882 2137 et
1907 2081 2107 2138 facient

525 2189 545 2226 ι
586 2186 669 2227 ea.
705 2172 773 2227 Et
815 2173 1137 2229 habitabunt
1166 2189 1330 2243 super
1359 2181 1560 2228 terram
1608 2189 1771 2244 quam
1801 2176 1922 2232 dedi
1950 2190 2107 2233 servo

528 2279 548 2316 ι
594 2277 716 2319 meo
754 2261 923 2319 Iacob
961 2264 1015 2319 in
1055 2280 1160 2334 qua
1201 2264 1583 2321 habitaverunt
1619 2274 1804 2334 patres
1833 2268 2021 2333 vestri,
2051 2276 2108 2324 et

526 2371 546 2405 ι
591 2353 911 2410 habitabunt
951 2371 1115 2425 super
1146 2371 1267 2411 eam
1305 2357 1427 2428 ipsi,
1458 2366 1512 2414 et
1546 2357 1644 2413 ﬁlii
1681 2373 1893 2425 eorum,
1918 2367 1974 2415 et
2008 2359 2107 2415 ﬁlii

523 2460 543 2495 ι
589 2442 822 2499 ﬁliorum
849 2461 1037 2501 eorum
1071 2462 1240 2516 usque
1279 2448 1335 2503 in
1380 2448 1769 2519 sempiternum
1798 2457 1893 2504 :et
1934 2449 2107 2506 David

523 2550 544 2585 ι
585 2549 775 2593 servus
794 2551 947 2595 meus
969 2537 1222 2612 princeps
1241 2553 1433 2596 eorum
1446 2540 1505 2596 in
1526 2548 1865 2613 perpetuum.
1895 2540 1963 2597 Et
1981 2558 2108 2613 per-

523 2646 546 2682 ¢
585 2630 787 2685 entiam
814 2629 916 2685 illis
943 2630 1119 2686 fmdus
1146 2633 1317 2701 pacis,
1343 2641 1557 2703 pactum
1582 2634 1972 2704 sempiternum
2000 2633 2108 2689 erit

526 2736 548 2773 ι
590 2720 648 2774 in
696 2721 776 2776 eis
801 2736 816 2775 :
842 2732 896 2777 et
938 2722 1176 2778 fundabo
1219 2738 1315 2780 eos
1358 2733 1414 2779 et
1462 2725 1853 2795 multiplicabo,
1882 2733 1937 2781 et
1964 2726 2107 2782 dabo

527 2828 548 2864 ι
595 2812 1078 2869 sanetiﬁeationem
1107 2829 1281 2871 meam
1309 2816 1366 2872 in
1398 2817 1575 2872 medio
1601 2831 1791 2873 eorum
1823 2818 1877 2873 in
1908 2833 2104 2889 perpe—

524 2920 545 2957 r
588 2912 759 2958 tuum.
798 2904 866 2959 Et
894 2906 999 2961 erit
1040 2908 1445 2964 tabernaculum
1491 2924 1673 2964 meum
1698 2910 1754 2964 in
1782 2910 1898 2977 eis,
1924 2920 1980 2966 et
2007 2926 2106 2968 ero

523 3012 546 3049 ι
587 2995 667 3051 eis
710 2996 876 3063 Deus,
904 3006 960 3057 et
1008 3000 1107 3069 ipsi
1153 3010 1313 3055 erunt
1351 3000 1484 3055 mihi
1528 3000 1776 3071 populus.
1827 3001 1896 3056 Et
1930 3002 2107 3058 scient

521 3102 543 3138 ο
583 3095 771 3156 gentes
802 3088 928 3158 quia
956 3104 1057 3159 ego
1090 3091 1353 3147 Dominus
1378 3092 1749 3148 sanctificator
1784 3092 1950 3150 Israel
1981 3109 2104 3149 cum

2205 1888 2440 1955 Domini,
2490 1900 2545 1946 et
2592 1902 2861 1964 prazccpta
2906 1894 3051 1952 illius
3097 1898 3478 1964 custodituri,
3538 1901 3791 1955 habitanti

2206 1988 2387 2036 autem
2416 1998 2521 2037 non
2550 1983 2605 2039 iu
2634 1984 2736 2039 alia
2768 1994 2934 2050 terra,
2966 1988 3063 2044 sed
3087 1989 3140 2043 in
3171 2004 3238 2044 ea
3266 2005 3457 2060 quam
3489 1992 3647 2046 dedit
3671 2008 3791 2049 sem

2204 2088 2303 2129 suo
2332 2070 2520 2141 Iacob,
2545 2076 2600 2131 in
2632 2092 2739 2147 qua
2768 2078 3148 2135 habitaverunt
3171 2089 3373 2150 patres
3421 2097 3629 2138 eorum
3651 2085 3789 2138 Alin-

2205 2162 2352 2228 ham,
2375 2164 2525 2221 Isaac
2552 2174 2608 2222 et
2648 2166 2818 2222 Iacob
2844 2178 2901 2224 et
2926 2168 3119 2239 reliqui
3150 2172 3335 2226 sancti
3366 2190 3384 2226 :
3416 2180 3479 2226 et
3516 2186 3632 2226 non
3654 2174 3787 2229 sohn

2206 2254 2308 2324 ipsi
2356 2255 2647 2311 habitaturi
2689 2259 2819 2324 sint,
2853 2259 2948 2315 sed
2985 2268 3040 2315 et
3074 2260 3171 2317 ﬁlii
3209 2276 3428 2318 eorum
3474 2278 3550 2318 ac
3588 2272 3787 2335 nepotes,

2199 2347 2357 2419 juxta
2381 2348 2511 2405 illud
2542 2349 2899 2422 Virgilianum
2926 2369 2940 2405 :

2422 2490 2485 2544 Et
2506 2493 2601 2544 nati
2628 2500 2849 2543 natorum
2864 2531 2879 2556 ,
2905 2498 2955 2546 et
2978 2494 3062 2557 qui
3086 2499 3367 2547 nascentur
3398 2497 3471 2547 ab
3497 2497 3618 2548 illis.

2205 2615 2569 2688 Habitentque
2589 2633 2697 2673 non
2723 2618 2791 2673 ad
2811 2618 2974 2675 breve
2999 2626 3236 2689 tempus,
3260 2620 3367 2675 sed
3396 2621 3457 2675 in
3484 2630 3786 2692 perpetrm.

2206 2710 2381 2767 Vultis
2405 2719 2611 2776 autem,
2636 2711 2731 2776 ait,
2752 2712 2892 2766 scire
2913 2712 3005 2782 qui
3028 2712 3099 2766 sit
3120 2712 3222 2769 iste
3254 2729 3354 2768 rex
3386 2722 3450 2769 et
3472 2714 3789 2785 pastorlhsc

2205 2808 2291 2859 est
2317 2801 2383 2855 de
2407 2816 2515 2872 quo
2536 2816 2700 2873 supra
2720 2802 2851 2866 dixi,
2880 2821 2899 2854 ι
2931 2817 3122 2858 servus
3143 2819 3305 2859 meus
3326 2804 3541 2871 David,
3561 2825 3584 2859 ι
3602 2837 3667 2845 -
3685 2827 3702 2857 ς
3722 2807 3790 2875 qui

2205 2910 2328 2951 cum
2361 2896 2416 2951 in
2441 2894 2616 2952 forma
2649 2895 2743 2950 Dei
2772 2903 2935 2959 esset,
2972 2911 3083 2951 non
3112 2904 3200 2951 est
3227 2897 3499 2967 rapinam
3530 2899 3792 2952 arbitratus

2205 3004 2328 3046 esse
2379 3003 2438 3044 se
2478 2988 2741 3059 aequalem
2787 2988 2935 3055 Deo,
2965 2990 3062 3044 sed
3110 3003 3172 3044 se
3215 2990 3565 3052 exinanivit,
3595 2988 3791 3043 (om

2205 3080 2351 3137 servi
2376 3080 2670 3151 accipiens,
2692 3088 2748 3136 et
2775 3080 2951 3136 factus
2977 3088 3063 3135 est
3086 3080 3356 3136 obediens
3378 3080 3533 3135 Patri
3555 3096 3723 3150 usque
3738 3082 3792 3135 al

521 3193 541 3228 ι
584 3149 749 3231 fuerit
780 3149 1136 3235 sanctificatio
1164 3195 1283 3235 mea
1317 3182 1370 3235 in
1401 3182 1581 3237 medio
1608 3197 1796 3237 eorum
1828 3183 1881 3237 in
1908 3199 2103 3254 perpe-
2131 3149 2176 3212 C
2207 3181 2458 3238 mortem»
2482 3182 2713 3229 mortem
2736 3182 2918 3229 amem
2944 3174 3124 3230 οτυείδ
3149 3170 3384 3245 (Ριιίιῑμ
3420 3175 3498 3241 ")-
3520 3194 3539 3225 ³
3562 3174 3797 3242 Cum?”

521 3283 542 3320 ι
585 3273 753 3322 tuum.
779 3288 799 3321 ι
827 3268 1098 3340 (nierum)
1122 3271 1328 3341 Regum
1361 3280 1546 3326 narmt
1577 3273 1801 3329 historia
1828 3273 1949 3345 (III
1973 3272 2100 3345 Reg.

516 3354 621 3425 xu)
661 3357 763 3411 sub
805 3356 1046 3413 Roboam
1094 3358 1204 3414 ﬁlio
1245 3358 1552 3416 Salomonis
1597 3363 1880 3418 duodecim
1931 3364 2106 3420 tribus

514 3444 687 3501 fuisse
715 3446 913 3502 divisas
948 3455 1003 3501 et
1036 3449 1195 3511 duas,
1225 3451 1328 3504 hoc
1376 3458 1459 3504 est
1493 3449 1688 3505 Iudam
1714 3458 1769 3505 et
1795 3451 2104 3522 Benjamin,

517 3550 644 3590 cum
675 3534 851 3590 levitis
873 3551 938 3592 ac
962 3539 1335 3594 sacerdotibus
1362 3549 1575 3595 secutas
1597 3555 1717 3597 esse
1747 3541 1989 3597 Roboam
2012 3544 2105 3613 qui

516 3624 763 3693 regnavit
790 3625 844 3679 in
877 3625 1234 3693 Hierusalem,
1266 3638 1319 3683 et
1371 3644 1592 3699 regnum
1632 3631 1749 3701 ejus
1779 3631 2105 3702 appellatum

515 3721 602 3768 est
644 3711 800 3768 Iuda.
845 3714 994 3769 Alias
1042 3730 1173 3772 vero
1219 3717 1405 3772 decem
1453 3719 1625 3774 tribus
1669 3736 1789 3789 qua:
1829 3722 2102 3791 dixerunt,

524 3820 545 3856 ι
582 3820 688 3860 non
718 3812 800 3859 est
835 3806 991 3861 nobis
1020 3823 1146 3877 pars
1180 3808 1232 3862 in
1273 3808 1472 3874 David,
1505 3824 1680 3881 neque
1704 3812 2005 3868 .hmreditas
2044 3813 2099 3868 in

518 3890 631 3948 ﬁlio
655 3891 826 3950 Iesse.
849 3916 868 3948 ι
891 3894 1179 3953 Ieroboam
1211 3897 1321 3953 ﬁlio
1352 3898 1560 3955 Nabath
1590 3901 1656 3956 de
1679 3902 1820 3956 tribu
1845 3902 2104 3973 Ephraim

520 3982 613 4052 qui
641 3982 742 4040 fuit
771 3983 913 4040 ﬁlius
933 3984 1155 4055 Ioseph,
1183 3982 1498 4043 submisisse.
1524 3991 1764 4047 cervices
1789 4001 1844 4047 et
1868 3995 2103 4050 servisse

517 4071 591 4138 ei,
634 4073 1031 4144 appellatasque
1059 4091 1126 4131 ex
1156 4077 1388 4132 maxima
1431 4090 1585 4148 parte
1628 4082 1853 4151 antiquo
1884 4084 2103 4138 nomine

514 4158 703 4227 Israel,
734 4172 788 4216 et
820 4163 990 4218 muho
1033 4173 1273 4237 tempore
1306 4183 1526 4237 regnum
1566 4166 1703 4225 Iuda
1731 4179 1786 4225 et
1819 4172 1982 4228 Israel
2007 4174 2103 4229 ad-

516 4266 733 4309 versum
765 4268 824 4308 se
854 4255 1108 4311 habuisse
1147 4259 1443 4312 certamina
1488 4262 1827 4332 propriisque
1855 4263 2102 4334 paruisse

518 4344 737 4416 regibus
761 4363 775 4399 :
797 4347 1001 4416 primas
1031 4350 1217 4405 decem
1246 4351 1418 4409 tribus
1444 4363 1630 4424 captas
1661 4356 1730 4411 ab
1758 4356 2017 4430 Assyriis,
2045 4369 2102 4418 et

516 4443 643 4507 post
687 4436 1019 4505 aliquantum
1070 4442 1326 4509 temporis
1385 4458 1479 4499 eas
1528 4461 1648 4514 quae
1695 4448 2101 4517 appellabantur

517 4527 654 4585 Iuda
682 4545 713 4584 a
746 4529 1004 4590 Chaldaeis
1034 4534 1085 4587 in
1112 4534 1441 4607 Babylonem
1470 4539 1661 4594 duetas
1688 4556 1809 4595 esse
1834 4543 2097 4612 captivas,

518 4629 577 4678 et
597 4622 795 4678 tribum
818 4621 952 4679 Iuda
981 4634 1100 4695 post
1127 4643 1299 4683 annos
1318 4630 1657 4700 septuaginta
1677 4632 1914 4700 antiqua:
1941 4640 2099 4690 teme

519 4716 781 4771 redditam
806 4732 820 4772 :
844 4718 1029 4773 decem
1050 4728 1232 4775 autem
1253 4721 1426 4777 tribus
1443 4738 1562 4791 qua:
1583 4726 1911 4779 vocabantur
1935 4724 2100 4782 Israel

518 4819 689 4876 usque
715 4808 872 4863 hodie
899 4809 954 4862 in
1000 4810 1273 4864 montibus
1319 4811 1649 4881 urbibusque
1681 4811 1953 4867 Medorum
1985 4828 2100 4869 ser-

515 4895 633 4953 vire
672 4898 933 4967 captivas.
980 4898 1223 4952 Perseos
1263 4899 1427 4969 igitur
1462 4901 1744 4971 prophetia
1772 4903 1887 4958 haec
1909 4918 1977 4958 ex
2003 4918 2099 4959 ore

517 4988 732 5047 Domini
761 4990 1042 5060 pollicetur
1069 4991 1211 5060 quod
1257 5000 1546 5063 utrumque
1585 4996 1686 5051 sibi
1707 4996 1965 5068 jungatur
1993 4999 2096 5054 im-

518 5082 751 5152 perium,
778 5083 881 5137 hoc
909 5090 994 5135 est
1037 5097 1258 5152 regnum
1285 5081 1435 5137 Iuda:
1456 5093 1510 5139 et
1539 5101 1758 5156 regnum
1788 5088 1972 5154 Israel,
2005 5088 2099 5144 tol-

517 5169 771 5237 laturque
810 5168 958 5239 virga
987 5168 1242 5239 Ephraim
1270 5171 1359 5240 qui
1389 5173 1456 5227 de
1482 5171 1679 5244 Ioseph
1723 5175 1895 5244 stirpe
1936 5191 2098 5248 gene-

517 5267 671 5318 ratus
698 5268 783 5314 est
808 5274 929 5313 cum
958 5260 1177 5330 reliquis
1204 5262 1449 5320 tribubus
1483 5279 1604 5335 qua:
1627 5266 1677 5321 ei
1708 5267 1925 5321 sociata:
1946 5276 2095 5335 sunt,

488 5402 491 5405 η
516 5357 577 5406 et
592 5346 852 5420 jungatur
874 5349 1036 5423 virgas
1065 5349 1235 5418 Iuda),
1266 5364 1324 5409 ut
1344 5371 1685 5425 nequaquam
1717 5364 1936 5411 vocetur
1956 5357 2096 5414 Iuda

476 5488 485 5493 _
517 5450 577 5500 et
601 5442 787 5509 Israel,
819 5444 916 5500 sed
949 5461 1056 5501 uno
1084 5446 1301 5503 nomine
1340 5447 1677 5519 appellentur
1703 5446 1839 5503 Iuda
1865 5462 1880 5501 :
1905 5457 1962 5504 et
1996 5450 2096 5506 sub

516 5534 692 5608 ﬁgura
713 5537 988 5608 propheta:
1010 5539 1100 5609 qui
1138 5541 1392 5610 przcccdit
1422 5542 1478 5596 in
1502 5550 1629 5611 typo
1662 5540 1871 5597 Domini
1905 5540 2097 5597 Salva-

515 5628 674 5694 toris,
698 5641 1034 5700 nequaquam
1077 5630 1286 5687 duabus
1314 5632 1598 5697 manibus,
1624 5631 1722 5687 sed
1748 5647 1852 5686 una
1894 5632 2096 5689 Christi

518 5729 806 5783 teneanutr
830 5736 1013 5780 manu.
1041 5721 1182 5781 Dicit
1201 5724 1348 5782 enim
1370 5739 1432 5782 se
1460 5735 1740 5782 assumere
1762 5723 1904 5782 ﬁlios
1927 5723 2095 5784 Israel

2203 3267 2307 3322 sub
2333 3264 2425 3320 tali
2460 3280 2587 3336 rege
2637 3264 2857 3331 fuerint,
2886 3267 3190 3338 percutiam
3243 3266 3357 3320 illis
3406 3265 3569 3319 {tedas
3614 3265 3792 3335 pacis,

2206 3372 2549 3428 nequaquam
2594 3366 2656 3413 ut
2700 3356 2755 3414 in
2808 3358 2991 3416 Veteri
3041 3357 3423 3423 Testamento,
3445 3358 3795 3413 certaminum

2207 3459 2371 3518 atque
2421 3448 2710 3515 bellorum,
2743 3449 2838 3504 sed
2884 3457 3100 3518 pactum
3147 3450 3307 3519 pacis
3352 3465 3482 3519 qua
3523 3459 3793 3518 exsuperat

2203 3554 2422 3596 omnem
2451 3554 2691 3595 sensum.
2724 3539 2800 3595 De
2822 3555 2928 3610 qua
2956 3539 3210 3595 Salvator
3228 3539 3484 3609 loquitur
3508 3540 3581 3593 ad
3603 3550 3791 3610 aposto-

2205 3628 2287 3683 los
2302 3627 2483 3700 (Ioan.
2503 3627 2648 3700 XIV):
2677 3647 2697 3681 ι
2717 3627 2912 3684 Pacem
2936 3644 3113 3684 meam
3128 3629 3197 3684 do
3219 3630 3402 3694 vobis,
3423 3646 3621 3699 pacem
3640 3643 3787 3683 man

2207 3718 2456 3789 relinquo
2482 3717 2657 3774 vobis.
2684 3738 2704 3771 ι
2740 3718 2808 3774 Et
2837 3718 3108 3790 Propheta
3149 3719 3286 3775 dicit
3309 3738 3322 3772 :
3352 3740 3371 3771 ι
3409 3718 3625 3776 Factus
3648 3731 3723 3774 est
3746 3721 3787 3772 ὴ

2206 3822 2340 3879 pace
2366 3807 2516 3863 locus
2537 3806 2655 3877 ejus
2679 3807 2855 3878 (Psal.
2887 3810 3069 3880 μιν).
3106 3828 3125 3861 ι
3154 3808 3305 3876 Quos
3328 3824 3464 3864 cum
3494 3810 3551 3863 in
3578 3808 3785 3863 Ecclesia

2206 3898 2513 3956 fundaverit
2539 3908 2596 3956 et
2616 3900 2926 3967 stabilierit,
2953 3900 3029 3958 ita
3049 3908 3110 3955 ut
3133 3899 3351 3969 possint
3378 3901 3579 3955 dicere
3605 3920 3659 3955 ει
3686 3900 3785 3954 Sta-

2205 3991 2309 4044 tuit
2336 4006 2498 4060 supra
2537 3998 2752 4060 petram
2785 3994 2951 4061 pedes
2981 4007 3132 4047 meos
3159 3991 3339 4062 (Psal.
3371 3993 3602 4063 suis),
3634 4012 3654 4044 ι
3685 4002 3783 4045 ιω

2205 4081 2710 4152 multiplicabuntur
2740 4081 2825 4137 vel
2854 4082 3190 4138 credentium
3215 4096 3488 4147 numero,
3524 4082 3613 4137 vel
3642 4082 3785 4137 multa

2202 4171 2495 4241 plieatione
2523 4172 2806 4227 virtutum.
2840 4191 2859 4225 ι
2890 4172 2959 4227 Et
2988 4172 3149 4237 dabo,
3183 4171 3382 4242 inquit,
3417 4174 3784 4229 sanctiﬁcatio-

2203 4278 2325 4318 nem
2377 4278 2573 4327 meam,
2600 4262 2718 4318 sive
2765 4262 3134 4318 sanctuarium
3181 4261 3236 4317 in
3285 4263 3478 4319 medio
3526 4279 3715 4321 eorum
3740 4266 3781 4316 ia

2202 4361 2541 4423 perpetuum.
2575 4371 2594 4404 ι
2635 4351 2788 4421 Quod
2813 4351 2984 4408 Iudaei
3013 4353 3080 4407 de
3112 4351 3316 4421 templo
3348 4354 3780 4426 interpretantur,

2204 4442 2346 4512 quod
2386 4440 2485 4497 sub
2512 4441 2809 4497 Zorobabel
2832 4450 3169 4496 exstructum
3204 4450 3310 4497 est.
3370 4443 3492 4500 Sed
3539 4446 3779 4515 quomoda

2126 4502 2179 4564 D
2203 4502 2350 4589 stare
2396 4534 2596 4604 poterit
2639 4534 2743 4588 hoc
2784 4534 2928 4604 quod
2969 4533 3173 4590 dicitur
3200 4534 3256 4589 in
3295 4502 3779 4607 permitti-:9“!

2203 4622 2462 4693 templum
2500 4621 2632 4679 illud
2668 4624 2810 4693 quod
2836 4638 2869 4678 a
2897 4623 3200 4680 Zorobabel
3237 4634 3600 4683 exstructum
3622 4638 3722 4690 est,
3741 4636 3781 4680 ct

2200 4723 2389 4784 postea
2419 4728 2449 4768 a
2486 4713 2668 4770 multis
2707 4715 3089 4778 instauratum,
3122 4712 3375 4770 Romano
3398 4716 3543 4793 igne
3578 4732 3781 4773 sueru-

2199 4819 2319 4859 smn
2351 4802 2461 4858 sit?
2490 4801 2621 4869 Qum
2646 4803 2827 4857 omnia
2871 4801 3154 4858 referenda
3188 4812 3319 4858 sunt
3356 4804 3430 4858 ad
3482 4806 3777 4865 Ecclesm

2198 4900 2256 4947 et
2286 4891 2353 4945 ad
2379 4899 2620 4962 tempora
2649 4891 2967 4958 Salvatoris,
2995 4891 3212 4961 quando
3243 4892 3673 4951 tabernaculum
3692 4895 3781 4963 eis!

2198 4986 2431 5057 positum
2458 4992 2543 5040 est
2584 4982 2637 5038 in
2669 4982 2912 5039 Ecclesia
2930 5022 2944 5047 ,
2973 4980 3062 5036 ubi
3089 4980 3267 5037 factus
3291 4991 3381 5037 est
3406 4982 3567 5041 Deus
3598 4995 3777 5047 noster.

2198 5088 2255 5133 et
2292 5092 2389 5135 nos
2428 5076 2657 5147 populus
2697 5074 2837 5147 ejus.
2871 5073 3264 5145 Profectusque
3290 5077 3555 5134 omnium
3606 5087 3781 5142 est,nt

2197 5170 2374 5226 sciant
2417 5170 2569 5239 quod.
2606 5167 2721 5238 ipse
2768 5166 2839 5221 sit
2882 5165 3166 5232 Dominus,
3210 5173 3267 5222 et
3311 5166 3437 5237 ipse
3497 5171 3783 5224 sanctiicet

2195 5259 2377 5324 Israel,
2402 5274 2508 5314 non
2524 5259 2681 5329 juxta
2708 5273 2948 5322 carnem,
2972 5255 3067 5313 sed
3080 5254 3237 5325 juxta
3266 5257 3537 5327 spiritum
3557 5279 3571 5313 :
3588 5264 3783 5332 quando

2197 5349 2553 5407 sanctiﬁcatio
2599 5350 2715 5420 ejus
2762 5349 2817 5404 in
2858 5348 3036 5404 medio
3075 5348 3418 5404 credentium
3469 5349 3622 5407 facta
3651 5350 3781 5405 sitis

2197 5452 2539 5515 perpctuum.
2571 5442 2726 5510 Quod
2755 5451 2937 5498 autem
2966 5439 3227 5510 abiecerit
3272 5441 3554 5500 Dominus
3601 5445 3785 5500 tribum

2197 5534 2475 5606 prraim,
2498 5543 2555 5590 et
2581 5534 2803 5606 elegerit
2832 5536 3031 5590 tribum
3054 5532 3213 5599 Iuda,
3240 5544 3297 5590 et
3323 5536 3381 5590 in
3398 5538 3639 5608 psalmis
3663 5538 3785 5609 legi-

2196 5640 2317 5680 mus
2359 5624 2412 5679 in
2441 5625 2639 5695 quibus
2667 5626 2930 5696 scriptum
2966 5634 3089 5680 est:
3124 5643 3143 5675 ι
3179 5624 3249 5680 Ει
3281 5627 3493 5697 repulit
3534 5630 3781 5685 taberna-

2196 5722 2378 5782 culum
2402 5721 2621 5797 Iosepb,
2643 5731 2700 5782 et
2714 5723 2914 5782 tribum
2924 5722 3163 5797 Ephrem
3176 5737 3287 5781 non
3298 5721 3494 5797 elegit,
3517 5724 3616 5784 sed
3634 5722 3785 5795 elegit
