3916 6356
97 366 201 425 865

1009 355 1361 417 COMMENT.
1404 353 1472 412 IN
1511 348 1967 411 EZECIIIELEM.
2007 380 2080 391 —
2114 347 2243 406 LIB.
2285 346 2422 405 XIII.

3259 348 3366 408 866

96 478 292 536 tribum
314 472 450 532 Iuda
479 471 654 547 (Psaf.
682 472 913 544 uxvn),
935 492 955 526 ι
984 473 1052 529 de
1093 487 1199 542 qua
1228 471 1492 541 scriptum
1536 476 1621 525 est
1649 482 1667 523 :
1698 474 1747 532 Α
1780 484 1799 519 ι
1845 465 2128 519 universos
2173 461 2572 519 multitudinem
2610 473 2884 535 magnam,
2912 460 3127 520 hastam
3164 473 3222 519 et
3255 464 3370 537 cly—

106 588 127 622 c
162 567 278 624 Non
303 564 516 622 deficiet
546 564 800 636 princeps
819 577 883 619 ex
909 561 1066 629 Iuda,
1093 575 1269 631 neque
1291 563 1398 615 dux
1421 560 1488 614 de
1509 558 1680 613 femo-

100 658 251 715 ribus
292 653 428 725 ejus,
444 653 636 709 'donec
671 651 855 707 veniat
878 650 967 707 cui
1012 649 1309 720 repositum
1337 657 1440 713 est,
1484 656 1541 702 et
1566 645 1680 716 ipse

103 748 208 803 erit
233 744 564 815 exspectatio
585 742 826 815 gentium
857 739 1011 813 (Gen.
1039 740 1211 811 χιιι).
1236 757 1255 791 ι
1289 738 1429 794 Vere
1453 738 1597 793 enim
1626 736 1681 790 in

103 838 336 893 adventu
364 835 577 891 Domini
612 832 907 888 Salvatoris
937 833 1056 887 duae
1079 832 1267 901 virgae,
1299 837 1377 894 et,
1403 837 1466 883 ut
1489 827 1543 882 in
1571 827 1682 882 IIe-

102 928 290 985 braico
330 927 565 999 positum
594 933 696 988 est,
724 925 830 978 duo
872 922 1014 993 ligna
1052 922 1106 976 in
1133 935 1300 975 unum
1341 918 1529 988 juncta
1559 924 1685 974 sunt

102 1028 392 1089 sceptrum,
424 1025 479 1070 et
504 1015 558 1070 in
591 1015 910 1086 baptismate
950 1012 1174 1077 Christi,
1206 1011 1406 1066 dudum
1437 1013 1685 1078 separata

100 1110 402 1173 sociantur,
432 1114 493 1161 ut
526 1105 659 1160 ﬁant
697 1105 752 1159 in
794 1120 963 1159 unum
1004 1119 1200 1158 novum
1227 1102 1522 1163 hominem,
1548 1110 1603 1153 et
1628 1099 1684 1153 in

101 1211 270 1250 unam
299 1202 536 1267 gentem.
560 1192 744 1265 Neque
765 1194 1073 1265 polluantur
1091 1193 1230 1247 ultra
1259 1193 1311 1246 in
1334 1191 1490 1247 idolis
1509 1200 1564 1246 et
1592 1190 1688 1244 ab-

98 1285 543 1352 ominationibus,
563 1285 657 1339 sed
677 1284 857 1339 mundi
881 1284 1096 1339 lavacro
1121 1283 1230 1339 sint
1249 1282 1475 1352 pepulus
1496 1280 1614 1346 Dei,
1635 1288 1690 1334 et

100 1377 335 1446 imperet
359 1374 439 1429 cis
468 1373 735 1440 Christus,
767 1382 822 1428 et
850 1374 1095 1429 habitent
1136 1387 1299 1442 super
1328 1381 1548 1435 terram,
1577 1378 1687 1425 ter-

98 1479 332 1536 ramque
366 1464 661 1520 viventium
705 1478 869 1533 quam
915 1464 1138 1518 dederat
1182 1478 1340 1518 servo
1379 1477 1476 1517 suo
1521 1460 1690 1516 Iacob

98 1556 194 1626 qui
224 1553 475 1626 populum
506 1553 668 1609 Israel
701 1554 755 1608 in
780 1554 972 1608 matris
995 1562 1149 1608 utero
1178 1551 1559 1622 supplantavit.
1593 1549 1689 1604 Sin

97 1654 287 1700 autem
315 1645 640 1700 voluerimus
663 1644 821 1714 juxta
847 1645 1188 1714 prophetiam
1217 1640 1386 1706 Oscae,
1413 1656 1532 1710 qum
1555 1653 1691 1709 pene

97 1737 287 1793 omnis
315 1738 382 1791 ad
409 1736 596 1791 decem
627 1735 801 1790 tribus
828 1734 1098 1806 dirigitur,
1135 1734 1186 1788 id
1207 1733 1383 1789 estad
1410 1731 1609 1803 Ioseph
1638 1739 1694 1787 et

1787 576 1807 613 ι
1848 574 2008 631 peum
2036 557 2409 628 arripientium
2433 565 2488 612 et
2515 554 2770 626 gladium.
2789 555 3288 628 Persae,Ethiopes
3315 565 3371 616 et

1787 667 1807 703 r
1847 650 2045 722 Libyes
2072 663 2194 705 cum
2216 649 2295 703 eis
2322 662 2512 702 omnes
2539 647 2737 703 scutati
2765 656 2820 702 et
2847 645 3064 719 galeati.
3091 647 3291 705 Gomer
3315 656 3374 705 et

1788 759 1807 793 ι
1850 741 2103 795 universa
2120 739 2333 809 agmina
2348 736 2463 806 ejus
2482 756 2494 791 :
2513 739 2706 794 domus
2718 736 3024 808 Thogorma
3035 739 3203 795 latera
3218 735 3374 809 aqui-

1789 846 1808 882 ι
1850 829 2013 894 Ionis,
2036 838 2093 883 et
2120 835 2289 882 totum
2316 829 2482 882 robur
2504 826 2640 897 ejus,
2669 826 2960 898 populique
2986 827 3139 883 multi
3170 835 3371 882 tecum.

1791 936 1811 972 ι
1853 919 2107 989 Praepara
2122 927 2178 974 et
2202 918 2407 972 instrue
2425 925 2476 972 te
2490 926 2543 972 et
2556 932 2769 972 omnem
2796 917 3196 973 multitudinem
3225 925 3375 973 tuam

1791 1030 1810 1063 ι
1856 1028 1976 1081 qua:
2001 1017 2316 1067 coacervata
2340 1018 2423 1065 est
2442 1009 2509 1063 ad
2534 1017 2677 1075 te,et
2696 1017 2814 1064 esto
2834 1008 2914 1065 eis
2936 1008 2990 1062 in
3018 1016 3371 1078 praeceptum.

1792 1120 1810 1154 ι
1857 1100 1990 1157 Post
2030 1101 2147 1156 dies
2190 1099 2390 1155 multos
2420 1100 2747 1155 visitaberis.
2792 1099 2852 1154 In
2884 1099 3179 1155 novissimo
3207 1113 3377 1153 anno.

1794 1211 1812 1247 ι
1855 1210 1975 1248 rum
2022 1193 2207 1247 venies
2244 1193 2311 1247 ad
2338 1200 2561 1255 terram,
2586 1206 2707 1261 qua:
2747 1204 2966 1246 reversa
2993 1199 3078 1247 est
3109 1205 3141 1244 a
3173 1188 3377 1260 gladio,

1794 1300 1814 1337 r
1857 1292 2182 1355 congregata
2214 1291 2297 1338 est
2323 1282 2389 1336 de
2421 1281 2631 1352 populis
2659 1280 2841 1336 multis
2876 1280 2944 1337 ad
2969 1289 3182 1337 montes
3210 1278 3379 1335 Israel

1796 1393 1815 1428 ι
1861 1377 1952 1446 qui
1981 1374 2201 1430 fuerunt
2229 1374 2425 1429 deserti
2446 1373 2666 1444 jugiter.
2697 1371 2825 1428 Ilaac
2853 1372 2918 1428 de
2943 1372 3156 1443 populis
3184 1373 3378 1427 educta

1796 1486 1815 1521 ι
1856 1476 1960 1532 est,
2008 1474 2064 1522 et
2106 1466 2489 1521 habitaverunt
2534 1465 2587 1518 in
2632 1480 2695 1519 ea
2738 1463 3075 1519 confidenter
3117 1461 3375 1517 universi.

1795 1576 1815 1612 ι
1859 1557 2170 1614 Ascendens
2198 1564 2377 1610 autem
2408 1555 2563 1626 quasi
2592 1563 2883 1625 tempestas
2908 1554 3187 1617 venies,et
3221 1553 3380 1623 quasi

1798 1668 1818 1703 ι
1863 1649 2033 1705 nubes
2054 1656 2115 1703 ut
2141 1647 2357 1719 operias
2390 1655 2590 1700 terram
2619 1655 2699 1710 tu,
2729 1653 2783 1700 et
2812 1644 2991 1698 omnia
3023 1644 3236 1714 agmina
3270 1651 3380 1707 tua,

1799 1760 1818 1795 ι
1864 1749 1920 1797 et
1947 1740 2130 1812 populi
2173 1738 2326 1794 multi
2360 1746 2560 1794 tecum.
2605 1737 2733 1792 Rrec
2757 1736 2888 1791 dicit
2913 1736 3169 1792 Dominus
3201 1736 3380 1790 Dens:

97 1827 365 1896 Ephraim
391 1834 447 1882 et
470 1825 773 1882 Samariam
795 1834 850 1881 et
875 1824 1040 1880 Israel
1063 1824 1359 1895 intelligere
1383 1823 1500 1878 falsi
1526 1824 1693 1877 nomi—
1718 1829 1766 1888 B
1799 1849 1819 1884 ι
1863 1831 1921 1886 Ῑη
1950 1832 2037 1886 die
2080 1829 2169 1885 illa
2203 1830 2495 1885 ascendent
2523 1841 2804 1882 sermones
2826 1842 2988 1896 super
3012 1840 3106 1880 cor
3133 1826 3300 1888 tuum,
3331 1833 3387 1880 et

98 1915 192 1970 nis
220 1915 526 1980 scientiam,
556 1923 612 1970 et
637 1915 881 1970 diversas
924 1916 1112 1970 turbas
1158 1915 1559 1980 haereticorum,
1591 1914 1694 1968 hoc

98 2007 374 2070 dicemus,
402 2008 546 2077 quod
575 2007 629 2062 in
666 2007 856 2063 ultimo
884 2014 1126 2078 tempore
1173 2007 1390 2077 quando
1424 2006 1697 2061 subintrao

98 2097 248 2152 verit
276 2096 554 2167 plenitudo
581 2098 846 2169 gentium,
879 2104 933 2152 et
972 2097 1150 2152 omnis
1173 2095 1336 2152 Israel
1365 2095 1543 2151 salvus
1576 2093 1696 2149 fue-
1727 2095 1743 2104 '

98 2188 201 2253 rit,
236 2196 364 2244 tunc
389 2188 554 2243 etiam
582 2188 876 2244 adversarii
919 2188 1098 2258 populi
1128 2188 1218 2258 qui
1261 2196 1451 2243 contra
1477 2187 1696 2241 domum

96 2281 295 2350 Iudae,
320 2290 378 2338 et
413 2284 811 2339 confessionem
860 2283 1115 2338 Ecclesiae
1150 2290 1556 2354 pugnaverunt,
1589 2290 1699 2336 tra-

99 2374 245 2428 dant
292 2389 352 2429 se
396 2374 781 2430 ecclesiastica:
825 2373 972 2439 fidei,
1008 2382 1064 2429 et
1111 2373 1376 2428 universis
1421 2372 1699 2428 erroribus

101 2464 411 2532 derelictis,
440 2472 496 2519 et
519 2464 853 2535 principibus
883 2465 1067 2519 mundi
1100 2465 1257 2519 istius
1295 2464 1386 2534 qui
1416 2462 1700 2519 destruan-

101 2564 220 2622 tur,
249 2564 307 2611 et
351 2555 681 2627 patriarchis
723 2555 836 2611 suis
883 2556 973 2625 qui
1013 2571 1107 2611 eos
1146 2556 1200 2610 in
1241 2554 1699 2626 blasphemiarum

100 2646 431 2700 barathrum
448 2646 806 2710 deduxerunt,
821 2654 1148 2716 consurgant
1162 2654 1217 2702 et
1230 2645 1539 2715 relinquant
1558 2644 1699 2699 idola

99 2752 211 2792 sua
248 2737 677 2792 abominationes
702 2752 828 2792 suas
854 2751 989 2807 quas
1015 2737 1081 2792 de
1106 2752 1205 2793 suo
1233 2737 1395 2792 corde
1424 2736 1700 2792 confinxe-

100 2836 258 2893 rant,
282 2828 431 2882 etde
454 2828 665 2883 cunctis
708 2825 927 2883 sedibus
970 2826 1085 2882 suis
1118 2827 1172 2882 in
1205 2827 1403 2897 quibus
1442 2840 1701 2897 peccave-

101 2927 243 2989 runt
278 2926 560 2972 transeant
596 2917 665 2972 ad
701 2916 1125 2973 ecclesiasticam
1150 2915 1334 2982 fidem,
1364 2924 1420 2971 et
1446 2915 1703 2970 manden-

102 3016 225 3073 tur,
254 3014 311 3062 et
336 3008 445 3062 sint
470 3007 699 3078 populus
726 3006 952 3072 Christi,
988 3016 1043 3062 et
1077 3007 1193 3077 ipse
1223 3007 1294 3061 sit
1322 3006 1462 3062 Deus
1489 3021 1698 3071 eorum,

102 3114 239 3169 quae
282 3098 493 3169 plenius
537 3099 591 3153 in
630 3097 768 3153 Osca
802 3096 1385 3168 prophetacdictitasse
1426 3111 1513 3151 me
1550 3095 1695 3150 novi.

105 3167 352 3257 Quodsi
375 3188 545 3244 Iudaei
570 3197 625 3244 et
643 3167 937 3243 Christiani
960 3185 1301 3257 judaizantes
1323 3186 1438 3240 haec
1466 3184 1531 3239 ad
1558 3183 1703 3238 mille
1730 3167 1779 3230 ο

103 3296 387 3336 annorum
425 3280 695 3335 voluerint
734 3278 941 3335 referre
987 3294 1232 3350 regnum,
1263 3276 1586 3331 necessitate
1610 3290 1704 3330 co-

102 3379 340 3442 guntur,
368 3379 427 3427 ut
452 3370 752 3441 suscipiant
776 3385 966 3425 omnes
984 3369 1077 3441 qui
1106 3369 1239 3424 salvi
1270 3367 1472 3424 fuerint
1497 3367 1709 3422 habita-

106 3471 278 3519 turos
306 3462 359 3517 in
410 3471 553 3517 terra
603 3461 788 3524 Israel,
829 3459 1201 3516 aedificandam
1228 3459 1585 3525 Hierusalem,
1611 3473 1708 3512 ex-

106 3553 445 3610 struendum
472 3551 756 3623 templum,
773 3559 998 3607 cunctas
1022 3550 1154 3621 legis
1173 3551 1527 3605 caeremonias
1556 3567 1711 3606 exer-

107 3644 341 3709 cendas,
372 3644 767 3699 observandum
823 3643 1130 3707 sabbatum,
1182 3640 1550 3712 accipiendam
1601 3641 1712 3695 cir-

104 3734 759 3805 cumcisiouisinjuriam,
775 3732 1209 3787 manducandum
1235 3744 1289 3786 et
1316 3730 1635 3796 bibendum,
1659 3740 1715 3786 et

109 3823 440 3880 divitiarum
488 3823 877 3879 abundantiam
906 3838 1005 3893 pro
1044 3836 1255 3876 summa
1298 3820 1631 3876 beatitudine
1660 3828 1715 3876 et

108 3917 337 3972 cunctis
377 3918 570 3987 opibus
595 3914 989 3969 aastimandam.
1019 3912 1153 3967 Cum
1198 3912 1488 3982 Apostolus
1528 3913 1711 3966 dicat:

115 4028 142 4064 α
180 4010 321 4065 Esca
352 4009 553 4073 ventri,
580 4016 636 4062 et
678 4016 870 4062 venter
894 4005 1066 4069 escis;
1097 4006 1238 4059 Deus
1266 4013 1443 4058 autem
1480 4010 1537 4057 ct
1575 4003 1717 4058 hunc

106 4110 179 4156 et
207 4099 325 4153 illas
348 4098 591 4153 destruet
614 4096 666 4168 (Ι
690 4095 812 4149 Cor.
834 4095 932 4161 vt).
956 4117 973 4145 ι
1003 4093 1282 4162 Quomodo
1307 4103 1486 4148 autem
1514 4094 1566 4147 in
1591 4103 1717 4164 typo

111 4190 551 4247 resurrectionis
573 4187 821 4258 superior
847 4201 1027 4241 sermo
1052 4186 1400 4255 propheticus
1422 4185 1721 4240 restitutio-

111 4296 258 4336 nem
288 4279 496 4334 Iudaici
528 4279 709 4349 populi
739 4276 1150 4341 demonstravit,
1183 4292 1290 4330 non
1321 4275 1594 4330 carnalem
1625 4274 1718 4329 sed

108 4369 453 4442 spiritalem,
476 4369 555 4424 sic
578 4378 631 4423 et
653 4369 753 4423 ista
776 4368 1059 4437 prophetia
1084 4381 1424 4436 nequaquam
1447 4365 1515 4420 ad
1540 4364 1719 4419 carnis

108 4461 225 4518 sed
275 4460 342 4514 ad
396 4461 588 4513 anima:
638 4459 875 4529 pertinet
922 4456 1267 4522 felicitatem,
1299 4463 1354 4512 et
1400 4456 1467 4511 ad
1518 4455 1717 4511 Christi

1801 1940 1821 1976 ι
1865 1921 2129 1993 cogitabis
2157 1918 2541 1991 cogitationem
2564 1917 2881 1988 pessimam,
2903 1927 2958 1971 et
2979 1916 3156 1971 dices:
3180 1916 3388 1971 Ascen-

1801 2032 1821 2068 ι
1865 2014 1987 2071 dam
2015 2013 2082 2067 ad
2114 2020 2317 2067 terram
2343 2010 2547 2081 absque
2578 2024 2753 2074 muro,
2775 2008 2990 2063 veniam
3020 2008 3086 2062 ad
3109 2007 3388 2078 quiescen-

1803 2121 1822 2158 ι
1868 2112 1950 2159 tes
2005 2104 2421 2171 habitantesque
2463 2115 2691 2156 secure:
2726 2114 2915 2154 omnes
2967 2098 3214 2153 habitant
3267 2098 3387 2152 sine

1803 2213 1823 2248 ι
1869 2210 2024 2250 muro
2047 2233 2062 2260 ,
2097 2202 2280 2249 vectes
2308 2201 2363 2247 et
2392 2200 2564 2261 portae
2612 2205 2718 2244 non
2758 2197 2885 2245 sunt
2920 2189 3029 2254 eis,
3058 2196 3118 2242 ut
3161 2187 3388 2257 diripias

1803 2305 1823 2340 ι
1867 2287 2033 2358 spolia
2064 2296 2117 2342 et
2140 2285 2367 2341 invadas
2394 2284 2654 2354 praedam,
2682 2291 2743 2336 ut
2769 2281 2972 2337 inferas
2997 2297 3212 2336 manum
3238 2289 3388 2335 tuam

1804 2394 1825 2430 ι
1866 2391 2028 2447 super
2055 2391 2149 2431 eos
2176 2376 2268 2447 qui
2299 2374 2499 2431 deserti
2545 2372 2784 2438 fuerant,
2811 2380 2866 2426 et
2905 2366 3093 2443 postea
3125 2370 3387 2435 restituti,

1804 2486 1824 2523 ι
1865 2476 1921 2523 ct
1947 2481 2110 2537 super
2132 2465 2384 2537 populum
2408 2464 2499 2535 qui
2526 2472 2609 2520 est
2634 2471 2992 2535 congregatus
3016 2476 3083 2517 ex
3111 2462 3386 2534 gentibus,

1806 2580 1825 2615 ι
1868 2560 1960 2632 qui
2008 2559 2288 2631 possidere
2332 2557 2530 2626 coepit,
2561 2563 2618 2611 et
2658 2570 2781 2610 esse
2827 2555 3102 2609 habitator
3149 2551 3391 2608 umbilici

1806 2671 1826 2707 ι
1874 2662 2053 2709 terrae.
2087 2650 2225 2707 Saba
2254 2659 2310 2706 et
2338 2648 2544 2716 Dedan,
2582 2657 2638 2704 et
2665 2649 3030 2719 negotiatores
3057 2646 3305 2712 Tharsis,
3335 2652 3394 2701 et

1806 2762 1827 2797 ι
1868 2758 2058 2801 omnes
2077 2744 2262 2800 leones
2282 2743 2398 2813 ejus
2418 2741 2602 2796 dicent
2625 2742 2742 2807 tibi,
2771 2738 3021 2810 Nunquid
3043 2741 3111 2795 ad
3132 2737 3394 2794 sumenda

1808 2855 1828 2889 ι
1874 2836 2046 2907 spolia
2073 2844 2128 2889 tu
2153 2836 2339 2889 venis?
2364 2835 2503 2888 Ecce
2523 2833 2590 2888 ad
2612 2832 2973 2902 diripiendam
2998 2831 3235 2901 praedam
3264 2844 3393 2885 con-

1808 2944 1827 2979 ι
1874 2925 2115 2997 gregasti
2165 2922 2567 2978 multitudinem
2612 2930 2783 2987 tuam,
2812 2930 2873 2975 ut
2920 2920 3077 2976 tollas
3107 2928 3394 2991 argentum

1808 3035 1829 3070 ι
1872 3026 1930 3072 et
1950 3030 2165 3082 aurum,
2185 3014 2399 3070 auferas
2422 3012 2810 3083 supellectilem
2832 3019 2996 3080 atque
3011 3011 3396 3093 substantiam,

1812 3126 1831 3162 ι
1876 3117 1933 3165 et
1974 3107 2201 3178 diripias
2247 3105 2536 3161 manubias
2584 3103 2845 3158 infinitas.
2885 3104 3179 3172 I‘r0pterea
3208 3104 3398 3157 vatici-

1814 3219 1833 3253 ι
1879 3215 2029 3264 nare,
2064 3200 2136 3254 fili
2159 3198 2415 3263 hominis,
2434 3205 2488 3251 et
2508 3196 2657 3250 dices
2676 3196 2743 3249 ad
2762 3193 2899 3265 Gog,
2921 3193 3045 3248 Haec
3066 3194 3197 3249 dicit
3218 3193 3398 3248 Domi-

1815 3313 1835 3349 ι
1876 3311 1979 3351 nus
1999 3295 2140 3349 Deus
2165 3308 2179 3347 :
2201 3292 2454 3364 Nunquid
2478 3306 2586 3346 non
2610 3292 2662 3346 in
2685 3290 2906 3356 dieillo,
2927 3303 3047 3343 cum
3074 3285 3401 3343 habitaverit

1814 3402 1835 3440 ι
1875 3386 2103 3457 populus
2146 3400 2297 3441 meus
2345 3383 2511 3439 Israel
2554 3381 2907 3445 confidenter,
2940 3380 3081 3435 scies
3117 3386 3173 3433 et
3212 3377 3401 3433 venies

1815 3494 1837 3531 ι
1882 3477 1949 3532 de
1976 3476 2094 3532 loco
2117 3484 2209 3531 tuo
2231 3492 2261 3530 a
2286 3474 2546 3529 lateribus
2569 3471 2861 3542 aquilonis,
2887 3478 2940 3525 tu
2964 3478 3018 3525 et
3036 3467 3217 3540 populi
3245 3465 3402 3521 multi

1816 3586 1837 3622 ι
1882 3577 2062 3624 tecum
2085 3583 2403 3624 ascensores
2417 3580 2679 3637 equorum
2701 3563 3153 3628 universi,coetus
3173 3571 3402 3629 magnus

1818 3677 1838 3712 ι
1880 3668 1935 3715 et
1956 3659 2229 3713 exercitus
2252 3658 2565 3713 vehemens.
2587 3654 2656 3709 Et
2679 3654 2940 3708 aseendes
2964 3665 3127 3720 super
3145 3647 3402 3719 populum

1821 3768 1840 3802 ι
1890 3766 2067 3805 meum
2111 3748 2303 3813 Israel,
2332 3747 2485 3817 quasi
2518 3747 2689 3802 nubes
2726 3750 2787 3798 ut
2825 3742 3040 3823 operias
3070 3748 3294 3794 terram.
3340 3736 3401 3791 In

1821 3858 1839 3894 ι
1885 3840 2192 3896 novissimis
2223 3839 2416 3893 diebus
2455 3838 2583 3902 eris,
2616 3844 2671 3891 et
2710 3834 2975 3890 adducam
3008 3839 3059 3885 te
3093 3844 3257 3900 super
3288 3835 3403 3883 ter-

1821 3952 1841 3987 ι
1887 3949 2004 3987 ram
2033 3947 2209 3987 meam
2236 3939 2297 3986 ut
2320 3930 2493 3985 sciant
2519 3938 2708 4000 gentes
2752 3942 2838 3981 me
2866 3940 2988 3980 eum
3033 3920 3404 3978 sanctificatus

1825 4040 1844 4077 t
1891 4022 2045 4077 fuero
2081 4021 2134 4073 in
2163 4028 2212 4074 te
2235 4020 2290 4074 in
2317 4017 2489 4073 oculis
2519 4031 2728 4081 eorum,
2753 4030 2786 4069 o
2812 4012 2946 4083 Gog.
2981 4012 3106 4067 Hmc
3132 4010 3263 4065 dicit
3292 4007 3401 4063 Do-

1826 4131 1845 4167 ι
1888 4114 2067 4168 minus
2097 4112 2242 4166 Deus
2268 4129 2283 4165 :
2306 4110 2386 4164 'I‘u
2416 4124 2545 4179 ergo
2576 4108 2664 4162 ille
2688 4122 2748 4161 es
2775 4107 2841 4159 de
2870 4119 2976 4174 quo
3022 4104 3235 4158 locutus
3280 4114 3403 4154 sum

1826 4222 1845 4258 ι
1893 4205 1947 4258 in
1970 4203 2160 4257 diebus
2184 4201 2422 4271 antiquis
2445 4198 2499 4253 in
2526 4213 2690 4252 manu
2712 4211 2991 4251 servorum
3015 4208 3256 4249 meorum
3277 4206 3406 4261 pro-

1826 4315 1846 4350 ι
1891 4296 2177 4365 phetarum
2222 4290 2408 4359 Israel,
2461 4290 2553 4361 qui
2603 4290 3061 4360 prophetaverunt
3108 4284 3164 4339 in
3215 4283 3408 4338 diebus

1827 4407 1846 4441 r
1892 4387 2107 4443 illorum
2140 4395 2440 4454 temporum
2468 4390 2526 4437 ut
2559 4381 2887 4436 adducerem
2917 4386 2969 4432 te
2997 4391 3158 4446 super
3189 4390 3303 4430 cos.
3338 4373 3406 4428 Et

1828 4498 1847 4532 ι
1893 4478 2001 4534 erit
2028 4477 2082 4531 in
2109 4476 2196 4530 die
2222 4475 2331 4539 illa,
2362 4474 2417 4528 in
2450 4473 2538 4528 die
2572 4471 2834 4527 adventus
2864 4467 2981 4539 Gog
3014 4482 3176 4538 super
3206 4475 3407 4521 terram

108 4553 316 4615 ﬁdem,
348 4566 453 4620 (ιιιίι
491 4551 816 4605 mundam“
844 4550 897 4603 ί¹¹
929 4549 1275 4620 baptismate,
1304 4547 1459 4617 cuius
1486 4564 1715 4620 “Ellum
1745 4528 1796 4588 θ
1829 4587 1848 4622 ι
1892 4567 2075 4631 Israel,
2105 4569 2182 4622 ait
2212 4566 2470 4621 Dominus
2496 4564 2660 4629 Deus,
2684 4560 2939 4617 ascendet
2968 4558 3264 4629 indignatio
3290 4568 3411 4609 mea

109 4642 176 4697 in
216 4650 533 4711 perpetuum
560 4649 665 4705 est,
694 4648 753 4694 ut
784 4655 888 4693 non
924 4648 1297 4710 exspectemus
1334 4650 1562 4696 ventura
1599 4656 1720 4712 quae

108 4740 405 4788 transacta
430 4742 485 4785 et
508 4730 748 4801 quotidie
781 4731 1003 4801 transigi
1034 4732 1302 4786 novimus.

652 4838 880 4895 CAPUT
918 4839 1205 4894 XXXVIII.

110 4932 321 4989 Sermo
365 4929 579 4986 Domini
607 4940 788 4984 contra
822 4928 933 4999 Gog
961 4940 1010 4983 et
1039 4929 1266 5000 Magog;
1294 4930 1359 4984 de
1385 4930 1599 4986 interitu
1629 4948 1722 4986 ea-

602 5016 716 5053 rum
740 5010 786 5054 et
817 5009 1026 5069 peccato
1055 5002 1235 5070 populi

212 5136 233 5171 ι
270 5119 339 5174 Et
384 5119 560 5176 factus
588 5130 671 5175 est
712 5136 893 5175 sermo
923 5119 1133 5176 Domini
1165 5120 1232 5174 ad
1262 5134 1347 5173 me
1374 5119 1559 5174 dicens
1584 5134 1596 5170 :
1621 5115 1722 5170 Fili

120 5235 144 5270 ι
206 5215 464 5281 hominis,
491 5230 630 5285 pone
663 5213 855 5270 faciem
905 5225 1051 5270 tuam
1079 5222 1264 5269 contra
1296 5212 1410 5283 Gog
1440 5221 1495 5267 et
1522 5220 1721 5265 terram

123 5328 147 5361 ι
209 5306 399 5378 Magog
419 5307 716 5377 principem
742 5306 936 5375 capitis
964 5306 1181 5362 blosoch
1210 5315 1266 5361 et
1291 5304 1524 5368 Thubal,
1543 5311 1599 5357 et
1629 5317 1723 5356 va-

124 5418 150 5452 ι
214 5398 443 5454 ticinare
470 5398 536 5454 de
560 5413 647 5464 eo,
674 5408 731 5453 et
757 5397 907 5453 dices
934 5397 1002 5451 ad
1028 5412 1153 5453 eum
1178 5415 1191 5451 :
1222 5397 1349 5453 Ilaec
1378 5395 1509 5451 dicit
1533 5393 1721 5449 Domi-

125 5510 152 5542 ι
211 5504 317 5544 nus
344 5488 504 5554 Deus,
534 5488 673 5544 Ecce
711 5502 812 5559 ego
856 5487 925 5542 ad
946 5496 1000 5542 te
1025 5486 1139 5558 Gog
1182 5487 1481 5556 principem
1526 5484 1721 5556 capitis

129 5597 153 5631 ‹
213 5575 434 5634 Mosoch
462 5587 517 5633 et
556 5575 789 5633 'I‘hubal.
822 5576 891 5631 Et
923 5577 1287 5647 circumagam
1334 5585 1387 5631 te
1427 5585 1485 5632 et
1525 5590 1724 5647 ponam

129 5687 156 5722 ι
214 5665 429 5723 frenum
465 5669 519 5725 iu
548 5669 780 5725 maxillis
825 5668 955 5735 tuis,
980 5676 1037 5724 et
1063 5669 1287 5724 educam
1321 5675 1374 5723 te
1408 5675 1464 5723 et
1507 5682 1726 5724 omnem

133 5776 162 5810 ι
216 5758 515 5824 exercitum
554 5766 732 5827 tuum,
764 5772 933 5829 equos
964 5766 1019 5816 et
1048 5758 1259 5830 equites
1287 5758 1511 5816 vestitos
1544 5757 1729 5816 loricis

1830 4678 1849 4712 ι
1896 4659 1950 4714 in
1984 4658 2165 4713 furore
2208 4671 2329 4711 meo
2355 4663 2410 4710 et
2441 4655 2494 4708 iu
2525 4653 2640 4707 zelo
2684 4667 2824 4706 meo.
2861 4650 2919 4704 In
2969 4651 3091 4721 igne
3136 4649 3229 4702 ira:
3274 4662 3410 4701 mea:

1831 4768 1850 4805 ι
1896 4751 2108 4806 locutus
2134 4764 2279 4814 sum,
2308 4747 2433 4816 quia
2462 4746 2516 4798 in
2544 4745 2631 4799 die
2654 4743 2743 4796 illa
2771 4742 2876 4796 erit
2898 4740 3191 4796 commotio
3212 4753 3409 4808 magna

1831 4860 1851 4895 ι
1897 4857 2059 4911 super
2106 4850 2308 4895 terram
2350 4837 2539 4902 Israel,
2564 4844 2622 4891 et
2669 4833 3150 4891 commovebuntur
3194 4847 3225 4885 a
3271 4829 3413 4883 facie

1833 4950 1851 4984 ι
1895 4948 2014 4987 mea
2052 4930 2232 5002 pisces
2277 4929 2466 4992 maris,
2521 4934 2578 4983 et
2626 4927 2874 4983 volucres
2923 4924 3066 4989 cmli,
3126 4930 3182 4978 et
3221 4921 3411 4976 bestia;

1837 5044 1855 5078 ι
1896 5023 2034 5094 agri,
2064 5032 2116 5079 et
2136 5037 2297 5077 omne
2330 5020 2519 5090 reptile
2541 5019 2684 5091 quod
2705 5027 2952 5074 movetur
2974 5029 3138 5084 super
3164 5014 3411 5078 humum,

1835 5136 1854 5170 ι
1896 5116 2184 5185 cunctique
2224 5113 2470 5169 homines
2508 5113 2599 5183 qui
2640 5119 2767 5167 sunt
2809 5123 2970 5178 super
3000 5106 3197 5161 faciem
3228 5113 3406 5159 terra).

1836 5224 1855 5259 ι
1898 5206 1966 5261 Et
1984 5206 2368 5261 subvertentur
2391 5211 2623 5269 montes,
2649 5208 2704 5257 et
2732 5199 2927 5256 cadent
2950 5211 3125 5266 sepes,
3148 5203 3204 5250 et
3232 5193 3410 5249 omnis

1834 5315 1854 5350 ι
1898 5313 2085 5352 murus
2110 5303 2328 5350 corruet
2371 5295 2425 5348 in
2457 5302 2678 5349 terram.
2718 5290 2787 5345 Et
2817 5288 3123 5344 convocabo
3152 5286 3413 5341 adversus

1835 5406 1855 5444 t
1898 5404 2022 5446 eum
2050 5390 2105 5444 in
2139 5387 2348 5442 cunctis
2368 5385 2643 5441 montibus
2670 5382 2809 5439 meis
2834 5381 3092 5453 gladium,
3117 5379 3194 5433 ait
3223 5374 3412 5432 Domi-

1836 5501 1855 5536 ι
1896 5499 1999 5538 nus
2025 5482 2194 5535 Deus.
2227 5479 2451 5536 Gladius
2482 5475 2906 5546 uniuscujusque
2931 5473 2985 5527 in
3009 5473 3228 5527 fratrem
3255 5479 3413 5523 suum

1838 5593 1859 5629 ι
1904 5575 2188 5645 dirigetur.
2225 5572 2293 5626 Et
2320 5569 2575 5639 judicabo
2616 5582 2740 5623 eum
2766 5573 2918 5637 peste
2947 5574 3002 5620 et
3033 5561 3312 5632 sanguine,
3354 5563 3412 5609 et

1837 5683 1857 5718 ι
1902 5664 2076 5720 imbre
2099 5661 2404 5718 vehementi
2435 5668 2490 5714 et
2529 5657 2796 5729 lapidibus
2821 5652 3120 5711 immensis.
3152 5649 3333 5720 Ignem
3357 5652 3413 5698 et

1840 5777 1859 5810 ι
1905 5755 2131 5826 sulphur
2153 5753 2332 5825 pluam
2357 5766 2517 5823 super
2542 5758 2752 5819 eum,ct
2776 5764 2938 5807 suoer
2959 5744 3254 5803 exercitum
3274 5738 3414 5804 eius,
