3916 6356
158 361 275 419 869

1087 362 1439 420 COMMENT.
1478 362 1546 419 IN
1582 361 2039 421 EZECHIEIEM.
2078 392 2150 405 —
2184 363 2313 421 LIB.
2350 364 2491 422 XIII.
3315 367 3420 426 870

130 472 345 553 muti).
381 491 401 527 ι
434 471 541 529 Sed
563 487 669 528 non
708 470 844 529 tales
865 471 1043 545 anguli
1069 480 1247 539 terrae,
1277 474 1342 529 de
1364 473 1560 544 quibus
1581 489 1735 545 egre-
1763 476 1816 536 Α
1840 485 2032 543 quosa,
2060 472 2115 527 in
2144 472 2340 543 quibus
2369 473 2616 530 diabolus
2654 471 2831 530 locum
2856 473 3099 532 invenire
3137 490 3243 532 non
3270 484 3424 548 pote-‘-

156 564 389 621 diuntur
412 560 527 634 Cog
555 571 611 618 et
642 561 848 633 Magog,
879 561 1035 632 juxta
1064 578 1199 632 quos
1230 562 1454 634 angulos
1482 571 1592 618 stat
1622 578 1737 618 me-

154 655 336 710 retrix
386 654 441 709 in
467 653 772 709 Proverbiis
815 651 996 725 (Prov.
1022 652 1145 724 vu),
1187 668 1308 725 qua:
1353 660 1740 723 praetereuntes

158 744 363 800 stultos
392 743 618 813 juvenes
662 758 760 815 per
806 743 1029 814 plateas,
1077 759 1176 815 per
1199 743 1367 799 latam
1409 744 1660 800 videlicet
1685 751 1742 799 et

156 837 461 907 spatiosum
488 834 652 901 viam,
693 849 813 904 quae
834 834 979 889 ducit
1011 834 1079 889 ad
1122 842 1352 890 mortem
1384 832 1599 907 (Matth.
1638 834 1739 906 vi),

158 932 415 1003 decipere
440 929 658 985 festinat
685 947 699 982 :
732 927 924 983 scribae
968 940 1181 996 quoque
1218 934 1275 981 et
1299 925 1558 981 Pharistei
1584 933 1742 980 orant

158 1021 218 1077 in
268 1019 478 1092 angulis
524 1019 827 1091 platearum
873 1026 932 1072 ut
978 1017 1047 1072 ab
1082 1016 1390 1072 hominibus
1415 1017 1735 1081 videantur;

122 1098 258 1182 ‘qui
310 1117 630 1181 receperunt
681 1109 1005 1165 mercedem.
1037 1105 1168 1174 Quae
1211 1114 1295 1162 est
1340 1105 1505 1177 igitur
1549 1115 1740 1161 contra

152 1200 281 1274 Gog
313 1199 693 1257 comminatio?
732 1217 751 1251 ι
802 1200 1178 1270 Circumagam
1230 1206 1303 1263 te,
1353 1198 1468 1254 sive
1515 1212 1739 1253 conver-

156 1302 297 1360 tam,
329 1302 384 1348 et
404 1307 598 1362 ponam
620 1290 830 1347 frenum
866 1292 919 1345 in
947 1289 1181 1345 maxillis
1214 1290 1339 1345 tuis.
1380 1309 1399 1343 ι
1430 1290 1672 1344 Primum
1707 1304 1740 1344 a

151 1382 429 1439 sententia
480 1391 567 1438 tua
622 1381 885 1438 fluctuare
932 1390 984 1437 te
1014 1380 1206 1436 faciam
1259 1389 1423 1451 atque
1476 1382 1736 1437 converti.

159 1492 187 1524 ι
225 1473 293 1527 Ει
321 1488 517 1543 ponam
543 1471 756 1528 frenum
799 1472 855 1527 in
882 1470 1119 1527 maxillis
1147 1470 1276 1525 tuis.
1312 1489 1331 1523 ι
1377 1470 1453 1525 De
1474 1485 1581 1540 quo
1604 1470 1742 1526 scri-

147 1572 315 1635 ptum
350 1570 472 1619 est:
508 1580 528 1614 ι
562 1562 622 1617 In
650 1577 806 1618 camo
834 1571 888 1618 et
932 1561 1086 1617 freno
1126 1560 1374 1618 maxillas
1399 1574 1585 1615 eorum
1613 1574 1741 1615 con-

148 1652 392 1723 stringe,
416 1651 508 1722 qui
537 1667 645 1706 non
685 1652 1061 1722 approximant
1085 1653 1154 1707 ad
1192 1659 1245 1707 te
1288 1648 1460 1722 (Psal.
1506 1648 1680 1721 xm),
1715 1668 1733 1700 ι

146 1750 223 1796 ιιι
247 1732 538 1797 indomitus
562 1757 734 1812 equus
771 1750 934 1813 atque
967 1742 1252 1798 lasciviens
1280 1749 1336 1797 et
1359 1755 1618 1797 corruens
1643 1756 1738 1811 per

1840 570 1947 630 rat,
2007 563 2133 633 quia
2181 564 2362 619 vocati
2410 563 2629 619 fuerant
2676 564 2745 619 ad
2795 566 3074 634 salutem;
3130 575 3188 622 et
3231 576 3423 636 postea

1840 654 2140 725 adsumptis
2182 653 2305 710 aliis
2333 663 2537 726 septem
2586 655 2922 712 daemonibus
2971 659 3321 729 nequioribus
3362 673 3425 717 se

1839 760 2089 801 reversus
2115 753 2198 801 est
2238 746 2294 800 in
2323 747 2540 801 domum
2571 762 2724 802 suam
2755 745 2971 814 (ΜαιιΙι.
3019 749 3143 821 ιιι),
3185 750 3254 804 ad
3294 763 3427 821 gen-

1838 842 1948 891 tem
1977 834 2228 910 videlicet
2265 834 2451 892 Israel.
2484 856 2502 889 ι
2538 836 2684 903 Haec,
2729 836 2926 907 inquit,
2958 839 3024 894 de
3048 837 3260 909 populis
3283 840 3418 895 edu-

1842 935 1928 981 cta
1954 936 2059 993 est,
2098 946 2119 979 ι
2151 927 2471 983 subauditur
2519 936 2704 984 terra:
2761 930 2875 985 sive
2927 916 3016 985 hic
3066 931 3132 985 de
3174 932 3425 1002 gentibus

1839 1016 2069 1071 eductus
2121 1022 2241 1081 est,
2290 1024 2351 1070 ut
2398 1016 2726 1088 intelligatur
2779 1018 3118 1073 credentium
3174 1020 3423 1090 populus,

1839 1105 1932 1176 qui
1962 1105 2228 1161 habitavit
2257 1105 2311 1160 in
2339 1121 2473 1177 pace
2513 1114 2568 1161 et
2593 1108 2814 1162 confidit
2842 1108 2896 1162 in
2921 1108 3170 1165 Domino.

1907 1193 2222 1251 Ascendens
2271 1208 2452 1251 autem
2502 1195 2618 1267 Gog
2663 1213 2786 1252 cum
2829 1198 2975 1253 omni
3008 1199 3252 1255 exercitu
3301 1213 3423 1266 suo,

1838 1284 1995 1354 quasi
2046 1293 2340 1355 tempestas
2369 1286 2571 1353 veniet,
2609 1294 2665 1342 et
2707 1288 2861 1358 quasi
2894 1290 3066 1344 nubes
3110 1298 3170 1345 ut
3212 1291 3428 1361 operiat

1841 1382 2042 1429 terram
2075 1374 2429 1431 credentium.
2467 1375 2599 1444 Quis
2645 1377 2790 1432 enim
2840 1378 3239 1445 haereticorum,
3284 1395 3425 1451 quo-

1837 1481 1957 1521 rum
1983 1467 2233 1538 princeps
2269 1469 2516 1526 diabolus
2547 1478 2650 1537 est,
2693 1487 2800 1526 non
2832 1474 2985 1543 quasi
3016 1483 3309 1545 tempestas
3332 1493 3427 1533 ve—

1837 1556 1920 1611 nit
1967 1567 2157 1613 contra
2207 1558 2529 1625 Ecclesiam,
2584 1568 2639 1615 et
2680 1563 2823 1617 nube
2865 1564 3158 1619 verborum
3205 1581 3426 1621 suorum

1838 1648 2110 1720 simplices
2138 1665 2383 1721 quosque
2411 1652 2749 1707 credentium
2795 1654 3102 1724 opprimere
3129 1667 3186 1710 et
3212 1659 3426 1727 operire

1838 1735 2101 1794 festinat?
2126 1738 2282 1797 Unde
2325 1741 2525 1796 dicitur
2551 1743 2617 1797 ad
2653 1757 2775 1798 eum
2810 1761 2824 1798 :
2858 1753 3119 1814 quantum
3146 1746 3200 1801 in
3243 1756 3296 1803 te
3322 1757 3426 1815 est,

144 1830 458 1901 praecipitia
489 1829 640 1886 freno
674 1831 888 1886 Domini
917 1832 1249 1903 subjugetur.
1297 1830 1377 1885 Ad
1424 1846 1583 1902 quem
1615 1844 1740 1899 pro-
1769 1818 1816 1879 B
1843 1837 2038 1886 cuncta
2085 1831 2301 1902 operies
2353 1840 2410 1887 tu
2450 1841 2506 1888 et
2548 1835 2729 1889 omnia
2761 1836 2976 1906 agmina
3026 1847 3136 1903 tua,
3165 1848 3218 1893 et
3245 1840 3427 1910 populi

144 1920 321 1990 pheta
357 1919 523 1974 dicit:
553 1939 572 1971 ί
600 1921 849 1976 Ascende
867 1937 1032 1992 super
1049 1938 1219 1993 equos
1234 1930 1375 1987 tuos,
1395 1930 1449 1977 et
1471 1921 1736 1992 equitatio

148 2019 251 2064 tua
274 2010 419 2065 salus
458 2008 685 2083 (Habac.
715 2010 820 2085 ιιι).
859 2032 878 2064 ›
908 2013 977 2067 Ει
1005 2013 1075 2067 ad
1095 2012 1198 2069 Job
1223 2028 1322 2083 per
1348 2013 1520 2067 nubes
1543 2021 1599 2067 et
1621 2012 1737 2067 tur-

147 2100 339 2156 binem
370 2101 604 2156 dicitur:
639 2119 657 2153 ι
709 2102 790 2157 Tu
835 2104 1236 2159 circumdedisti
1279 2118 1417 2175 equo
1465 2102 1740 2158 fortituti-

149 2203 284 2242 item
330 2188 472 2260 (Job.
529 2190 742 2262 χχιιι).
783 2210 802 2242 ι
855 2191 1014 2247 Tales
1063 2200 1218 2246 erant
1261 2193 1385 2263 equi
1432 2199 1489 2247 et
1529 2193 1740 2262 equites

150 2297 388 2353 quorum
431 2282 828 2339 multitudinem
874 2282 1109 2341 Joannes
1140 2285 1270 2340 vidit
1300 2285 1355 2339 in
1393 2285 1553 2340 coelo.
1599 2285 1740 2339 Dicit

153 2387 291 2444 ergo
332 2373 399 2428 ad
443 2372 559 2444 Cog
606 2392 619 2427 :
660 2392 679 2425 ι
721 2373 958 2430 Edueam
984 2415 999 2441 ,
1046 2376 1163 2431 sive
1203 2377 1542 2447 congregabo
1589 2384 1641 2432 te
1685 2384 1741 2430 et

152 2476 373 2519 omnem
398 2464 694 2520 exercitum
719 2465 804 2520 vel
832 2464 1203 2522 fortitudinem
1227 2476 1393 2522 tuam.
1432 2487 1451 2519 ι
1478 2466 1580 2535 Qui
1610 2468 1740 2522 educ

153 2554 316 2618 citur,
355 2562 410 2609 et
449 2554 516 2610 de
548 2554 881 2625 dispersione
923 2566 1301 2627 congregatur,
1345 2557 1642 2611 retrahitur
1667 2556 1738 2611 ad

152 2644 405 2699 salutem.
439 2643 600 2699 Juxta
630 2644 759 2700 illud
787 2646 930 2715 quod
959 2646 1013 2701 in
1044 2646 1183 2718 Lege
1203 2646 1539 2716 promittitur
1570 2664 1584 2700 :
1622 2664 1642 2698 ι
1679 2645 1737 2701 Si

153 2733 322 2788 fuerit
344 2734 606 2804 dispersio
636 2742 725 2790 tua
757 2751 787 2790 a
817 2737 1127 2791 summitate
1150 2737 1270 2792 coeli
1303 2752 1473 2807 usque
1499 2738 1567 2792 ad
1594 2745 1739 2792 sum-

154 2822 404 2877 mitatem
457 2822 574 2892 ejus
622 2825 747 2879 inde
790 2827 1132 2897 congregabo
1185 2833 1239 2880 te
1290 2825 1465 2898 (Deut.
1523 2826 1675 2897 xxx).
1712 2846 1732 2879 ι

154 2912 342 2982 Equos
386 2930 603 2984 quoque
649 2916 766 2987 ejus
813 2926 867 2972 et
891 2918 1104 2989 equites
1146 2919 1372 2974 vestitos
1411 2920 1614 2987 loricis,
1646 2920 1740 2991 qui

153 3003 439 3058 imitantur
480 3014 811 3062 armaturam
855 3007 1095 3078 Apostoli
1129 3008 1344 3081 (Ephes.
1375 3009 1475 3081 γι),
1518 3019 1575 3065 et
1609 3010 1742 3065 lori-

156 3111 251 3151 cas
273 3096 499 3166 justitiae
535 3099 734 3154 habere
766 3115 825 3155 se
847 3098 1076 3168 iactant,
1105 3101 1394 3157 multitudo
1437 3102 1605 3156 nimia
1634 3110 1734 3168 est,

154 3198 455 3258 omnesque
507 3191 775 3262 arripiunt
830 3202 1021 3248 contra
1068 3193 1355 3250 ecclesiam
1403 3193 1649 3266 clypeum
1686 3204 1736 3248 et
1766 3166 1812 3229 (ἶ

152 3282 409 3360 gladium.
441 3284 503 3345 Et
540 3294 662 3345 arant
693 3294 881 3360 gentes
928 3287 1238 3346 suavissima:
1283 3298 1339 3346 et
1385 3288 1618 3346 inimica:
1659 3288 1738 3347 ls-

154 3379 291 3444 rael,
315 3379 514 3444 l’ersaa,
546 3379 850 3449 Ethiopes,
882 3389 937 3435 et
958 3380 1175 3451 Libyes,
1199 3396 1430 3451 quorum
1452 3381 1740 3437 adversum

152 3470 410 3540 populum
436 3471 528 3526 Dei
552 3471 693 3527 bella
721 3481 1030 3527 narrantur.
1072 3472 1273 3528 Gomer
1311 3488 1524 3544 quoque
1567 3482 1621 3529 et
1646 3474 1742 3531 do-

158 3578 279 3619 nius
307 3563 631 3636 Thogorma,
674 3565 767 3635 qui
800 3565 1025 3621 veniunt
1062 3564 1128 3619 de
1157 3564 1417 3620 lateribus
1452 3566 1738 3634 aquilonis,

156 3653 251 3722 qui
280 3660 364 3708 est
391 3662 583 3708 ventus
606 3652 1010 3724 frigidissimus,
1032 3661 1086 3708 et
1109 3654 1326 3709 nomine
1350 3654 1553 3710 Dexter
1578 3669 1742 3710 voca-

154 3750 268 3809 tur,
315 3751 601 3814 totumque
630 3745 797 3799 robur
843 3744 1033 3817 Magog
1077 3752 1133 3800 et
1174 3759 1363 3800 omnes
1394 3744 1486 3815 qui
1515 3744 1741 3814 subjecti

157 3845 283 3893 sunt
310 3836 359 3891 ei
384 3836 566 3906 pepuli
594 3837 813 3890 venient
852 3850 972 3890 cum
1005 3836 1095 3890 illo
1125 3837 1193 3891 ad
1234 3836 1501 3907 praelium.
1532 3836 1632 3892 Cui
1658 3836 1743 3891 di-

156 3927 301 3983 citur
325 3942 421 3997 per
464 3927 686 4004 ἱρωνίαν,
720 3943 738 3976 ι
772 3940 1016 3996 praepara
1066 3933 1117 3980 te
1145 3934 1200 3980 et
1252 3926 1479 3991 instrue,
1522 3934 1579 3981 et
1622 3940 1744 3993 om-

156 4033 283 4073 nem
324 4015 728 4071 multitudinem
779 4023 950 4080 tuam,
993 4029 1112 4084 qua:
1156 4015 1264 4070 tuis
1294 4022 1450 4084 paret
1475 4014 1745 4084 imperiis,

155 4120 423 4163 coacerva
445 4106 512 4160 ad
539 4118 608 4159 te.
633 4125 651 4157 ι
680 4104 787 4159 Sed
819 4104 956 4159 scito
978 4106 1120 4174 quod
1147 4113 1270 4175 post
1298 4104 1499 4160 multos
1522 4106 1638 4160 dies
1660 4105 1745 4159 vi-

159 4196 438 4261 sitaheris,
470 4196 625 4266 juxta
656 4195 784 4251 illud
813 4196 955 4265 quod
983 4195 1244 4267 scriptum
1274 4204 1358 4252 est
1391 4214 1403 4250 :
1450 4217 1469 4249 ι
1501 4196 1746 4252 Visitabo

159 4287 217 4343 in
244 4288 397 4359 virga
430 4287 743 4356 iniquitates
772 4301 982 4353 eorum,
1014 4286 1147 4341 utin
1180 4287 1500 4342 verberibus
1523 4295 1747 4357 peccata

157 4382 349 4435 eorum
385 4376 558 4450 (Psal.
583 4377 869 4449 Lxxxvtn).
910 4395 930 4430 ι
954 4395 1052 4428 -‹
1086 4376 1147 4431 In
1197 4376 1514 4442 novissimo,
1545 4375 1742 4446 inquit,

160 4485 425 4525 annorum
480 4469 698 4535 venies;
765 4488 784 4522 ι
854 4467 1008 4524 Unde
1065 4475 1123 4524 et
1174 4465 1411 4524 Joannes
1461 4467 1741 4538 loquitur:

166 4579 186 4612 ι
217 4560 392 4615 Filioli
440 4559 567 4625 mei,
616 4559 910 4615 novissima
960 4559 1096 4615 hora
1150 4568 1238 4615 est
1265 4557 1319 4631 (Ι
1380 4556 1543 4613 loan.
1592 4560 1678 4628 ιι).
1717 4575 1738 4610 ι

158 4654 230 4710 Et
261 4655 491 4725 pepnlns
523 4654 762 4725 gentium
808 4655 1093 4710 undecima
1132 4656 1202 4710 ad
1241 4655 1573 4725 operandam
1612 4670 1746 4711 con-

162 4745 376 4801 ducitur
401 4745 635 4800 vincam.
669 4745 753 4801 Ad
799 4761 1029 4816 quorum
1073 4754 1294 4813 terram,
1330 4747 1383 4802 id
1410 4754 1516 4812 est,
1546 4754 1751 4803 terram

161 4834 395 4902 mitium,
416 4843 727 4907 terramque
747 4844 1077 4901 sanctorum,
1095 4851 1216 4906 quae
1238 4835 1397 4892 affert
1422 4844 1677 4893 centenos
1699 4845 1756 4893 et

162 4938 464 4994 sexagenos
494 4931 548 4978 et
580 4924 814 4981 tricenos
844 4924 1071 4991 fructus,
1094 4927 1244 4982 venit
1279 4926 1397 5000 Gog
1434 4942 1752 5000 expugnan-

162 5014 312 5082 dam,
327 5032 446 5086 qute
475 5031 692 5073 reversa
718 5027 821 5085 est,
841 5020 956 5074 sive
983 5035 1171 5077 aversa
1194 5037 1224 5076 a
1248 5022 1446 5094 gladio.
1468 5022 1584 5079 Scit
1608 5023 1752 5079 enim

164 5106 459 5178 scriptum:
484 5126 502 5159 ι
524 5106 756 5178 Dissipa,
772 5110 1018 5177 Domine,
1043 5121 1389 5183 gentes,qua:
1415 5113 1555 5168 bella
1568 5114 1756 5171 volunt

167 5196 343 5270 (Psat.
368 5198 610 5271 exvit).'t
647 5200 714 5254 Et
740 5201 793 5255 in
818 5215 952 5270 pace
974 5202 1241 5259 consistit.
1278 5221 1297 5254 ι
1332 5203 1399 5258 Ει
1426 5212 1753 5276 congregata

166 5295 250 5345 est
265 5288 330 5343 de
349 5289 560 5360 populis
579 5297 634 5345 et
654 5290 902 5360 gentibus
923 5293 1128 5359 multis,
1148 5312 1166 5345 ι
1185 5300 1245 5348 ιιι
1265 5294 1544 5349 nationum
1565 5308 1753 5350 errore

166 5387 476 5450 contempto
502 5382 715 5437 veniret
741 5382 808 5436 ad
838 5391 1050 5438 montes
1071 5382 1256 5450 Israel,
1300 5385 1642 5455 patriarchas
1665 5384 1750 5439 vi-

170 5469 363 5527 delicet
390 5480 448 5528 et
486 5473 798 5544 prophetas,
836 5472 928 5543 qui
971 5472 1188 5529 fuerunt
1231 5476 1507 5546 quondam
1548 5475 1752 5531 deserti

165 5558 365 5632 jugiter
387 5563 505 5617 sine
545 5562 662 5632 lege
704 5561 800 5618 Dei
825 5570 881 5618 et
923 5562 1229 5634 prmeeptis.
1260 5563 1360 5618 Cui
1403 5573 1592 5635 postea
1618 5564 1754 5621 dici-

174 5655 300 5702 tur:
343 5667 361 5701 t
415 5648 606 5705 Plures
639 5650 733 5706 filii
763 5652 991 5708 desertae
1034 5652 1230 5724 magis,
1266 5668 1432 5723 quam
1473 5652 1590 5724 ejus
1634 5670 1755 5726 qua:

175 5738 337 5797 habet
360 5740 539 5797 virum
567 5740 712 5813 (Gal.
760 5742 855 5816 tv).
888 5762 907 5798 ι
961 5741 1069 5800 Ista
1110 5750 1238 5802 sunt
1282 5741 1497 5801 deserta
1541 5751 1597 5801 et
1638 5744 1777 5819 ina-7

1840 1919 1996 1975 multi
2023 1928 2223 1977 tecum.
2267 1921 2609 1994 Pulchreque
2636 1927 2937 1983 ascendens
2966 1927 3082 1998 Gog
3122 1944 3229 1984 non
3265 1930 3432 1986 habet

1839 2010 2077 2081 pluviam
2110 2012 2489 2080 voluntariam,
2524 2030 2630 2071 non
2674 2016 2902 2071 imbrem
2937 2026 3344 2087 temporanenm
3374 2031 3432 2076 et

1841 2101 2161 2169 serotinum,
2192 2102 2285 2173 qui
2332 2105 2540 2159 arentia
2572 2119 2701 2158 arva
2741 2106 3022 2162 lmtiflcet:
3074 2109 3169 2164 sed
3217 2117 3426 2181 tempe-

1841 2199 2037 2248 statem
2086 2201 2144 2248 et
2174 2194 2482 2266 caliginem,
2520 2204 2581 2250 ut
2626 2206 2823 2253 cuncta
2867 2186 3109 2256 tenebris
3149 2207 3204 2256 et
3245 2217 3432 2258 errore

1841 2282 2156 2339 confundat.
2225 2284 2521 2357 Propterea
2586 2287 2703 2343 hzec
2769 2289 2819 2343 ei
2871 2289 3113 2360 loquitur
3170 2291 3432 2348 Dominus

1840 2372 2024 2429 Deus:
2063 2394 2082 2426 ι
2115 2374 2173 2430 In
2209 2374 2301 2431 illo
2329 2384 2590 2449 tempore,
2640 2379 2743 2433 hoc
2769 2388 2853 2434 est
2892 2381 2946 2435 in
2984 2381 3174 2437 diebus
3200 2382 3432 2438 novissi-

1838 2463 1965 2530 mis,
2012 2465 2307 2521 ascendent
2350 2482 2630 2523 sermones
2660 2484 2825 2538 super
2852 2485 2947 2525 cor
2975 2479 3149 2536 tuum,
3195 2479 3252 2527 et
3280 2471 3429 2540 cogi-

1840 2554 1981 2609 tabis
2034 2555 2414 2626 cogitationem
2464 2559 2787 2628 pessimam;
2838 2558 3117 2629 Scriptura
3167 2562 3423 2617 dicente:

1842 2642 1901 2698 Si
1943 2644 2167 2714 spiritus
2211 2652 2539 2717 potestatem
2591 2648 2840 2704 habentis
2875 2651 3169 2704 ascendere
3196 2651 3430 2707 voluerit

1842 2746 2005 2802 super
2035 2742 2110 2801 te,
2154 2735 2332 2791 locum
2375 2744 2525 2791 tuum
2568 2752 2637 2792 ne
2665 2738 3013 2808 derelinquas
3045 2738 3245 2810 (Eccle.
3284 2739 3363 2812 ι).
3400 2759 3422 2793 ι

1840 2822 1884 2878 Ε
1910 2826 2185 2881 contrario
2209 2836 2390 2882 autem
2433 2828 2486 2883 in
2516 2828 2692 2883 sancti
2744 2843 2839 2882 cor
2879 2830 3124 2883 ascendit
3152 2830 3314 2893 Deus,
3362 2830 3432 2884 tle

1841 2927 1949 2983 quo
1969 2915 2236 2984 scriptum
2264 2926 2382 2971 est:
2421 2934 2440 2967 ι
2475 2917 2839 2972 Ascensiones
2882 2917 2937 2971 in
2973 2919 3137 2972 corde
3175 2933 3274 2973 suo
3319 2919 3431 2974 dis-

1840 3006 2022 3075 posuit
2065 3004 2237 3079 (Psal.
2266 3007 2520 3079 uniti).
2559 3028 2578 3059 ι
2613 3008 2859 3077 Dicitque
2894 3007 3030 3078 Gog,
3070 3027 3088 3058 ι
3123 3008 3428 3064 Ascendam

1841 3097 1911 3152 ad
1940 3106 2143 3152 terram
2173 3098 2378 3169 absque
2409 3114 2586 3163 muro,
2628 3119 2647 3152 ι
2694 3099 2807 3155 sive
2853 3096 3170 3172 projectum,
3207 3101 3311 3157 hoc
3353 3108 3439 3159 est

1844 3205 1964 3259 qua:
2009 3189 2105 3245 Dei
2152 3190 2355 3245 auxilio
2419 3191 2676 3248 destituta
2729 3201 2831 3258 est,
2877 3209 2979 3249 nec
3031 3193 3436 3249 dialecticorum

1843 3281 2317 3352 argumentatione
2362 3283 2591 3337 munita.
2658 3302 2677 3334 ι
2721 3281 2948 3356 Veniam
2994 3283 3062 3339 ad
3096 3283 3436 3353 quiescentes

1842 3372 2150 3429 habitantes
2169 3391 2275 3446 que
2297 3389 2508 3443 secure,
2532 3394 2550 3425 ι
2571 3375 2686 3430 sive
2709 3376 2761 3429 in
2784 3389 2948 3445 pace:
2970 3391 3064 3432 rex
3085 3376 3230 3432 enim
3250 3384 3438 3432 noster

1841 3463 2101 3532 pacificus
2128 3472 2235 3529 est,
2261 3474 2316 3520 et
2340 3466 2393 3519 in
2423 3480 2557 3534 pace
2589 3464 2739 3520 locus
2775 3465 2912 3536 ejus.
2943 3485 2961 3518 ι
3008 3465 3076 3521 Hi
3110 3481 3320 3533 omnes,
3352 3467 3436 3521 in-

1842 3554 1978 3624 quit,
2012 3555 2258 3609 habitant
2283 3556 2400 3611 sine
2431 3572 2586 3612 muro
2620 3574 2633 3610 :
2664 3565 2847 3612 vectes
2878 3564 2935 3611 et
2969 3564 3140 3626 porta:
3168 3572 3276 3612 non
3308 3564 3438 3611 sunt

1842 3642 1941 3696 eis.
1976 3660 1994 3692 ι
2032 3641 2145 3697 Hoc
2190 3642 2434 3698 diabolus
2459 3644 2713 3714 princeps
2754 3645 3136 3699 btereticorum
3169 3643 3429 3715 loquitur,

1842 3734 1985 3804 quod
2016 3734 2161 3789 nulla
2185 3735 2384 3790 habeat
2418 3737 2752 3791 munimenta
2787 3734 3051 3801 Ecclesia,
3079 3749 3180 3791 nec
3209 3735 3432 3805 sapien-

1845 3825 1977 3880 tiam
2008 3825 2344 3892 saacularem,
2382 3842 2503 3897 qua:
2532 3828 2674 3897 apud
2724 3827 2895 3882 Deum
2942 3826 3171 3882 stultitia
3218 3834 3321 3892 est,
3374 3833 3436 3881 ut

1844 3917 2066 3987 diripiat
2101 3917 2294 3988 spolia,
2325 3927 2382 3974 et
2412 3919 2634 3974 invadat
2673 3921 2910 3989 praedam
2952 3919 3230 3985 Ecclesiae,
3269 3928 3323 3974 et
3352 3920 3434 3973 in-

1844 4005 1988 4061 ferat
2034 4022 2253 4062 manum
2285 4023 2438 4062 suam
2470 4023 2635 4077 super
2662 4024 2777 4073 eos,
2821 4009 2914 4077 qui
2958 4008 3162 4064 deserti
3194 4009 3430 4073 fuerant,

1845 4098 2060 4168 quando
2101 4098 2197 4153 Dei
2226 4097 2473 4153 notitiam
2501 4113 2607 4152 non
2639 4098 2929 4163 habebant,
2978 4108 3032 4152 et
3057 4109 3246 4168 postea
3281 4098 3437 4152 resti-

1846 4189 1946 4243 tuti
1987 4203 2088 4259 per
2123 4188 2421 4254 Christum,
2451 4189 2672 4243 veniant
2713 4190 2780 4244 ad
2808 4189 3050 4254 Patrem,
3083 4192 3170 4245 cui
3199 4190 3439 4261 loquitur

1845 4279 1902 4334 in
1939 4279 2229 4350 Evangelia
2274 4279 2455 4352 (Joan.
2502 4279 2677 4351 xvii):
2716 4300 2734 4331 ι
2785 4279 2967 4346 Pater,
3014 4282 3195 4338 revela
3240 4297 3436 4337 nomen

1846 4378 1997 4425 tuum
2022 4370 2348 4426 hominibus.
2388 4390 2408 4422 ι
2458 4371 2529 4426 Ει
2556 4377 2616 4426 ιιι
2643 4371 2880 4427 sciamus
2906 4372 3183 4444 populum,
3215 4373 3307 4443 qui
3345 4373 3438 4429 de-

1848 4468 2027 4516 sertus
2063 4460 2258 4528 fuerat,
2291 4470 2346 4517 et
2372 4470 2560 4532 postea
2590 4463 2874 4520 restitutus
2915 4464 3223 4536 significare
3256 4480 3433 4536 popu-

1849 4549 1961 4607 lum
2008 4551 2401 4619 Christianum,
2454 4555 2736 4624 sequitur:
2783 4574 2802 4605 ι
2849 4555 2917 4609 Ει
2958 4570 3121 4625 super
3152 4556 3432 4626 populum,

1854 4642 1945 4712 qui
1972 4650 2057 4697 est
2086 4651 2443 4714 congregatus
2467 4657 2536 4698 ex
2562 4644 2836 4713 gentibus,
2889 4645 2981 4713 qui
3011 4645 3240 4715 populus
3269 4645 3441 4714 possi-

1853 4730 1983 4785 dere
2017 4731 2183 4800 coepit
2210 4731 2578 4786 baereditatem
2607 4730 2838 4797 Christi,
2890 4740 2945 4787 et
2990 4747 3113 4788 esse
3164 4733 3442 4787 habitator

1852 4821 2092 4877 umbilici
2122 4828 2311 4887 terras;
2353 4843 2372 4873 ι
2404 4824 2471 4877 de
2510 4838 2617 4893 qua
2652 4825 2918 4895 scriptum
2941 4836 3026 4881 est
3056 4840 3073 4879 :
3112 4843 3131 4876 ι
3169 4825 3440 4895 Operatus

1855 4919 1940 4966 est
1984 4911 2213 4967 salutem
2256 4913 2309 4967 in
2353 4914 2531 4969 medio
2562 4924 2745 4982 terrae,
2777 4917 2982 4971 veritas
3009 4916 3155 4973 enim
3184 4916 3252 4970 de
3294 4923 3439 4971 terra

1857 5011 1976 5059 orta
2003 5011 2088 5059 est
2125 5001 2298 5076 (Psal.
2339 5006 2584 5077 Lxxxw),
2621 5027 2641 5059 ι
2677 5022 2797 5077 qua:
2840 5008 2971 5063 dicit
3002 5008 3057 5063 in
3101 5006 3435 5077 Evangelia:

1861 5115 1880 5148 ι
1909 5096 2021 5168 Ego
2064 5111 2185 5151 sum
2230 5097 2337 5161 via,
2387 5107 2443 5152 et
2477 5098 2605 5164 vita,
2645 5108 2701 5154 et
2747 5100 2950 5155 veritas
3004 5099 3187 5172 (Joan.
3239 5097 3373 5169 xiv).
3413 5115 3433 5148 ο

1854 5186 1982 5242 Haec
2030 5187 2121 5243 illo
2166 5188 2437 5260 cogitante
2467 5197 2630 5261 atque
2672 5188 2908 5255 dicente,
2951 5196 3007 5244 et
3041 5188 3437 5258 possessionem

1853 5280 2110 5337 Ecclesia:
2139 5296 2334 5352 rapere
2365 5282 2674 5347 festinante,
2728 5290 2916 5352 gentes
2965 5296 3086 5351 qua:
3134 5281 3202 5337 ab
3249 5294 3439 5335 errore

1857 5374 2086 5444 pristino
2113 5390 2391 5431 conversae
2436 5375 2651 5433 fuerant
2691 5377 2759 5432 ad
2789 5376 3037 5442 salutem,
3071 5375 3213 5433 Saba
3238 5385 3294 5432 et
3331 5375 3439 5431 De-

1860 5470 1984 5535 dan,
2007 5477 2061 5524 et
2082 5469 2445 5539 negotiatores
2469 5468 2712 5534 Tharsis,
2734 5467 3094 5540 Carthaginis,
3113 5469 3227 5524 sive
3249 5466 3433 5530 maris,

1859 5561 1951 5632 qui
1984 5561 2127 5616 inter
2167 5559 2351 5614 seculi
2396 5557 2557 5628 hujus
2601 5557 2797 5615 fluctus
2826 5559 2981 5615 bonis
3016 5558 3271 5629 Operibus
3290 5570 3424 5623 qum

1860 5658 1987 5707 runt
2015 5648 2388 5714 mercimonia,
2417 5655 2472 5701 et
2500 5663 2690 5704 omnes
2715 5648 2855 5704 villa:
2879 5663 3088 5712 earum,
3118 5647 3229 5701 sive
3253 5643 3438 5699 leones

1862 5751 1956 5799 aut
1980 5740 2143 5798 catuli
2189 5740 2431 5808 leonum,
2476 5748 2534 5797 ut
2575 5740 2630 5797 in
2679 5739 2941 5799 Hebraico
2988 5738 3331 5815 continetur,
3357 5732 3437 5791 lo-
