3916 6356
130 411 198 470 75

93 414 198 472 875
1017 414 1135 472 COh

608 521 834 580 CAPUT
893 523 1135 581 XXXIX.

89 635 157 695 In
175 639 470 715 novissimis
507 639 688 715 diebus
726 641 954 715 insurget
996 639 1111 715 Gog
1147 650 1196 696 et
1242 641 1472 715 Magog:
1512 656 1563 701 et
1603 648 1668 702 de

153 709 552 778 congregatione
588 711 762 765 avium
797 719 845 765 et
878 709 1162 767 bestiarum
1186 713 1255 767 ad
1277 709 1480 771 edenda
1501 717 1663 771 cada-

150 795 274 834 vera
299 795 500 833 eorum.

158 910 176 942 ι
197 891 283 946 Tu
309 901 511 960 autem,
538 892 614 950 ﬁli
635 895 888 963 hominis,
910 900 1211 958 vaticinare
1235 903 1523 961 adversum
1548 904 1665 976 Gog

89 1003 105 1034 ε
135 993 188 1039 et
227 984 411 1041 dices:
443 986 569 1043 Haec
607 989 738 1045 dicit
766 991 1024 1049 Dominus
1073 993 1236 1062 Deus,
1278 1011 1380 1068 ego
1421 1013 1586 1068 super
1608 1005 1664 1055 te

89 1093 103 1125 ι
131 1073 246 1146 Gog
272 1076 570 1148 principem
617 1080 809 1150 capitis
837 1081 1053 1140 Mosoch
1103 1094 1158 1140 et
1186 1087 1417 1143 Thubal.
1448 1089 1518 1144 Et
1559 1089 1665 1146 cir-

89 1184 101 1215 ι
131 1182 415 1239 cumagam
445 1180 500 1224 et
520 1171 775 1227 reducam
809 1182 952 1241 te,et
980 1178 1272 1235 ascendere
1302 1188 1357 1236 te
1377 1180 1572 1236 faciam
1595 1181 1663 1238 de

89 1277 101 1307 ι
134 1258 395 1314 lateribus
429 1263 720 1331 aquilonis,
761 1272 815 1320 et
853 1265 1116 1324 adducam
1151 1278 1207 1326 te
1247 1286 1410 1342 super
1451 1280 1661 1330 montes

89 1373 96 1400 ι
124 1351 311 1407 Israel.
346 1353 414 1408 Et
438 1357 737 1426 percutiam
757 1373 943 1415 arcum
977 1369 1129 1417 tuum
1161 1363 1216 1417 in
1241 1380 1405 1419 manu
1439 1366 1660 1421 sinistra

90 1450 236 1508 :tua,
287 1451 342 1499 et
385 1446 608 1518 sagittas
654 1456 775 1504 tuas
809 1450 875 1505 de
902 1467 1066 1506 manu
1107 1453 1328 1509 dextera
1365 1462 1476 1522 tua,
1528 1453 1658 1524 deji-

89 1535 262 1589 xciam
297 1545 350 1592 te
379 1552 542 1610 super
583 1550 794 1597 montes
821 1542 1005 1610 Israel,
1051 1545 1214 1602 cades
1256 1555 1333 1613 tu,
1377 1555 1432 1602 et
1473 1549 1655 1604 omnia

119 1627 336 1695 agmina
366 1636 478 1697 tua,
509 1638 563 1686 et
596 1633 776 1702 populi
806 1633 882 1688 tui
922 1635 1013 1705 qui
1061 1646 1188 1692 sunt
1241 1647 1441 1707 tecum,
1498 1641 1650 1709 feris,

123 1718 337 1784 avibus,
375 1721 629 1791 omnique
665 1723 892 1789 volatili,
920 1731 974 1779 et
1013 1725 1202 1782 bestiis
1235 1736 1394 1786 terra:
1433 1730 1555 1786 dedi
1599 1740 1654 1788 te

121 1809 189 1863 ad
214 1809 599 1868 devorandum.
625 1813 798 1885 Super
821 1815 1014 1872 faciem
1048 1821 1164 1889 agri
1191 1823 1374 1890 cades,
1399 1825 1526 1894 quia
1547 1841 1648 1897 ego

1017 412 1368 472 COMMENT.
1409 414 1476 471 IN
1510 411 1964 474 EZECIIIELEM.
1995 401 2076 462 ’-
2107 420 2236 478 LIB.
2276 421 2412 478 xm.

3235 430 3340 487 874

1686 535 1744 595 Α
1767 531 1916 587 sibus
1941 546 2063 587 eum
2085 533 2450 604 sepeliendum
2470 548 2500 590 a
2541 534 2702 593 domo
2737 538 2901 595 Israel
2926 547 2988 595 ut
3015 548 3162 598 terra
3185 559 3342 601 mun-

1769 623 1941 690 detur,
1957 631 2012 678 et
2028 623 2281 695 inclytam
2295 624 2688 682 futuramdiem
2709 629 2924 700 quando
2939 631 3252 691 interfectus
3267 636 3344 694 sit

1766 711 1900 784 Gog,
1933 713 2442 786 eonstituendosque
2471 718 2563 788 qui
2591 732 2715 774 ossa
2740 719 3024 793 diligenter
3066 725 3344 798 inquirant

1764 813 1820 860 et
1847 804 2125 874 sepeliant,
2145 820 2251 876 quo
2271 805 2476 863 scilicet
2499 808 2634 863 nihil
2655 808 2711 864 in
2733 817 2881 869 terra
2900 825 3180 872 remaneat
3205 817 3344 875 inse-

1763 895 1992 964 pultum.
2018 894 2149 951 Post
2174 912 2390 954 menses
2417 906 2600 954 autem
2619 900 2736 958 sive
2765 901 2822 957 in
2844 906 3121 963 mensibus
3136 918 3340 972 septem

1761 988 2152 1057 peragrandam
2175 998 2397 1058 terram,
2418 998 2473 1046 et
2491 991 2664 1048 sicubi
2687 1009 2749 1049 os
2762 993 2997 1052 hominis
3010 997 3197 1066 jacere
3217 1017 3343 1070 per-

1763 1079 2059 1148 spexerint,
2100 1081 2257 1138 titulo
2303 1099 2470 1154 prope
2510 1086 2686 1154 posito
2728 1088 3230 1158 demonstrandum,
3286 1101 3344 1146 ut

1760 1179 1946 1242 postea
1973 1172 2236 1243 sepeliant
2262 1174 2394 1231 illud
2429 1177 2523 1246 qui
2547 1177 2676 1234 huic
2702 1180 2852 1250 operi
2884 1183 3159 1253 praepositi
3186 1195 3338 1239 sunt.

1761 1259 1968 1319 Nomen
1994 1272 2176 1320 autem
2199 1266 2437 1324 civitatis
2458 1271 2716 1341 appellari
2745 1272 2973 1340 Amona,
3004 1290 3124 1344 qua:
3151 1276 3340 1334 Graece

1760 1353 1976 1410 dicatur
2018 1359 2380 1435 ποαγανάριον,
2433 1360 2537 1416 hoc
2575 1371 2676 1429 est,
2725 1364 3014 1422 multitudo
3059 1368 3339 1422 hominum

1758 1446 2115 1516 sepultorum,
2137 1456 2194 1504 et
2221 1450 2300 1506 sic
2345 1459 2550 1509 terram
2595 1469 2716 1511 esse
2768 1459 3043 1513 mundam.
3091 1458 3207 1515 Hoc
3263 1461 3339 1514 illi

1757 1537 1990 1594 dixerint
2007 1557 2022 1594 :
2037 1538 2148 1596 Nos
2170 1550 2350 1597 autem
2371 1553 2562 1616 coepta:
2587 1547 2986 1617 explanationis
3012 1565 3230 1606 sensum
3258 1561 3340 1608 te-

1755 1639 1968 1698 nentes,
1993 1631 2201 1703 singula
2225 1650 2344 1705 qua:
2371 1639 2767 1708 proposuimus,
2809 1642 3159 1700 disseramus.

1825 1720 1998 1776 Habet
2027 1721 2142 1794 Gog
2168 1731 2225 1779 et
2264 1725 2381 1797 ipse
2412 1728 2710 1786 trinitatem
2750 1747 2902 1789 suam
2930 1752 2942 1786 :
2986 1733 3098 1790 Bos
3131 1744 3185 1790 et
3222 1735 3338 1792 Mo-

1753 1812 1885 1868 soch
1919 1820 1974 1868 et
1995 1813 2222 1882 Tbubal,
2253 1827 2416 1888 caput
2457 1820 2722 1887 videlicet,
2766 1832 2822 1878 et
2848 1825 3111 1880 insaniam
3141 1835 3197 1882 et
3223 1829 3342 1883 uni-

119 1898 329 1957 locutus
363 1918 502 1970 sum,
533 1906 607 1959 ait
639 1905 897 1963 Dominus
928 1908 1090 1977 Deus,
1113 1922 1168 1966 et
1197 1915 1440 1969 emittam
1466 1895 1644 1988 ignem
1675 1895 1724 1956 B
1750 1917 1929 1969 versa:
1965 1911 2027 1958 ιιι
2047 1905 2254 1960 "unum
2273 1907 2344 1962 Sit
2369 1909 2583 1978 Viliuma
2608 1914 2752 1982 (111οά
2785 1929 2891 1970 ηοιι
2922 1915 2976 1969 in
2997 1914 3112 1988 308
3130 1933 3342 1988 P05595-

123 1991 177 2044 in
203 1990 416 2064 Magog,
442 2002 496 2049 et
520 1995 573 2049 in
596 1997 681 2052 his
708 2001 799 2068 qui
826 2000 1074 2058 habitant
1092 2004 1148 2059 in
1169 2006 1360 2062 insulis
1373 2009 1646 2066 conﬁdenc

121 2088 227 2147 ter,
247 2089 303 2136 et
327 2085 640 2156 scientquia
663 2104 762 2160 ego
782 2092 1063 2150 Dominus.
1085 2095 1153 2151 Et
1172 2112 1369 2153 nomen
1395 2109 1646 2157 sanctum

121 2188 302 2229 meum
335 2186 521 2233 notum
551 2179 745 2236 faciam
774 2183 830 2239 in
851 2186 1030 2242 medio
1051 2189 1232 2259 populi
1259 2191 1364 2246 mei
1384 2191 1570 2260 Israel,
1588 2202 1646 2250 et

118 2277 227 2318 non
263 2266 501 2336 polluam
541 2285 737 2327 nomen
778 2284 1024 2331 sanctum
1079 2294 1259 2334 meum
1307 2284 1559 2354 amplius,
1590 2295 1646 2343 et

121 2355 298 2411 scient
327 2347 526 2426 gentes
564 2364 691 2432 quia
732 2380 832 2437 ego
879 2367 1137 2426 Dominus
1183 2347 1415 2431 sanctus
1453 2347 1640 2434 Israel.

111 2444 248 2502 Ecce
274 2451 425 2504 venit
465 2462 525 2507 et
559 2453 760 2509 factum
798 2465 900 2523 est,
928 2459 1006 2514 ait
1036 2460 1296 2519 Dominus
1321 2465 1484 2523 Deus.
1516 2468 1645 2526 Haec

108 2548 188 2594 est
209 2541 323 2598 dies
350 2544 419 2598 de
452 2560 557 2615 qua
584 2547 797 2605 locutus
823 2567 976 2620 sum;
1010 2554 1078 2610 Et
1106 2560 1451 2628 egredientur
1482 2563 1640 2620 habi-

110 2637 308 2688 tatores
339 2633 411 2690 de
437 2636 745 2696 civitatibus
768 2641 954 2712 Israel,
985 2655 1041 2700 et
1068 2651 1399 2708 succendent
1420 2662 1474 2709 et
1495 2671 1643 2711 com-

106 2718 297 2776 burent
337 2739 514 2791 arma,
557 2727 801 2800 clypeum
843 2739 897 2787 et
939 2735 1145 2804 hastas,
1174 2754 1360 2796 arcum
1388 2751 1442 2798 et
1471 2747 1638 2818 sagit-

111 2821 206 2877 tas,
239 2822 293 2868 et
339 2815 565 2875 baculos
591 2837 868 2890 manuum,
900 2835 954 2881 et
980 2837 1191 2898 contos,
1221 2841 1277 2888 et
1307 2815 1641 2893 succenderit

110 2916 171 2955 ea
195 2903 319 2974 igne
349 2915 561 2978 septem
597 2913 774 2969 annis.
803 2915 870 2970 Et
916 2933 1022 2972 non
1066 2924 1361 2990 portabunt
1389 2929 1534 2999 ligna
1574 2931 1640 2986 de

111 2994 440 3066 regionibus,
482 3017 658 3072 neque
700 3008 982 3065 succident
1006 3012 1073 3067 de
1108 3015 1353 3085 saltibus,
1383 2994 1638 3090 quoniam

106 3098 251 3139 arma
283 3093 616 3148 succendent
646 3095 790 3167 igne,
822 3108 877 3156 et
901 3101 1352 3172 depraedabuntur
1381 3126 1476 3168 eos
1513 3115 1636 3184 qui-

97 3172 191 3272 bus
214 3181 418 3246 praedae
448 3180 681 3254 fuerant,
709 3199 764 3246 et
783 3189 1039 3262 diripient
1067 3207 1371 3258 vastatores
1393 3172 1548 3272 suos:
1558 3207 1637 3262 ait

89 3261 359 3364 Dominus
385 3269 547 3329 Deus.
577 3275 644 3330 Et
672 3280 777 3334 erit
802 3280 856 3335 in
888 3261 976 3338 die
997 3284 1107 3351 illa,
1137 3288 1276 3345 dabo
1312 3291 1426 3364 Gog
1454 3261 1635 3354 locum

92 3357 304 3413 nomina
325 3366 439 3415 tum
473 3366 782 3436 sepulcrum
828 3372 885 3426 in
929 3373 1114 3444 Israel,
1143 3381 1336 3437 vallem
1364 3385 1635 3445 viatorum

100 3447 164 3499 ad
197 3451 464 3506 orientem
503 3457 670 3511 maris
698 3475 817 3529 quae
860 3463 1245 3536 obstupescere
1289 3472 1450 3530 faciet
1489 3494 1632 3548 prae-

103 3545 394 3596 tereuntes.
426 3542 494 3598 Et
518 3547 777 3617 sepelient
807 3551 883 3607 ibi
910 3552 1024 3626 Gog
1050 3567 1104 3611 et
1128 3574 1344 3617 omnem
1383 3542 1630 3624 multitu-

102 3630 279 3686 dinem
308 3633 445 3704 ejus,
487 3646 542 3693 et
568 3642 848 3699 vocabitur
887 3646 1042 3703 vallis
1078 3651 1438 3712 multitudinis
1483 3659 1627 3732 Gog;

98 3730 151 3774 et
191 3726 454 3795 sepelierit
494 3744 588 3786 eos
613 3732 806 3790 domus
844 3735 1009 3793 Israel
1044 3750 1104 3797 ut
1140 3745 1401 3803 mundent
1430 3726 1632 3807 terrain

99 3822 300 3881 septem
328 3820 622 3877 mensibus.
667 3823 900 3895 Sepeliet
948 3840 1129 3887 autem
1176 3850 1300 3891 eum
1327 3840 1505 3896 omnis
1534 3858 1631 3912 po-

96 3904 251 3970 pulus
283 3917 458 3976 terrae,
502 3923 558 3967 et
585 3915 688 3969 erit
717 3919 798 3972 eis
836 3923 1113 3979 nominata
1142 3928 1260 3984 dies
1294 3931 1348 3985 in
1379 3947 1486 4002 qua
1515 3936 1629 4005 glo-

1750 1993 1902 2049 sione
1933 1995 2213 2051 consistat.
2247 1996 2355 2054 Iste
2398 2001 2655 2057 educetur
2679 2003 2794 2059 sive
2836 2005 3252 2080 circumagetur,
3287 2022 3341 2066 et

1746 2087 2057 2158 palpabitur
2105 2098 2268 2161 atque
2318 2092 2626 2162 laetabitur,
2682 2104 2744 2151 ut
2781 2113 3004 2168 sperans
3060 2102 3341 2158 victoriam

1747 2179 2072 2236 occidendus
2097 2181 2325 2238 ducatur
2349 2185 2417 2240 ad
2449 2186 2712 2255 praelium.
2757 2188 2825 2243 Et
2868 2193 3122 2248 ascendet
3163 2195 3228 2249 de
3257 2195 3340 2249 la-

1748 2270 1955 2326 teribus
1987 2273 2102 2328 sive
2126 2274 2194 2329 de
2243 2275 2550 2332 novissimis
2593 2278 2881 2348 aquilonis,
2927 2296 2993 2336 ex
3036 2297 3142 2352 quo
3176 2299 3338 2339 exar-

1748 2363 1980 2418 descunt
2007 2365 2147 2420 mala
2193 2381 2356 2438 super
2397 2385 2612 2426 omnem
2658 2379 2899 2428 terram:
2951 2383 3007 2430 et
3035 2377 3103 2431 ab
3127 2391 3192 2431 eo
3221 2377 3339 2449 ipso

1745 2455 2046 2513 adducetur
2101 2475 2263 2531 super
2306 2472 2517 2519 montes
2550 2463 2737 2533 Israel,
2788 2481 2923 2537 quos
2968 2469 3242 2538 apostolos
3283 2478 3340 2526 et

1746 2547 2072 2616 apostolicos
2106 2558 2270 2620 atque
2305 2552 2703 2610 ecclesiasticos
2728 2555 2875 2611 viros
2917 2556 3218 2631 intelligere
3245 2560 3338 2616 de-

1743 2639 1935 2696 bemus
1963 2682 1979 2709 ,
2036 2651 2098 2697 ut
2145 2653 2430 2715 postquam
2478 2647 2738 2704 adductus
2786 2649 2950 2705 fuerit
3012 2651 3081 2706 ad
3127 2663 3338 2708 montes

1742 2731 1929 2802 Israel,
1962 2743 2090 2792 tunc
2132 2741 2474 2807 percutiatur
2500 2758 2681 2809 arcus,
2736 2745 2826 2814 qui
2865 2752 2946 2800 est
2982 2746 3036 2800 in
3069 2763 3235 2804 manu
3263 2749 3337 2804 si-

1742 2826 1916 2882 nistra
1938 2827 2076 2898 ejus,
2109 2837 2163 2882 et
2191 2831 2399 2900 sagittae
2424 2848 2544 2902 quae
2588 2850 2752 2889 manu
2783 2844 3037 2892 tenentur
3064 2838 3286 2894 dextera
3315 2858 3328 2892 :

1742 2925 1798 2970 et
1827 2917 1942 2986 ipse
1967 2918 2114 2972 enim
2140 2918 2386 2974 imitatur
2419 2923 2486 2977 ad
2517 2923 2919 2982 interﬁciendos
2945 2944 3038 2985 eos
3082 2946 3218 3000 quos
3241 2931 3334 2986 de-

1743 3008 1950 3078 ceperit
1980 3009 2180 3064 habere
2199 3025 2350 3066 arma
2372 3027 2402 3066 a
2430 3013 2667 3071 sinistris
2695 3025 2751 3070 et
2779 3017 2986 3074 dextris
3011 3035 3109 3089 per
3135 3023 3333 3078 bonam

1740 3108 1796 3151 et
1827 3096 2026 3152 malam
2055 3099 2278 3155 famam.
2334 3102 2456 3157 Istae
2497 3104 2705 3174 sagittae
2733 3116 2878 3172 sunt,
2917 3118 2971 3162 et
2996 3109 3112 3164 haec
3153 3111 3333 3181 jacula

1741 3189 1807 3242 de
1834 3189 2030 3258 quibus
2049 3199 2106 3245 et
2126 3191 2411 3248 Psalmista
2449 3193 2718 3264 loquitur:
2749 3215 2767 3248 ‹
2797 3197 2937 3254 Ecce
2963 3201 3108 3255 enim
3136 3217 3332 3272 pecca-

1851 3251 1869 3258 _
2518 3251 2538 3264 _
2970 3251 3108 3255 -____
3137 3251 3300 3272 τ----

1661 3251 1708 3315 C
1739 3289 1885 3336 tores
1917 3281 2266 3341 intenderunt
2316 3301 2520 3354 arcum,
2575 3300 2904 3357 paraverunt
2951 3293 3176 3366 sagittas
3203 3311 3333 3352 suas

1735 3373 1792 3428 in
1820 3375 2098 3444 pharetra,
2138 3385 2200 3432 ut
2247 3379 2506 3449 sagittent
2558 3380 2613 3434 in
2657 3382 2891 3439 obscuro
2936 3393 3116 3442 rectos
3163 3390 3327 3444 corde

1736 3464 1909 3533 (Psal.
1933 3467 2028 3541 x);
2060 3481 2081 3520 ι
2115 3484 2236 3539 qua:
2274 3470 2441 3541 ignita
2471 3472 2666 3528 diaboli
2688 3472 2868 3541 jacula
2905 3485 3057 3532 scuto
3083 3477 3207 3533 ﬁdei
3239 3495 3331 3533 re-

1735 3555 2056 3627 stinguenda
2099 3569 2244 3614 sunt.
2279 3560 2540 3631 Dejicitur
2568 3571 2748 3619 autem
2780 3566 2894 3622 sive
2925 3568 3072 3624 cadit
3092 3568 3208 3639 Gog
3237 3573 3328 3638 qui

1736 3648 2059 3702 ascenderat
2103 3664 2268 3720 super
2308 3662 2520 3708 montes
2549 3655 2734 3719 Israel,
2770 3658 2824 3710 in
2873 3658 3006 3727 ipsis
3053 3662 3328 3716 montibus

1735 3751 1858 3790 cum
1883 3738 2031 3794 omni
2055 3742 2298 3797 exercitu
2320 3758 2418 3799 suo
2437 3747 2752 3816 cunctisque
2779 3749 3105 3818 agminibus.
3136 3752 3202 3805 Et
3222 3754 3328 3807 erit

1734 3828 1789 3882 in
1815 3843 1994 3885 escam
2021 3831 2172 3899 feris,
2201 3836 2390 3892 avibus
2417 3838 2671 3908 omnique
2691 3840 2896 3896 volatili
2917 3851 2971 3898 et
3000 3844 3186 3901 bestiis
3214 3855 3324 3901 ter-

1733 3935 1824 3982 rae,
1853 3921 2182 3978 adversariis
2225 3925 2477 3982 videlicet
2507 3937 2562 3983 et
2608 3933 2984 3999 potestatibus,
3011 3953 3130 4005 quae
3165 3939 3323 4008 juxta

90 3993 330 4053 riﬁcatus
371 4015 510 4068 sum,
544 4004 621 4058 ait
660 4006 918 4065 Dominus
947 4013 1107 4070 Deus.
1153 4017 1221 4072 Et
1246 3993 1631 4095 viros-jug‘iter

90 4087 421 4144 constituent
464 4092 759 4151 lustrantes
801 4105 997 4156 terram
1046 4105 1139 4173 qui
1168 4087 1444 4178 sepeliant
1458 4087 1519 4168 et
1543 4131 1629 4171 re—

90 4174 311 4241 quirant
336 4193 430 4235 eos
469 4183 562 4251 qui
601 4200 1014 4254 permanserant
1043 4210 1206 4266 super
1229 4174 1428 4256 Iaciem
1469 4212 1628 4262 terra:

1730 4010 1876 4064 viam
1916 4015 2262 4070 comederent
2288 4028 2608 4086 sementem,
2635 4031 2690 4076 et
2722 4025 3320 4096 sanguinariisbestiis.

1731 4099 2011 4167 Quomodo
2041 4105 2185 4159 enim
2227 4108 2488 4178 scriptum
2519 4119 2602 4166 est
2633 4114 2698 4166 de
2742 4115 3012 4171 dracone:
3043 4136 3062 4169 ‹
3117 4118 3324 4174 Dedisti

1730 4207 1854 4248 eum
1902 4209 2083 4249 escam
2128 4197 2340 4266 populis
2363 4197 2694 4272 IEthyopum
2739 4201 2914 4274 (Psal.
2951 4209 3165 4280 Lxxm),
3195 4229 3214 4261 ›
3244 4213 3322 4266 sic

89 4271 146 4317 ut
175 4271 468 4327 emundent
486 4289 625 4331 eam.
654 4276 784 4334 Post
808 4296 1020 4338 menses
1045 4294 1228 4343 autem
1249 4301 1456 4362 septem
1486 4311 1628 4365 qure-

1742 4284 1941 4354 decepti
1994 4288 2192 4357 quique
2243 4291 2312 4346 ab
2344 4271 2638 4360 haereticis,
2685 4271 2986 4352 daemonum
3032 4271 3138 4356 cibi
3171 4315 3314 4358 sunt.

93 4369 212 4408 rere
241 4357 519 4431 incipient,
548 4376 602 4420 et
647 4369 952 4428 circuibunt
992 4357 1347 4450 peragrante—3
1395 4357 1620 4444 terr-am.
1729 4375 1898 4432 cadet
1927 4386 2109 4434 autem
2139 4380 2256 4451 G08
2282 4383 2366 4438 Vel
2396 4400 2450 4438 ιη
2480 4387 2655 4457 campi
2685 4387 2966 4445 Ῑίιιίῑυάίηθ
2987 4393 3070 4447 νει
3105 4393 3158 4446 in
3187 4410 3318 4464 33m

91 4445 335 4557 Dumque
363 4454 596 4512 viderint
618 4474 679 4514 os
723 4461 958 4520 hominis
998 4445 1242 4526 statuent
1284 4473 1444 4542 juxta
1491 4479 1624 4535 illud

1742 4467 1820 4538 lui
1848 4469 2025 4525 cultus
2055 4479 2140 4526 est
2161 4487 2193 4526 a
2225 4473 2322 4528 Dei
2347 4476 2639 4546 agricolis:
2680 4495 2858 4551 neque
2893 4484 3036 4538 enim
3067 4485 3184 4540 ﬁeri
3215 4503 3316 4557 po-

92 4533 301 4590 lilulum
329 4540 497 4596 donec
539 4545 800 4614 sepeliant
838 4549 968 4605 illud
1003 4533 1353 4622 pollinctor-es
1396 4561 1451 4616 in
1480 4533 1622 4619 eam;
1645 4595 1700 4656 Β
1728 4533 1837 4613 test
1864 4569 1924 4614 ut
1945 4561 2158 4617 Domini
2195 4565 2362 4621 verba
2382 4533 2497 4621 sint
2522 4569 2696 4624 irrita.
2733 4533 2883 4626 fune
2905 4574 3151 4628 mittetur
3179 4533 3318 4646 ignis

95 4627 446 4656 ...κιαι-μιμῇ,
495 4633 610 4656 ρ-..
669 4637 737 4656 τις,
767 4654 826 4656 _,,
981 4651 990 4656 -
1154 4647 1165 4656 .
1211 4648 1221 4656 .
1313 4650 1323 4656 .
1396 4651 1405 4656 -
1727 4649 1739 4656 .
1817 4651 1865 4656 _-
2094 4655 2100 4656 ,

93 4627 448 4688 multitudinis
494 4633 630 4705 Gog.
667 4637 874 4695 Nomen
904 4651 1086 4700 autem
1117 4647 1356 4705 civitatis
1378 4651 1611 4721 Amona,

1745 4666 1780 4704 n
1815 4651 2025 4723 Magog,
2089 4655 2145 4709 in
2186 4671 2280 4712 eos
2319 4658 2569 4713 videlicet
2598 4662 2688 4730 qui
2747 4661 2862 4733 Gog
2892 4627 3313 4734 susceperevodo:

91 4724 141 4767 et
165 4719 499 4775 uiundabunt
531 4731 748 4781 terram.
787 4748 805 4781 ι
840 4729 1108 4805 (Ηίενοη.)
1137 4737 1205 4792 Ει
1232 4740 1350 4794 haec
1375 4719 1615 4799 Iudaicae

91 4806 338 4866 aditionis
378 4813 619 4872 haeredes
651 4827 708 4873 et
743 4821 990 4891 discipuli
1021 4825 1502 4887 interminabilium
1533 4835 1614 4890 fa-

93 4896 278 4956 llarum
303 4914 425 4974 post
453 4907 599 4962 mille
627 4924 889 4966 annorum
918 4931 1142 4986 regnum
1184 4920 1366 4976 futura
1393 4936 1613 4981 conten-

90 4996 164 5041 llll
193 4991 730 5071 interﬁciendumque
775 5001 890 5075 Gog
929 5007 1231 5079 principem
1275 5012 1610 5072 Rosmosoch

117 5076 323 5138 Thubal
357 5086 412 5141 in
433 5088 628 5146 ﬁnibus
652 5091 834 5160 Israel,
862 5103 917 5150 et
945 5099 1013 5153 ab
1035 5076 1289 5158 omnibus
1313 5105 1618 5164 volatilibus

127 5170 314 5231 bestiis
351 5177 754 5236 devorandum:
805 5192 861 5240 et
906 5187 1240 5248 habitatores
1281 5196 1495 5251 urbium
1540 5198 1618 5254 Is-

89 5261 146 5313 iel
175 5277 376 5335 septem
414 5271 570 5326 annis
594 5271 862 5343 lignorum
887 5292 1046 5334 usum
1069 5295 1414 5355 nequaquam
1455 5287 1612 5343 habi-

89 5365 183 5408 lros
209 5356 273 5412 de
309 5360 611 5417 succisione
659 5364 950 5435 sylvarum,
1002 5373 1096 5427 sed
1147 5375 1213 5430 de
1259 5377 1425 5433 armis
1472 5377 1608 5450 Gog,

89 5445 197 5501 :utis
229 5450 479 5509 videlicet
501 5462 555 5509 et
579 5456 752 5512 hastis
793 5461 1112 5532 sagittisque
1149 5474 1204 5521 et
1230 5467 1468 5526 bacculis
1496 5445 1610 5528 sive

90 5533 206 5592 tntis
232 5555 244 5592 :
277 5538 454 5610 ipsum
474 5551 654 5600 autem
680 5545 796 5618 Gog
823 5551 1189 5619 sepeliendum
1219 5556 1273 5612 in
1301 5560 1461 5628 valle,
1494 5579 1615 5632 quae

89 5625 295 5687 ebraice
319 5633 516 5690 dicitur
539 5636 613 5692 Ge
637 5654 655 5693 :
686 5648 741 5695 et
776 5657 974 5698 nomen
1008 5646 1243 5717 sepulcri
1271 5649 1414 5706 illius
1439 5625 1618 5723 appel-

1723 4745 1980 4811 ctrinam,
2011 4755 2067 4800 et
2093 4748 2149 4800 in
2173 4747 2273 4802 hos
2315 4749 2408 4817 qui
2457 4750 2524 4803 ad
2555 4751 2966 4808 similitudinem
3014 4757 3311 4815 insularum

1721 4835 1905 4889 saeculi
1935 4835 2185 4892 ﬂuctibus
2201 4838 2581 4907 verberantur,
2610 4850 2663 4896 et
2687 4852 2876 4913 putant
2901 4862 2958 4901 se
2973 4848 3169 4903 debere
3190 4865 3311 4904 esse

1721 4938 1962 4978 securos.
1993 4924 2084 4980 Ille
2113 4926 2251 4996 ignis
2271 4927 2337 4983 de
2357 4944 2464 4998 quo
2493 4929 2749 4989 Dominus
2778 4937 3053 5006 .oquitur:
3085 4955 3103 4988 ι
3129 4938 3312 5008 Ignem

1725 5015 1849 5069 veni
1880 5018 2099 5072 mittere
2125 5034 2288 5089 super
2317 5028 2536 5090 terram,
2575 5033 2631 5080 et
2670 5027 2799 5098 quid
2839 5027 2962 5083 volo
3002 5029 3107 5085 nisi
3136 5040 3195 5085 ut
3224 5048 3311 5087 ar—

1727 5108 1853 5162 deat
1889 5108 2041 5180 (Luc.
2080 5111 2246 5183 xm.»
2293 5112 2363 5169 Ut
2413 5115 2587 5171 sciant
2636 5133 2825 5174 omnes
2871 5128 2925 5174 et
2977 5119 3304 5194 intelligant,

1722 5201 1867 5267 quod
1897 5217 1995 5271 ego
2030 5203 2133 5257 sim
2179 5204 2461 5274 Dominus,
2511 5216 2564 5262 et
2612 5225 2807 5265 nomen
2852 5221 3096 5269 sanctum
3125 5231 3302 5275 meum

1720 5300 1907 5350 notum
1947 5293 2066 5359 ﬁat,
2099 5295 2154 5349 in
2206 5298 2383 5352 medio
2417 5300 2601 5370 populi
2651 5302 2776 5366 mei,
2825 5303 2913 5372 qui
2966 5320 3305 5378 nequaquam

1719 5381 1834 5455 Gog
1861 5385 2186 5442 auctoritate
2217 5393 2472 5445 seductus
2500 5401 2605 5457 est,
2638 5406 2810 5462 neque
2838 5394 2979 5450 ultra
3015 5413 3114 5468 per
3147 5416 3304 5457 occa-

1717 5476 1922 5529 sionem
1955 5475 2072 5531 falsi
2095 5479 2329 5534 nominis
2349 5479 2590 5536 scientiae
2611 5483 2880 5550 polluetur
2901 5502 3097 5545 nomen
3123 5507 3302 5547 meum

1718 5565 1773 5618 in
1799 5567 2087 5636 haereticis,
2116 5577 2175 5623 ut
2200 5570 2376 5625 sciant
2415 5580 2622 5642 gentes,
2653 5589 2772 5643 qua:
2812 5576 2866 5631 in
2896 5579 3125 5634 circuitu
3155 5593 3294 5646 sunt,

1719 5659 1863 5726 Quod
1913 5675 2014 5729 ego
2066 5659 2171 5716 sim
2221 5663 2499 5718 Dominus.
2552 5664 2705 5732 Quod
2761 5677 2941 5724 autem
2996 5672 3294 5742 sequitur:

93 5716 249 5774 udum
276 5729 614 5804 ποαγανὰριον
651 5730 851 5802 [Hier.,
877 5735 1255 5816 πολυάνδριον],
1293 5741 1386 5795 ubi
1413 5716 1620 5799 scilicet

1742 5716 1916 5805 :IEcce
1944 5716 2093 5804 venit
2142 5759 2197 5805 et
2228 5750 2426 5807 factum
2461 5716 2613 5823 est;
2642 5757 2708 5812 de
2751 5759 2954 5828 judicio
2988 5716 3188 5816 Chiisti
3214 5763 3301 5817 di-

89 5806 316 5872 tultitudo
346 5819 622 5874 hominum
643 5824 713 5877 sit
737 5827 980 5896 sepulta.
1017 5806 1235 5901 Septem
1263 5841 1442 5890 autem
1467 5851 1618 5892 men—
1723 5840 1885 5908 citur,
1915 5841 2007 5910 qui
2031 5842 2254 5899 veniens
2282 5847 2460 5903 veniet
2498 5857 2551 5904 et
2579 5863 2686 5906 non
2715 5806 2965 5917 tardabit,
2997 5859 3053 5909 et
3077 5852 3193 5924 ipsa
3216 5862 3298 5912 est

354 5909 626 5978 Peraea.
691 5916 820 5984 CX.
1933 5909 1948 5910 ί
2721 5941 2800 6006 EB
