3908 6356
592 343 696 401 871

556 456 829 524 'quentur
873 463 923 506 et
969 463 1091 521 qua:
1136 456 1462 533 sequuntur.
1502 412 1695 500 Dicent
1735 457 1867 514 ergo
1922 420 2065 495 sima

591 514 777 600 Dedan
802 550 858 598 et
895 514 1261 611 negotiatores
1282 530 1531 601 Tharsis,
1556 542 1611 594 et
1642 548 1832 589 omnes
1860 526 2052 595 sancti,

548 648 561 675 ε
590 633 806 689 leonum
824 630 1001 687 catuli
1039 627 1395 703 appellantur,
1424 623 1513 680 vel
1541 631 1689 693 certe
1718 621 1858 677 villa:
1886 614 2175 701 habitatio-

552 736 798 795 ‘s'nesque
828 720 1189 778 credentium.
1222 717 1267 775 Ο
1309 717 1444 788 Go‘g,
1495 712 1739 786 nunquid
1766 704 1970 769 idcirco
1999 708 2171 775 venis,

592 825 657 873 ut:
705 814 874 884 spolia
916 812 1100 882 rapias
1144 809 1423 874 Ecclesia},
1490 815 1547 863 et
1584 806 1727 862 ideo
1776 801 2176 859 multitudinem

556 938 561 943 -
592 903 956 977 congregasti,
982 911 1043 958 ut
1068 900 1268 957 Christi
1297 898 1570 970 possessio
1614 903 1704 950 tua
1730 891 2178 949 ﬂat’hxureditas?

592 996 702 1051 Aut
738 1002 900 1064 putas
933 1002 991 1046 te
1029 998 1312 1062 argentum
1358 998 1416 1043 et
1464 1002 1682 1051 aurum,
1710 983 1857 1055 quod
1883 980 1937 1038 in
1965 982 2180 1051 eloquio

596 1100 871 1153 sensuque
890 1083 1224 1152 intelligitur,
1254 1079 1505 1136 Ecclesia:
1524 1090 1921 1148 possessurum,
1944 1082 2004 1128 ut
2026 1073 2178 1128 aufe-

594 1192 690 1234 ras
723 1175 1140 1247 suppellectilem
1170 1185 1496 1240 omnemque
1541 1167 1920 1231 substantiam,
1960 1174 2016 1219 et
2053 1162 2183 1233 diri-

595 1268 719 1339 pias
751 1264 1032 1320 manubias
1071 1261 1326 1323 inﬁnitas,
1371 1258 1575 1316 Christi
1606 1255 1853 1312 victoriis
1881 1268 2181 1324 congrega-

599 1358 720 1414 tas?
746 1357 1060 1427 PrOpterea,
1108 1368 1147 1408 θ
1188 1353 1449 1424 propheta
1496 1348 1776 1412 Ezechiel,
1822 1346 2022 1417 quiin
2058 1353 2184 1415 typo

599 1445 803 1503 Christi
847 1442 1135 1515 appellaris
1179 1442 1320 1496 illius
1347 1440 1601 1504 hominis,
1630 1438 1855 1507 loquere
1875 1436 1940 1490 ad
1966 1433 2101 1504 Gog,
2130 1441 2187 1489 et

598 1537 689 1593 die
710 1535 761 1591 ei
791 1553 807 1588 :
843 1552 863 1586 ι
899 1534 1024 1589 Htec
1049 1532 1181 1588 dicit
1206 1531 1467 1586 Dominus
1496 1530 1658 1597 Deus,
1690 1547 1729 1580 π»
1763 1520 1983 1596 quando
2022 1522 2185 1579 tutius

600 1626 789 1682 mundi
851 1638 1037 1679 errore
1091 1622 1306 1677 sublato
1355 1619 1583 1691 populus
1647 1628 1802 1672 meus
1856 1613 2039 1681 Israel,
2094 1613 2187 1683 qui

600 1726 783 1775 mente
810 1716 985 1772 cernit
1025 1715 1219 1778 Deum,
1262 1711 1591 1773 habitaverit
1636 1711 1693 1765 in
1735 1708 1977 1764 Ecclesia
2015 1706 2188 1762 confi-

1230 331 1293 388 Β.
1332 326 1601 421 ιιλιιΒΑιςιΓ
1621 320 1846 413 unum
1881 319 2195 425 snarling,

2285 312 2554 405 iocum.
2593 308 2880 403 OPEltllll
2915 311 3113 371 rans
3149 310 3217 368 ιι.
3662 321 3716 380 ετ,

2070 386 2309 425 ι’μῖ)¹⁴

2276 441 2526 491 movetur
2552 449 2720 504 super
2745 442 2995 509 terram”
3009 426 3309 509 cunctique
3332 424 3549 485 homines
3571 433 3637 502 qui
3652 449 3715 494 ςιιί

2274 540 2439 595 super
2464 498 2661 579 faciem
2696 498 2875 577 teri-re.
2918 498 3094 587 'Q’uod
3137 498 3414 571 manifeste
3438 517 3494 572 de

2274 615 2376 672 bus
2422 610 2681 671 Ecclesiae
2698 612 3140 685 demonstratur,
3194 620 3414 679 quorum
3452 608 3527 665 alii
3563 619 3605 665 ut
3624 610 3716 682 pain
3774 608 3775 677 ἶ

2275 709 2465 774 maris,
2505 707 2598 762 alii
2642 694 2979 760 involucres
3026 692 3179 766 cteli,
3218 700 3308 754 alii
3347 710 3401 756 ut
3427 700 3716 779 bestimagda
3774 698 3775 701 “

2276 797 2459 853 omnia
2501 796 2719 867 reptilia
2757 809 2878 863 qua:
2921 800 3225 848 moventur
3251 807 3406 863 super
3429 799 3717 861 terram,aliiu

2276 889 2575 944 retinentes
2616 885 2855 943 hominis
2903 881 3235 955 dignitatem
3286 883 3509 939 habitant
3550 887 3716 957 superb-

2254 982 2418 1037 ‘ciem
2458 989 2636 1034 terrm.
2688 979 2840 1047 Quod
2871 988 3063 1033 autem
3115 990 3331 1031 morum
3374 971 3606 1033 diversitas
3633 982 3715 1036 mia

2280 1074 2525 1145 signetur
2567 1070 2895 1136 nominibus,
2926 1077 2983 1124 et
3016 1059 3315 1138 Apostolus
3358 1068 3523 1122 scribit
3552 1070 3716 1128 adCoiii-

2284 1163 2425 1218 tbios
2455 1162 2509 1235 (Ι
2536 1160 2662 1218 Cor.
2691 1160 2805 1234 xv),
2838 1162 2930 1231 qui
2970 1160 3083 1215 alia
3122 1172 3353 1227 corpora
3378 1166 3485 1228 post
3505 1164 3717 1218 resumite.

2283 1269 2405 1310 nem
2437 1254 2567 1309 dicit
2608 1268 2729 1309 esse
2756 1252 3023 1317 ccelestia,
3056 1251 3169 1305 alia
3214 1258 3441 1315 terrena,
3480 1250 3590 1306 aliud
3616 1267 3716 1323 corpus

2282 1346 2469 1417 piscis,
2510 1345 2654 1400 aliud
2685 1342 2942 1411 vulneris,
2978 1342 3137 1398 aliud
3176 1340 3478 1407 bestiarum,
3511 1342 3613 1397 aliud
3638 1348 3716 1414 mi.

2286 1438 2439 1500 lium,
2468 1440 2522 1491 et
2553 1426 2701 1490 aliud
2726 1434 3031 1500 hominum,
3064 1430 3162 1503 qui
3194 1447 3387 1487 nomen
3427 1428 3638 1502 pristinum
3661 1452 3716 1489 se-

2287 1535 2569 1583 vaverunt.
2602 1525 2660 1580 lu
2707 1527 2919 1581 actibus
2953 1539 3183 1596 quoque
3228 1521 3565 1592 Apostolorum
3597 1522 3715 1579 lintea

2289 1619 2422 1673 illud
2466 1617 2611 1687 quod
2660 1626 2894 1687 quatuor
2920 1613 3217 1685 principiis
3260 1613 3413 1667 tertio
3443 1610 3570 1666 Petro
3588 1613 3717 1682 apostnb

2290 1710 2695 1764 demonstratur
2724 1703 2864 1777 (Act.
2888 1703 2973 1776 χ),
2998 1703 3329 1759 varietatem
3353 1701 3615 1757 credentium
3634 1704 3715 1773 sign»

600 1810 814 1873 denter,
848 1806 963 1861 sive
992 1806 1048 1859 in
1089 1818 1246 1875 pace,
1277 1813 1405 1858 tunc
1431 1802 1594 1866 scies,
1635 1801 1747 1857 sive
1769 1814 2063 1870 consurges
2082 1839 2097 1865 ,
2137 1803 2265 1881 etB
2295 1800 2443 1866 fleat,
2473 1815 2596 1871 quae
2641 1800 2697 1855 in
2733 1814 2861 1856 arca
2888 1815 3112 1870 quoque
3142 1797 3330 1854 diluvii
3363 1798 3616 1852 continetur.
3644 1798 3716 1851 ita

600 1900 788 1956 venies
816 1899 1029 1954 deloco
1054 1904 1169 1952 tuo.
1215 1895 1318 1962 Qui
1368 1896 1440 1949 sit
1487 1903 1667 1948 autem
1720 1892 1871 1947 locus
1917 1886 2219 1946 haereticae'

602 1990 912 2063 pravitatis,
938 2002 1175 2059 sequens
1215 2000 1398 2043 sermo
1423 1986 1763 2041 demonstrat
1795 1998 1806 2036 :
1840 1980 1888 2036 A
1931 1981 2194 2037 lateribus

605 2084 897 2155 aquilonis,
923 2082 1017 2153 qui
1041 2095 1256 2137 omnem
1286 2078 1527 2135 calorem
1575 2075 1914 2132 credentium
1967 2073 2195 2144 refrige—

607 2192 733 2233 rare
786 2183 1036 2232 conatur.
1083 2174 1425 2242 Venientque
1482 2186 1606 2227 eum
1654 2185 1720 2224 eo
1781 2168 1962 2239 populi
2016 2166 2191 2232 multi,

611 2286 633 2323 ι
666 2283 855 2325 omnes
881 2280 1200 2323 ascensores
1238 2277 1525 2335 equorum,
1560 2281 1579 2314 ο
1616 2261 1684 2318 de
1708 2262 1902 2331 quibus
1930 2260 2194 2328 scriptum

606 2367 739 2416 est:
793 2376 813 2410 ι
875 2358 1090 2428 Equum
1135 2364 1195 2412 et
1253 2366 1601 2411 ascensorem
1663 2351 1890 2423 proiecit
1938 2351 1993 2405 in
2044 2362 2194 2406 mare

607 2447 806 2521 (Exod.
837 2446 952 2518 xv).
991 2465 1011 2499 ι
1042 2446 1229 2502 ϐωῑιιε
1249 2456 1481 2516 magnus
1503 2449 1561 2498 et
1581 2442 1855 2497 exercitus
1880 2441 2191 2506 vehemens,

609 2555 734 2594 cum
763 2537 959 2608 quibus
991 2556 1010 2588 ι
1043 2536 1363 2601 ascendens,
1391 2536 1487 2600 ait,
1516 2547 1681 2603 super
1716 2531 1973 2602 pepulum
2011 2543 2192 2584 meum

610 2629 797 2693 lsrael,
840 2628 998 2698 quasi
1043 2627 1216 2682 nubes
1242 2635 1298 2682 et
1338 2627 1537 2697 caligo,
1580 2634 1643 2681 ut
1685 2624 1899 2696 operias
1933 2643 1952 2676 ›
1990 2632 2194 2679 terram

612 2735 815 2784 meam,
845 2719 914 2773 de
942 2733 1050 2788 qua
1096 2733 1259 2787 supra
1301 2717 1507 2774 dictum
1559 2724 1670 2783 est;
1724 2735 1743 2768 ι
1794 2715 1853 2770 In
1888 2714 2198 2770 novissimis

612 2809 804 2864 diebus
846 2807 977 2871 eris,
1020 2826 1038 2859 ι
1087 2809 1301 2878 quando
1332 2808 1652 2879 Evangelica
1696 2804 2030 2877 praedicatio.
2069 2822 2088 2855 ι
2133 2804 2199 2858 Et

611 2896 876 2955 adducam
911 2905 967 2953 te
992 2911 1155 2967 super
1184 2905 1379 2952 terram
1408 2912 1603 2952 meam.
1647 2914 1666 2947 ι
1703 2895 1930 2965 Oportet
1953 2894 2119 2958 enim,
2141 2900 2199 2950 et

616 2985 854 3042 haereses
874 3000 994 3043 esse
1025 2985 1077 3058 (Ι
1101 2984 1226 3041 Cor.
1258 2989 1356 3059 xi),
1389 3005 1407 3038 ι
1443 2994 1503 3041 ut
1536 2986 1748 3056 probati
1789 2985 1992 3055 quique
2017 2984 2194 3038 mani-

611 3075 738 3131 festi
763 3076 921 3142 fiant,
949 3086 1005 3131 et
1030 3076 1126 3132 Dei
1159 3076 1435 3132 voluntate
1479 3079 1847 3150 ’Δνασγὼνιστος
1869 3075 2117 3130 diabolus
2143 3082 2199 3130 et

610 3174 666 3222 et
690 3166 871 3221 omnia
896 3167 1269 3237 perversitatis
1311 3166 1562 3237 dogmata
1592 3149 1848 3220 derelicta
1882 3171 2026 3219 sunt.
2075 3182 2093 3214 ι
2126 3163 2197 3220 Ut
2222 3149 2269 3213 C

611 3256 786 3315 sciant
810 3271 998 3312 omnes
1022 3264 1231 3326 gentes,
1260 3262 1316 3309 et
1366 3254 1669 3325 intelligant
1696 3269 1802 3319 me,
1833 3269 1959 3309 cum
2003 3254 2199 3309 sancti-

612 3348 806 3404 ﬁcatus
831 3348 985 3405 fuero
1010 3349 1065 3402 in
1102 3357 1154 3402 te
1190 3348 1245 3403 in
1272 3347 1443 3403 oculis
1490 3361 1698 3412 eorum,
1753 3360 1787 3402 ο
1834 3345 1972 3417 Gog,
2024 3364 2044 3396 ι
2094 3347 2198 3401 hoc

623 3444 730 3502 est,
793 3452 916 3493 cum
982 3437 1159 3506 poenis
1220 3436 1332 3492 tuis
1386 3450 1472 3491 me
1518 3435 1880 3490 intellexerint
1936 3433 2194 3503 judicem.

617 3526 687 3581 Et
720 3526 852 3585 facit
899 3527 1283 3596 apostropham
1321 3528 1390 3579 ad
1436 3525 1611 3595 ipsum
1640 3523 1758 3594 Gog
1787 3541 1800 3578 :
1834 3544 1852 3576 ι
1908 3524 2096 3581 Nonne
2139 3532 2198 3579 tu

617 3612 707 3668 ille
735 3628 797 3670 es
818 3614 883 3670 de
907 3629 1016 3684 quo
1044 3614 1255 3670 locutus
1281 3629 1400 3669 sum
1430 3614 1486 3669 in
1512 3613 1704 3668 diebus
1729 3614 1967 3684 antiquis
1994 3614 2049 3668 in
2084 3628 2200 3669 ma-

614 3702 775 3758 nibus
827 3718 1111 3763 servorum
1176 3718 1422 3759 meorum
1487 3704 1874 3773 prophetarum
1925 3705 2125 3761 lsrael?
2171 3723 2193 3759 ι

616 3793 787 3865 Moysi
819 3794 1090 3860 videlicet,
1135 3796 1229 3866 qui
1264 3794 1343 3848 ait
1374 3795 1428 3849 in
1467 3794 1825 3850 Numerorum
1875 3794 2035 3860 libro,
2067 3796 2199 3851 (ιω)-

616 3892 767 3940 taxat
802 3884 958 3954 juxta
1000 3885 1349 3958 Septuaginta
1378 3900 1393 3941 :
1430 3906 1448 3939 ‹
1491 3886 1812 3958 Egredietur
1837 3889 2000 3944 homo
2023 3887 2091 3942 de
2114 3902 2203 3943 se-

614 3995 764 4035 mine
795 3978 941 4048 ejus,
966 3989 1020 4037 et
1046 3981 1410 4039 dominabitur
1445 3983 1686 4053 gentium
1732 3982 2117 4053 plurimarum,
2144 3989 2201 4038 et

613 4071 916 4128 elcvabitur
935 4072 1051 4144 Gog
1079 4088 1304 4143 regnum
1327 4074 1464 4143 ejus,
1497 4083 1557 4129 et
1579 4083 1791 4130 crescet
1811 4090 2033 4145 regnum
2059 4074 2201 4131 illius

614 4160 804 4234 (Nam.
828 4165 998 4235 tum).
1022 4186 1041 4217 ι
1061 4166 1327 4222 Caeterum
1338 4168 1496 4237 juxta
1516 4166 1839 4225 Hebraieuni
1856 4168 1927 4222 ita
1939 4168 2201 4237 scriptum

612 4254 789 4325 reperi
819 4272 833 4309 :
868 4273 887 4307 ι
926 4255 1169 4311 Tollatur
1188 4266 1471 4326 propterea
1493 4257 1609 4329 Gog
1630 4257 1823 4330 [Agag]
1852 4273 1947 4314 rex
1977 4258 2114 4327 ejus,
2147 4264 2202 4312 et

617 4343 896 4400 auferetur
936 4360 1159 4416 regnum
1193 4346 1357 4411 illius,
1389 4366 1409 4399 ι
1441 4360 1508 4402 eo
1531 4349 1672 4416 quod
1704 4362 1928 4418 regnum
1960 4347 2121 4403 Israel
2145 4348 2201 4402 in

614 4433 780 4489 Saule
816 4443 1035 4504 propter
1053 4435 1201 4506 Agag
1227 4437 1651 4506 regemAnialec
1668 4437 2001 4493 destructum
2024 4438 2109 4491 sit.
2136 4438 2203 4495 Et

2292 1900 2475 1948 autem
2512 1908 2543 1947 a
2597 1890 2739 1948 facie
2786 1893 3024 1960 Domini,
3058 1901 3117 1949 et
3162 1908 3194 1947 a
3246 1904 3510 1962 conspectu
3547 1890 3715 1961 maiestatis

2291 1984 2410 2054 ejus
2436 1985 2819 2039 subvertantur
2847 1992 3087 2049 montes,
3142 1984 3239 2054 qui
3277 1998 3335 2038 se
3373 1981 3597 2037 elevabant
3620 1992 3715 2035 antu

2293 2080 2575 2136 scientiam
2607 2078 2725 2147 Dei,
2770 2088 2828 2135 et
2870 2081 3073 2136 cadent
3100 2094 3262 2151 sepes
3299 2079 3407 2134 sive
3434 2074 3713 2146 valles,qu

2295 2173 2599 2229 humilitate
2626 2188 2818 2229 sensus
2847 2174 2916 2228 ad
2950 2173 3065 2228 ima
3098 2173 3359 2227 demersa:
3398 2179 3534 2231 sunt;
3568 2169 3621 2222 vel
3643 2176 3714 2220 certe

2294 2267 2625 2322 munitiones
2645 2281 2765 2337 quae
2787 2265 2993 2335 aliquid
3017 2264 3367 2336 pollicentur,
3395 2269 3447 2317 ut
3469 2260 3712 2315 imitenturil-

2293 2358 2516 2414 clesiam
2538 2357 2655 2413 Dei.
2684 2356 2762 2412 De
2785 2357 2940 2427 cujus
2961 2356 3193 2426 sepibus
3212 2354 3399 2410 dicitur
3422 2370 3434 2406 :
3460 2371 3476 2402 ι
3500 2351 3575 2418 Qui
3595 2350 3713 2405 destrui

2292 2464 2499 2519 sepem,
2523 2446 2790 2503 mordebit
2816 2462 2942 2503 eum
2962 2446 3198 2501 coluber
3225 2441 3405 2515 (Eccli.
3442 2439 3505 2512 ι).
3529 2440 3712 2494 iEtomae

2297 2539 2437 2594 muri
2489 2539 2544 2592 in
2589 2545 2790 2593 terram
2817 2545 3123 2593 corruerit:
3170 2550 3294 2591 cum
3337 2534 3465 2590 enim

2294 2627 2566 2685 sermonis
2592 2627 2905 2697 apparuerit
2947 2626 3238 2690 fortitudo,
3283 2623 3448 2680 omnia
3488 2620 3712 2676 heredum

2296 2726 2554 2775 corruent
2596 2718 2956 2773 munimenta.
3000 2735 3021 2769 ι
3060 2717 3132 2772 Et
3171 2715 3391 2779 vocabo,
3415 2712 3564 2781 inquit,
3582 2707 3713 2763 eunti-

2296 2825 2514 2866 versum
2544 2809 2716 2875 illum,
2748 2828 2766 2860 ι
2800 2809 2903 2864 hoc
2926 2817 3012 2864 est
3034 2808 3410 2863 haereticorum
3424 2803 3633 2875 principem
3645 2796 3712 2864 Gtt.

2299 2900 2352 2955 in
2372 2899 2582 2955 cunctis
2612 2899 2886 2954 montibus
2910 2897 3030 2965 ejus
3059 2897 3324 2968 gladium,
3353 2903 3402 2948 et
3422 2892 3619 2964 principes
3633 2899 3712 2940 eter-

2300 2987 2440 3042 citus
2476 2987 2592 3054 ejus
2621 2987 2799 3069 gladio
2828 2987 3041 3041 Domini
3063 2985 3434 3043 conficiantur.
3459 2980 3570 3035 Tunc
3593 2973 3714 3032 lates

2301 3076 2578 3132 dimicabit
2602 3078 2888 3131 adversum
2915 3076 3193 3138 hmresim,
3232 3089 3444 3146 quarum
3467 3071 3619 3125 intem
3635 3077 3714 3117 oua-

2298 3168 2556 3237 pugnatio
2581 3175 2765 3222 nostra
2794 3166 3025 3221 victoria
3069 3177 3180 3222 est.
3220 3185 3239 3217 ι
3277 3160 3571 3231 Etjudicabo.
3596 3150 3717 3219 iniu".

2298 3274 2420 3315 eum
2451 3266 2623 3314 morte
2664 3258 2750 3313 vel
2798 3266 2969 3329 peste,
3014 3266 3072 3313 et
3120 3257 3380 3328 sanguine
3417 3260 3461 3308 et
3492 3241 3717 3325 imbmtehe-

2296 3348 2486 3415 menti,
2537 3356 2593 3403 et
2638 3347 2906 3418 lapidibus
2957 3348 3246 3405 immensis
3298 3364 3316 3398 ι
3349 3345 3449 3400 sive
3483 3330 3715 3411 grandinibus.

2298 3437 2582 3494 Iudicatur
2620 3447 2804 3495 autem
2845 3437 2962 3511 Gog
2998 3448 3181 3495 morte
3208 3452 3304 3494 sua
3341 3443 3392 3490 et
3416 3428 3603 3500 sanguine
3628 3432 3712 3490 φη

2298 3529 2504 3594 effudit,
2550 3538 2606 3585 et
2654 3530 2827 3585 imbre
2862 3532 3197 3597 vehementi,
3252 3523 3542 3584 sermonibus
3557 3512 3715 3571 eruditis

2299 3622 2524 3694 perfecti
2557 3623 2655 3677 viri
2684 3640 2697 3676 :
2724 3631 2780 3678 et
2801 3620 3362 3693 lapidibusimmensis
3382 3616 3458 3686 qui
3481 3624 3571 3667 eum
3584 3607 3713 3694 obruit!

2299 3685 2625 3768 iestimoniis
2663 3685 3096 3783 Scripturarum,
3130 3711 3248 3767 sive
3293 3685 3529 3779 grandinis
3561 3685 3713 3783 quietior

2297 3816 2415 3856 rem
2445 3801 2588 3856 illius
2614 3773 2813 3856 faciant
2839 3800 3198 3871 refrigescere
3224 3817 3238 3853 :
3275 3816 3294 3850 ι
3322 3795 3494 3853 Omnes
3514 3784 3613 3840 enim
3637 3773 3712 3871 titti-

2302 3900 2563 3957 terentes,
2593 3892 2748 3961 quasi
2779 3867 3024 3946 clibanus
3073 3891 3240 3947 corda
3283 3898 3451 3942 eorum
3487 3874 3591 3949 (οδε.
3622 3867 3709 3933 ηιμ

2306 4000 2329 4037 ι
2352 3981 2550 4053 ignem,
2581 3982 2780 4053 inquit,
2809 3990 2867 4038 et
2897 3982 3127 4052 sulphur
3154 3982 3330 4053 pluam
3371 3987 3509 4043 super
3524 3969 3713 4053 anniti“

2299 4050 2421 4146 quae
2467 4050 2869 4130 demonstratur
2894 4050 3054 4144 pinna
3080 4050 3273 4144 judicii
3312 4050 3711 4146 sempiterniiltm‘

2301 4168 2475 4223 solum
2515 4181 2678 4237 super
2710 4182 2836 4222 cum
2874 4166 2964 4236 qui
3005 4131 3200 4222 auctor
3236 4150 3555 4234 perversitatis
3581 4131 3713 4237 [ηἰιιξεδ

2308 4277 2327 4311 ι
2365 4267 2423 4314 et
2444 4272 2606 4328 super
2625 4272 2840 4314 omnem
2867 4258 3170 4313 exercitum
3208 4264 3262 4310 et
3301 4238 3710 4328 multitudinemme

2301 4358 2357 4404 et
2391 4320 2552 4418 super
2578 4349 2807 4420 populos
2831 4348 3029 4403 multos
3058 4348 3151 4420 qui
3196 4352 3322 4402 sunt
3361 4354 3466 4396 cum
3495 4347 3558 4387 θοι
3584 4320 3713 4423 ἠυξ

2303 4416 2673 4496 enim—habent
2696 4439 2937 4496 htnretici
2968 4416 3165 4503 socios,
3197 4439 3301 4492 imo
3338 4425 3542 4488 diabolus
3572 4416 3710 4503 prius?

614 4523 672 4578 iu
703 4495 969 4579 alio-loco
995 4541 1009 4577 :
1040 4544 1058 4577 ι
1093 4495 1370 4581 lliuhdabit
1412 4536 1613 4583 terram
1660 4526 1839 4596 populi
1870 4527 1974 4582 sui.
2019 4545 2037 4577 ι
2066 4508 2278 4581 .Jocl-D
2304 4544 2491 4584 eorum
2538 4527 2749 4609 infinita
2799 4495 3162 4583 multitudine,
3189 4518 3533 4581 circumdatur.
3552 4495 3711 4609 ὀωιξίξῐῖ

623 4629 839 4686 quoque
885 4616 941 4670 in
988 4616 1127 4672 valle
1179 4616 1462 4688 Josapbat,
1512 4616 1932 4686 hocestjudicii
1959 4618 2080 4682 Dei,
2110 4618 2203 4672 de.

613 4706 804 4762 scribit
831 4708 1056 4779 populos
1082 4711 1487 4781 congregandos
1510 4708 1809 4782 (laetam);
1837 4710 2075 4765 etlsaias
2088 4723 2205 4764 om-

616 4810 818 4871 nesque
846 4799 1125 4868 propheta:
1142 4801 1199 4855 in
1234 4815 1469 4870 quorum
1486 4801 1738 4859 manibus
1765 4808 1823 4856 et
1840 4801 2205 4870 bonis'operi-

614 4885 717 4941 bus
749 4902 928 4943 sermo
952 4888 1010 4942 lit
1028 4888 1257 4947 Domini.
1280 4889 1413 4945 Cum
1442 4890 1608 4960 igitur
1631 4890 1846 4947 veneris
1885 4904 2049 4960 super
2086 4898 2197 4945 ter-

617 4992 734 5030 ram
788 4977 989 5055 lsrael,
1027 4997 1044 5031 ι
1091 4979 1371 5047 ascendet,
1410 4980 1706 5049 indignatio
1742 4998 1861 5037 mea
1905 4982 1963 5036 in
2012 4981 2197 5039 furore

616 5082 737 5121 meo
768 5076 953 5121 contra
981 5074 1053 5130 te,
1085 5074 1139 5121 et
1163 5068 1219 5125 iu
1247 5068 1365 5129 zelo
1403 5083 1526 5127 meo
1563 5084 1661 5138 pro
1682 5072 1881 5140 populo
1909 5087 2049 5128 meo.
2080 5092 2099 5123 ι
2126 5073 2192 5127 in

619 5151 743 5220 igne
775 5152 867 5205 ira'
899 5167 1032 5206 mete
1079 5151 1289 5213 locutus
1314 5168 1468 5227 sum,
1508 5173 1526 5205 ι
1575 5155 1668 5224 qui
1700 5157 1907 5219 omnia.
1938 5157 2193 5212 vitiorum

622 5251 835 5296 tuorum
873 5243 1016 5314 ligna
1057 5254 1363 5303 consumat.
1387 5264 1406 5297 ι
1446 5245 1559 5311 Illo,
1586 5247 1780 5319 inquit,
1806 5256 2059 5319 tempore.
2089 5249 2198 5305 erit

621 5349 817 5415 magna
855 5336 1145 5390 commotio
1170 5351 1330 5407 super
1370 5337 1783 5403 terramrlsrael.
1822 5358 1840 5391 ι
1870 5338 2203 5397 lmmihteute

618 5424 765 5478 enim
810 5424 1023 5481 diabolo
1069 5425 1262 5483 crebra
1307 5436 1495 5485 contra
1538 5427 1857 5493 Ecclesiami
1890 5430 2229 5497 Ρθΐδθουιίοο

622 5498 715 5569 fiet
745 5532 759 5569 :
797 5532 914 5585 qua:
938 5519 1166 5601 quando
1190 5521 1371 5592 sopita
1417 5520 1598 5585 fuerit,
1630 5528 1689 5583 et
1715 5521 1819 5585 Dei
1840 5520 2200 5591 victaupmsi-

623 5607 732 5673 dio,
764 5619 888 5664 tunc
911 5612 1440 5681 commovebunturia
1473 5611 1608 5677 facie
1632 5610 1754 5682 ejus
1792 5612 1975 5682 pisces
2011 5613 2197 5681 maris,

622 5709 675 5754 ct
700 5699 949 5781 volucres
966 5702 1107 5769 coeli,
1133 5711 1187 5760 et
1210 5704 1394 5765 testim
1420 5702 1562 5779 agri,
1586 5710 1641 5769 et
1662 5717 1823 5773 gntae
1845 5703 2034 5774 reptile
2056 5704 2200 5775 quod

2303 4632 2490 4677 errore
2513 4595 2741 4683 sublato,
2776 4627 2832 4674 et
2864 4618 3068 4688 punitis
3093 4625 3254 4687 atque
3281 4602 3530 4668 destructis
3552 4595 3708 4688 hirti“?

2307 4726 2427 4765 rum
2458 4681 2812 4781 principibus,
2838 4681 3218 4779 magniﬁcatur
3244 4697 3496 4759 Dominus,
3518 4698 3558 4781 ει
3581 4681 3708 4781 sanius:

2302 4773 2476 4855 catur—
2501 4801 2555 4854 in
2581 4773 2958 4865 credentibus:
2978 4806 3035 4855 et
3077 4808 3233 4855 notus
3259 4792 3315 4849 fit
3342 4792 3391 4845 in
3425 4780 3560 4841 oculis
3578 4773 3706 4865 iam:

2302 4891 2614 4956 multarum,
2656 4906 2777 4962 quin
2805 4864 2949 4946 illius
2992 4888 3114 4945 fidei
3145 4878 3488 4945 crediderunt:
3526 4873 3658 4962 ei“?
3677 4864 3709 4962 ξι

2300 4982 2631 5038 beatitudine
2655 4983 2738 5038 sui
2769 4998 2931 5054 quam
2958 4997 3025 5038 ex
3045 4978 3449 5038 adversariorum
3464 4952 3705 5054 Ραῖξ¹ί⁵

2302 5080 2463 5143 atque
2488 5046 2816 5144 cognoscent
2838 5072 2983 5143 quod
3013 5074 3126 5143 ipse
3152 5070 3221 5127 sit
3243 5062 3490 5122 Dominus.
3514 5046 3707 5144 Ηειτ

2300 5136 2504 5219 tuimus
2524 5136 2871 5235 interpretati
2892 5136 3078 5218 sumus
3099 5150 3394 5217 obedientes
3430 5145 3491 5201 illi
3521 5136 3704 5235 ³

2308 5272 2327 5305 ι
2362 5252 2547 5323 Neque
2571 5254 2643 5308 ad
2664 5212 3499 5323 ldettterantnequeadsinistram

2303 5344 2398 5403 sed
2423 5345 2509 5400 via
2534 5345 2677 5416 regia
2703 5344 3038 5416 ingrediaris.
3057 5313 3098 5396 ἰ
3134 5341 3188 5397 Si
3217 5339 3330 5429 quis
3357 5313 3708 5432 autem

2302 5432 2613 5506 prehendit,
2633 5441 2729 5488 aut
2766 5432 2995 5488 mellam
3016 5430 3256 5503 proferat
3294 5400 3710 5529 Quae

2303 5525 2509 5583 sitnihil
2538 5526 2767 5581 voluerit
2793 5525 2992 5590 dicere,
3021 5499 3306 5596 perfectam
3334 5508 3431 5571 nco
3452 5499 3653 5596 εςίθυίῗῗῗ

2303 5616 2572 5687 relinquat
2597 5634 2609 5671 :
2642 5617 2767 5672 dum
2797 5578 3139 5670 tainen'srciat
3170 5612 3471 5685 nequaquam
3494 5593 3535 5649 in
3556 5578 3706 5640 nobis"

2306 5719 2417 5773 res,
2446 5705 2540 5762 sed
2570 5704 2808 5760 animum
2825 5701 3195 5774 judicandum.
3774 5708 3775 5774 ἢ
