3908 6356
170 412 237 471 ’15

135 415 237 474 878
1051 415 1170 471 con

643 521 869 579 CAPUT
927 522 1170 580 XXXIX.

127 636 198 696 Ῑιι
215 637 505 715 novissimis
543 637 723 715 diebus
762 640 990 715 insurget
1030 639 1145 715 Gog
1181 649 1231 696 et
1277 642 1507 715 Magog:
1547 656 1597 701 et
1637 648 1702 702 de

194 708 588 778 congregatione
623 710 798 764 avium
831 718 880 764 et
913 708 1196 767 bestiarum
1220 713 1290 766 ad
1311 708 1515 772 ed'en'da
1536 719 1698 772 cada-

190 794 310 834 vera
335 793 535 832 eorum.

198 910 216 942 ι
237 890 319 946 Τιι
345 900 546 959 autem,
574 891 649 949 ﬁli
670 894 923 962 hominis,
945 899 1246 958 vaticinare
1269 903 1557 961 adversum
1583 903 1700 976 Gog

128 1003 145 1034 ι
174 992 227 1039 et
265 983 446 1040 dices:
478 985 604 1042 Haec
643 988 772 1044 dicit
800 990 1059 1048 Dominus
1107 993 1270 1061 Deus,
1313 1011 1414 1068 ego
1456 1013 1620 1068 super
1642 1005 1698 1054 te

126 1093 143 1124 ‹
170 1072 284 1145 GOg
308 1075 606 1148 principem
652 1079 844 1149 capitis
872 1081 1088 1139 Mosoch
1138 1094 1193 1140 et
1220 1087 1451 1142 Thubal.
1481 1089 1552 1144 Et
1593 1089 1699 1146 cir-

123 1183 140 1215 ‹
170 1181 450 1238 cumagam
479 1178 534 1224 et
555 1169 810 1226 reducam
843 1181 987 1240 te,et
1015 1178 1306 1235 ascendere
1336 1187 1391 1235 te
1411 1179 1606 1236 faciam
1629 1181 1697 1238 de

124 1277 139 1307 ι
172 1257 430 1314 lateribus
463 1262 754 1330 aquilonis,
796 1272 850 1320 et
887 1264 1151 1323 adducam
1186 1277 1241 1325 te
1281 1285 1444 1342 super
1484 1280 1695 1329 montes

119 1370 135 1399 (
161 1350 346 1406 Israel.
380 1352 448 1407 Et
473 1356 772 1425 percutiam
792 1373 977 1414 arcum
1011 1368 1164 1417 tuum
1195 1363 1250 1417 in
1275 1379 1438 1418 manu
1473 1365 1692 1421 sinistra

115 1461 132 1492 ‹
164 1449 271 1506 tua,
322 1449 376 1498 et
420 1445 643 1516 sagittas
687 1456 809 1503 tuas
843 1449 909 1504 de
936 1466 1101 1506 manu
1142 1452 1362 1508 dextera
1399 1462 1510 1522 tua,
1561 1453 1693 1524 deji-

114 1551 131 1581 ‹
161 1533 298 1588 ciam
332 1543 384 1590 te
413 1551 576 1608 super
618 1548 828 1596 montes
856 1541 1040 1610 Israel,
1087 1544 1247 1602 cades
1289 1554 1367 1612 tu,
1410 1555 1466 1603 et
1507 1549 1688 1604 omnia

111 1642 126 1672 ι
155 1626 370 1693 agmina
399 1635 512 1696 tua,
543 1637 598 1685 et
630 1633 811 1701 populi
840 1633 916 1688 tui
956 1635 1047 1704 qui
1095 1646 1223 1691 sunt
1275 1646 1475 1706 tecum,
1531 1641 1684 1708 feris,

110 1732 126 1763 ι
159 1716 371 1782 avibus,
409 1720 663 1790 omnique
699 1722 926 1789 volatili,
954 1731 1008 1779 et
1048 1725 1236 1782 bestiis
1269 1736 1428 1784 terrae
1466 1729 1589 1786 dedi
1632 1740 1687 1788 te

106 1824 123 1854 ‹
156 1808 224 1862 ad
249 1808 633 1868 devorandum.
659 1812 832 1885 Super
857 1815 1048 1872 faciem
1082 1821 1198 1888 agri
1225 1823 1408 1889 cades,
1433 1825 1559 1893 quia
1581 1841 1682 1897 ego

1051 412 1402 471 COMMENT.
1443 414 1510 470 IN
1544 412 1998 474 EZECHIELEM.
2029 401 2110 461 '—
2141 420 2270 478 LIB.
2311 421 2446 478 xm.

1721 534 1779 596 Α
1802 531 1950 587 sibus
1975 546 2097 588 eum
2120 534 2484 604 sepeliendum
2504 549 2534 590 a
2575 534 2736 593 domo
2771 538 2936 596 Israel
2961 547 3022 596 ut
3050 549 3196 598 terra
3219 559 3376 602 mun-

3268 431 3374 487 874

1803 622 1976 690 detur,
1991 630 2046 678 et
2062 623 2315 695 inclytam
2328 625 2722 682 futuramdiem
2743 630 2958 700 quando
2972 632 3286 691 interfectus
3300 636 3378 695 sit

1800 711 1934 785 Gog,
1968 714 2476 786 eonstituendosque
2505 718 2598 788 qui
2625 732 2750 775 ossa
2775 720 3058 794 diligenter
3100 726 3378 798 inquirant

1799 813 1854 860 et
1881 804 2159 874 sepeliant,
2179 820 2286 876 quo
2305 806 2510 864 scilicet
2532 808 2668 863 nihil
2689 808 2745 865 in
2767 818 2914 869 terra
2933 826 3214 872 remaneat
3239 817 3378 875 inse-

1797 895 2026 964 pultum.
2053 894 2183 951 Post
2208 913 2424 954 menses
2450 906 2633 956 autem
2653 900 2770 958 sive
2799 902 2856 958 in
2877 907 3155 963 mensibus
3169 919 3374 973 septem

1795 988 2186 1056 peragrandam
2209 999 2431 1058 terram,
2452 998 2507 1046 et
2525 992 2698 1049 sicubi
2721 1009 2782 1049 os
2796 993 3030 1052 hominis
3043 996 3230 1066 jacere
3251 1017 3376 1071 per-

1797 1079 2092 1149 spexerint,
2135 1081 2291 1139 titulo
2337 1099 2503 1155 prope
2543 1087 2720 1156 posito
2762 1088 3263 1157 demonstrandum,
3319 1102 3378 1146 ut

1794 1178 1981 1241 postea
2007 1173 2270 1243 sepeliant
2296 1175 2428 1232 illud
2463 1178 2556 1246 qui
2582 1179 2710 1235 huic
2735 1181 2886 1250 operi
2917 1183 3192 1253 praepositi
3219 1195 3371 1239 sunt.

1795 1259 2002 1319 Nomen
2028 1273 2210 1320 autem
2233 1267 2471 1324 civitatis
2492 1273 2749 1342 appellari
2778 1273 3006 1340 Amona,
3037 1291 3157 1346 quae
3185 1277 3374 1334 Graece

1794 1353 2010 1410 dicatur
2051 1359 2414 1435 ποανανάριον,
2467 1361 2570 1416 hoc
2608 1371 2709 1429 est,
2758 1365 3047 1422 multitudo
3093 1368 3372 1423 hominum

1792 1446 2149 1516 sepultorum,
2171 1457 2227 1504 et
2255 1450 2334 1506 sic
2379 1460 2583 1509 terram
2629 1470 2750 1511 esse
2801 1459 3076 1514 mundam.
3124 1459 3241 1516 Hoc
3296 1461 3374 1515 illi

1791 1537 2024 1594 dixerint
2041 1558 2056 1595 :
2071 1538 2182 1596 Nos
2204 1550 2384 1598 autem
2405 1553 2596 1615 emptae
2621 1547 3019 1616 explanationis
3045 1565 3263 1608 sensum
3291 1561 3374 1609 te-

1789 1639 2002 1698 nentes,
2027 1631 2235 1703 singula
2259 1650 2378 1705 quae
2405 1639 2801 1708 proposuimus,
2842 1642 3192 1700 disseramus.

1859 1720 2032 1776 Habet
2061 1720 2176 1794 Gog
2203 1732 2259 1780 et
2298 1725 2415 1797 ipse
2446 1728 2744 1786 trinitatem
2784 1747 2976 1790 suam:
3020 1733 3130 1790 Bos
3163 1745 3218 1791 et
3256 1736 3372 1793 Mo-

1787 1812 1919 1867 soch
1953 1820 2008 1868 et
2029 1812 2256 1881 Thubal,
2287 1827 2450 1888 caput
2490 1821 2756 1888 videlicet,
2800 1833 2855 1878 et
2882 1825 3145 1880 insaniam
3174 1837 3230 1882 et
3256 1831 3375 1884 uni-

105 1916 121 1945 ‹
152 1897 363 1956 locutus
397 1918 536 1969 sum,
567 1905 641 1958 ait
672 1905 931 1963 Dominus
963 1907 1124 1976 Deus,
1147 1921 1202 1966 et
1231 1914 1474 1968 emittam
1500 1915 1668 1987 ignem

1784 1916 1963 1969 versa,
1999 1911 2061 1958 ut
2081 1905 2287 1961 nullum
2308 1907 2377 1963 sit
2403 1909 2617 1978 vitium,
2642 1914 2786 1983 quod
2818 1929 2924 1969 non
2957 1915 3011 1970 in
3031 1915 3145 1988 Gog
3164 1934 3375 1988 posses-

103 2005 122 2038 ι
157 1989 211 2042 ἰη
237 1989 449 2063 Magog,
476 2001 529 2048 et
554 1994 607 2048 in
630 1996 715 2051 his
742 2000 834 2068 qui
860 2000 1108 2058 habitant
1126 2004 1181 2059 in
1203 2005 1394 2061 insulis
1407 2008 1680 2065 conﬁden-

103 2097 120 2127 ι
155 2087 260 2145 ter,
281 2089 336 2135 et
361 2083 536 2139 scient
548 2086 674 2155 quia
697 2103 797 2160 ego
817 2091 1097 2150 Dominus.
1119 2094 1187 2150 Et
1206 2111 1403 2152 nomen
1429 2107 1680 2156 sanctum

100 2188 117 2220 ι
153 2187 335 2228 meum
368 2185 556 2232 notum
585 2179 780 2235 faciam
808 2183 864 2238 in
885 2185 1063 2241 medio
1085 2188 1266 2258 populi
1293 2191 1398 2245 mei
1418 2191 1680 2260 lsrael,et

98 2277 115 2311 ι
151 2275 260 2317 non
296 2265 534 2334 polluam
575 2285 771 2326 nomen
813 2284 1058 2330 sanctum
1112 2294 1293 2334 meum
1340 2283 1593 2353 amplius,
1623 2294 1680 2343 et

98 2370 117 2404 ‹
152 2354 331 2410 scient
361 2347 560 2425 gentes
598 2363 725 2431 quia
766 2379 866 2436 ego
913 2366 1171 2426 Dominus
1217 2347 1449 2431 sanctus
1486 2347 1674 2434 Israel.

95 2462 114 2495 ε
142 2443 282 2501 Ecce
307 2449 459 2504 venit
499 2461 558 2506 et
592 2453 794 2508 factum
831 2464 935 2522 est,
962 2459 1040 2513 ait
1069 2459 1329 2518 Dominus
1355 2464 1518 2522 Deus.
1549 2467 1679 2526 Haec

93 2555 110 2586 ι
137 2546 219 2592 est
241 2539 358 2596 dies
385 2542 453 2597 de
485 2559 591 2614 qua
618 2546 831 2604 locutus
857 2566 1010 2619 sum;
1045 2553 1112 2608 Et
1140 2559 1485 2627 egredientur
1515 2563 1674 2620 habi-

87 2643 105 2677 t
135 2636 337 2686 tatores
377 2633 445 2688 de
471 2635 779 2695 civitatibus
802 2640 988 2710 Israel,
1019 2653 1075 2700 et
1101 2651 1432 2708 suecendent
1454 2662 1507 2708 et
1529 2671 1676 2710 com-

84 2734 102 2767 ι
126 2716 321 2775 burent
376 2737 548 2790 arma,
591 2726 835 2798 clypeum
876 2738 931 2786 et
973 2734 1178 2803 hastas,
1207 2753 1394 2796 arcum
1422 2751 1476 2797 et
1505 2747 1672 2818 sagit-

83 2827 98 2859 ι
131 2819 229 2876 tas,
262 2821 317 2867 et
378 2813 600 2874 baeulos
624 2835 902 2890 manuum,
934 2834 988 2880 et
1014 2836 1224 2897 contos,
1255 2841 1311 2887 et
1341 2813 1674 2892 succenderit

81 2916 100 2950 ι
131 2915 192 2954 ea
218 2902 360 2973 igne
387 2914 594 2976 septem
631 2912 808 2968 annis.
837 2914 904 2968 Et
950 2933 1055 2972 non
1099 2924 1395 2989 portabunt
1423 2927 1567 2998 ligna
1607 2930 1673 2986 de

84 3009 100 3041 ι
131 2993 473 3064 regionibus,
516 3016 692 3071 neque
734 3007 1016 3064 succident
1039 3011 1106 3066 de
1141 3014 1387 3084 saltibus,
1416 2993 1672 3090 quoniam

79 3099 96 3132 ι
127 3097 276 3139 arma
308 3091 649 3148 succendent
681 3095 823 3166 igne,
855 3107 911 3154 et
935 3101 1386 3171 depraedabuntur
1415 3125 1510 3167 eos
1546 3115 1670 3184 qui-

77 3191 94 3222 ‹
120 3172 218 3230 bus
243 3179 452 3246 praedae
481 3179 715 3253 fuerant,
743 3199 798 3246 et
817 3188 1073 3261 diripient
1101 3206 1405 3257 vastatores
1427 3172 1670 3272 suos;ait

77 3280 94 3312 ί
120 3261 392 3322 Dominus
418 3268 580 3328 Deus.
609 3273 677 3329 Et
706 3279 810 3332 erit
836 3279 890 3334 in
922 3282 1009 3336 die
1032 3283 1140 3351 illa,
1171 3287 1310 3344 dabo
1345 3290 1460 3363 Gog
1487 3261 1668 3352 locum

76 3371 92 3401 ι
123 3357 472 3414 nominatum
506 3365 816 3435 sepulcrum
862 3371 919 3426 in
962 3373 1147 3443 Israel,
1177 3379 1371 3436 vallem
1398 3383 1668 3444 viatorum

77 3461 93 3493 ‹
124 3447 190 3499 ad
225 3449 497 3505 orientem
535 3456 704 3510 maris
731 3474 851 3528 quae
893 3461 1279 3536 obstupescere
1322 3471 1484 3530 faciet
1523 3493 1665 3548 prae-

77 3551 94 3583 σ
124 3544 427 3595 tereuntes.
459 3541 527 3596 Et
551 3546 810 3616 sepelient
841 3550 916 3606 ibi
943 3551 1057 3625 Gog
1084 3565 1137 3610 et
1162 3574 1378 3616 omnem
1417 3541 1663 3623 multitu-

76 3645 94 3677 ‹
124 3630 309 3685 dinem
341 3632 478 3702 ejus,
520 3645 575 3692 et
601 3641 882 3697 vocabitur
920 3645 1075 3702 vallis
1112 3651 1471 3711 multitudinis
1517 3658 1660 3731 Gog;

75 3737 92 3768 ε
119 3730 176 3775 et
217 3725 487 3794 sepelierit
527 3743 621 3785 eos
646 3731 840 3789 domus
877 3735 1042 3791 Israel
1077 3749 1137 3796 ut
1173 3744 1434 3801 mundent
1462 3725 1664 3806 terrain

73 3828 90 3859 ί
121 3821 333 3881 septem
361 3819 655 3876 mensibus.
700 3822 934 3894 Sepeliet
982 3839 1163 3886 autem
1210 3849 1334 3890 eum
1361 3839 1538 3895 omnis
1567 3857 1664 3911 po-

70 3919 91 3952 (
118 3903 282 3971 pulus
315 3916 491 3975 terrae,
535 3921 591 3966 et
618 3914 722 3968 erit
750 3917 830 3971 eis
869 3922 1146 3978 nominata
1175 3927 1293 3983 dies
1329 3931 1381 3984 in
1413 3947 1518 4001 qua
1548 3935 1661 4003 glo-

68 4009 89 4044 ι
111 3993 363 4052 riticatus
403 4015 542 4068 sum,
577 4004 654 4057 ait
694 4005 952 4064 Dominus
981 4012 1140 4068 Deus.
1186 4016 1254 4071 Et
1279 3993 1663 4094 viros-iugiter

64 4099 87 4135 ι
113 4087 454 4143 constituent
496 4091 792 4151 lustrantes
833 4104 1031 4154 terram
1079 4104 1172 4172 qui
1201 4087 1476 4178 sepeliant
1491 4087 1551 4167 et
1576 4130 1662 4170 re-

63 4189 85 4224 (
112 4175 345 4243 quirant
369 4193 463 4234 eos
502 4182 595 4250 qui
635 4199 1048 4254 permanserant
1076 4208 1239 4265 super
1261 4175 1460 4255 faciem
1501 4211 1661 4261 terra:

62 4281 84 4315 ι
110 4273 173 4319 ut
203 4271 501 4326 emundent
519 4289 658 4330 eam.
687 4275 817 4332 Post
842 4295 1053 4337 menses
1078 4293 1260 4342 autem
1282 4299 1490 4361 septem
1519 4310 1661 4364 quaa-

60 4373 80 4406 ι
114 4371 243 4410 rere
273 4357 552 4430 incipient,
581 4375 635 4419 et
680 4367 985 4427 circuibunt
1025 4357 1380 4449 peragrantes
1428 4393 1652 4443 terram.

61 4466 78 4498 ‹
111 4447 368 4520 Cumque
396 4453 629 4511 viderint
650 4473 712 4513 os
756 4460 990 4518 hominis
1035 4447 1275 4525 statuent
1317 4472 1476 4542 juxta
1523 4478 1656 4534 illud

59 4555 75 4586 ε
109 4535 334 4590 titulum
362 4539 530 4595 donec
573 4544 832 4614 sepeliant
872 4548 1000 4604 illud
1034 4535 1386 4622 pollinctores
1429 4561 1484 4616 in
1513 4563 1652 4619 valle

60 4643 76 4676 ι
111 4627 481 4686 multitudinis
527 4631 664 4704 Gog.
701 4636 907 4694 Nomen
937 4651 1119 4699 autem
1151 4647 1388 4704 civitatis
1411 4651 1643 4720 Amona,

57 4732 74 4763 ί
106 4727 161 4770 et
186 4717 532 4774 mundabunt
563 4730 781 4780 terram.
821 4747 838 4779 ι
873 4727 1141 4804 (Ηίενοη.)
1169 4736 1238 4790 Et
1265 4739 1383 4793 hinc
1407 4717 1648 4799 Judaicae

52 4808 370 4865 traditionis
411 4812 652 4871 hzeredes
684 4825 740 4871 et
776 4819 1023 4890 discipuli
1054 4824 1535 4887 interminabilium
1565 4835 1646 4890 fa-

51 4899 310 4955 bularum
336 4913 458 4972 post
486 4906 632 4961 mille
659 4923 922 4966 annorum
950 4929 1174 4984 regnum
1217 4919 1398 4975 futura
1425 4935 1645 4980 conten-

51 4989 185 5043 dunt
217 4993 762 5069 interliciendumque
807 5000 922 5073 Gog
960 5006 1263 5078 principem
1307 5011 1642 5071 Rosmosoch

51 5087 101 5132 et
133 5079 356 5137 Thubal
389 5085 444 5139 in
465 5086 661 5144 finibus
685 5089 866 5160 Israel,
894 5102 949 5148 et
977 5097 1045 5152 ab
1067 5101 1320 5158 omnibus
1345 5105 1650 5162 volatilibus

51 5180 101 5224 et
144 5173 347 5230 bestiis
383 5176 786 5235 devorandum:
838 5191 893 5239 et
938 5187 1272 5247 habitatores
1313 5195 1527 5250 urbium
1572 5198 1650 5254 Is-

51 5264 163 5317 rael
197 5276 407 5335 septem
447 5269 602 5325 annis
626 5269 894 5342 lignorum
919 5290 1078 5333 usum
1101 5294 1446 5354 nequaquam
1487 5287 1644 5342 habi-

51 5362 205 5410 turos
234 5356 305 5411 de
341 5359 643 5416 succisione
691 5363 982 5433 sylvarum,
1034 5372 1128 5426 sed
1179 5375 1245 5429 de
1290 5376 1456 5432 armis
1504 5376 1640 5449 Gog,

51 5447 221 5504 scutis
257 5449 511 5508 videlicet
533 5461 586 5508 et
611 5455 784 5511 hastis
824 5460 1143 5532 sagittisque
1180 5473 1235 5520 et
1262 5466 1500 5526 baceulis
1527 5447 1642 5527 sive

51 5626 327 5686 Hebraice
351 5633 548 5690 dicitur
571 5635 645 5691 Ge
668 5653 687 5692 :
718 5647 773 5694 et
807 5656 1005 5698 nomen
1040 5645 1275 5716 sepulcri
1302 5648 1445 5706 illius
1471 5626 1650 5722 appel-

51 5716 279 5774 landum
307 5728 646 5802 noa'yavépcov
683 5729 882 5801 [Hier.,
909 5735 1286 5814 πολυάνδριον],
1325 5740 1417 5795 ubi
1444 5743 1652 5799 scilicet

51 5811 348 5871 multitudo
378 5817 654 5874 hominum
675 5823 745 5876 sit
769 5827 977 5896 sepulta
1000 5867 1012 5884 .
1048 5811 1266 5900 Septem
1295 5841 1474 5889 autem
1498 5851 1650 5891 men-

385 5907 658 5978 Pnnon.
722 5915 852 5983 CX.

1784 1992 1936 2048 sione
1967 1994 2247 2050 consistat.
2282 1997 2389 2054 Iste
2431 2002 2688 2057 educetur
2713 2003 2828 2059 sive
2870 2006 3286 2080 circumagetur,
3320 2022 3375 2067 et

1780 2086 2091 2157 palpabitur
2139 2098 2301 2160 atque
2352 2091 2660 2162 laetabitur,
2716 2105 2777 2152 ut
2815 2113 3038 2170 sperans
3093 2101 3374 2159 victoriam

1781 2179 2106 2236 occidendus
2131 2181 2358 2238 ducatur
2382 2185 2450 2239 ad
2482 2187 2746 2254 praelium.
2791 2188 2858 2243 Et
2901 2193 3157 2248 ascendet
3197 2195 3262 2250 de
3290 2195 3373 2250 la-

1783 2269 1989 2326 teribus
2021 2272 2136 2328 sive
2160 2274 2228 2329 de
2277 2275 2583 2332 novissimis
2627 2278 2914 2348 aquilonis,
2961 2297 3026 2337 ex
3069 2297 3176 2353 quo
3210 2300 3372 2339 exar-

1782 2363 2013 2418 descunt
2040 2365 2181 2420 mala
2227 2381 2390 2439 super
2431 2384 2646 2426 omnem
2691 2380 2933 2429 terram:
2985 2376 3136 2431 etab
3161 2392 3226 2432 eo
3254 2377 3373 2448 ipso

1779 2455 2079 2513 adducetur
2135 2475 2297 2531 super
2340 2472 2550 2519 montes
2583 2463 2770 2533 Israel,
2822 2482 2957 2536 quos
3002 2470 3274 2538 apostolos
3317 2477 3374 2527 et

1779 2547 2106 2616 apostolicos
2140 2558 2303 2620 atque
2339 2552 2736 2610 ecclesiasticos
2762 2555 2909 2612 viros
2950 2557 3252 2630 intelligere
3278 2560 3372 2615 de-

1776 2639 1969 2696 bemus
1997 2683 2012 2709 ,
2070 2650 2131 2697 ut
2178 2652 2463 2714 postquam
2511 2647 2772 2704 adductus
2820 2648 2983 2705 fuerit
3045 2651 3115 2706 ad
3160 2663 3372 2708 montes

1775 2731 1962 2802 Israel,
1996 2742 2124 2792 tunc
2167 2741 2507 2807 percutiatur
2534 2757 2714 2809 arcus,
2769 2745 2860 2814 qui
2897 2753 2980 2800 est
3015 2746 3068 2800 in
3102 2763 3268 2804 manu
3297 2749 3370 2804 si-

1775 2825 1949 2881 nistra
1971 2827 2109 2897 ejus,
2142 2836 2196 2882 et
2225 2831 2432 2900 sagittae
2458 2849 2576 2903 qua:
2621 2850 2784 2889 manu
2817 2844 3070 2891 tenentur
3097 2838 3318 2894 dextera
3348 2858 3362 2893 :

1776 2925 1832 2970 et
1861 2917 1975 2986 ipse
2001 2918 2147 2972 enim
2173 2918 2419 2975 imitatur
2453 2923 2519 2977 ad
2550 2923 2952 2983 interﬁciendos
2979 2944 3072 2985 eos
3115 2945 3250 3000 quos
3275 2932 3367 2986 de—

1777 3009 1983 3077 ceperit
2012 3008 2213 3064 habere
2232 3026 2384 3066 arma
2405 3027 2436 3066 a
2463 3013 2700 3071 sinistris
2728 3025 2784 3071 et
2812 3017 3018 3074 dextris
3044 3035 3142 3089 per
3169 3023 3366 3078 bonam

1774 3108 1830 3150 et
1860 3096 2059 3152 malam
2089 3099 2311 3154 famam.
2368 3102 2489 3157 lstae
2529 3104 2738 3174 sagitta:
2766 3116 2911 3172 sunt,
2949 3118 3004 3162 et
3029 3109 3144 3164 haec
3186 3112 3366 3181 jacula

1774 3188 1840 3241 de
1867 3189 2062 3258 quibus
2083 3199 2139 3245 et
2159 3191 2444 3248 Psalmista
2481 3193 2751 3264 loquitur:
2782 3215 2800 3248 ‹
2830 3197 2970 3254 Ecce
2996 3202 3141 3254 enim
3170 3218 3366 3272 pecca-

1884 3251 1901 3258 _
2550 3251 2571 3264 .
3004 3251 3141 3254 _____
3170 3251 3334 3272 τ----

1695 3251 1741 3315 C
1773 3288 1918 3335 tores
1949 3281 2299 3340 intenderunt
2349 3301 2552 3354 arcum,
2608 3299 2938 3357 paraverunt
2983 3293 3209 3366 sagittas
3236 3312 3366 3352 suas

1769 3373 1825 3427 in
1853 3375 2131 3444 pharetra,
2171 3385 2232 3431 ut
2281 3379 2538 3449 sagittent
2591 3379 2646 3433 in
2691 3382 2924 3439 obscuro
2969 3393 3148 3442 rectos
3195 3390 3360 3444 corde

1769 3463 1942 3532 (Paul.
1966 3466 2062 3540 1);
2094 3481 2114 3520 ι
2148 3483 2269 3538 quae
2307 3469 2474 3540 ignita
2504 3472 2700 3527 diaboli
2721 3471 2900 3541 jacula
2937 3485 3090 3532 scuto
3116 3476 3240 3533 ﬁdei
3272 3495 3364 3533 re-

1769 3555 2089 3626 stinguenda
2132 3569 2278 3614 sunt.
2312 3560 2573 3630 Dejicitur
2601 3572 2781 3619 autem
2813 3565 2926 3621 sive
2957 3568 3104 3622 cadit
3125 3568 3240 3640 Gog
3269 3573 3362 3639 qui

1769 3647 2092 3702 ascenderat
2136 3664 2300 3720 super
2341 3662 2553 3708 montes
2581 3655 2767 3718 Israel,
2803 3657 2856 3710 in
2907 3658 3039 3726 ipsis
3087 3662 3361 3716 montibus

1767 3750 1892 3789 cum
1915 3737 2064 3793 omni
2088 3741 2330 3796 exercitu
2353 3757 2451 3798 suo
2469 3746 2784 3816 cunctisque
2812 3749 3138 3818 agminibus.
3169 3752 3235 3806 Et
3255 3754 3360 3808 erit

1767 3827 1821 3882 in
1847 3843 2027 3884 escam
2054 3830 2206 3898 feris,
2233 3835 2423 3891 avibus
2449 3838 2704 3908 omnique
2724 3840 2929 3896 volatili
2950 3852 3004 3897 et
3032 3845 3218 3901 bestiis
3246 3855 3357 3902 ter-

1766 3934 1857 3981 rm,
1885 3920 2215 3977 adversariis
2258 3925 2510 3981 videlicet
2539 3937 2595 3982 et
2641 3933 3016 3999 potestatibus,
3043 3953 3162 4006 qua:
3197 3939 3355 4009 juxta

1763 4009 1908 4064 viam
1949 4014 2294 4070 eomederent
2321 4027 2640 4085 sementem,
2668 4031 2723 4076 et
2755 4025 3353 4096 sanguinariisbestiis.

1764 4097 2044 4166 Quomodo
2073 4104 2217 4158 enim
2260 4108 2521 4178 scripturn
2551 4120 2635 4165 est
2665 4113 2730 4166 de
2775 4115 3045 4170 dracone:
3075 4137 3094 4168 ς
3149 4119 3355 4174 Dedisti

1763 4206 1888 4246 eum
1935 4208 2115 4248 escam
2161 4197 2373 4266 populis
2395 4197 2726 4271 IEthyOpum
2772 4200 2946 4274 (Psal.
2984 4208 3198 4280 nuru),
3228 4228 3247 4261 ι
3277 4212 3355 4266 sic

1763 4283 1974 4354 decepti
2026 4288 2224 4356 quique
2276 4291 2345 4345 ab
2376 4291 2670 4359 haereticis,
2717 4293 3019 4352 daemonum
3064 4300 3170 4355 cibi
3204 4315 3347 4358 sunt.

1761 4374 1931 4432 Cadet
1960 4387 2141 4433 autem
2172 4379 2288 4450 Gog
2314 4383 2398 4438 vel
2429 4400 2482 4437 in
2513 4387 2688 4457 campi
2718 4387 2998 4445 latitudine
3020 4392 3103 4446 vel
3137 4393 3190 4446 in
3220 4409 3350 4464 agro

1759 4467 1852 4538 qui
1880 4469 2057 4524 cultus
2087 4478 2172 4525 est
2193 4487 2226 4526 a
2258 4472 2354 4528 Dei
2380 4476 2671 4545 agricolis:
2712 4495 2891 4551 neque
2925 4484 3069 4538 enim
3100 4485 3216 4540 ﬁeri
3247 4503 3349 4556 po-

1677 4595 1732 4656 D
1760 4563 1869 4612 test
1897 4569 1957 4614 ut
1979 4561 2190 4616 Domini
2228 4565 2394 4620 verba
2419 4567 2530 4621 sint
2554 4569 2728 4624 irrita.
2765 4571 2916 4626 Tunc
2939 4574 3184 4628 mittetur
3212 4577 3350 4646 ignis

1757 4649 1812 4703 in
1848 4650 2057 4722 Magog,
2122 4654 2177 4708 in
2218 4671 2312 4710 eos
2351 4657 2602 4712 videlicet
2631 4662 2720 4730 qui
2779 4660 2895 4732 Gog
2924 4679 3213 4733 suscepere
3247 4667 3345 4720 do-

1756 4744 2012 4809 ctrinam,
2043 4754 2099 4799 et
2126 4747 2181 4799 in
2205 4747 2306 4802 hos
2347 4749 2440 4816 qui
2490 4750 2558 4803 ad
2588 4751 2998 4808 similitudinem
3046 4756 3344 4814 insularum

1753 4834 1937 4888 smculi
1967 4833 2218 4892 ﬂuctibus
2233 4838 2613 4906 verberantur,
2642 4850 2696 4896 et
2720 4852 2909 4913 putant
2934 4861 2990 4900 se
3005 4847 3201 4903 debere
3223 4865 3344 4904 esse

1753 4937 1994 4978 securos.
2025 4924 2116 4979 Ille
2144 4926 2284 4995 ignis
2303 4926 2369 4982 de
2390 4943 2497 4998 quo
2525 4929 2782 4989 Dominus
2810 4937 3086 5005 .oquitur:
3117 4955 3136 4988 ι
3162 4937 3344 5008 Ignem

1757 5015 1881 5068 veni
1912 5017 2131 5072 mittere
2157 5033 2320 5088 super
2349 5027 2569 5090 terram,
2607 5034 2664 5080 et
2703 5027 2832 5097 quid
2871 5027 2995 5083 volo
3035 5030 3138 5085 nisi
3168 5041 3228 5085 ut
3256 5048 3343 5087 ar-

1759 5107 1885 5162 deat
1921 5107 2072 5179 (Luc.
2112 5111 2278 5182 111).»
2325 5111 2395 5168 Ut
2445 5115 2620 5171 sciant
2668 5133 2858 5174 omnes
2903 5128 2958 5174 et
3009 5120 3336 5193 intelligant,

1754 5200 1899 5267 quod
1929 5216 2028 5270 ego
2063 5202 2165 5256 sim
2212 5203 2494 5272 Dominus,
2544 5216 2597 5262 et
2644 5225 2839 5264 nomen
2885 5221 3128 5268 sanctum
3156 5231 3334 5274 meum

1752 5300 1939 5349 notum
1979 5292 2098 5358 ﬁat,
2132 5294 2186 5348 in
2238 5297 2415 5352 medio
2450 5301 2634 5369 pepuli
2683 5301 2808 5367 mei,
2857 5303 2945 5372 qui
2999 5319 3337 5378 nequaquam

1751 5381 1866 5454 Gog
1893 5385 2219 5441 auctoritate
2249 5391 2505 5444 seductus
2532 5401 2637 5457 est,
2670 5406 2843 5462 neque
2870 5395 3011 5450 ultra
3047 5413 3146 5467 per
3179 5416 3336 5457 oeca-

1748 5475 1954 5529 sionem
1987 5475 2105 5531 falsi
2127 5478 2361 5533 nominis
2381 5479 2622 5536 scientiae
2643 5482 2912 5550 polluetur
2933 5501 3129 5544 nomen
3155 5506 3334 5547 meum

1750 5565 1805 5618 in
1831 5567 2119 5635 haereticis,
2148 5577 2207 5623 ut
2232 5570 2408 5624 sciant
2447 5580 2654 5642 gentes,
2686 5589 2804 5643 qua
2843 5576 2898 5630 in
2928 5579 3158 5634 circuitu
3187 5593 3327 5646 sunt,

1751 5659 1895 5726 quod
1945 5675 2046 5729 ego
2098 5659 2203 5716 sim
2253 5662 2531 5718 Dominus.
2584 5664 2737 5731 Quod
2793 5676 2974 5724 autem
3029 5672 3327 5742 sequitur:

1758 5765 1777 5798 ι
1807 5749 1947 5804 Ecce
1976 5749 2125 5804 venit
2174 5759 2229 5804 et
2259 5750 2458 5807 factum
2493 5764 2592 5822 est,
2626 5776 2644 5806 ι
2674 5757 2739 5812 de
2783 5758 2986 5828 judicio
3021 5760 3220 5816 Christi
3246 5763 3334 5818 di-

1754 5839 1917 5907 citur,
1947 5841 2039 5910 qui
2063 5841 2286 5899 veniens
2314 5846 2492 5902 veniet
2529 5856 2583 5903 et
2610 5863 2717 5906 non
2747 5852 2998 5918 tardabit,
3029 5859 3085 5909 et
3109 5853 3224 5925 ipsa
3247 5862 3329 5913 est
