3908 6356
634 315 739 372 875

1270 309 1333 367 Β.
1375 306 1632 366 RABANI
1668 306 1892 389 MAUBI
1927 304 2250 381 ARCHIEP.
2294 305 2605 383 MOGUNT.
2646 304 2934 381 QPEBUM
2972 305 3157 364 PARS
3194 300 3257 365 ll.
3682 324 3727 377 gn;

624 430 743 486 dies
766 438 1055 499 pinnarum
1102 431 1267 494 atque
1308 423 1579 487 vindictae,
1630 420 1698 477 de
1731 434 1838 493 qua
1878 433 1977 490 per
2027 434 2219 475 omnes
2245 427 2292 499 ᾼ
2323 420 2601 487 claudant,
2656 429 2710 475 et
2747 420 3309 491 circumagdiiicentur,
3361 430 3410 478 et
3446 418 3493 479 in
3526 392 3725 499 voragine,

624 496 917 594 prophetas
943 516 1156 572 locutus
1181 522 1265 569 est
1299 513 1579 569 Dominus.
1612 530 1630 564 ‹
1660 510 1729 566 Ει
1755 510 2102 582 egredientur
2128 510 2224 564 ha—
2266 496 2275 507 ’

624 613 887 668 bitatores
918 607 1134 664 urbium
1164 625 1183 659 ι
1220 604 1387 662 Israel
1439 604 1779 661 credentium
1804 601 1989 674 populi
2014 619 2029 655 :
2061 601 2224 657 urbes

624 696 995 758 autemlsrael
1035 696 1389 769 intelligimus
1439 693 1715 751 Ecclesias
1767 701 1927 747 rectae
1968 690 2111 746 fidei.
2159 689 2226 744 Et

624 791 973 857 succendent,
1003 797 1059 846 et
1083 788 1409 845 comburent
1442 804 1615 853 arma,
1646 789 1711 843 de
1737 787 1934 857 quibus
1961 792 2016 841 et
2043 785 2097 839 in
2119 782 2225 838 alio

622 882 741 939 loco
769 882 1034 951 scriptum
1084 888 1210 934 est:
1239 898 1259 931 ‹
1316 878 1515 935 Arcum
1562 884 1811 934 conteret
1839 885 1896 931 et
1923 872 2227 945 confringet
2256 946 2266 957 .

624 992 798 1041 arma,
825 982 880 1030 et
905 980 1056 1029 scuta
1094 972 1375 1028 comburet
1403 970 1513 1044 igni
1556 969 1731 1044 (Psal.
1760 968 1910 1037 ην),
1941 987 1960 1021 ι
2008 967 2227 1037 clypeos

623 1075 679 1123 et
704 1069 906 1130 hastas,
925 1079 1115 1121 arcum
1143 1073 1199 1120 et
1218 1063 1459 1135 sagittas,
1486 1061 1708 1117 haeulos
1730 1075 1925 1115 manus
1951 1074 2007 1113 in
2029 1057 2227 1130 quibus

618 1172 937 1230 perversum
975 1157 1175 1228 pascha
1216 1153 1604 1216 celebrabant;
1638 1150 1862 1206 lanceas
1886 1149 2001 1204 sive
2037 1155 2227 1203 contos

621 1252 821 1322 quibus
840 1250 951 1306 lata
978 1257 1033 1306 et
1061 1246 1381 1304 insanabilia
1413 1242 1720 1301 inferebant
1764 1241 1990 1297 vulnera
2020 1238 2226 1294 doctri-

622 1359 837 1411 narum,
868 1343 1194 1415 clypeosque
1219 1334 1378 1394 arcus
1407 1345 1464 1392 et
1486 1338 1737 1409 sagittas,
1760 1334 1828 1390 de
1847 1333 2043 1404 quibus
2063 1346 2226 1402 supra

624 1436 829 1491 dictum
874 1442 980 1491 est.
1025 1431 1287 1505 Quodque
1332 1429 1613 1501 sequitur:
1642 1449 1659 1480 ‹
1702 1427 1770 1483 Et
1808 1425 2139 1482 succcndent
2161 1439 2227 1479 ea

623 1527 734 1596 igni
765 1533 972 1598 septem
1002 1525 1199 1590 annis;
1230 1542 1249 1576 ι
1282 1523 1347 1578 de
1386 1522 1570 1577 Exodo
1599 1528 1653 1576 et
1683 1518 1926 1575 Levitico
1952 1530 2227 1587 exponen-

621 1618 748 1671 dum
773 1624 878 1683 est,
909 1616 966 1672 in
995 1615 1196 1688 quibus
1219 1615 1339 1684 lege
1364 1613 1682 1685 praecipitur
1731 1618 1791 1666 ut
1825 1609 2056 1681 septimo
2085 1621 2226 1661 anno

622 1709 979 1777 remissionis,
1003 1709 1226 1780 quando
1250 1707 1423 1763 servis
1444 1702 1688 1762 Hebraeis
1706 1705 1933 1761 libertas
1960 1703 2223 1767 redditur,

2327 520 2487 567 terrae
2510 510 2793 582 sepeliant,
2825 525 2895 567 ne
2915 511 3054 565 ultra
3074 512 3225 567 exire
3252 511 3459 579 valeant,
3478 525 3523 570 et
3539 518 3726 589 aliqua“

2326 604 2518 660 fraude
2544 604 2813 683 decipere.
2840 602 2920 659 ibi
2948 618 3080 675 ergo
3115 603 3429 673 sepeliebaut
3449 605 3594 678 Goget
3621 628 3725 672 nam

2327 695 2727 751 multitudinem
2759 694 2898 765 ejus,
2931 711 3037 766 qua
3065 709 3279 766 semper
3296 697 3504 752 hzeretici
3522 699 3723 761 delectant.

2334 806 2353 838 ε
2385 788 2453 843 Ει
2480 788 2763 843 vocabitur
2792 806 2811 839 ι
2840 801 3034 845 nomen
3064 786 3221 841 va'llis
3244 786 3393 854 illius,
3429 788 3475 842 in
3504 806 3585 860 qua
3610 793 3726 871 (inge.

2326 881 2509 952 pullus
2532 886 2635 946 est,
2668 898 2687 931 ι
2717 878 3076 934 multitudinis
3099 894 3187 949 ge,
3212 877 3323 933 sive
3340 878 3602 951 polyandrii,
3618 884 3723 953 bitu,

2327 973 2635 1044 sepulcrum
2681 970 2927 1042 plurima:
2965 968 3356 1025 multitudinis:
3381 977 3431 1025 et
3450 973 3721 1047 quomodosqn

2328 1064 2565 1120 diximus
2595 1078 2694 1133 per
2722 1071 2927 1133 septem
2959 1078 3131 1118 annos
3159 1062 3547 1119 adversariorum
3568 1080 3661 1120 arm
3674 1085 3722 1123 sar-

2327 1156 2508 1221 cendi,
2530 1155 2610 1211 sic
2630 1170 2729 1226 per
2748 1163 2956 1225 septem
2988 1168 3224 1220 menses,
3263 1153 3487 1210 sordibus
3506 1155 3718 1214 haeream:

2329 1256 2476 1302 terra
2500 1247 2870 1303 mandabitur.
2924 1246 2971 1301 A
2992 1247 3173 1318 primo
3209 1247 3349 1302 enim
3373 1263 3529 1304 mense
3543 1254 3720 1323 quantum

2328 1337 2459 1395 scha
2482 1339 2696 1394 Domini
2722 1339 3087 1405 celebramus,
3128 1346 3184 1394 et
3231 1340 3626 1397 exterminatoren
3648 1343 3718 1415 εἰει

2327 1430 2404 1500 pti
2449 1431 2571 1503 agni
2608 1426 2664 1485 in
2694 1430 2944 1501 postibus
2978 1430 3186 1486 nostris
3228 1445 3412 1486 cruore
3446 1430 3627 1498 vitamus,
3645 1450 3716 1502 nee

2330 1524 2397 1578 ad
2421 1518 2624 1579 exitum
2668 1523 2819 1589 anni,
2860 1524 2965 1579 hoc
2993 1531 3094 1587 est,
3133 1538 3304 1595 usque
3329 1523 3392 1580 ad
3433 1525 3714 1597 septimanae

2329 1630 2467 1681 sem,
2496 1615 2716 1687 quando
2763 1616 3117 1670 tabernacula
3156 1615 3382 1686 ﬁgimus,
3411 1625 3458 1672 et
3494 1617 3713 1671 inteream

2328 1703 2550 1761 frondes
2577 1705 2878 1775 palmarum
2908 1720 3126 1775 quoque
3154 1706 3314 1760 ramis
3332 1706 3713 1787 protegimumtpe-

620 1809 677 1855 et
701 1801 881 1856 debita
910 1809 1106 1857 cuncta
1141 1800 1444 1864 solvuntur,
1475 1806 1530 1852 et
1557 1797 1625 1853 ad
1662 1796 1913 1853 dominos
1957 1795 2099 1849 redit
2121 1809 2223 1848 an-
2249 1794 2300 1877 ῃ
2327 1799 2468 1855 facta
2496 1808 2685 1855 contra
2714 1801 2899 1855 hostes
2926 1799 3154 1854 victoria
3174 1798 3534 1855 demonstretur
3550 1799 3713 1855 festivitates

621 1892 769 1962 tiqua
796 1892 1091 1964 possessio,
1142 1899 1199 1947 et
1232 1892 1389 1962 quies
1429 1898 1591 1945 terra;
1629 1889 1908 1955 tribuitur,
1938 1896 1994 1943 et
2030 1903 2220 1943 omnes

622 1982 803 2054 fruges
828 1984 1154 2056 pauperibus
1172 1985 1563 2047 condonantur,
1584 1999 1692 2054 quo
1712 1982 1917 2038 scilicet
1937 1982 1989 2036 in
2015 1990 2223 2053 septem

619 2076 778 2131 annis
821 2092 1049 2132 numero
1101 2084 1315 2133 sacrato
1361 2084 1524 2145 atque
1551 2074 1794 2147 perfecto
1836 2074 2223 2131 haereticorum

616 2174 896 2221 armatura
924 2166 1214 2237 dispereat,
1255 2174 1310 2221 et
1338 2164 1697 2221 ecclesiastici
1738 2164 1840 2218 viri
1870 2176 2222 2233 nequaquam

620 2257 766 2329 ligna
801 2258 1082 2314 succidant
1111 2259 1177 2314 de
1226 2258 1436 2329 campis
1462 2263 1518 2312 et
1566 2255 1897 2326 regionibus,
1947 2254 2222 2325 sylvisque

617 2360 675 2405 et
695 2350 922 2406 saltibus
945 2349 1209 2422 gentium,
1230 2364 1367 2420 quos
1388 2348 1562 2419 magis
1585 2346 1793 2402 salvare
1816 2346 2038 2415 cupiunt
2058 2358 2222 2413 quam

615 2445 845 2514 perdere
872 2463 886 2499 :
915 2447 1007 2501 sed
1037 2446 1104 2501 de
1136 2444 1537 2509 haereticorum,
1562 2458 1699 2512 quos
1740 2442 1971 2497 vicerint
1996 2442 2217 2513 clypeis,

617 2538 811 2605 hastis,
837 2539 1071 2611 sagittis,
1103 2538 1329 2602 baculis,
1357 2538 1640 2605 contisque
1661 2544 1717 2590 et
1761 2535 1982 2591 lanceis.
2011 2534 2223 2592 Habent

617 2632 761 2685 enim
783 2639 837 2685 et
864 2631 965 2700 ipsi
989 2631 1057 2685 ad
1084 2630 1507 2701 impugnandam
1552 2628 1852 2684 Ecclesiam
1883 2626 2083 2684 Christi
2115 2627 2221 2684 tela

616 2721 854 2787 diversa,
885 2736 1007 2793 quae
1036 2722 1105 2777 ab
1128 2722 1355 2777 eruditis
1385 2720 1696 2777 hominibus
1738 2721 1863 2790 igne
1892 2721 2065 2776 sancti
2098 2719 2222 2791 Spi-

617 2814 757 2869 ritus
784 2813 1160 2870 succendenda
1200 2823 1349 2879 sunt,
1379 2828 1631 2870 sermone
1673 2813 1925 2870 videlicet
1961 2813 2220 2870 ecclesia-

616 2906 775 2971 stico,
818 2922 977 2976 quem
1019 2906 1112 2978 qui
1160 2906 1432 2970 habuerit,
1471 2908 1669 2979 poterit
1718 2907 1939 2962 dicere:
1970 2925 1990 2959 ε
2027 2906 2220 2964 Nonne

614 3011 711 3051 cor
744 3006 990 3053 nostrum
1020 3005 1141 3053 erat
1168 2997 1365 3054 ardens
1392 2998 1446 3053 in
1493 2997 1581 3054 via
1627 3013 1749 3054 eum
1791 2999 2029 3071 aperiret
2062 3000 2220 3055 nobis

611 3086 770 3143 Jesus
818 3086 1216 3159 Scripturas?»
1248 3087 1358 3146 Nec
1403 3104 1695 3161 possumus
1744 3090 1962 3160 plenam
2014 3090 2218 3147 habere

2324 1907 2516 1948 omnes
2541 1892 2877 1963 complemus
2904 1891 2959 1946 in
3006 1890 3240 1962 populis.
3291 1888 3393 1946 Nec
3435 1890 3567 1947 solum
3585 1892 3709 1963 magian

2326 1988 2420 2044 sed
2441 1996 2496 2042 et
2519 1968 2695 2041 uinnis
2722 1984 2951 2056 populus
2980 1985 3086 2041 hoc
3114 1984 3357 2040 certatim
3387 1981 3535 2048 faciet,
3555 1982 3710 2049 αιςψέά

2324 2077 2441 2149 Gog
2465 2086 2520 2133 et
2544 2086 2743 2132 terram
2772 2076 3001 2146 operiat,
3031 2084 3089 2130 et
3119 2089 3439 2145 nequaquam
3461 2088 3592 2128 aerem
3606 2072 3707 2125 ﬁlms

2325 2186 2519 2244 capere
2552 2171 2831 2243 permittat
2855 2189 2868 2227 :
2900 2168 3026 2227 Post
3073 2188 3260 2228 necem
3288 2181 3448 2226 autem
3470 2179 3511 2225 et
3540 2166 3707 2223 interiere:-

2325 2280 2449 2320 nem
2495 2264 2610 2319 sive
2652 2261 2959 2333 sepulcrum
3008 2261 3151 2333 Gog,
3203 2263 3444 2334 eligentur
3475 2259 3549 2313 viri
3586 2256 3706 2311 θεῶν

2325 2356 2447 2412 stici
2474 2357 2565 2425 qui
2608 2356 2713 2410 hoc
2756 2354 2994 2410 habeant
3023 2356 3210 2420 studii,
3237 2370 3303 2410 ne
3327 2355 3439 2427 quid
3460 2355 3501 2408 in
3535 2349 3703 2405 teth

2324 2453 2543 2502 maneat
2578 2445 2820 2500 sordium
2872 2446 3249 2516 pristinarum,
3302 2460 3362 2498 ne
3384 2432 3490 2513 quid
3510 2437 3702 2495 mortium

2322 2536 2416 2608 qui
2455 2537 2687 2591 lustrent
2732 2545 2953 2601 terram,
2998 2543 3057 2592 et
3099 2536 3367 2609 requirant
3401 2542 3581 2589 mortuos
3601 2536 3703 2593 eiset-

2321 2628 2457 2684 liant
2480 2648 2493 2682 :
2516 2637 2578 2683 ut
2600 2628 2851 2684 videlicet
2896 2628 3196 2685 mundetur
3221 2638 3358 2684 terra
3382 2625 3577 2683 ecclesia.
3604 2621 3703 2674 Sina-

2322 2728 2557 2791 temper
2584 2729 2795 2790 septem
2837 2735 3057 2776 menses
3099 2720 3311 2790 quando
3346 2718 3703 2774 debentessenm

2322 2818 2569 2882 purgata,
2604 2811 2659 2867 hi
2680 2812 2772 2881 qui
2804 2819 3004 2865 terram
3036 2818 3344 2882 peragrant,
3369 2816 3497 2878 atque
3525 2804 3705 2859 circumeat

2321 2903 2379 2957 in
2403 2904 2588 2975 aliquo
2608 2919 2671 2959 os
2691 2903 2946 2969 hominis,
2974 2904 3084 2959 hoc
3112 2912 3198 2959 est
3215 2902 3439 2958 duritiam
3468 2894 3705 2958 lim-dm!"

2321 2995 2527 3059 Vitatis,
2559 2996 2674 3051 sive
2705 2995 3056 3051 morticinum
3107 2995 3237 3066 quid
3272 2992 3487 3049 doctrina
3512 2980 3704 3058 pristim?

2322 3088 2502 3144 derint
2530 3088 2878 3154 remansisse,
2931 3096 3142 3158 ponent
3190 3086 3340 3157 juxta
3367 3082 3465 3139 illud
3498 3071 3706 3134 siveediﬁt‘i-
3748 3132 3749 3135 η

610 3195 802 3249 pacem
848 3189 903 3259 et
946 3166 1309 3237 habitationis
1354 3166 1760 3247 confidentiam,
1808 3182 1913 3237 nisi
1965 3189 2218 3238 cunctam
2244 3182 2291 3247 (ἓ
2321 3182 2457 3238 bunt
2485 3180 2741 3259 titulum:
2772 3188 2834 3235 ut
2862 3190 3157 3251 postquam
3188 3178 3352 3235 notati
3377 3173 3513 3230 fuerint
3530 3168 3587 3237 qui
3599 3163 3707 3231 “1405*

615 3271 1050 3327 adversariorum
1118 3271 1506 3342 supellectilem
1556 3272 1970 3342 depraademur,
2025 3281 2086 3328 ut
2126 3288 2221 3346 pe—

621 3370 778 3416 reant
805 3363 988 3417 omnia
1010 3372 1065 3418 et
1095 3362 1151 3417 in
1193 3365 1435 3419 cinerem
1464 3373 1905 3431 concrementur,
1931 3375 1987 3421 et
2014 3350 2221 3439 deprae-

615 3451 809 3505 demur
828 3467 945 3518 eos,
972 3452 1067 3521 qui
1088 3467 1188 3507 nos
1210 3452 1426 3508 fuerant
1444 3462 1569 3507 ante
1592 3453 1842 3523 praedati,
1872 3464 1925 3508 et
1946 3463 2219 3509 vastemus

615 3540 735 3597 illos
762 3543 853 3611 qui
884 3550 1235 3597 vastaverunt
1280 3543 1434 3615 prius
1459 3544 1781 3599 Eeclesiam.
1813 3562 1832 3596 ‹
1868 3545 1924 3599 1η
1949 3532 2036 3601 die
2058 3545 2171 3611 illa,
2192 3566 2212 3599 ι

616 3632 672 3687 in
715 3632 863 3689 claro
908 3634 1313 3704 prmdicationis
1346 3633 1570 3701 lumine,
1604 3653 1623 3686 ι
1652 3636 1810 3699 dabo,
1852 3636 2051 3707 inquit,
2102 3636 2219 3708 Gog

614 3725 794 3782 locum
851 3729 1191 3784 nominatum
1264 3728 1575 3798 sepulcrum
1644 3730 1699 3784 in
1756 3728 1941 3785 lsrael.
1983 3750 2002 3783 ι
2053 3729 2218 3786 Juxta

617 3816 967 3886 Hebraicum,
996 3839 1015 3872 ‹
1044 3818 1241 3874 vallem
1270 3819 1544 3876 viatorum
1578 3840 1596 3871 ›
1632 3821 1699 3876 ad
1724 3822 1992 3877 orientem
2029 3824 2212 3890 maris,

621 3928 641 3963 r
663 3924 783 3981 quae
821 3912 1206 3980 obstupescere
1234 3910 1365 3965 facit
1404 3919 1814 3981 praetereuntes.
1839 3932 1858 3963 ι
1902 3910 2067 3982 Cujus
2105 3928 2217 3967 ser-

612 4002 793 4059 monis
836 4002 928 4058 hle
968 4018 1161 4058 sensus
1190 4009 1311 4058 est:
1346 4001 1703 4072 Sepulchrum
1736 4001 1851 4073 Gog
1892 4018 2000 4056 non
2029 4002 2134 4056 erit
2162 4003 2215 4061 in

612 4093 912 4160 montibus,
939 4094 1035 4150 sed
1062 4094 1119 4149 in
1156 4093 1429 4164 depressis
1449 4093 1679 4148 vallibus
1706 4101 1761 4149 et
1788 4094 1843 4149 in
1883 4093 2216 4165 confragosis

613 4184 921 4255 locis,qu:e
971 4187 1227 4242 bebraice
1277 4186 1617 4258 appellantur
1670 4186 1767 4251 Ge,
1825 4202 1944 4257 quae
1974 4186 2214 4241 haeretici

612 4288 735 4327 cum
766 4275 821 4327 in
851 4275 1131 4330 occidente
1161 4276 1249 4330 siti
1294 4276 1523 4332 orientis
1566 4277 1685 4331 loca
1712 4292 1833 4332 esse
1873 4277 2212 4347 confingunt,

614 4371 675 4415 ut
723 4363 998 4432 decipiant
1038 4364 1301 4432 viatores,
1354 4381 1451 4421 eos
1501 4367 1769 4432 videlicet,
1820 4369 1911 4437 qui
1956 4368 2213 4422 Sicculmn

614 4452 760 4507 istud
798 4460 1198 4522 pertranseunt,
1231 4463 1286 4509 et
1310 4471 1419 4510 non
1456 4464 1584 4510 sunt
1617 4457 1968 4523 habitatores,
2000 4459 2093 4513 sed
2118 4472 2212 4529 pe-

2324 3274 2535 3331 cemodi
2562 3284 2711 3341 sunt,
2761 3282 2891 3329 tunc
2919 3273 3004 3328 vel
3043 3274 3398 3328 emundentur
3429 3264 3479 3321 vd
3506 3259 3706 3331 sepeliant"!

2322 3380 2444 3421 cum
2470 3363 2607 3435 Gog,
2634 3373 2691 3419 et
2717 3364 2771 3418 in
2821 3365 2978 3420 turba
3025 3364 3317 3434 sepulturzs
3358 3348 3703 3435 illiusmlmlanwt-

2321 3454 2527 3509 Nomen
2555 3434 2734 3509 autem
2762 3455 2998 3509 civitatis
3025 3453 3121 3508 ubi
3146 3465 3400 3509 servorum
3425 3441 3567 3503 Domini
3584 3434 3701 3532 notuit
3746 3494 3747 3521 ἲ

2321 3552 2426 3611 est,
2452 3554 2509 3601 et
2539 3545 2723 3617 jacent
2758 3545 3090 3612 adversarii,
3131 3556 3185 3602 et
3204 3544 3368 3601 omnis
3402 3537 3626 3595 inimicorum
3644 3537 3699 3617 eius
3746 3534 3747 3543 ‘

2321 3614 2610 3694 multitudo
2636 3647 2908 3710 prostrata
2938 3646 3041 3705 est,
3092 3638 3374 3710 appellatur
3396 3614 3699 3720 nominativi?“r

2320 3730 2610 3797 liandrion,
2657 3738 2717 3784 ut
2763 3730 2887 3785 ﬁnis
2928 3730 3177 3787 omnium
3227 3724 3459 3784 restitutio
3481 3711 3636 3791 puritatis
3657 3711 3696 3797 si

2320 3823 2560 3892 Denique
2596 3794 2890 3892 sequitur:
2927 3842 2946 3874 ‹
2996 3823 3061 3877 Ει
3097 3823 3406 3877 mundabunt
3430 3794 3695 3869 terramallieJ

2318 3916 2538 3970 dubium
2561 3915 2692 3985 quin
2715 3916 2783 3970 hi
2799 3916 2867 3971 de
2891 3916 3095 3985 quibus
3119 3931 3274 3988 supra
3300 3911 3511 3981 scriptum
3527 3904 3696 3962 esliltl”

2318 4022 2440 4062 rere
2476 4008 2756 4077 incipient,
2790 4016 2845 4063 et
2883 4008 3248 4063 circumibunt
3286 4005 3562 4077 peragrantes
3587 3998 3692 4043 tamn.

2318 4098 2607 4170 (mwws')
2637 4098 2694 4153 ιη
2738 4099 3056 4171 Αβοοθίῖβθί
3104 4116 3309 4172 quoque
3347 4090 3521 4151 Joannis
3538 4086 3691 4156 (ipsum

2315 4203 2437 4243 eum
2466 4190 2539 4245 ibi
2574 4199 3097 4246 commemoraretur
3126 4190 3292 4259 angeli
3333 4180 3560 4243 descensio,
3585 4174 3689 4224 deae

2314 4283 2405 4353 qui
2438 4284 2732 4353 eaptivavit
2779 4285 3068 4339 draconem
3121 4291 3404 4354 serpentem
3442 4271 3689 4339 antiquitati"l

2313 4383 2399 4431 est
2442 4376 2689 4432 diabolus
2717 4385 2773 4431 et
2814 4385 3056 4443 satanas,
3107 4387 3161 4432 et
3205 4374 3375 4446 ligavit
3415 4382 3510 4424 eum
3534 4360 3688 4433 Nam“

2313 4469 2478 4525 mme'
2516 4470 2708 4525 Poste“
2742 4471 2986 4541 se(luitur
3036 4471 3331 4543 Scriptura,
3369 4448 3686 4543 dicensztE'l‘i‘3

615 4541 843 4615 regrini,
874 4544 1120 4600 dicentes
1149 4544 1277 4602 illud
1323 4546 1731 4617 propheticum:
1770 4565 1787 4598 ι
1825 4546 2045 4603 Advena
2089 4566 2209 4606 sum
2234 4536 2290 4603 Β
2316 4564 2673 4618 consummari
2713 4530 2913 4617 ιὐθιῖῖηι
2939 4562 3084 4617 mine
3126 4530 3269 4624 τιξιηί,
3298 4530 3495 4614 solvetur
3524 4530 3686 4601 Βοωωά

2316 4665 2536 4707 carcere
2575 4666 2693 4717 suo,
2744 4660 2800 4706 et
2837 4651 3006 4706 exibit
3047 4658 3103 4706 et
3139 4649 3344 4705 seducet
3381 4627 3685 4716 εεηιεεςυδθί
3740 4690 3741 4695 η

607 4656 711 4712 ego
758 4648 815 4697 et
862 4642 1181 4715 peregrinus
1228 4640 1370 4698 sicut
1428 4657 1617 4698 omnes
1647 4651 1831 4712 patres
1883 4643 1989 4698 mei
2033 4642 2208 4717 (Psal.

544 4778 548 4783 .
611 4736 862 4811 xxxviii).
893 4755 915 4789 ι
945 4736 1078 4805 Quis
1101 4737 1244 4792 enim
1268 4738 1731 4807 praetereuntium,
1760 4738 1824 4793 dc
1851 4736 2048 4811 quibus
2074 4738 2209 4793 scri-

544 4833 555 4867 -’
609 4838 762 4899 ptum
787 4838 908 4887 est;
946 4849 965 4881 ί
999 4831 1069 4886 Et
1090 4846 1196 4885 non
1227 4831 1480 4886 dixerunt
1519 4832 1610 4907 qui
1638 4832 2009 4907 przeteribant,
2038 4832 2209 4887 Bene-

611 4922 777 4979 dictio
814 4922 1033 4979 Domini
1086 4939 1247 4992 super
1284 4939 1379 4978 vos
1407 4921 1579 4994 (Psal.
1622 4924 1875 4997 cxxvm),
1909 4946 1926 4977 ι
1957 4942 2065 4981 non
2111 4927 2207 4981 ad-

612 5015 843 5069 miratur
868 5023 924 5069 et
944 5015 1278 5086 obstupescit
1310 5028 1435 5069 cum
1463 5016 1658 5071 vallem
1685 5017 1883 5071 viderit
1913 5017 2201 5084 viatorum,

613 5117 733 5171 quae
760 5088 1062 5162 viatoribus
1109 5105 1263 5161 vallis
1310 5104 1713 5163 habitatoribus
1769 5122 1927 5164 mons
1954 5108 2205 5164 videtur?

612 5195 718 5250 hoc
739 5197 889 5267 juxta
938 5198 1283 5257 Hebraicum.
1338 5198 1605 5256 Caeterum
1643 5201 1994 5275 Septuaginta
2023 5212 2201 5260 trans-

612 5285 855 5343 tulerunt
885 5307 906 5341 r
931 5292 1278 5364 polyandrion
1303 5308 1493 5348 eorum
1532 5293 1623 5365 qui
1650 5295 1896 5349 venerint
1921 5297 1987 5359 ad
2029 5310 2200 5364 mare,

612 5386 669 5435 ει
721 5380 1059 5440 aedificabunt
1104 5386 1158 5440 in
1188 5386 1419 5453 circuitu
1466 5386 1749 5442 introitum
1771 5386 1945 5444 vallis.
1977 5408 1997 5443 ι
2025 5389 2204 5445 Labor

610 5470 757 5528 enim
794 5480 877 5527 est
907 5490 1094 5531 eorum
1128 5478 1221 5547 qui
1270 5477 1623 5550 egrediuntur
1651 5479 1719 5534 de
1756 5479 1978 5535 urbibus
2012 5480 2201 5557 lsrael,

610 5573 673 5621 ut
690 5581 907 5622 omnem
936 5566 1213 5625 introitum
1245 5581 1301 5630 et
1342 5572 1547 5629 exitum
1596 5574 1869 5632 haeretica:
1895 5576 2206 5648 pravitatis,

612 5658 703 5727 qui
733 5665 995 5715 venerant
1040 5675 1072 5714 ε
1102 5677 1253 5716 mare
1302 5672 1358 5718 et
1384 5665 1742 5723 amaritudine
1789 5666 1932 5724 illius
1962 5668 2198 5733 delecta-

612 5745 833 5815 bantur,
854 5749 1234 5823 undarmnque
1260 5752 1490 5811 molibus
1515 5765 1572 5812 et
1593 5757 1909 5825 crudelitate
1932 5759 2201 5835 naufragii

2315 4762 2480 4817 super
2514 4753 2748 4816 quatuor
2771 4744 2995 4816 angulos
3018 4754 3197 4810 terrae,
3225 4743 3331 4813 Gog
3351 4748 3397 4795 ct
3429 4728 3684 4817 "ﬂmtdm:

2314 4837 2559 4910 ενθεθιιίι
2584 4854 2677 4892 οοε
2708 4837 2761 4892 in
2805 4837 3067 4907 ΡΓιὲΙῘιιιη,
3113 4850 3330 4919 quorum
3359 4808 3684 4919 nummi-aelii:

2314 4945 2477 4985 arena
2506 4931 2688 4984 maris.
2720 4928 2787 4983 Et
2830 4904 3191 4985 ascenderunt
3230 4939 3376 4995 super
3397 4904 3683 4995 latiwdinwl‘j’

2312 5035 2405 5075 rae.
2434 5008 2492 5073 et
2516 5018 2849 5072 circuierunt
2873 5027 3054 5073 castra
3099 5024 3389 5072 sanctorum
3411 5016 3458 5061 et
3476 4978 3681 5074 enim?

2312 5107 2526 5173 lectam,
2555 5116 2610 5164 et
2634 5105 2911 5164 descendit
2938 5109 3076 5182 ignis
3098 5125 3127 5169 a
3154 5108 3260 5163 Deo
3283 5106 3341 5161 de
3364 5097 3479 5157 corio
3496 5076 3682 5182 etdcw'j‘f

2308 5216 2422 5256 eos.
2469 5171 2537 5265 Et
2564 5199 2832 5273 diabolus,
2882 5171 2987 5271 qui
3014 5199 3292 5257 seducebat
3325 5208 3422 5261 e08:
3462 5185 3593 5242 ¹¹¹ί⁸⁵⁰⁵

2309 5251 2558 5362 stagntim
2585 5291 2725 5364 ignis
2751 5300 2804 5345 ει
2819 5251 3117 5365 sulphuris,
3145 5288 3234 5357 ubi
3269 5294 3343 5353 est
3366 5277 3505 5341 bestia
3522 5251 3681 5365 “is”:

2309 5338 2558 5362 ’ν’-υ---η-
2586 5338 2599 5344 -
2642 5338 2724 5346 ----
2754 5338 2804 5345 ν-
2826 5338 3096 5362 ---ἵκω-ν
3150 5338 3234 5357 τῇ
3274 5338 3340 5353 nr
3368 5338 3387 5341 Ὗ
3486 5338 3493 5339 7

2306 5338 2636 5455 prophetae:
2651 5394 2707 5439 et
2752 5338 3135 5443 cruciabuntu’r
3162 5384 3244 5437 die
3284 5393 3344 5439 ac
3378 5364 3565 5441 noctein

2305 5440 2648 5531 saeculorum.
2674 5496 2692 5529 ι
2714 5474 2883 5550 (Beda
2904 5477 2960 5545 in
2982 5440 3163 5555 Apoc.)
3184 5469 3409 5570 Diabolus
3426 5440 3681 5574 4509;:

2304 5545 2939 5641 interpretatur,‘(}r:ece
2965 5545 3154 5623 autem
3192 5560 3461 5625 crimini“

2306 5666 2422 5725 tan,
2450 5657 2779 5714 adversarius
2810 5659 2925 5714 sive
2966 5657 3340 5735 praevaricatore
3368 5648 3518 5735 βηρίῖ,

2302 5714 2424 5823 pter
2447 5752 2671 5809 nocendi
2697 5714 2980 5819 malitiam:
3006 5765 3218 5827 serpens
3238 5714 3431 5820 ρι-ορίει·
