3908 6356
163 367 275 426 877

1103 367 1455 426 ΟΟΜΠΕΝΤ.
1495 367 1561 422 1N
1597 368 1740 424 EZEl

1848 369 2049 424 ELEM.
2089 399 2158 410 -—
2196 370 2322 425 LIB.
2369 368 2496 424 XIII.
3322 372 3428 430 878

161 474 320 539 tiam,
351 475 598 532 diabolus
627 482 846 545 propter
871 483 1041 532 status
1070 479 1151 532 sui
1177 493 1382 543 casum,
1427 476 1592 538 Satan
1619 492 1744 547 pro-
1774 486 1826 544 Α
1859 497 1876 530 ι
1906 479 2218 544 comedetis,
2251 490 2306 536 et
2333 481 2646 551 sanguinem
2689 483 2992 553 principum
3027 493 3184 540 terrae
3212 487 3429 557 bibatis,

153 575 285 634 pler
313 567 734 622 obstinationem
777 568 1002 622 Domino
1049 569 1365 624 adversandi
1415 568 1743 624 nominatur.

162 674 182 708 ι
213 657 281 712 Ει
301 659 476 730 ligant
498 673 620 714 eum
647 675 743 730 per
782 676 950 716 annos
992 661 1160 716 mille.
1187 680 1205 713 ι
1239 661 1298 716 ld
1325 670 1428 726 est,
1456 662 1574 732 ejus
1597 670 1747 731 pote-
1787 650 1806 665 ’

153 755 356 804 statem
386 765 419 806 a
443 751 762 806 sedueendis
787 751 1113 816 hominibus,
1137 753 1228 821 qui
1251 752 1512 808 liberandi
1533 752 1749 808 fuerant

152 840 427 900 cohibens
452 844 765 907 refrenavit,
794 858 955 912 quam
977 844 1022 900 si
1051 853 1214 906 totam
1237 845 1288 902 vi
1314 845 1398 901 vel
1423 845 1613 904 fraude
1629 860 1748 915 per-

149 933 472 994 mitteretur
507 949 733 996 exerere
769 935 823 994 in
849 945 962 996 tam
993 936 1151 1004 longo
1197 945 1438 1004 tempore
1487 936 1746 1006 plurimos

149 1024 502 1082 inﬁrmorum
530 1028 821 1098 deciperet.
870 1027 1010 1086 Mille
1054 1043 1224 1086 annos
1265 1028 1403 1086 dixit
1432 1037 1662 1097 partem.
1690 1028 1745 1084 id

146 1126 254 1184 est,
284 1119 549 1188 reliquias
574 1119 718 1174 mille
745 1135 1008 1179 annorum
1033 1120 1172 1176 sexti
1219 1119 1324 1175 diei
1370 1118 1427 1172 in
1453 1133 1561 1186 quo
1583 1126 1745 1174 natus

145 1217 232 1262 est
253 1209 524 1264 Dominus
551 1216 607 1264 et
630 1223 842 1278 passus.
866 1227 884 1260 ‹
922 1209 1134 1262 Etcum
1154 1206 1517 1262 consummati
1543 1205 1746 1268 fuerint

145 1301 298 1355 mille
330 1302 487 1367 anni,
511 1301 748 1357 solvetur
791 1300 1026 1358 Satanas
1051 1302 1118 1356 de
1147 1314 1367 1356 carcere
1405 1314 1522 1354 suo.
1547 1320 1566 1354 ο
1603 1297 1742 1354 Con-

143 1402 455 1446 summatos
493 1392 627 1447 dixit
651 1408 681 1446 a
707 1401 821 1448 toto
843 1401 1074 1462 partem.
1122 1390 1257 1446 Nam
1285 1391 1366 1446 sic
1402 1390 1660 1454 solvetur,
1681 1396 1744 1452 ut

142 1487 428 1556 supersint
458 1487 581 1540 anni
611 1494 722 1542 tres
767 1496 821 1540 et
863 1500 1080 1540 menses
1126 1499 1220 1540 sex
1263 1483 1541 1539 novissimi
1569 1489 1744 1538 certa-

143 1580 332 1635 minis.
363 1581 472 1636 Sed
494 1591 696 1649 praeter
719 1582 863 1642 hunc
903 1588 1114 1646 tropum
1143 1585 1291 1632 recte
1315 1576 1513 1631 dicitur
1527 1574 1742 1632 ﬁnitum

147 1681 389 1740 tempus.
426 1671 543 1728 Non
593 1672 738 1732 enim
790 1669 1162 1740 computanda:
1206 1674 1332 1723 sunt
1377 1675 1489 1722 tam
1530 1666 1742 1737 exigua:

143 1763 398 1832 reliquitc
423 1779 544 1819 eum
563 1762 912 1832 septingenti,
942 1769 997 1816 et
1021 1759 1163 1829 quod
1184 1758 1326 1816 Deus
1353 1757 1584 1814 voluerit
1607 1755 1735 1812 anni

139 1854 280 1908 hora
315 1856 386 1909 ad
426 1855 685 1923 Apostolo
732 1852 980 1922 appellati
1027 1859 1172 1906 sunt.
1198 1867 1218 1902 ι
1251 1849 1320 1906 Et
1363 1848 1533 1904 exibit
1573 1855 1628 1903 et
1653 1861 1742 1903 se-
1770 1837 1822 1898 Β

138 1945 308 2000 ducet
336 1955 544 2016 gentes,
564 1959 685 2014 quae
710 1952 840 2002 sunt
864 1957 1025 2011 super
1061 1949 1296 2010 quatuor
1323 1939 1546 2008 angulos
1579 1947 1743 1992 terra:

137 2035 258 2107 Gog
290 2047 347 2089 et
375 2035 580 2106 Magog,
619 2042 679 2090 ,ιιι
712 2032 1064 2102 =eongregabit
1101 2046 1197 2086 eos
1237 2031 1288 2086 in
1313 2029 1578 2099 praelium.
1603 2047 1624 2082 ι
1658 2027 1741 2088 Μ

138 2126 246 2182 ltoc
272 2131 406 2182 ιιωο
443 2126 683 2190 seducet,
711 2131 772 2177 ut
795 2123 845 2182 in
867 2124 973 2177 hoc
994 2121 1238 2192 praelium
1259 2126 1550 2189 congreget
1573 2135 1585 2170 :
1614 2131 1739 2172 nam

138 2223 195 2270 et
230 2224 398 2282 antea
449 2216 622 2278 modis
668 2215 864 2284 quibus
910 2220 1122 2284 poterat
1155 2226 1252 2281 per
1297 2210 1440 2278 mala
1486 2208 1653 2272 multa
1685 2217 1740 2262 et

135 2304 294 2359 varia
333 2305 646 2360 sedueebat.
683 2305 865 2372 Exibit
887 2304 1033 2358 enim
1067 2304 1273 2358 dictum
1301 2309 1385 2358 est
1410 2301 1463 2354 in
1492 2307 1739 2369 apertam

137 2395 596 2466 persecutionem,
623 2395 690 2456 de
727 2394 952 2450 latebris
980 2400 1228 2460 erumpet
1254 2391 1500 2450 odiorum
1531 2406 1542 2441 :
1573 2403 1736 2460 porro

137 2483 253 2554 Gog
284 2494 341 2539 et
369 2485 559 2558 Magog
585 2484 723 2546 vela
750 2494 902 2554 parte
932 2490 1101 2540 totum
1129 2482 1459 2553 signiﬁcant,
1487 2479 1739 2547 veljuxta

142 2574 654 2644 interpretationem
681 2575 981 2639 nominum,
1023 2587 1143 2642 quae
1187 2578 1388 2632 tectum
1420 2577 1476 2632 et
1499 2571 1566 2624 de
1599 2576 1740 2623 tecto

137 2667 415 2732 dicuntur,
447 2666 690 2732 occultos
732 2674 786 2741 et
809 2672 1026 2736 apertos
1047 2662 1293 2732 iudicant
1323 2663 1546 2718 hostes:
1586 2669 1638 2714 et
1663 2667 1742 2716 te-

139 2766 284 2813 ctunt
320 2759 471 2818 enim
511 2758 612 2829 ipsi
659 2765 802 2832 sntit,
855 2757 981 2826 quia
1017 2757 1071 2810 in
1107 2756 1187 2812 eis
1228 2770 1372 2814 nunc
1417 2753 1654 2824 cluditur
1687 2761 1743 2806 et

138 2851 340 2920 tegitur
368 2849 664 2916 inimicus;
718 2856 774 2902 et
817 2847 883 2902 de
929 2854 1073 2902 tecto
1121 2846 1222 2914 ipsi
1255 2852 1412 2912 erunt
1437 2843 1653 2913 quando
1683 2841 1740 2898 in

139 2953 389 3012 apertum
413 2942 600 3008 odium
619 2938 862 3009 erupturi
887 2945 1030 3008 sunt.
1055 2956 1073 2986 ‹
1103 2935 1170 2989 Ει
1192 2936 1555 3004 ascenderunt
1580 2948 1742 3004 super

137 3033 482 3100 latitudinem
514 3024 675 3085 terrae
711 3037 766 3082 et
797 3028 1187 3098 circumierunt
1220 3038 1397 3090 castra
1425 3032 1738 3090 sanctorum

136 3132 191 3179 et
213 3123 494 3196 civitatem
521 3120 832 3188 dilectam;
883 3115 1000 3186 Non
1029 3117 1213 3186 utique
1258 3116 1326 3176 ad
1369 3131 1533 3180 unum
1559 3114 1735 3172 locum

1857 591 1876 624 ‹
1904 573 2152 638 arietum,
2177 589 2439 643 agnorum
2478 582 2533 629 et
2576 574 2848 630 hircorum
2897 585 3280 649 taurorumque
3309 581 3432 638 alti-

1855 684 1874 717 ς
1902 665 2029 720 lium
2059 675 2114 720 et
2145 667 2421 736 pinguium
2459 667 2722 720 omnium.
2772 669 2840 722 Et
2884 672 3179 726 comedetis
3217 675 3430 744 adipem

1855 776 1874 810 ι
1902 759 1955 814 in
1983 759 2341 826 saturitatem,
2371 768 2428 814 et
2456 761 2650 815 bibetis
2689 764 3001 832 sanguinem
3030 765 3082 820 in
3109 766 3432 825 ebrietatem

1855 872 1876 906 ς
1906 855 1974 909 de
1992 855 2231 917 victima,
2252 869 2415 924 quam
2450 870 2552 926 ego
2585 856 2878 911 i’mmolabo
2903 859 3076 914 vobis.
3120 860 3188 914 Et
3225 869 3434 916 satura-

1853 962 1873 992 ι
1899 943 2090 997 bimini
2119 959 2280 1013 super
2302 959 2547 998 mensam
2577 959 2776 1011 meam,
2808 947 2875 1000 de
2909 961 3049 1017 equo
3081 956 3138 1004 et
3163 952 3230 1005 de
3254 953 3436 1022 equite

1855 1050 1874 1084 ι
1905 1032 2050 1099 forti,
2069 1042 2123 1087 et
2143 1034 2209 1089 de
2231 1035 2498 1092 universis
2518 1037 2649 1092 viris
2678 1037 3048 1106 bella-toribus,
3076 1041 3152 1095 ait
3171 1041 3430 1100 Dominus

1853 1141 1873 1175 ι
1901 1124 2062 1181 Deus.
2092 1125 2159 1179 Et
2178 1140 2374 1195 ponam
2399 1127 2623 1196 gloriam
2665 1143 2842 1183 meam
2887 1131 2943 1184 in
2979 1132 3247 1201 gentibus,
3276 1143 3330 1189 et
3355 1135 3434 1189 vi-

1852 1231 1872 1266 ‹
1899 1214 2102 1270 debunt
2150 1231 2340 1272 omnes
2388 1227 2574 1286 gentes
2617 1217 2878 1286 judicium
2917 1239 3121 1290 meum,
3173 1227 3316 1296 quod
3358 1227 3436 1283 fe-

1850 1322 1872 1358 c
1899 1305 2090 1371 cerim,
2112 1315 2167 1361 et
2193 1323 2410 1363 manum
2434 1325 2634 1376 meam,
2655 1327 2820 1382 quam
2841 1317 3115 1384 posuerim
3135 1333 3299 1387 super
3317 1335 3431 1375 eos.

1849 1414 1871 1448 σ
1898 1396 1965 1450 Et
1989 1398 2164 1453 scient
2192 1401 2383 1454 domus
2411 1402 2598 1467 lsrael,
2621 1405 2746 1472 quia
2769 1421 2867 1476 ego
2892 1408 3149 1463 Dominus
3178 1411 3318 1465 Deus
3343 1426 3435 1466 eo-

1849 1507 1868 1539 ι
1896 1505 2016 1544 rum
2037 1506 2066 1544 a
2095 1491 2180 1545 die
2201 1492 2290 1546 illa
2310 1502 2364 1547 et
2393 1493 2669 1564 deinceps,
2701 1504 2756 1550 et
2777 1497 2950 1552 scient
2974 1509 3160 1569 gentes
3180 1501 3436 1570 quoniam

1847 1600 1868 1633 ‹
1897 1583 1951 1636 in
1985 1583 2268 1652 iniquitate
2310 1601 2408 1640 sua
2439 1595 2594 1656 capta
2639 1589 2710 1643 sit
2752 1591 2944 1646 domus
2971 1571 3155 1659 lsrael,
3201 1609 3266 1649 eo
3291 1596 3438 1666 quod

1849 1691 1869 1724 ε
1899 1675 2300 1744 dereliquerunt
2324 1693 2433 1742 me,
2457 1687 2511 1733 et
2539 1681 2915 1736 abscondet-im
2943 1683 3139 1738 faelem
3165 1700 3338 1740 meam
3368 1687 3438 1744 ab

1852 1784 1872 1816 ‹
1898 1766 2019 1830 illis,
2057 1773 2112 1823 et
2151 1769 2465 1824 tradiderim
2507 1787 2601 1827 eos
2628 1773 2681 1827 in
2713 1789 2874 1828 manu
2912 1776 3170 1842 hostium,
3211 1785 3265 1834 et
3292 1777 3439 1834 ceci-

1853 1877 1872 1908 ‹
1904 1858 2082 1914 derint
2118 1860 2171 1914 in
2203 1860 2379 1932 gladio
2408 1863 2667 1919 universi.
2715 1863 2874 1920 Juxta
2924 1867 3321 1924 immunditiam
3347 1886 3438 1927 eo-

1853 1969 1872 2000 ι
1905 1966 2023 2004 rum
2053 1959 2108 2006 et
2133 1954 2308 2007 scelus
2328 1953 2431 2010 feci
2457 1955 2556 2021 eis,
2583 1964 2636 2011 et
2661 1958 2916 2012 abscondi
2944 1957 3135 2014 faciem
3165 1977 3339 2017 meam
3369 1964 3438 2018 ab

1851 2057 1872 2090 ι
1899 2040 2024 2095 illis.
2054 2041 2347 2112 Propterea
2377 2045 2489 2100 haec
2518 2045 2649 2100 dicit
2679 2046 2936 2103 Dominus
2972 2049 3148 2104 Deus:
3173 2049 3326 2106 Nunc
3354 2066 3439 2107 re-

1851 2149 1872 2181 c
1902 2133 2092 2187 ducam
2130 2136 2494 2203 captivitatem
2523 2135 2712 2203 Iacob,
2743 2148 2797 2194 et
2844 2141 3142 2195 miserebor
3171 2143 3317 2210 omni
3344 2143 3435 2199 do-

1849 2242 1869 2274 c
1899 2225 2007 2278 mui
2033 2224 2217 2279 lsrael.
2247 2227 2312 2279 Et
2352 2243 2622 2282 assumam
2671 2230 2848 2284 zelum
2874 2245 2972 2299 pro
3001 2231 3218 2286 nomine
3248 2239 3435 2288 sancto

1851 2331 1870 2364 ε
1897 2329 2039 2379 meo,
2087 2325 2141 2370 et
2191 2319 2484 2386 portabunt
2539 2318 2911 2375 confusionem
2961 2335 3114 2376 suam
3144 2330 3198 2376 et
3221 2337 3440 2378 omnem

1850 2422 1869 2455 ι
1898 2407 2424 2474 prtevaricationem,
2476 2425 2638 2480 quam
2685 2413 3024 2484 praevarieali
3076 2423 3201 2470 sunt
3245 2416 3437 2485 inme,

1849 2514 1866 2545 ε
1896 2511 2018 2549 cum
2047 2497 2411 2554 habitaverint
2433 2501 2486 2554 in
2518 2510 2661 2556 terra
2692 2519 2784 2557 sua
2817 2506 3439 2565 conflt'lenterneminem

1847 2603 1868 2636 ι
1894 2585 2271 2655 formidantes,
2303 2599 2359 2645 et
2385 2591 2652 2647 reduxero
2677 2607 2772 2649 eos
2798 2597 2863 2649 de
2886 2597 3115 2666 populis,
3136 2606 3192 2654 et
3215 2614 3438 2670 congre-

1849 2695 1869 2727 σ
1897 2692 2098 2748 gavero
2127 2680 2194 2734 de
2224 2681 2385 2736 terris
2430 2683 2774 2739 inimicorum
2813 2701 3060 2753 suorum,
3100 2696 3156 2744 et
3201 2689 3440 2747 sanctifi-

1851 2785 1871 2820 ε
1897 2780 2050 2824 catus
2084 2769 2238 2826 fuero
2264 2772 2318 2826 in
2347 2773 2428 2828 eis
2459 2775 2513 2828 in
2547 2775 2722 2830 oculis
2769 2779 3010 2847 gentium
3054 2779 3433 2850 plurimarum.

1848 2879 1867 2911 ι
1897 2861 1967 2916 Ει
2004 2863 2179 2916 scient
2209 2864 2336 2933 quia
2367 2878 2468 2935 ego
2494 2864 2756 2922 Dominus
2777 2867 2921 2924 Deus
2948 2885 3160 2938 eorum,
3193 2888 3260 2928 eo
3290 2875 3432 2944 quod

1850 2969 1869 3001 ι
1905 2953 2277 3009 transtulerint
2308 2971 2404 3010 eos
2433 2957 2486 3010 in
2533 2959 2805 3026 nationes,
2837 2970 2892 3016 et
2919 2977 3320 3036 eongregavero
3345 2980 3441 3023 eos

1846 3060 1865 3093 ι
1895 3058 2058 3113 super
2083 3054 2284 3101 terram
2307 3063 2481 3112 suam,
2504 3058 2559 3103 et
2577 3064 2686 3104 non
2706 3051 3085 3123 dereliquerim
3110 3069 3436 3125 quemquam

1850 3153 1868 3185 ι
1898 3147 1968 3188 ex
1994 3135 2076 3191 eis
2110 3136 2206 3192 ibi.
2231 3137 2299 3192 Et
2329 3155 2436 3193 non
2466 3141 2796 3196 abscondam
2833 3143 2978 3198 ultra
3020 3144 3210 3199 faciem
3259 3161 3438 3199 meam

133 3217 345 3282 νεηίδεθ
392 3214 476 3280 Vel
514 3214 726 3286 venturi
774 3228 894 3282 βεδε
936 3211 1226 3304 εἰδυίίξεειιὶ
1268 3209 1601 3304 ξμηινναυειεί
1631 3224 1738 3304 lino
1765 3197 1810 3268 β
1847 3244 1867 3276 ‹
1893 3225 1963 3281 ab
1990 3227 2089 3291 eis,
2139 3243 2204 3282 eo
2241 3229 2384 3298 quod
2431 3227 2710 3285 eﬂuderim
2759 3231 3011 3301 spiritum
3051 3249 3231 3288 meum
3275 3247 3437 3304 super

127 3310 307 3382 aliquo
341 3310 478 3370 loco
515 3307 808 3380 coartanda
835 3305 905 3376 sit
944 3304 1140 3372 dilecta
1178 3303 1391 3370 civitas,
1419 3303 1472 3360 id
1498 3310 1602 3370 est,
1632 3301 1734 3360 Ee-

135 3403 318 3475 clesia,
349 3403 487 3474 quin
518 3401 697 3474 potius
737 3399 955 3470 nomine
1000 3397 1302 3466 latitudinis
1331 3404 1491 3466 terra:
1529 3395 1584 3449 in
1615 3409 1734 3449 om-

140 3495 303 3568 nibus
328 3501 460 3565 tunc
485 3490 734 3564 gentibus
759 3490 1209 3558 persequendam,
1255 3494 1312 3550 et
1356 3501 1457 3554 nec
1486 3485 1735 3552 militiam

140 3600 298 3656 suam
321 3585 662 3655 deserturam
695 3578 957 3652 secabqu
1000 3577 1189 3646 maluit
1233 3577 1484 3642 intimare
1525 3585 1734 3638 castro-

142 3691 327 3738 runm
377 3674 444 3751 Et
470 3671 751 3744 descendit
791 3686 819 3744 a
858 3671 969 3742 Deo
1003 3668 1143 3742 ignis
1185 3668 1252 3723 de
1283 3667 1440 3734 etelo,
1486 3674 1542 3720 et
1569 3667 1734 3729 devo-

141 3767 460 3821 raviteos.»
504 3763 618 3826 Non
672 3771 974 3821 extremum
1024 3761 1317 3834 putandum
1368 3767 1470 3824 est,
1525 3758 1577 3812 id
1617 3771 1738 3814 esse

143 3856 485 3925 supplicium,
542 3855 633 3910 sed
673 3854 812 3923 ignis
860 3853 1040 3924 potius
1090 3851 1418 3911 invidentia},
1454 3864 1561 3920 quo
1607 3864 1734 3902 cru-

141 3948 378 4002 ciabitur
417 3946 713 4000 adversitas
756 3944 821 3998 de
871 3942 1125 4010 ﬁrmitate
1174 3952 1508 4010 sanctorum,
1556 3941 1738 4002 ﬁrma-

142 4046 389 4090 mentum
417 4044 501 4090 est
531 4035 674 4105 enim
701 4033 922 4102 coelum,
957 4033 1041 4086 hic
1078 4041 1158 4102 est
1205 4033 1343 4101 ignis
1381 4032 1470 4104 qui
1502 4031 1636 4095 exiit
1671 4043 1738 4084 ex

140 4115 238 4182 ore
269 4127 488 4190 testium
516 4125 630 4185 Dei,
665 4133 719 4179 et
759 4124 1037 4192 devorabit
1083 4124 1330 4190 inimicos
1359 4138 1580 4178 eorum:
1613 4136 1740 4190 nam

141 4216 440 4272 novissimo
476 4217 559 4271 die
590 4231 694 4270 non
737 4231 898 4285 super
933 4230 1027 4280 eos
1074 4213 1222 4290 pluet
1253 4214 1449 4284 ignem,
1488 4213 1580 4278 sed
1605 4228 1738 4274 eon-

145 4312 402 4374 gregatos
438 4313 563 4359 ante
592 4320 650 4358 se
677 4313 732 4359 et
763 4304 1034 4373 judicatus
1063 4304 1237 4371 mittet
1276 4305 1331 4374 in
1369 4304 1549 4374 ignem
1581 4313 1739 4372 aeter-

147 4413 302 4461 num,
354 4397 420 4451 de
463 4413 571 4465 quo
618 4405 672 4450 et
719 4397 807 4450 hic
840 4397 1124 4450 subditur:
1155 4413 1172 4445 ‹
1226 4395 1292 4448 Et
1331 4395 1597 4459 diabolus,
1647 4395 1740 4464 qui

147 4488 438 4544 seducebat
484 4503 599 4553 eos,
635 4488 832 4542 missus
859 4495 942 4542 est
987 4487 1039 4540 in
1071 4495 1318 4557 stagnum
1358 4487 1496 4556 ignis
1525 4494 1580 4540 et
1625 4486 1740 4540 sul-

1845 3338 1865 3371 ε
1896 3333 2113 3375 omnem
2133 3319 2352 3373 domum
2370 3317 2557 3384 lsrael,
2577 3321 2652 3374 ait
2666 3320 2926 3378 Dominus
2939 3322 3099 3379 Deus.
3123 3344 3141 3376 ι
3165 3322 3439 3400 (Πίθωνι.)

1838 3409 2032 3466 Omnia
2058 3419 2238 3465 autem
2288 3426 2460 3479 usque
2501 3411 2569 3466 ad
2596 3426 2720 3466 eum
2762 3411 2941 3466 locum
2978 3413 3031 3467 in
3066 3429 3174 3484 quo
3199 3413 3441 3470 succedit

1838 3499 2024 3571 templi
2053 3500 2360 3566 aedificatio,
2391 3500 2447 3554 bi
2490 3515 2626 3570 quos
2670 3517 2830 3572 supra
2869 3503 3104 3557 diximus
3145 3502 3361 3560 Juclazos
3385 3513 3442 3560 et

1838 3604 2056 3649 nostros
2097 3593 2440 3663 judaizantes
2486 3593 2556 3648 ad
2611 3594 2863 3648 ultimum
2911 3601 3126 3662 tempus
3176 3593 3438 3661 referunt,

1838 3687 1981 3755 quod
2010 3685 2264 3739 carnibus
2289 3685 2406 3755 Gog
2449 3686 2740 3756 cunctique
2785 3683 2906 3753 ejus
2943 3686 3237 3753 exercitus,
3286 3680 3441 3755 quasi

1837 3776 2206 3848 pinguissimis
2255 3777 2449 3832 hostiis
2501 3777 2743 3831 volucres
2792 3777 3085 3848 bestiaeque
3131 3777 3440 3848 saturanda‘.

1840 3869 1967 3932 sint,
1992 3876 2048 3922 et
2072 3868 2395 3922 restituatur
2417 3867 2578 3922 lsrael
2607 3869 2660 3920 in
2693 3867 2983 3937 pristinum
3015 3875 3235 3930 statum,
3265 3875 3320 3921 et
3340 3882 3435 3922 ne-

1842 3975 2113 4028 quaquam
2140 3961 2278 4012 ultra
2308 3974 2336 4012 a
2376 3959 2627 4028 gentibus
2658 3969 3012 4027 expugnetur,
3059 3958 3154 4011 sed
3197 3957 3436 4011 effundat

1842 4051 2088 4118 spiritum
2119 4065 2275 4102 suum
2305 4064 2466 4116 super
2494 4063 2588 4103 eos
2621 4049 2784 4111 Deus,
2828 4056 2889 4100 ut
2930 4047 3176 4102 habitent
3205 4047 3260 4100 in
3295 4056 3434 4101 terra

1843 4131 1961 4203 sua,
1998 4151 2104 4191 non
2150 4152 2342 4192 omnes
2382 4145 2589 4207 gentes,
2642 4137 2735 4191 sed
2787 4136 3006 4206 proprie
3036 4137 3225 4189 domus
3252 4134 3432 4189 lsrael.

1843 4227 1952 4282 Nos
1978 4236 2158 4282 autem
2195 4235 2428 4297 emptam
2480 4226 2832 4297 tropologiam
2883 4233 3190 4296 sequentes,
3222 4225 3324 4280 hoc
3362 4226 3440 4290 di-

1844 4336 2050 4384 cemus,
2096 4319 2240 4390 quod
2293 4335 2482 4376 omnes
2531 4320 2780 4376 volucres
2826 4327 2885 4375 et
2907 4320 3190 4374 universas
3235 4318 3439 4373 bestias

1845 4421 2107 4469 convocet
2134 4413 2416 4478 Dominus,
2445 4423 2504 4467 ut
2537 4413 2716 4467 tradat
2757 4413 2838 4468 eis
2868 4412 3245 4468 haereticorum
3285 4410 3438 4490 prin-

1844 4504 2013 4574 cipes,
2042 4505 2197 4573 quasi
2247 4503 2631 4574 piuguissimas
2671 4505 2873 4559 hostias
2916 4506 3272 4559 devorandos.
3326 4503 3438 4557 Vo-

149 4581 360 4653 plturis,
407 4581 496 4634 tibi
545 4588 631 4634 est
674 4579 846 4633 bestia
897 4587 952 4632 et
981 4579 1470 4648 pseudopropbela,
1496 4599 1512 4630 ι
1556 4579 1737 4642 idest,

1848 4595 2024 4649 lucres
2063 4604 2240 4649 autem
2269 4605 2324 4658 et
2367 4596 2555 4652 bestiae
2607 4595 2686 4649 vel
2741 4605 2960 4663 propter
3011 4595 3345 4648 celeritatem
3382 4593 3437 4646 in

148 4671 391 4725 diabolus
423 4671 614 4724 ultimo
651 4670 857 4739 judicio
893 4670 947 4724 in
981 4672 1157 4739 ignem
1186 4673 1429 4728 mittetur
1453 4679 1738 4742 aeternum,

147 4763 236 4815 ubi
281 4771 335 4815 et
375 4778 564 4816 omnes
609 4777 742 4830 quos
780 4762 1062 4830 prmmisit,
1111 4765 1163 4817 id
1198 4774 1301 4827 est,
1352 4765 1586 4817 titaxima
1615 4779 1744 4832 pars

149 4851 325 4921 impiae
347 4855 601 4922 civitatis,
621 4854 786 4908 bestia
815 4855 1009 4933 quippe
1032 4871 1127 4925 pro
1149 4855 1280 4910 locis
1307 4857 1615 4936 accipienda
1637 4866 1741 4924 est,

152 4957 293 4996 nunc
319 4943 585 5006 diabolus,
627 4961 768 4999 nunc
794 4946 1168 5010 antichristus,
1207 4965 1349 5004 nunc
1393 4950 1506 5018 ipsa
1549 4949 1744 5010 civitas

151 5032 334 5102 impia,
368 5045 544 5112 potest
574 5045 754 5091 autem
804 5037 942 5110 ignis
982 5040 1199 5096 nomine
1245 5042 1311 5096 de
1354 5042 1490 5100 cmlo
1523 5043 1744 5110 descen-

155 5127 327 5184 dentis
379 5133 542 5206 etiam
594 5132 906 5204 repentinus
954 5132 1241 5203 impiorum
1298 5135 1548 5202 interitus
1601 5134 1746 5190 desi-

154 5222 326 5290 gnarL

231 5341 248 5373 ι
278 5322 359 5376 Tu
381 5338 532 5396 ergo,
565 5324 638 5378 ﬁli
680 5325 934 5400 hominis,
968 5327 1083 5394 tunc
1127 5327 1255 5398 dicit
1295 5327 1552 5397 DQminus
1578 5327 1742 5396 Deus.

163 5411 301 5470 «Dic
343 5417 488 5470 omni
541 5417 743 5472 volucri
808 5426 862 5471 et
919 5419 1145 5489 diversis
1195 5419 1383 5489 avibus
1427 5419 1744 5490 cunctisque

168 5519 188 5555 ι
215 5503 403 5561 bestiis
438 5507 551 5586 agri
585 5526 596 5560 :
623 5507 943 5574 Conuenite,
971 5519 1279 5582 properate,
1312 5513 1618 5576 concurrite
1646 5527 1745 5565 un-

168 5612 188 5648 ι
214 5595 372 5667 dique
396 5600 464 5654 ad
491 5601 766 5656 victimam
794 5617 990 5672 meum,
1017 5618 1178 5672 quam
1207 5619 1306 5674 ego
1330 5605 1546 5672 immoto
1565 5604 1740 5670 vobis,

169 5703 190 5738 ι
211 5689 485 5762 victimam
527 5695 784 5763 grandem
828 5711 990 5764 super
1020 5704 1232 5756 montes
1270 5695 1457 5761 lsrael,
1485 5706 1542 5752 ut
1567 5713 1746 5752 eome-

173 5793 194 5832 c
215 5779 353 5844 datis
376 5800 568 5839 carnes
597 5795 650 5841 et
685 5787 882 5844 bibatis
908 5789 1241 5861 sanguinem.
1289 5790 1493 5848 Carnes
1527 5792 1746 5852 fortium

1846 4688 2027 4741 omnia
2052 4688 2388 4741 discurrendi
2429 4687 2512 4740 vel
2552 4697 2771 4754 prepler
2804 4685 3071 4738 feritatem
3115 4696 3168 4738 et
3197 4683 3434 4737 crudeli-

1847 4787 2016 4832 tatem
2051 4776 2404 4845 appellantur,
2455 4773 2652 4841 quibus
2702 4773 2988 4826 traduntur
3039 4771 3332 4826 adversarii
3381 4771 3436 4825 in

1849 4873 2125 4926 interitum
2157 4869 2358 4931 carnis,
2399 4876 2458 4920 ut
2487 4867 2708 4934 spiritus
2754 4865 2930 4928 salvus
2980 4864 3088 4924 ﬁat,
3145 4873 3198 4917 ct
3226 4864 3437 4916 discant

1850 4978 1955 5015 non
1979 4961 2377 5028 blasphemarc.
2409 4957 2706 5016 Comedent
2736 4965 2915 5014 autem
2958 4957 3213 5024 grandem
3242 4963 3297 5008 et
3323 4955 3438 5022 piu-

1851 5051 2164 5124 guissimam
2193 5050 2488 5114 victimam,
2521 5064 2626 5104 non
2674 5049 2823 5110 alibi,
2874 5047 2966 5103 sed
3013 5061 3177 5114 super
3225 5054 3434 5101 montes

1847 5144 2034 5208 lsrael,
2065 5160 2202 5213 quos
2247 5145 2540 5213 proltltetas
2564 5151 2617 5198 et
2653 5141 2925 5212 apostolos
2949 5148 3005 5196 et
3045 5147 3265 5196 sanctos
3289 5139 3435 5196 viros

1848 5238 2146 5307 intelligere
2178 5237 2453 5296 debemus.
2506 5235 2564 5290 In
2604 5234 2707 5288 illis
2731 5233 2874 5289 enim
2919 5230 3318 5290 contrariorum
3341 5229 3438 5284 de.

1850 5337 2091 5401 gmatum
2127 5327 2367 5397 magistri
2399 5335 2680 5391 corruunt,
2722 5324 2868 5380 etab
2899 5324 3030 5394 ipsis
3055 5331 3284 5394 pereunt
3319 5322 3437 5375 vul-

1849 5423 2046 5480 nerati.
2093 5420 2268 5490 Super
2291 5436 2426 5490 quos
2467 5419 2764 5476 aediﬁcatur
2790 5417 3050 5482 Ecclesia,
3077 5425 3133 5472 et
3176 5426 3234 5472 ut
3255 5416 3436 5478 verius

1849 5520 2045 5584 dicam,
2075 5532 2241 5587 super
2264 5515 2531 5574 montium
2558 5522 2816 5568 montem.
2840 5513 2918 5568 De
2937 5527 3045 5582 quo
3075 5512 3241 5566 Isaias
3263 5509 3436 5578 loqui-

1849 5622 1938 5668 tur
1966 5622 2020 5668 et
2065 5612 2351 5668 Micbaaas:
2382 5630 2400 5660 ι
2445 5610 2655 5673 Venite,
2703 5608 3058 5664 ascendamus
3108 5608 3163 5661 in
3192 5611 3432 5660 montem

1851 5702 2065 5760 Domini
2091 5711 2146 5758 et
2187 5703 2241 5757 in
2269 5703 2486 5758 domum
2507 5701 2601 5756 Dei
2630 5699 2818 5766 Iacob,
2843 5708 2900 5755 et
2919 5697 3260 5760 annuntiabit
3277 5695 3434 5749 nobis

1850 5797 1994 5852 viam
2030 5810 2185 5851 suam
2231 5793 2364 5862 (1.3a.
2393 5810 2454 5858 ιι,
2476 5792 2635 5848 Mida.
2664 5789 2760 5851 iv).
2784 5811 2804 5843 ι
2841 5791 2959 5850 [sue
3002 5798 3181 5854 autem
3232 5800 3358 5841 aves
3376 5791 3435 5840 et
