3908 6356
147 454 251 510 881

1098 445 1449 506 COMMENT.
1492 445 1558 501 IN
1597 441 2048 500 EZECHIELEM.
2087 475 2156 487 -
2190 447 2316 502 LIB.
2358 447 2497 504 XIV.-

3308 451 3412 510 882

149 574 382 642 insuper
423 569 788 640 inspiraverit,
838 567 996 623 simul
1024 567 1264 622 inserere
1287 566 1509 628 curabo,
1559 570 1620 618 ut
1661 564 1739 617 le-
1767 563 1820 623 A
1845 564 2111 618 cationem
2141 564 2193 618 in
2221 566 2436 623 ossibus
2487 568 2661 636 campi
2687 569 2786 622 sub
2837 567 3250 636 resurrectionis
3270 568 3413 624 ima-

149 672 275 718 ctor
320 668 378 715 et
407 659 675 728 majorum
718 659 862 714 dicta
909 671 1256 726 cognoscens,
1288 663 1341 712 et
1375 667 1558 711 nostra
1605 654 1742 709 rele-

149 771 310 826 gens,
347 769 474 824 quae
502 752 606 808 sibi
634 751 870 807 salubria
903 758 960 806 et
979 749 1133 806 utilia
1153 749 1279 804 inde
1301 763 1422 804 esse
1444 745 1737 811 censuerit,

151 851 448 914 sequatur.

799 954 1026 1012 CAPUT
1061 953 1177 1010 XL.

151 1072 232 1125 De
256 1071 627 1139 wdiﬁcatione'
640 1069 886 1134 civitatis,
913 1076 962 1122 et
985 1067 1093 1139 viro
1133 1066 1223 1136 qui
1248 1065 1490 1139 stabatin
1519 1072 1670 1139 porta
1697 1071 1747 1117 et

225 1133 575 1196 mensurabat
619 1155 827 1193 murum
853 1133 1158 1191 exteriorem
1209 1152 1325 1189 cum
1351 1133 1568 1188 calamis
1589 1133 1698 1186 suis
1727 1150 1745 1186 :

225 1213 291 1265 de
327 1213 464 1265 locis
484 1209 750 1292 Adeptttatis
773 1206 1155 1292 adicu'stodiant
1185 1203 1747 1292 templietialtarisﬁe

223 1298 416 1335 mensa
438 1275 565 1334 atrii
581 1289 628 1333 et
649 1277 832 1331 altaris
847 1276 1296 1341 holocaustorum,
1315 1275 1378 1329 de
1397 1288 1645 1329 mensura
1660 1288 1747 1326 ve-

230 1350 423 1405 stibuli
448 1349 641 1421 templi.

241 1503 261 1537 ι
309 1484 373 1540 In
398 1485 662 1542 vicesimo
685 1493 741 1541 et
762 1484 950 1555 quinto
973 1497 1116 1539 anno
1145 1478 1639 1552 transmigrationis
1661 1493 1754 1534 no-

161 1594 181 1627 ‹
231 1583 388 1642 strae,
413 1577 470 1630 in
490 1575 712 1631 exordio
746 1575 895 1639 anni,
923 1574 1133 1630 decima
1176 1573 1398 1637 mensis,
1435 1578 1628 1641 quarto
1655 1571 1751 1624 de-

161 1685 182 1718 ‹
229 1667 380 1721 cimo
404 1680 548 1721 anno
569 1674 851 1740 postquam
878 1680 1137 1735 percussa
1157 1671 1242 1718 est
1262 1663 1473 1726 civitas,
1506 1661 1622 1730 ipsa
1649 1660 1754 1714 hac

162 1775 181 1808 ι
231 1756 324 1811 die
352 1755 500 1811 facta
525 1763 608 1810 est
633 1770 795 1825 super
819 1770 907 1810 me
952 1768 1148 1809 manus
1180 1752 1418 1817 Domini,
1451 1759 1506 1805 et
1531 1750 1754 1805 adduxit

1845 656 1967 728 gine
2015 656 2403 711 demonstravit
2448 675 2462 710 :
2495 658 2572 712 sic
2595 673 2739 712 nunc
2789 657 3235 713 instaurationem
3259 657 3414 713 urbis

1843 762 1963 818 quae
1989 747 2286 819 Babylonio
2312 747 2490 803 fuerat
2507 757 2632 804 ante
2658 764 2828 805 annos
2852 750 3260 819 quatuordecim
3289 750 3411 821 igne

1847 838 2044 902 delata,
2095 838 2194 892 sub
2242 839 2600 910 descriptione
2639 839 2755 909 ejus
2791 841 3050 896 Dominus
3092 840 3412 911 pollicetur,

1848 935 1906 982 ut
1932 928 2074 982 sicut
2096 927 2460 998 captivitatem
2499 938 2555 984 et
2595 929 2934 986 eversionem
2983 930 3102 985 ollae
3150 944 3419 986 succensae

1846 1033 1877 1072 a
1917 1019 2054 1074 facie
2083 1019 2350 1090 aquilonis
2406 1028 2796 1077 monstraverat
2822 1029 3001 1092 typus,
3034 1028 3090 1074 et
3125 1021 3420 1090 pr0phetia:

1847 1113 2048 1167 veritas
2082 1127 2244 1182 opere
2271 1113 2616 1184 comprobata
2641 1121 2727 1168 est
2770 1133 2784 1167 :
2815 1113 2888 1168 ita
2915 1128 2983 1167 ex
3021 1112 3420 1182 praeteritorum

1848 1205 1955 1259 ﬁde
1977 1203 2552 1272 futurteaediﬁcationis
2574 1205 2774 1258 veritas
2800 1204 3054 1259 vaticinio
3079 1203 3422 1272 probaretur.

1849 1292 1960 1350 Nec
1988 1296 2094 1349 hoc
2118 1295 2182 1350 de
2208 1294 2298 1350 illo
2331 1304 2570 1366 tempore
2597 1294 2793 1350 dicitur
2819 1295 2965 1364 quod
3005 1295 3221 1364 quidam
3256 1295 3424 1362 impe-

1851 1387 1940 1441 riti
1962 1385 2267 1440 Judaeorum
2294 1385 2498 1448 volunt,
2540 1386 2753 1454 quando
2776 1386 2875 1440 sub
2923 1384 3222 1439 Zorobabel
3253 1392 3307 1437 et
3330 1385 3430 1437 sub

1851 1481 1978 1536 Jesu
2029 1479 2140 1533 ﬁlio
2185 1478 2449 1534 Josedech
2503 1479 2782 1535 sacerdote
2828 1493 3027 1549 magno
3053 1477 3310 1546 templum
3339 1492 3432 1530 εκ-

1854 1579 2119 1628 structum
2164 1578 2265 1635 est,
2318 1570 2764 1641 prophetantibus
2801 1569 2998 1640 Aggteo
3047 1576 3103 1622 et
3144 1568 3429 1620 Zacharia.

1853 1661 1969 1717 IIoc
1998 1661 2141 1714 enim
2184 1661 2443 1730 templum
2469 1660 2612 1729 quod
2647 1675 2789 1714 nunc
2826 1657 3172 1720 describitur,
3213 1664 3267 1709 et
3297 1655 3431 1708 ordo

1855 1753 2142 1809 sacerdotii
2185 1761 2450 1821 terrreque
2479 1751 2692 1816 divisio,
2731 1758 2786 1805 et
2824 1749 3096 1813 fertilitas,
3129 1747 3297 1802 multo
3344 1761 3439 1798 au-
3495 1801 3500 1807 ,

163 1868 182 1898 ‹
227 1862 319 1902 me
356 1847 507 1903 illuc.
539 1867 561 1902 ι
598 1845 838 1918 (Gregor.
873 1846 927 1898 in
959 1844 1273 1910 Comment.,
1297 1844 1382 1896 hic
1396 1851 1445 1897 et
1467 1841 1760 1913 deinceps.)
1782 1912 1825 1918 _
1857 1844 2066 1915 gustius
2118 1850 2201 1897 est
2234 1857 2397 1911 quam
2437 1839 2539 1894 fuit
2574 1839 2716 1909 quod
2773 1838 3026 1894 Salomon
3067 1843 3429 1892 exstruxerat.

159 1937 425 1992 Dicturus
468 1912 742 2008 mystica;
767 1936 1132 1992 narrationem
1165 1936 1478 1990 historicam
1516 1934 1756 2004 praemit-
1782 1912 1833 1974 Β
1857 1912 1992 1990 Illud
2019 1944 2194 1989 autem
2232 1933 2374 2002 quod
2412 1931 2736 1987 aediﬁcatum
2779 1939 2864 1986 est
2897 1931 2996 1984 sub
3050 1929 3347 1983 Zorobabel
3382 1928 3437 1982 in

160 2029 250 2094 tit,
276 2039 339 2083 ut
366 2028 501 2098 ﬁgat
519 2044 586 2083 ex
611 2036 850 2098 tempore
869 2028 1012 2098 quod
1035 2027 1290 2083 credatur
1313 2026 1370 2080 in
1399 2025 1751 2081 revelatione.

159 2117 478 2174 Notandum
498 2132 627 2172 vero
642 2119 784 2188 quod
814 2118 869 2172 in
905 2117 1130 2173 exordio
1158 2115 1281 2170 libri
1304 2115 1464 2184 hujus
1485 2129 1592 2184 quo
1614 2129 1756 2168 anno

157 2210 497 2279 pr0phetare
545 2210 729 2280 caepit,
779 2209 1056 2265 indicavit.
1102 2209 1162 2263 In
1207 2208 1316 2262 ﬁne
1360 2222 1489 2261 vero
1527 2207 1758 2262 inseruit

159 2316 272 2371 quo
295 2309 602 2356 extremam
629 2301 886 2355 visionem
916 2300 1050 2355 vidit
1082 2317 1094 2352 :
1127 2299 1201 2353 ita
1222 2307 1282 2353 ut
1303 2298 1553 2369 cognosci
1581 2297 1759 2351 valeat

161 2393 216 2447 in
247 2399 386 2462 quot
435 2393 595 2447 annis
621 2393 920 2463 prophetia:
956 2407 1066 2447 sua:
1096 2391 1296 2446 dixerit
1341 2391 1558 2446 librum.
1599 2389 1759 2445 Tem-

159 2498 262 2554 pus
295 2497 538 2552 namque
564 2497 670 2552 quo
699 2483 1026 2552 prophetare
1051 2481 1287 2551 ccepitin
1324 2480 1616 2536 locutionis
1646 2496 1757 2536 sua:

162 2576 318 2630 initio
339 2576 546 2645 posuit,
572 2575 790 2630 dicens:
824 2595 842 2627 ι
874 2574 1058 2645 Aperti
1076 2583 1202 2630 sunt
1224 2574 1364 2638 coeli,
1385 2582 1440 2628 et
1456 2574 1564 2629 vidi
1591 2574 1759 2628 visio.

163 2655 504 2720 nes‘Domini
530 2665 585 2718 in
607 2665 795 2734 quinta
830 2666 1051 2731 mensis,
1084 2665 1199 2734 ipse
1221 2672 1303 2720 est
1338 2680 1512 2719 annus
1540 2665 1761 2735 quintus

168 2755 670 2827 transmigrationis
720 2755 862 2824 regis
899 2755 1165 2810 Joachim.
1201 2775 1220 2806 ι
1253 2754 1407 2811 Nunc
1429 2771 1562 2810 vero
1590 2755 1763 2826 loqui-

166 2856 273 2913 tur,
297 2848 533 2904 dicens:
565 2865 585 2899 r
624 2847 682 2901 In
726 2848 984 2903 vicesimo
1011 2856 1065 2904 et
1092 2849 1278 2918 quinto
1321 2864 1463 2904 anno
1509 2848 1758 2903 transmi-

165 2938 439 3009 grationis
464 2946 683 2994 nostrae.
720 2957 740 2991 ι
773 2939 920 2995 Idem
949 2955 1186 3011 namque
1213 2942 1479 3011 prOpheta
1505 2941 1559 2994 in
1593 2940 1764 3010 capti-

164 3030 334 3086 vitate
367 3030 551 3100 prima
580 3046 702 3085 cum
721 3029 967 3086 Joachim
1000 3046 1128 3102 rege
1162 3031 1341 3086 fuerat
1388 3032 1442 3086 in
1469 3031 1763 3103 Babylonia

166 3121 563 3176 transductus:
597 3136 722 3176 nam
758 3123 824 3177 de
871 3124 1107 3179 secunda
1146 3121 1608 3195 Jerosolymorum
1635 3140 1763 3195 cap-

1858 2036 2069 2083 tantum
2097 2043 2324 2097 parvum
2351 2034 2488 2090 erat,
2520 2035 2576 2080 et
2600 2025 2798 2095 prioris
2826 2025 3229 2094 comparatione
3257 2021 3428 2087 nihili,

1857 2117 2024 2187 utqui
2052 2117 2202 2186 prius
2233 2115 2489 2186 templum
2529 2115 2798 2179 viderant,
2851 2124 2905 2169 et
2942 2121 3127 2183 postea
3151 2115 3254 2168 hoc
3292 2113 3436 2184 aspi-

1858 2208 2092 2272 ciebant,
2126 2206 2392 2276 ejularent
2415 2205 2765 2274 doloremque
2795 2221 2950 2260 suum
2975 2205 3230 2276 lacrymis
3275 2213 3441 2258 testa-

1859 2308 2048 2356 rentur
2092 2318 2105 2353 :
2139 2307 2194 2354 et
2262 2299 2433 2353 multo
2485 2296 2658 2365 major
2693 2306 2836 2352 esset
2879 2297 3084 2353 clamor
3125 2296 3442 2351 ululantium

1859 2401 2022 2464 quam
2066 2393 2290 2462 clangor
2339 2393 2615 2457 tubarum,
2646 2391 2763 2462 lege
2792 2391 2977 2446 Esdrae
3027 2391 3244 2445 librum.
3273 2390 3443 2444 Porro

1859 2487 2003 2556 quod
2031 2485 2248 2540 additur
2268 2493 2464 2555 quarto
2488 2485 2698 2540 decimo
2728 2499 2869 2539 anno
2890 2491 3172 2554 postquam
3188 2473 3441 2553 percussa

1861 2579 1974 2635 sive
2027 2586 2184 2648 capta
2226 2587 2310 2634 est
2352 2578 2566 2644 civitas,
2619 2578 2774 2648 juxta
2823 2576 3082 2648 mysticos
3137 2575 3443 2630 intellectus

1861 2672 2272 2743 quatuordecim
2319 2671 2586 2743 significat
2633 2670 3030 2740 generationes,
3070 2669 3266 2738 quibus
3295 2682 3443 2722 com-

1860 2764 2018 2834 pletis
2074 2780 2104 2818 a
2131 2763 2304 2818 David
2357 2778 2528 2832 usque
2556 2761 2625 2816 ad
2676 2761 3013 2816 nativitatem
3043 2759 3267 2824 Christi,
3296 2758 3446 2812 urbis

1862 2857 2133 2912 restitutio
2176 2855 2513 2925 promittitur
2565 2855 2633 2910 ab
2695 2869 2761 2910 eo
2797 2855 2863 2909 de
2907 2869 3014 2923 quo
3039 2853 3302 2922 scriptum
3324 2859 3444 2905 est:

1869 2968 1889 3001 ‹
1934 2950 2053 3019 Ipse
2083 2948 2372 3004 aediﬁcabit
2424 2949 2700 3004 civitatem
2737 2963 2936 3013 meam,
2985 2955 3040 3002 et
3081 2945 3446 3015 captivitatem

1862 3041 2045 3113 pupuli
2095 3041 2198 3094 mei
2242 3041 2465 3095 reducet
2507 3040 2641 3111 (Isa.
2672 3056 2800 3103 XLX,
2829 3040 2939 3111 l5).
2997 3058 3016 3091 ι
3078 3037 3147 3092 Ει
3203 3038 3396 3091 iterum
3431 3053 3445 3088 :

1871 3159 1889 3190 ι
1932 3139 2093 3194 Venit
2137 3146 2199 3192 ut
2233 3138 2556 3206 prmdicaret
2578 3137 2806 3208 captivis
2839 3134 3237 3200 remissionem,
3268 3141 3323 3188 et
3345 3147 3447 3187 ca:-

170 3213 381 3268 ῐῖνίιθιθ
412 3212 709 3284 δυῦἱυῐιῧίι,
746 3234 764 3265 ε
814 3222 1007 3284 quam)
1037 3215 1247 3270 ἀθοίωο
1293 3231 1436 3271 anno
1475 3224 1763 3286 βοειίιιιίιιιι
1787 3265 1834 3328 C
1867 3232 1945 3287 cis
1984 3217 2185 3296 visum,
2222 3229 2408 3285 dicens
2442 3230 2529 3284 his
2572 3229 2664 3300 qui
2695 3236 2852 3283 erant
2878 3228 2934 3281 in
2963 3226 3216 3291 vinculis,
3271 3225 3447 3289 Exite,

171 3319 423 3328 ---μηη
567 3307 747 3328 -ε--ε.-..
794 3307 1088 3328 ξυμ--ρῴ
1506 3309 1569 3328 α,
2021 3322 2032 3328 -
2261 3320 2273 3328 .
2500 3321 2514 3328 -
2571 3319 2583 3328 .
2672 3317 2713 3328 η
2823 3318 2836 3328 .
2937 3317 2948 3328 .
2995 3317 3007 3328 .
3065 3315 3112 3328 ,.
3348 3313 3361 3328 .

171 3319 428 3374 percussa
457 3316 539 3360 est
562 3307 769 3362 civitas.
793 3326 811 3358 ι
833 3307 1094 3365 Undecim
1109 3309 1307 3379 quippe
1321 3309 1478 3364 annis
1506 3309 1762 3365 Sedecias

172 3406 297 3466 post
322 3398 694 3469 captivitatem
727 3401 979 3470 primam,
1012 3401 1068 3454 in
1089 3416 1193 3471 qua
1220 3402 1482 3471 propheta
1508 3400 1759 3456 Ezechiel

175 3504 301 3546 cum
342 3489 590 3546 Joachim
631 3505 756 3560 rege
804 3491 993 3546 ductus
1038 3499 1152 3557 est,
1194 3492 1248 3545 in
1300 3489 1760 3562 Jerosolymorum

174 3581 315 3638 urbe
337 3589 676 3654 regnaverat.
693 3583 822 3638 Post
854 3583 1223 3652 captivitatem
1248 3597 1376 3638 vero
1399 3583 1639 3652 ejusdem
1664 3584 1762 3639 Se-

177 3675 368 3743 decire,
399 3693 518 3746 quae
525 3675 639 3745 jam
663 3676 896 3732 secunda
931 3677 1212 3732 eraturbis
1239 3677 1543 3745 captivitas,
1569 3683 1761 3746 quarto

179 3768 391 3830 decimo
446 3785 586 3830 anno
625 3771 886 3840 propheta
929 3769 1189 3824 visionem
1240 3770 1486 3824 ultimam
1525 3770 1759 3826 videbat.

182 3857 447 3915 Undecim
495 3860 677 3930 itaque
724 3869 778 3914 et
818 3861 1224 3930 quatuordecim
1267 3861 1426 3915 simul
1473 3861 1646 3932 juncti
1682 3859 1763 3914 fa-

180 3948 333 4002 ciunt
383 3948 570 4018 viginti
597 3957 651 4002 et
677 3949 934 4018 quinque.
970 3948 1027 4004 Si
1052 3949 1212 4020 igitur
1241 3950 1502 4004 visionem
1530 3950 1761 4020 primam

182 4041 376 4109 quinto
429 4041 759 4110 captivitatis
789 4040 988 4110 prioris
1035 4056 1177 4095 anno
1235 4041 1446 4096 locutus
1474 4051 1576 4107 est,
1605 4051 1764 4111 atque

183 4131 330 4184 hanc
359 4130 604 4185 ultimam
633 4131 895 4202 vigesimo
928 4140 983 4187 et
995 4132 1183 4202 quinto
1211 4147 1352 4186 anno
1379 4131 1576 4186 factam
1601 4133 1766 4188 fuisse

184 4222 466 4288 describit,
497 4221 742 4292 profecto
766 4231 914 4295 patet
941 4224 1083 4294 quod
1122 4225 1176 4279 in
1211 4224 1402 4296 viginti
1431 4226 1586 4278 annis
1616 4225 1766 4281 locu-

187 4316 351 4370 tionis
398 4333 507 4372 sua:
555 4333 736 4373 moras
777 4334 947 4388 usque
980 4320 1047 4374 ad
1082 4319 1286 4375 ultima:
1331 4320 1554 4375 visionis
1599 4322 1764 4377 verba

185 4409 495 4464 tetenderit.
522 4407 632 4464 Nec
667 4424 885 4465 movere
934 4411 1242 4480 quempiam
1285 4411 1445 4466 debet
1503 4412 1648 4481 qnod
1707 4411 1761 4465 in

183 4502 364 4555 medio
402 4503 698 4573 prophetize
724 4511 832 4558 sum
872 4503 1166 4570 volumine,
1198 4519 1318 4560 cum
1344 4505 1408 4559 de
1439 4504 1765 4576 Babylonico
1805 4511 1807 4514 ‘

1867 3329 1922 3376 et
1943 3322 2036 3392 qui
2067 3327 2221 3375 erant
2261 3320 2316 3374 in
2377 3319 2636 3385 tenebris,
2672 3317 3009 3373 Revelamini
3059 3315 3197 3386 (Isa.
3255 3313 3387 3386 LXI).
3429 3332 3448 3365 ι

1867 3411 2071 3484 (Greg.)
2110 3411 2250 3479 Quid
2273 3418 2356 3466 est
2399 3411 2543 3465 enim
2570 3411 2712 3480 quod
2735 3425 2834 3481 per
2858 3409 3000 3463 hanc
3025 3407 3290 3463 visionem
3327 3405 3437 3460 ulti-

1865 3519 2012 3559 mam
2062 3503 2406 3573 omnipotens
2461 3501 2604 3556 Deus
2653 3516 2716 3556 ea
2761 3501 2877 3570 ipsa
2937 3499 3024 3555 die
3071 3497 3323 3569 dignatus
3370 3505 3452 3553 est

1863 3593 2240 3664 promissionis
2270 3608 2381 3648 sua:
2441 3591 2872 3648 misericordiam
2900 3591 3104 3657 facere,
3128 3605 3235 3661 qua
3271 3589 3360 3644 die
3399 3587 3452 3642 in

1865 3698 2121 3754 percussa
2171 3683 2392 3740 civitate
2425 3684 2562 3738 iram
2590 3684 2814 3754 iustitiae
2845 3680 3119 3752 implevit;
3177 3681 3282 3736 nisi
3312 3679 3454 3749 quod

1865 3777 1956 3831 illa
1969 3775 2267 3830 divinitatis
2286 3776 2388 3839 vis,
2408 3789 2528 3844 qua:
2549 3775 2605 3828 in
2628 3774 2956 3838 diversitate,
2976 3781 3123 3828 motu
3150 3780 3206 3828 et
3226 3770 3434 3826 mutabi

1864 3869 2016 3923 litate
2039 3883 2146 3923 non
2169 3868 2386 3932 dicitur,
2405 3867 2616 3921 diversa
2627 3881 2691 3921 ea
2707 3867 2820 3936 ipsa
2841 3866 2962 3920 luce
2985 3865 3212 3936 justitia:
3233 3862 3459 3919 aﬂlictos

1867 3975 1930 4016 ac
1965 3959 2292 4028 ptenitentes
2311 3958 2572 4022 viviﬁcat,
2601 3971 2720 4025 quae
2750 3956 3123 4024 superbientes
3147 3971 3212 4010 ac
3253 3953 3458 4024 rigidos

1864 4051 2132 4122 percutit?
2176 4048 2461 4104 Praemisso
2511 4049 2695 4116 itaque
2757 4047 2982 4100 visionis
3037 4061 3149 4101 suae
3214 4051 3460 4114 tempore

1867 4138 2145 4208 subjungit
2173 4155 2185 4190 :
2217 4157 2234 4188 ‹
2269 4137 2437 4191 Facta
2479 4145 2562 4192 est
2591 4151 2754 4205 super
2775 4151 2862 4190 me
2889 4151 3080 4190 manus
3126 4135 3359 4200 Domini,
3406 4142 3461 4189 et

1868 4229 2090 4286 adduxit
2117 4243 2202 4282 me
2219 4227 2364 4283 illuc.
2388 4227 2446 4281 In
2470 4226 2768 4281 visionibus
2795 4226 3008 4281 Domini
3039 4225 3263 4281 adduxit
3289 4239 3375 4280 me
3401 4224 3461 4280 in

1868 4330 2066 4376 terram
2092 4318 2274 4372 Israel.
2308 4337 2326 4370 ι
2361 4317 2513 4384 Quod
2556 4318 2789 4382 dixerat,
2819 4335 2838 4367 ‹
2863 4317 3102 4372 Adduxit
3122 4332 3208 4372 me
3248 4316 3395 4382 illuc,
3434 4333 3455 4368 ι

1868 4413 1971 4466 hoc
1993 4409 2262 4480 replicans
2286 4408 2498 4462 subdit:
2520 4428 2538 4458 ‹
2558 4408 2894 4463 Adduxitme
2911 4409 2964 4462 in
2993 4417 3195 4464 terram
3217 4408 3382 4464 Israel
3406 4449 3420 4464 .
3435 4429 3455 4463 ι

1867 4502 1958 4557 Ait
1992 4510 2171 4556 autem
2201 4521 2212 4555 :
2254 4520 2272 4553 ι
2303 4500 2471 4555 Facta
2501 4509 2582 4555 est
2613 4516 2776 4570 super
2796 4517 2882 4557 me
2913 4518 3105 4557 manus
3137 4503 3371 4567 Domini,
3405 4511 3462 4558 et

186 4610 315 4664 rege
334 4594 668 4666 loqueretur,
691 4596 931 4650 vicesimi
958 4611 1022 4651 ac
1050 4596 1261 4667 septimi
1288 4597 1413 4651 anni
1447 4599 1764 4653 memoriam
1792 4629 1846 4689 D
1871 4592 2095 4648 adduxit
2121 4607 2206 4646 me
2233 4591 2358 4646 illuc
2386 4591 2442 4645 in
2480 4591 2780 4646 visionibus
2809 4592 3044 4646 Domini.
3082 4612 3102 4643 ι
3150 4593 3340 4647 Manus
3375 4601 3459 4646 et-

189 4681 358 4738 facit:
391 4699 497 4754 quo
521 4684 578 4738 in
602 4683 720 4740 loco
759 4700 878 4738 cum
900 4684 1033 4738 nihil
1061 4685 1128 4738 de
1159 4693 1400 4753 tempore
1434 4701 1543 4740 suae
1591 4686 1766 4755 capti-

192 4774 370 4830 vitatis
415 4775 705 4838 interserit,
759 4783 945 4844 aperte
985 4775 1321 4830 demonstrat
1360 4776 1487 4845 quia
1521 4776 1639 4847 ejus
1687 4791 1773 4832 re-

190 4866 268 4937 gis
319 4875 566 4938 tempora
615 4865 908 4932 describit,
949 4866 1017 4922 de
1067 4882 1174 4936 quo
1215 4868 1540 4937 prophetare
1590 4881 1771 4937 crepe-

189 4968 290 5013 rat.
338 4957 607 5040 (Ηὶενοη.)
657 4959 810 5027 Quod
847 4959 893 5014 si
919 4960 1074 5030 juxta
1115 4958 1542 5015 Theodotionem
1580 4960 1673 5029 qui
1712 4959 1769 5016 in

191 5063 256 5106 eo
270 5049 388 5105 loco
398 5050 490 5104 ubi
516 5063 614 5104 nos
634 5050 911 5120 posuimus
924 5049 980 5104 in
1004 5050 1226 5105 exordio
1239 5050 1366 5105 anni
1384 5050 1770 5118 interpretatus

192 5149 295 5208 est,
324 5145 380 5196 in
406 5156 548 5196 nono
569 5155 736 5208 anno,
765 5141 973 5197 decima
1001 5141 1224 5196 mensis.
1254 5139 1441 5194 Nonus
1468 5147 1646 5194 autem
1671 5153 1768 5193 an-

193 5248 294 5288 nus
334 5232 477 5304 apud
516 5229 772 5286 IIebrwos
812 5238 1036 5288 vocatur
1072 5229 1276 5286 mensis
1337 5229 1619 5299 septimus,
1669 5228 1766 5299 qui

195 5328 332 5398 apud
362 5341 455 5382 eos
481 5324 803 5381 vocabulum
825 5325 987 5380 habet
1011 5325 1165 5390 theri,
1194 5331 1256 5379 ut
1283 5321 1538 5379 Kalendis
1567 5322 1771 5377 mensis

195 5419 406 5489 septimi
444 5417 517 5475 sit
542 5419 793 5474 tubarum
812 5415 1050 5486 clangor,
1082 5423 1137 5469 et
1163 5415 1372 5471 decima
1399 5415 1484 5470 die
1528 5412 1768 5482 ejusdem

198 5509 396 5565 mensis
415 5509 530 5564 dies
557 5507 747 5580 jejunii
770 5515 824 5563 et
833 5505 1167 5577 placationis.
1198 5503 1395 5572 Quinta
1411 5503 1618 5558 decima
1636 5518 1768 5558 vero

199 5600 408 5668 quando
453 5607 599 5657 totus
623 5601 764 5656 luna:
801 5599 952 5656 orbis
989 5597 1236 5667 expletur
1265 5597 1378 5651 dies
1415 5596 1766 5667 scenopegia-

201 5703 317 5744 rum
356 5691 514 5760 datur
543 5691 789 5764 intelligi,
819 5690 962 5760 quod
982 5689 1190 5745 decima
1216 5687 1303 5742 die
1323 5687 1636 5757 placationis
1665 5687 1770 5741 Do~

202 5781 410 5855 minicae
438 5791 796 5838 monstratum
822 5783 996 5838 fuerat
1030 5779 1297 5837 Ezechieli
1319 5780 1605 5836 aediﬁcium
1642 5781 1769 5836 civi-

203 5873 349 5938 tatis,
392 5881 446 5930 et
492 5874 761 5930 quomodo
797 5873 1195 5931 restitutionem
1219 5871 1424 5943 populi,
1458 5872 1566 5928 imo
1594 5872 1770 5928 viviﬁ-

1871 4689 2016 4743 enim
2049 4688 2301 4741 virtutem
2323 4685 2626 4754 potestatis,
2661 4683 2897 4738 visiones
2930 4699 3059 4738 vero
3088 4685 3263 4755 ipsam
3295 4700 3458 4754 quam

1873 4785 2156 4846 acceperat
2206 4775 2599 4829 revelationem
2653 4773 2979 4840 signiﬁcant.
3035 4773 3223 4829 Manus
3261 4775 3458 4844 quippe

1872 4869 1929 4923 in
1950 4868 2155 4922 visione
2177 4873 2282 4929 est,
2307 4864 2481 4918 virtus
2501 4862 2559 4916 in
2593 4863 3068 4934 contemplatione,
3110 4863 3306 4934 quibus
3331 4879 3457 4919 ver-
3520 4899 3526 4904 -

1871 4959 1958 5016 bis
2001 4959 2132 5028 quid
2169 4965 2355 5027 aperte
2395 4955 2617 5022 indicat,
2649 4957 2753 5011 nisi
2783 4957 2911 5027 quia
2956 4957 3091 5012 nihil
3141 4958 3210 5013 de
3238 4957 3462 5014 civitate

1873 5066 2036 5122 quam
2068 5049 2280 5104 viderat
2302 5048 2456 5118 juxta
2480 5047 2719 5102 litteram
2751 5048 2933 5102 dicat?
2971 5047 3109 5102 Nam
3137 5047 3460 5119 spiritaliter

1873 5141 1941 5196 de
1987 5155 2050 5194 ea
2072 5139 2330 5208 loquitur,
2359 5153 2523 5208 quam
2554 5137 3295 5209 spiritalitercontemplatur.
3333 5158 3352 5190 ι
3388 5140 3457 5196 Ει

1875 5231 2081 5288 dimisit
2106 5245 2192 5286 me
2222 5244 2386 5300 super
2413 5237 2652 5284 montem
2699 5228 2973 5283 excelsum
3014 5229 3194 5284 nimis.
3229 5248 3249 5280 ι
3281 5229 3456 5298 Quem

1876 5340 2006 5396 ergo
2031 5323 2302 5394 signiﬁcat
2331 5337 2486 5378 mons
2511 5323 2763 5379 excelsus
2800 5323 2985 5389 nimis,
3032 5323 3136 5377 nisi
3193 5324 3458 5380 mediatoo

1873 5430 1990 5471 rem
2039 5414 2134 5468 Dei
2182 5421 2238 5468 et
2279 5414 2559 5468 hominum
2604 5413 2879 5468 hominem
2943 5412 3222 5469 Christum
3269 5413 3456 5470 Jesum

1873 5506 1926 5578 (I
1954 5505 2089 5560 Tim.
2133 5504 2217 5577 ιι),
2255 5505 2347 5577 qui
2387 5507 2452 5561 de
2494 5518 2640 5562 terra
2677 5509 2916 5578 quidem,
2949 5510 3043 5566 sed
3080 5510 3220 5565 ultra
3251 5519 3455 5566 terram

1874 5599 1992 5654 est?
2036 5598 2162 5667 quia
2185 5612 2313 5652 caro
2341 5597 2584 5669 ejusdem
2618 5599 2990 5671 Redemptoris
3031 5603 3208 5658 nostri
3231 5602 3300 5658 de
3323 5603 3454 5660 imis

1873 5692 2036 5746 habet
2063 5690 2399 5743 materiam?
2436 5691 2530 5745 sed
2567 5691 2623 5745 in
2657 5693 2879 5747 summis
2922 5693 3238 5764 praeminet
3264 5707 3333 5746 ex
3358 5706 3457 5762 pn-

1874 5789 2093 5846 testate,
2131 5795 2291 5850 quem
2320 5783 2498 5839 minus
2556 5791 2674 5838 erat
2693 5793 2753 5839 ut
2793 5784 3065 5840 excelsum
3095 5783 3314 5848 dixerit,
3344 5782 3454 5839 nisi

1877 5871 2133 5940 adiecerit
2175 5871 2337 5928 nimis
2371 5892 2384 5928 :
2414 5874 2506 5943 qui
2539 5890 2647 5932 non
2671 5875 2844 5931 solum
2873 5877 3054 5942 homo,
3086 5875 3178 5928 sed
3219 5887 3285 5927 ex
3312 5886 3453 5938 ejus-
