3908 6356
1075 430 1427 508 COMMENT.
1464 429 1531 506 lN
1567 421 2017 521 ezricrimneu.
2055 481 2124 491 —
2163 426 2291 508 ue.
2332 451 2474 509 XIV.

3293 430 3400 512 siis

171 567 353 625 Oriens
373 562 568 622 nonien
603 563 720 634 eius
755 562 939 638 (Zach.
966 562 1066 648 v1),
1124 583 1144 618 ι
1175 563 1444 637 (Hieran)
1485 563 1730 620 Habebat
1755 578 1809 640 Α
1831 564 2312 629 caementariorum,
2344 564 2439 642 sed
2471 563 2741 651 funiculus
2768 565 2943 624 liueus
2967 565 3024 622 in
3061 581 3228 624 nianu
3260 566 3396 638 ejus.

171 665 341 713 autem
376 655 610 727 speciem
649 669 987 724 nequaquam
1011 652 1222 720 electri,
1254 660 1313 708 ut
1349 653 1406 709 in
1457 653 1724 725 principio
1827 653 1940 710 Hoc
1966 654 2109 734 quod
2140 655 2420 733 apud'nos
2449 655 2652 732 certius
2675 655 2907 712 habetur
2932 671 3204 728 exponere
3237 655 3400 714 debe—

170 749 318 820 bujus
343 748 628 804 voluminis
653 747 884 815 dicitur;
918 761 1092 817 neque
1137 747 1413 803 accinctus
1437 753 1560 802 erat
1585 760 1723 802 zona

171 857 346 908 aurea,
371 851 429 895 ut
455 841 507 894 in
532 834 752 895 Joannis
774 837 1097 924 Apocalypsi
1119 839 1303 924 (Apoc.
1329 837 1371 911 ι)
1394 838 1721 905 continetur,

171 934 258 990 sed
285 933 515 988 habebat
557 931 790 1002 speciem
823 927 980 999 juxta
1011 917 1326 985 bebraicum
1369 928 1524 998 quasi
1574 926 1721 983 aeris.

169 1023 286 1079 llzec
309 1023 452 1076 enim
482 1021 703 1077 materia
751 1011 960 1078 cunctis
1001 1020 1228 1075 metallis
1254 1021 1494 1076 vocalior
1536 1027 1638 1086 est,
1666 1025 1726 1074 et

170 1115 352 1168 tinnitu
396 1113 552 1184 longe
593 1120 830 1168 resonat.
881 1111 1035 1168 Unde
1059 1118 1114 1166 et
1148 1110 1202 1164 in
1233 1109 1418 1165 Daniel
1443 1109 1604 1180 (Dan.
1655 1104 1722 1179 ιι)

165 1203 214 1257 in
242 1201 468 1273 imagine
492 1218 612 1272 quae
659 1211 780 1257 erat
805 1218 868 1257 ex
913 1217 1067 1265 auro,
1111 1210 1359 1271 argento,
1384 1216 1511 1264 mre,
1541 1197 1718 1256 ferro-

161 1311 258 1364 que
297 1305 592 1364 compacta,
623 1309 846 1364 regnum
887 1291 1177 1346 Alexandri
1212 1300 1372 1361 atque
1410 1290 1719 1344 Graecorum

161 1386 209 1437 in
239 1385 356 1440 ίειὶε
384 1372 731 1441 similitudine
761 1379 1178 1445 demonstratur,
1210 1391 1270 1434 ut
1303 1378 1505 1434 Graeca:
1527 1377 1720 1448 linguzn

158 1473 453 1544 «loquentia
497 1470 848 1545 signaretur:
886 1471 991 1526 Per
1036 1487 1197 1540 quam
1242 1467 1586 1524 manifestum
1635 1474 1721 1522 est

156 1567 323 1622 adhuc
351 1583 447 1623 eos
477 1565 714 1636 indigere
747 1563 991 1620 doctrina
1037 1563 1130 1634 qui
1186 1562 1368 1631 templi
1403 1559 1718 1630 spiritaliter

153 1657 466 1722 :izcliﬁeandi,
499 1657 725 1711 necdum
771 1656 929 1724 plena
960 1669 1156 1708 novere
1207 1652 1484 1723 mysteria.
1523 1649 1714 1706 Cuncti

151 1756 324 1802 autem
363 1747 613 1804 novimus
655 1745 929 1802 metallum
957 1745 1080 1800 aeris
1121 1735 1276 1798 valde
1315 1758 1436 1796 esse
1469 1739 1714 1796 durabile

152 1849 308 1909 atque
355 1825 662 1893 omnimodo
700 1851 972 1892 sonorum.
1006 1829 1181 1904 (Creg.
1215 1831 1233 1908 )
1268 1831 1406 1900 Quid
1456 1840 1540 1887 est
1585 1845 1714 1902 ergo
1749 1897 1755 1913 ‘

1823 758 1967 800 mus.
1993 743 2207 800 Scimus
2232 752 2413 801 autem
2440 746 2582 816 quod
2627 745 2906 826 funiculus“
2940 746 3113 830 lineps
3151 745 3401 829 subtilior

1822 841 1909 890 est
1941 848 2102 903 quam
2123 833 2168 888 si
2194 831 2412 890 funiculi
2441 834 2571 890 ﬁant
2593 820 2827 892 aliunde.
2851 820 2920 892 Et
2937 820 3066 908 quid
3085 838 3140 894 in
3166 820 3400 895 funiculo

1823 923 1989 992 lineo,
2027 925 2131 980 nisi
2173 925 2504 981 subtiliorem
2531 915 2990 997 praedicationem,
3019 925 3074 982 id
3101 936 3208 994 est,
3243 918 3402 1003 spi'ri—

1824 1014 1987 1071 talem
2015 1015 2272 1072 debemus
2302 1017 2578 1087 accipere?
2605 1014 2844 1072 Censura
2872 1017 3072 1072 etenim
3100 1017 3236 1089 legis
3260 1006 3402 1072 iuni—

1820 1091 1976 1160 culus
2003 1105 2120 1170 fuit,
2145 1105 2237 1160 sed
2267 1104 2439 1161 lineus
2463 1121 2568 1160 non
2604 1095 2740 1159 fuit:
2769 1105 2894 1176 quia
2923 1099 3110 1160 rudem
3145 1097 3399 1178 ptibulum

1801 1209 1930 1250 -non
1971 1192 2153 1251 subtili
2181 1193 2562 1266 praedicatione
2591 1187 2849 1262 coci-cuit,
2889 1193 2942 1250 in
2969 1190 3076 1267 quo
3105 1187 3201 1267 ρει-
3227 1187 3401 1267 paeni-

1821 1284 2048 1340 tentiam
2093 1301 2203 1342 non
2251 1295 2470 1358 peccata
2510 1273 2868 1357 cogitationis,
2899 1283 2992 1342 sed
3031 1277 3212 1356 operis
3253 1281 3402 1340 rese-

1819 1375 2003 1431 cavit:
2037 1385 2092 1430 at
2121 1387 2405 1448 postquam
2446 1395 2542 1449 per
2570 1365 2918 1449 semetipsum
2951 1373 3212 1434 Dominus
3237 1375 3400 1432 etiam

1819 1465 2171 1536 cogitationes
2200 1467 2478 1522 hominum
2523 1459 2861 1539 praedicando
2892 1461 3160 1541 religavit,
3185 1458 3240 1524 et
3277 1484 3402 1540 per-

1817 1553 2017 1608 fectum
2045 1571 2168 1610 esse
2201 1567 2478 1626 peccaturo
2511 1557 2674 1613 etiam
2700 1550 2754 1612 in
2783 1558 2946 1614 c'orde
2974 1559 3229 1626 innotuit,
3259 1557 3400 1614 funi-

1822 1645 2000 1700 culum
2037 1642 2238 1702 lineum
2268 1648 2322 1703 in
2359 1665 2527 1704 manu
2554 1649 2746 1704 tenuit.
2769 1647 2861 1704 Ait
2893 1650 3036 1704 enim
3062 1668 3076 1704 :
3113 1669 3132 1702 t
3159 1649 3401 1706 Audistis

1818 1737 1945 1806 quia
1973 1735 2174 1793 dictum
2203 1748 2285 1794 est
2310 1739 2569 1810 antiquis,
2610 1756 2718 1794 non
2749 1741 3124 1795 mmchaberi's.
3156 1737 3269 1810 Ego
3303 1755 3400 1794 au-

1818 1837 1928 1884 tem
1959 1831 2077 1885 dico
2122 1829 2274 1887 vobis
2301 1851 2314 1886 :
2341 1831 2442 1899 Qui
2473 1831 2670 1887 viderit
2715 1831 2995 1887 mulierem
3039 1813 3106 1886 ad
3136 1830 3396 1901 concupi-

148 1926 289 2000 quod
340 1937 590 2000 aspectus
641 1927 954 1984 mediatoris
987 1925 1082 1982 Dei
1117 1936 1170 1981 et
1212 1922 1490 1981 hominum
1518 1923 1716 1994 speciei
1743 1921 1792 1986 B
1821 1921 2077 1976 scendum
2103 1934 2244 1988 eam,
2263 1923 2375 1994 jam
2409 1922 2708 1977 mmcbatus
2731 1929 2814 1977 est
2841 1923 2960 1978 eam
2986 1923 3037 1977 in
3060 1923 3222 1978 corde
3243 1929 3394 1978 suo.)

145 2030 488 2092 comparatur
529 2020 672 2086 teris,
731 2018 835 2074 nisi
885 2017 988 2074 hoc
1031 2016 1173 2089 quod
1223 2017 1408 2086 aperte
1441 2014 1708 2081 novimus,

145 2113 269 2184 quia
303 2112 608 2184 unigenitus
654 2109 824 2166 Filius
871 2109 1100 2164 formam
1127 2107 1267 2163 Servi
1313 2106 1586 2176 accipiens
1605 2103 1715 2159 fra-

142 2211 400 2284 gilitatem
453 2209 633 2268 carnis
687 2196 935 2266 humanae
991 2223 1086 2279 per
1151 2197 1562 2262 resurrectionis
1605 2219 1716 2260 suae

141 2304 366 2377 gloriam
422 2291 584 2359 νει-ιῙί
619 2303 671 2356 in
701 2301 1056 2356 aeternitatem
1083 2316 1096 2351 :
1123 2292 1250 2366 quia
1288 2295 1340 2350 in
1385 2310 1450 2350 eo
1478 2293 1605 2350 caro
1634 2291 1715 2348 fa-

138 2391 227 2452 cta
257 2391 339 2450 est
385 2391 497 2464 jam
545 2392 662 2449 sine
705 2379 813 2447 line
859 2388 1116 2445 durabilis
1147 2405 1160 2441 :
1192 2381 1326 2441 Nam
1361 2405 1377 2437 ι
1415 2399 1642 2457 surgens
1681 2400 1714 2440 a

139 2483 364 2539 mortuis
383 2481 494 2555 jam
539 2481 646 2536 non
700 2479 954 2544 moritur,
985 2483 1040 2533 ει
1067 2478 1212 2532 mors
1233 2469 1283 2530 ei
1313 2475 1454 2530 ultra
1480 2489 1587 2529 non
1613 2473 1712 2530 do-

137 2573 431 2630 minabitur
457 2570 630 2645 (Rom.
661 2570 760 2644 vt).
818 2589 837 2623 ι
870 2569 1012 2637 Quid
1065 2576 1152 2623 est
1187 2560 1367 2622 autem
1399 2562 1544 2637 quod
1595 2566 1710 2636 ipsa

133 2665 253 2736 ejus
295 2663 598 2721 incarnatio
639 2659 774 2718 sono
814 2659 1017 2716 metalli
1041 2657 1402 2728 comparatur,
1428 2658 1532 2712 nisi
1567 2657 1712 2727 quod

133 2773 237 2828 per
262 2755 507 2814 eamdem
555 2753 978 2826 assumptionem
1003 2737 1354 2828 humanitatis
1381 2757 1580 2805 nostrae
1623 2746 1707 2806 in-

133 2824 317 2902 sonuit
363 2844 614 2900 omnibus
638 2824 807 2914 gloria
827 2831 1128 2912 majestatis
1148 2824 1298 2894 suae?

213 2956 230 2988 ι
257 2935 323 2992 Ει
354 2933 623 2992 funiCulus
651 2933 824 2989 iineus
853 2933 908 2988 in
943 2947 1103 2986 manu
1127 2927 1264 3002 ejus.
1287 2950 1305 2983 ι
1339 2925 1608 3003 (Ηὶενοη.)
1648 2922 1708 2985 in

130 3026 481 3104 Septuaginta
511 3013 899 3100 interpretibus
940 3020 1210 3081 funiculus
1254 3021 1429 3079 lineus
1456 3025 1560 3078 non
1606 3021 1705 3076 ba-

1818 2009 2111 2067 Funiculus
2140 2014 2269 2084 ergo
2319 2013 2490 2068 lineus
2529 2021 2612 2069 est
2657 2013 2966 2083 ‘przedicatio
2997 2011 3230 2080 subtilis,
3273 2029 3394 2084 quae

1817 2111 2056 2156 mentem
2085 2101 2352 2157 audientis
2382 2103 2541 2173 ligat,
2588 2117 2654 2158 ne
2679 2117 2736 2158 se
2762 2103 2844 2158 vel
2873 2103 2926 2158 in
2971 2099 3169 2159 inisera
3197 2105 3400 2177 cogita-

1817 2193 1966 2248 tione
1991 2191 2268 2277 dissolvat.
2294 2192 2552 2264 Quodque
2575 2195 2820 2266 sequitur
2849 2193 2862 2250 ἐ

1893 2311 1912 2344 ι
1940 2291 2006 2346 Ει
2031 2280 2270 2348 calamus
2304 2292 2569 2350 mensurae
2617 2295 2669 2348 in
2715 2311 2877 2350 manu
2911 2289 3090 2368 ejusd
3123 2296 3394 2370 (Ηὶετοη.)

1816 2381 2064 2454 designat
2095 2385 2323 2454 gratiam
2361 2386 2750 2456 prOphetalcm,
2784 2385 2851 2442 de
2885 2404 2990 2460 qua
3021 2382 3282 2459 scriptum
3312 2398 3398 2444 est

1813 2461 1870 2532 in
1897 2477 2308 2550 quadragesimo
2351 2489 2544 2549 quarto
2573 2480 2815 2553 psalmo:
2859 2503 2876 2535 ι
2911 2481 3112 2556 Lingua
3143 2479 3262 2542 mea
3307 2503 3398 2542 ca-

1814 2563 1988 2621 lamus
2012 2567 2202 2623 scribd:
2226 2564 2480 2624 velociter
2505 2571 2809 2627 scribentis.
2833 2593 2850 2624 ι
2879 2569 3080 2646 (Ci-eg.)
3109 2575 3183 2629 De
3209 2584 3396 2631 sancta

1813 2653 2054 2712 Ecclesia
2083 2673 2179 2728 per
2221 2659 2539 2728 ‘p‘ro‘pbctam
2585 2657 2750 2716 alium
2795 2646 3055 2719 Dominus
3087 2659 3390 2734 pollicetur,

1813 2745 2036 2833 dicens:
2073 2767 2090 2800 ι
2123 2747 2339 2806 Orietur
2381 2751 2433 2805 in
2463 2760 2526 2806 ea
2555 2753 2704 2808 viror
2741 2752 2935 2810 calaini
2969 2755 3024 2810 et
3059 2744 3212 2825 junci
3259 2755 3394 2833 (Isa.

1812 2831 2000 2912 luxv),
2025 2861 2044 2893 ι
2075 2841 2219 2912 quod
2249 2842 2302 2896 in
2329 2843 2434 2898 alio
2464 2841 2581 2899 loco
2607 2845 2922 2914 exposuisse
2950 2863 3035 2902 me
3065 2831 3309 2914 memini,
3341 2860 3398 2903 ut

1809 2929 1908 3003 per
1951 2933 2217 2989 calamum
2259 2935 2570 3006 scriptores,
2600 2953 2697 3008 per
2735 2938 2959 3007 juncum
2988 2955 3118 2998 vero
3164 2939 3395 2997 debeant

1809 3021 2086 3080 auditores
2124 3018 2365 3094 intelligi.
2414 3020 2520 3082 Sed
2561 3027 2689 3098 quia
2717 3027 2785 3084 ad
2815 3024 3096 3086 humorem
3129 3049 3304 3103 aquai,
3343 3041 3398 3086 et

127 3127 308 3192 betur,
355 3123 450 3179 Sed
500 3125 518 3175 ἀ
549 3119 819 3176 funiculus
849 3113 1334 3176 caementariorum.
1361 3117 1379 3168 i
1412 3111 1707 3169 Fuuiculus
1801 3108 2004 3182 juncus
2023 3121 2078 3168 et
2102 3113 2344 3169 calamus
2370 3117 2519 3172 nasci
2551 3119 2744 3184 solent,
2773 3128 2828 3174 et
2857 3136 2923 3176 ex
2960 3137 3065 3176 una
3097 3123 3394 3192 eademque

125 3231 345 3288 quoque
387 3212 508 3271 erat
555 3211 729 3269 lineus
771 3213 887 3268 sive
924 3199 1390 3268 caementariorum
1433 3207 1488 3262 in
1540 3211 1704 3260 manu
1738 3256 1778 3288 ἡ
1810 3215 1949 3271 aqua
1976 3198 2202 3274 utraque
2230 3201 2536 3274 proficiunt,
2563 3211 2618 3262 et
2643 3209 2885 3264 calamus
2911 3211 3131 3281 quidem‘
3161 3203 3228 3266 a‘d
3263 3213 3397 3267 scri-

123 3271 277 3378 ejus:
311 3302 377 3361 de
414 3305 522 3376 quo
567 3304 620 3359 in
655 3295 917 3360 Zacliaria
953 3302 1210 3373 scriptum
1239 3291 1324 3355 est
1371 3295 1562 3370 (Zach.
1595 3295 1702 3378 ιι),
1734 3271 1780 3338 C
1811 3293 2049 3350 bendum
2096 3271 2412 3364 assumitur,
2439 3271 2562 3354 cum
2587 3299 2754 3372 junco
2785 3309 2912 3358 vero
2928 3271 3105 3358 scribi
3151 3311 3256 3358 no’n
3302 3317 3397 3374 po-

123 3307 266 3378 ejus,
311 3302 377 3361 de
414 3305 522 3376 quo
567 3304 620 3359 in
655 3295 917 3360 Zacliaria
953 3302 1210 3373 scriptum
1239 3295 1324 3355 est
1371 3295 1562 3370 (Zach.
1595 3295 1702 3440 ιγ,

121 3393 274 3467 q'uod
315 3388 612 3455 funiculum
658 3391 907 3449 habuerit
944 3391 1351 3464 geometricum,
1380 3395 1440 3443 ut
1467 3387 1618 3442 latitu
1663 3383 1706 3440 i-

121 3497 253 3544 nem
281 3485 336 3540 et
379 3469 766 3556 longitudinem
796 3478 946 3538 urbis
981 3480 1280 3536 metiretur.
1323 3467 1706 3534 Cicmentario-

121 3592 250 3634 rum
284 3579 464 3632 autem
490 3571 575 3632 vel
599 3572 912 3644 angelorum
939 3572 1030 3644 qui
1053 3560 1148 3626 Dei
1183 3564 1406 3640 imperio
1432 3567 1706 3622 ministra-

119 3670 278 3734 bant,
307 3661 392 3724 vel
429 3651 596 3742 lioysi
622 3675 677 3722 et
710 3665 950 3721 omnium
979 3663 1364 3736 prophetarum
1389 3668 1552 3730 atque
1579 3673 1706 3728 apo-

118 3761 391 3818 stolorum
431 3759 524 3830 qui
553 3757 822 3814 aediﬁcant
863 3753 1136 3810 civitatem
1180 3747 1298 3818 Dei,
1341 3755 1396 3808 et
1433 3749 1706 3820 adjutores

117 3853 212 3909 vel
242 3849 475 3908 titinislri
511 3853 636 3906 sunt
665 3837 958 3904 [κοπιῑηίοῶ
983 3845 1295 3904 voluntatis.
1323 3844 1528 3918 (σι-σῃ.)
1566 3843 1704 3912 Quid

119 3945 272 4000 aliud
315 3942 692 4000 emittentarios
732 3939 896 4011 quam
943 3945 1157 3994 sanctos
1202 3927 1450 3992 doctores
1489 3933 1702 4006 accepi-

115 4047 270 4102 mus,
313 4033 404 4104 qui
454 4031 724 4102 loquendo
763 4026 1024 4100 spiritalia
1053 4025 1120 4082 ad
1167 4027 1384 4082 caeleste
1418 4019 1703 4080 aedilicium

115 4125 280 4182 vivos
313 4113 544 4194 lapides,
568 4113 622 4176 id
653 4121 756 4186 est,
781 4117 1074 4176 electO‘rUm
1103 4119 1310 4174 aniinas
1346 4118 1704 4188 componunt?

114 4202 400 4286 Quidquid
435 4211 582 4269 enim
611 4211 820 4283 antiqtii
861 4206 1074 4278 Patres,
1117 4206 1375 4282 quidquid
1403 4207 1700 4282 prophetze,

115 4300 392 4377 quidquid
413 4301 662 4376 apostoli,
686 4297 945 4372 quidquid
972 4301 1334 4373 apostolorum
1359 4313 1703 4358 successores

112 4397 292 4452 locuti
329 4399 476 4462 sunt,
521 4393 650 4466 quid
693 4389 840 4450 aliud
883 4389 1176 4466 fuitquam
1207 4393 1524 4465 compositio
1565 4389 1699 4465 lapi-

111 4487 273 4554 dum,
313 4487 368 4542 in
409 4487 514 4542 hac
539 4501 659 4558 qua:
699 4481 938 4558 quatidie
970 4484 1298 4541 construitur
1341 4481 1546 4541 fabrica
1577 4499 1702 4540 san-

110 4587 358 4634 ctorum.
382 4573 442 4632 In
469 4575 710 4633 funiculo
733 4580 916 4633 autem
943 4577 1271 4632 tamentarii
1296 4575 1398 4634 hoc
1423 4577 1510 4648 agi
1538 4577 1696 4644 solet,

107 4677 174 4724 ut
231 4669 489 4740 cognosci
525 4670 810 4739 aequalitas
840 4667 924 4725 vel
968 4671 1234 4726 rectitudo
1284 4675 1558 4743 surgentis
1603 4686 1700 4744 pa-

107 4757 275 4812 rietis
306 4754 502 4814 debeat
527 4776 548 4814 :
571 4769 625 4815 et
655 4759 700 4814 si
734 4756 875 4831 lapis
912 4755 1058 4815 intus
1103 4769 1204 4827 est,
1233 4760 1378 4817 foras
1406 4763 1622 4830 dicitur,
1656 4765 1702 4820 si

103 4851 370 4906 exterius
395 4853 686 4922 prominet,
733 4852 958 4907 interius
989 4864 1293 4908 revocatur.
1320 4853 1387 4909 Et
1415 4864 1563 4910 certe
1599 4855 1701 4911 iidc

101 4926 366 5010 qrrotidie
417 4942 525 5011 agit
581 4943 895 5013 praedicatio
937 4943 1220 4999 doctorum
1259 4945 1316 4998 ut
1363 4953 1701 5016 unaquaeque

102 5031 306 5085 anima
338 5033 430 5088 cui
463 5034 743 5105 regimiuis
785 5045 948 5090 onera
998 5035 1271 5105 suscipere
1314 5031 1542 5091 fortasse
1591 5039 1698 5091 non

99 5124 363 5192 expedit,
405 5125 614 5180 etiamsi
663 5125 807 5181 foras
865 5131 1124 5196 apparere
1189 5131 1434 5196 appetat,
1474 5127 1700 5184 interius

97 5224 448 5270 revocetur:
477 5221 534 5270 et
575 5221 788 5272 rursum
829 5223 950 5286 quae
987 5217 1156 5272 latere
1179 5219 1312 5284 Vult,
1351 5221 1406 5273 et
1449 5219 1534 5274 sui
1578 5219 1697 5274 tan-

99 5307 406 5361 tummodo
432 5313 618 5362 cursin
646 5318 850 5378 gerere,
883 5309 928 5364 si
957 5309 1058 5365 sibi
1094 5323 1157 5364 ac
1186 5309 1368 5366 multis
1393 5323 1512 5366 esse
1555 5309 1699 5367 utilis

95 5403 299 5470 potest
314 5425 336 5464 ,ο
364 5399 530 5454 etiam
553 5410 675 5454 cum
710 5397 882 5454 latere
906 5400 1196 5464 desiderat,
1224 5401 1462 5456 exterius
1495 5401 1698 5470 produ-

95 5498 277 5544 catur
305 5493 368 5545 ut
401 5499 692 5561 appareat:
718 5492 902 5560 sicque
938 5489 1004 5544 lit
1029 5499 1087 5544 ut
1118 5497 1428 5547 sanctorum
1462 5491 1698 5563 lapidum

92 5579 256 5635 ordo
325 5587 590 5647 teneatur,
617 5582 742 5636 dum
785 5594 926 5651 saepe
977 5589 1035 5636 et
1079 5581 1266 5637 volens
1319 5585 1392 5638 ad
1438 5583 1698 5640 honorem

90 5671 308 5726 venire
339 5673 636 5742 repellitur,
677 5681 738 5729 et
780 5674 1045 5728 bonure'm
1087 5673 1300 5746 fugiens
1341 5675 1400 5728 in
1433 5677 1573 5732 sacri
1609 5683 1698 5734 or.

90 5765 266 5821 diuis
291 5779 420 5821 arce
441 5766 775 5822 sublevem".
795 5766 902 5822 Sed
922 5767 1049 5836 quia
1070 5767 1214 5822 sicut
1228 5775 1326 5836 per
1346 5767 1696 5838 interpretem

87 5866 372 5920 nostrum
410 5857 715 5924 didicimus,
745 5858 1104 5915 moratorum
1139 5857 1374 5915 historia-
1393 5869 1502 5914 non
1532 5857 1698 5916 habet

1805 3393 1930 3441 test.
1956 3385 2093 3454 Quid
2123 3389 2176 3442 in
2197 3385 2363 3456 junco
2387 3391 2441 3442 et
2471 3387 2680 3446 calamo
2701 3391 3088 3462 acciperemus,
3122 3392 3224 3448 nisi
3250 3385 3393 3462 q‘uod

1803 3489 1913 3532 una
1941 3485 2026 3532 est
2058 3478 2302 3534 doctrina
2349 3479 2595 3536 veritatis
2635 3484 2754 3552 ιιιιὼ
2783 3481 2982 3556 multos
3009 3485 3285 3540 auditores
3316 3484 3390 3538 ir-

1804 3569 1978 3639 rigat?
2019 3571 2112 3626 sed
2145 3571 2378 3642 iirig’ati,
2409 3573 2498 3627 alii
2527 3571 2595 3628 ad
2645 3573 2750 3629 hoc
2791 3587 2962 3644 usque
3008 3574 3063 3629 in
3093 3575 3262 3631 verbo
3293 3575 3388 3630 Del

1805 3660 2118 3730 proficiunt,
2169 3663 2226 3716 ut
2261 3665 2425 3717 etiam
2472 3661 2764 3734 scriptores
2805 3665 2942 3719 ﬁant
2973 3659 3226 3721 Videlicet
3271 3675 3391 3721 tan-

1805 3765 1968 3821 quam
1996 3752 2212 3818 calami,
2253 3751 2340 3807 alii
2386 3767 2519 3810 vero
2545 3756 2768 3810 vernam
2798 3753 2922 3810 vitae
2957 3755 3212 3822 audiunt,
3241 3757 3394 3812 bonm

1805 3844 1919 3913 spei
1971 3853 2026 3899 et
2065 3851 2336 3900 rectorum
2365 3860 2588 3917 operum
2622 3841 2907 3904 Veritatem
2947 3846 3153 3915 tenent,
3184 3847 3282 3905 sed
3313 3855 3392 3904 ta-‘

1805 3948 1932 3994 men
1962 3938 2030 3993 ad
2059 3937 2402 3994 scribendum
2451 3937 2755 3996 nullatenus
2782 3943 3027 4010 possunt.
3070 3931 3136 3994 lli
3169 3938 3298 4012 quid
3334 3941 3388 3996 in

1805 4037 1946 4100 aqua
1973 4029 2070 4086 Dei
2103 4031 2207 4086 nisi
2246 4029 2463 4102 quidam
2511 4039 2574 4088 ut
2613 4031 2689 4088 ita
2719 4031 2895 4088 dieam
2916 4031 3070 4103 junci
3097 4035 3262 4090 sunt?
3285 4023 3388 4102 Qui

1805 4109 2022 4191 quidem
2049 4123 2156 4176 viri
2200 4120 2460 4178 discendo
2482 4119 2796 4194 proﬁciunt;
2818 4119 2916 4178 sed
2958 4121 3172 4178 litteras
3208 4125 3393 4194 expri-

1803 4219 1958 4266 mere
2000 4220 2338 4282 nequaquam
2385 4209 2592 4268 valent.
2622 4211 2952 4285 Redemptor
2997 4208 3162 4286 igitur
3209 4215 3395 4270 noster

1803 4305 1930 4378 quia
1978 4303 2144 4360 verba
2183 4303 2308 4377 qtite‘
2337 4303 2473 4363 dixit
2511 4299 2673 4364 etiam
2703 4315 2800 4378 per
2830 4296 3110 4364 doctorum
3151 4307 3386 4364 studium

1802 4393 1966 4451 Scribi
2007 4395 2230 4468 largitus
2273 4395 2356 4453 est
2407 4396 2464 4452 in"
2506 4395 2668 4454 manu
2711 4397 2980 4454 calamum
3031 4399 3204 4454 tenuit
3238 4416 3252 4453 :
3293 4398 3384 4470 qui

1802 4486 2043 4543 calamus
2070 4491 2338 4544 mensurae
2367 4487 2562 4544 dicitur
2586 4483 2714 4561 quia
2741 4489 2859 4560 ipsa
2885 4487 3165 4546 doctorum
3211 4490 3387 4546 studia

1802 4579 1905 4636 sub
1937 4577 2171 4650 quadam
2201 4577 2398 4636 σοοαιιι
2417 4579 2606 4654 judicil
2633 4580 3030 4654 dispensatione
3061 4582 3382 4646 retinentur,

1803 4676 1863 4727 ut
1885 4678 1941 4726 e’t
1969 4669 2092 4726 aliis
2114 4672 2412 4743 legentibus
2439 4671 2670 4742 prosint,
2701 4679 2754 4726 et
2781 4669 2902 4725 aliis
2932 4669 3233 4740 legentibus
3261 4680 3387 4740 pro-

1801 4765 1959 4820 desse
2001 4766 2108 4819 non
2138 4765 2368 4834 possint.
2414 4761 2566 4819 Unde
2607 4763 2777 4820 sancti
2827 4761 3056 4832 apostoli
3093 4771 3215 4818 cum
3263 4777 3381 4818 mae

1801 4853 2027 4926 gistrum
2073 4855 2356 4908 veritatem
2382 4851 2487 4908 sibi
2528 4855 2766 4925 apertius
2806 4853 3115 4924 loquentem
3145 4854 3385 4924 require-

1801 4945 1939 5005 rent,
1969 4949 2069 4997 cur
2107 4943 2276 4998 turbis
2299 4944 2354 4997 in
2386 4943 2657 5013 parabolis
2684 4945 3012 5014 loqueretur,
3047 4941 3374 4998 audierunt:

1802 5033 1938 5101 Quia
1972 5049 1992 5084 ι
2021 5029 2174 5090 vobis
2214 5037 2400 5090 datum
2424 5043 2507 5090 est
2538 5043 2698 5092 nosse
2727 5035 3043 5108 mysterium
3076 5033 3228 5105 regni
3269 5047 3382 5089 cm-

1803 5123 2000 5192 lorum,
2039 5126 2145 5182 illis
2187 5133 2366 5182 autem
2395 5139 2500 5185 non
2543 5125 2696 5200 (Luc.
2721 5127 2862 5199 vm).
2888 5145 2910 5180 ι
2945 5127 3035 5182 Vel
3065 5133 3215 5182 certe
3242 5123 3382 5180 cala-

1805 5222 1924 5272 mus
1974 5231 2240 5272 mensura:
2277 5225 2378 5284 est,
2405 5219 2530 5289 quia
2562 5219 2616 5273 in
2647 5217 2764 5288 ipso
2807 5221 2966 5273 sacro'
3010 5213 3130 5288 ejus
3169 5213 3384 5287 eloquio

1803 5308 1934 5380 Quid
1969 5310 2124 5365 nobis
2161 5311 2522 5382 conscriptum
2551 5317 2654 5376 est,
2684 5308 2922 5366 occultas
2950 5306 3078 5366 esse
3104 5309 3382 5381 dispensa-

1802 5401 1982 5457 tiones
2003 5404 2392 5474 cognoscimus.
2422 5400 2560 5457 Nam
2581 5411 2679 5472 per
2699 5393 3240 5473 incompmbensibile
3261 5400 3380 5472 ejus

1800 5492 2088 5564 judicium,
2110 5501 2166 5549 et
2192 5494 2330 5550 alter
2357 5495 2497 5550 intra
2527 5494 2839 5549 mensuram
2871 5492 3172 5549 electorum
3217 5489 3382 5548 mitti-

1804 5590 1910 5651 tur,
1943 5591 1999 5641 et
2025 5584 2162 5640 alter
2189 5585 2336 5640 foras
2365 5584 2704 5654 relinquitur;
2729 5584 2789 5640 ut
2817 5582 2966 5640 nullo
2991 5585 3156 5640 modo
3176 5581 3242 5638 ἑά
3269 5580 3384 5637 cie-4

1803 5682 2018 5730 ctorum
2059 5675 2348 5730 numerum
2391 5675 2664 5746 pertinere
2703 5673 3002 5730 mereatur;
3033 5673 3209 5730 liabet
3245 5683 3382 5744 ergo

1798 5764 2117 5831 funiculum,
2152 5766 2312 5820 habet
2354 5765 2410 5820 in
2438 5777 2600 5820 manu
2627 5765 2897 5822 calamum
2933 5775 3236 5823 mensura:
3267 5760 3375 5831 Qui

1797 5857 1944 5914 enim
1968 5857 2208 5914 huicqu
2228 5857 2407 5915 locum
2433 5857 2674 5926 metitur,
2698 5856 2829 5915 alibi
2854 5855 3152 5914 funiculum
3179 5853 3371 5921 trahit,
