3908 6356
119 385 218 438 839

1024 373 1376 434 COMMENT.
1419 376 1488 431 IN
1525 373 1978 432 EZECIIIELEM.
2021 405 2098 420 -—-
2133 379 2268 438 LIB.
2297 378 2439 436 XIV.

3277 385 3390 452 Μ.

116 502 267 556 hoste
294 495 548 566 rapiatur.
583 489 677 546 Vir
707 492 891 563 itaque
917 492 1012 562 qui
1037 491 1286 561 apparuit
1313 491 1369 544 in
1393 498 1549 560 porta
1578 498 1685 545 ste-
1710 493 1774 554 Αο
1789 503 1910 559 quae
1933 503 2034 560 ego
2066 492 2349 548 ostendam
2394 491 2510 560 tibi,
2537 512 2554 544 ι
2579 493 2852 554 intentum
2891 493 3023 554 facit
3051 497 3375 558 auditorem.

116 593 199 658 tit,
230 598 387 658 atque
412 587 484 640 ita
528 585 741 640 locutus
776 593 898 640 est:
927 585 1053 654 quia
1089 583 1356 639 mediator
1383 583 1479 637 Dei
1507 591 1563 638 et
1588 583 1687 638 bo-

114 683 315 740 minum
343 677 590 733 Christus
617 673 776 731 Jesus
809 677 863 730 in
888 676 1008 746 ipso
1035 690 1249 746 quoque
1277 674 1546 744 passionis
1575 687 1685 728 suae

113 782 366 842 tempore,
409 775 675 839 praecepta
701 767 825 822 vita:
862 766 1140 837 discipulis
1185 765 1371 821 dedit:
1403 774 1464 820 ut
1509 765 1562 820 hi
1594 764 1687 835 qui

110 868 162 923 in
201 879 323 922 eum
367 861 626 927 credunt,
671 861 739 916 ad
782 867 996 930 portam
1040 873 1256 929 semper
1293 857 1593 929 aspiciant,
1632 865 1689 913 et

108 955 405 1029 passionem
435 952 552 1022 ejus
589 949 820 1007 sollicita
850 950 1284 1007 consideratione
1311 958 1624 1020 pensantes,
1657 965 1687 1004 a

108 1063 205 1103 suo
241 1058 451 1115 quoque
482 1043 630 1099 exitu
677 1042 857 1098 cordis
887 1041 1076 1098 oculos
1111 1055 1220 1096 non
1265 1048 1532 1095 avertant.
1579 1039 1688 1095 Nos

105 1150 312 1208 quoque
340 1150 464 1190 cum
482 1134 596 1203 jam
630 1133 868 1188 claustra
896 1131 1080 1188 carnis
1123 1131 1404 1202 despicere
1438 1131 1685 1187 mortali-

107 1232 228 1286 tatis
269 1237 469 1286 nostrae
515 1228 790 1302 angustias
829 1243 926 1298 per
967 1226 1314 1284 mortalitatis
1359 1227 1688 1283 desiderium

106 1324 352 1390 transire,
403 1324 457 1378 in
502 1337 746 1393 superna:
790 1321 928 1377 lucis
968 1321 1276 1377 libertatem
1324 1320 1567 1386 tendere,
1620 1320 1690 1375 ad

102 1416 336 1472 cmlestis
361 1414 552 1486 patrita
579 1414 773 1485 gaudia
802 1413 1060 1470 anhelare
1089 1411 1433 1481 coeperimus,
1463 1412 1532 1467 ad
1558 1425 1686 1482 por-

103 1513 208 1561 tam
243 1507 430 1562 oculos
456 1514 735 1562 tenemus:
767 1505 895 1576 quia
937 1506 1064 1560 dum
1096 1518 1129 1558 a
1157 1502 1514 1558 sacramentis
1549 1510 1685 1558 tem-

98 1600 372 1670 poralibus
417 1600 650 1655 transire
700 1600 768 1654 ad
813 1606 1015 1654 aeterna
1060 1597 1336 1667 cupimus,
1382 1595 1536 1665 quasi
1573 1593 1688 1664 jam

98 1689 351 1760 praesenti
376 1690 500 1745 vita:
527 1698 674 1761 terga
701 1689 966 1752 dedimus,
994 1694 1050 1743 et
1073 1686 1253 1742 cordis
1282 1685 1474 1740 faciem
1506 1686 1562 1740 in
1593 1684 1689 1740 de-

97 1780 298 1836 siderio
319 1780 497 1836 exitus
522 1781 692 1836 nostri
721 1781 1003 1836 habemus.

1789 583 1945 639 Facit
1986 591 2042 639 et
2084 585 2262 639 cordis
2305 585 2476 642 oculis
2507 596 2914 654 praeparatum,
2957 597 3017 645 ut
3068 593 3384 649 memoriter

1790 685 1976 732 teneat
1999 691 2119 747 quae
2145 677 2248 734 sibi
2275 679 2612 734 ostendenda
2645 687 2792 746 sunt,
2832 681 2958 752 quia
2996 690 3055 737 ut
3085 685 3266 739 omnia
3295 699 3384 741 os-

1790 767 2083 824 tendantur
2107 767 2228 833 tibi,
2257 769 2522 826 adductus
2565 783 2626 825 es
2654 770 2780 825 huc.
2810 770 2927 838 Quo
2973 773 3118 830 dicto
3146 776 3384 831 ostendit

1790 859 2100 930 specialiter
2143 859 2277 914 nihil
2325 861 2534 916 theoria
2583 868 2640 916 et
2684 861 2914 918 scientia
2961 863 3172 920 dulcius
3217 881 3383 936 quam

1789 951 2052 1022 propheta
2077 951 2368 1016 desiderat,
2400 952 2586 1008 dicens
2611 970 2623 1006 :
2661 972 2676 1004 ι
2709 951 2884 1007 Unam
2910 953 3044 1022 petii
3073 969 3103 1008 a
3131 955 3380 1023 Domino,

1791 1039 1932 1095 hanc
1975 1039 2267 1111 requiram,
2306 1047 2365 1093 ut
2393 1041 2690 1096 inhabilem
2731 1043 2787 1096 in
2824 1043 2984 1098 domo
3031 1045 3246 1100 Domini
3283 1063 3382 1118 per

1791 1146 1980 1188 omnes
1997 1132 2113 1187 dies
2135 1133 2256 1186 vitae
2276 1147 2410 1188 meae
2435 1152 2447 1186 :
2472 1142 2531 1188 ut
2558 1135 2767 1190 videam
2784 1135 3116 1207 voluptatem
3143 1137 3381 1203 Domini,

1790 1233 1852 1279 ut
1877 1225 2094 1282 visitem
2133 1225 2393 1295 templum
2420 1225 2536 1296 ejus
2567 1223 2739 1298 (Psal.
2767 1227 2940 1299 xxvr).
2962 1247 2980 1279 ι
3010 1227 3164 1284 Unde
3202 1228 3380 1300 jungit

1792 1322 1846 1370 et
1874 1315 2148 1384 loquitur:
2187 1334 2204 1365 ι
2233 1316 2478 1382 Domine,
2521 1316 2684 1372 dilexi
2721 1317 2972 1374 decorem
3018 1317 3210 1373 domus
3255 1327 3378 1385 tum,

1791 1412 1847 1460 et
1892 1405 2072 1462 locum
2103 1407 2456 1462 habitationis
2487 1406 2668 1476 gloriae
2700 1415 2802 1462 tua}
2834 1404 3008 1476 (Psal.
3035 1408 3184 1479 xxv).
3209 1431 3227 1461 ι
3267 1411 3380 1463 An-

1790 1499 1998 1566 nuntia,
2026 1500 2233 1570 inquit,
2263 1501 2477 1567 omnia,
2504 1517 2624 1572 qua:
2655 1509 2712 1555 tu
2739 1501 2912 1568 vides,
2955 1501 3138 1557 domui
3181 1502 3380 1569 Israel,

1789 1598 1850 1646 ut
1896 1592 1988 1662 qui
2017 1606 2115 1662 per
2154 1606 2216 1647 se
2241 1592 2425 1648 videre
2469 1607 2576 1646 non
2623 1602 2885 1663 possunt,
2930 1608 3030 1662 per
3068 1602 3118 1648 te
3169 1593 3383 1648 discant

1790 1697 1910 1754 qua:
1944 1683 2042 1738 tibi
2095 1697 2126 1736 a
2171 1682 2399 1738 Domino
2453 1683 2914 1740 demonstrantur.
2951 1683 3143 1739 Domni
3197 1695 3380 1740 autem

1787 1772 1975 1840 Israel,
2007 1775 2093 1830 his
2118 1774 2210 1844 qui
2257 1782 2436 1830 mente
2473 1777 2812 1848 conspiciunt
2851 1776 3044 1842 Deum,
3083 1776 3153 1834 de
3186 1778 3383 1848 quibus

173 1891 192 1924 ‹
225 1871 327 1927 Fili
377 1873 631 1939 hominis,
678 1872 802 1927 vide
851 1871 1022 1927 oculis
1065 1871 1176 1926 tuis
1213 1881 1269 1927 et
1314 1872 1536 1929 auribus
1578 1871 1686 1928 tuis
1711 1861 1761 1922 Β
1788 1875 1907 1922 erat
1929 1873 1986 1920 et
2027 1864 2349 1932 Nathanael,
2392 1866 2484 1935 qui
2543 1865 2820 1921 Christum
2863 1867 3257 1923 studiosissime
3305 1881 3384 1921 re-

100 1984 120 2017 ι
163 1965 307 2020 audi.
332 1985 350 2017 ι
379 1966 463 2021 Ad
509 1965 879 2022 testimonium
913 1965 1240 2036 spiritalium
1285 1980 1469 2021 rerum
1516 1966 1684 2022 dedu—

97 2067 204 2124 cto,
242 2059 373 2128 quid
415 2065 500 2114 est
543 2059 686 2128 quod
729 2057 928 2114 dicitur
971 2058 1096 2113 vide
1145 2056 1338 2122 oculis,
1367 2066 1422 2112 et
1468 2056 1684 2112 additur

97 2149 237 2203 tuis?
259 2157 314 2204 et
331 2165 456 2205 cum
479 2150 756 2205 subditur:
785 2149 910 2204 audi
932 2149 1172 2215 auribus,
1198 2148 1512 2220 adiungitur
1539 2150 1684 2204 tuis?

94 2241 201 2295 Sed
229 2242 510 2297 sciendum
537 2243 680 2312 quod
718 2241 861 2298 oculi
904 2249 1067 2314 atque
1109 2255 1268 2298 aures
1309 2242 1554 2313 corporis
1589 2243 1685 2300 ad-

92 2341 218 2386 sunt
267 2333 433 2388 etiam
479 2333 811 2398 carnalibus,
843 2334 1029 2404 eisque
1077 2343 1204 2389 sunt
1248 2335 1303 2390 in
1349 2351 1452 2391 usu
1503 2352 1684 2394 rerum

93 2441 207 2493 quae
254 2425 613 2495 corporaliter
650 2427 918 2481 videntur.
953 2425 1110 2482 Oculi
1152 2441 1280 2482 vero
1312 2436 1474 2500 atque
1523 2445 1684 2487 aures

93 2516 267 2571 cordis
315 2516 657 2573 solummodo
684 2518 1008 2588 spiritalium
1053 2527 1216 2585 sunt,
1256 2520 1349 2590 qui
1395 2521 1682 2577 invisibilia

90 2625 180 2680 per
206 2613 538 2669 intellectum
565 2614 774 2680 vident;
801 2623 855 2670 et
884 2614 1099 2670 laudem
1127 2615 1224 2671 Dei
1263 2615 1379 2670 sine
1422 2629 1557 2670 sono
1587 2630 1681 2670 au-

89 2705 254 2760 diunt.
283 2705 402 2762 Has
424 2708 764 2778 omnipotens
785 2707 1045 2764 Dominus
1068 2724 1230 2765 aures
1256 2709 1534 2780 quaerebat
1557 2724 1682 2764 cum

88 2796 329 2853 diceret:
370 2820 391 2850 ε
421 2799 522 2866 Qui
572 2801 736 2856 habet
779 2815 940 2856 aures
985 2799 1237 2856 audiendi
1283 2801 1468 2858 audiat
1515 2800 1677 2874 (Luc.

89 2892 222 2960 vni).
245 2910 262 2943 ι
309 2891 428 2947 Cur
456 2892 719 2963 propheta
763 2894 1014 2963 quotiens
1041 2894 1110 2950 ad
1136 2893 1367 2950 Videnda
1409 2893 1677 2964 spiritalia

87 2981 326 3048 ducitur,
368 3004 388 3032 ‹
421 2982 563 3038 ﬁlius
610 2983 846 3040 hominis
874 3004 893 3036 ι
927 2983 1256 3055 appellatur,
1293 2983 1401 3038 nisi
1451 2983 1577 3054 quia
1625 2984 1680 3039 in

88 3071 186 3126 hac
218 3073 581 3146 appellatione
628 3084 930 3131 memorata
970 3089 1187 3145 semper
1207 3077 1350 3146 quod
1379 3082 1463 3130 est
1493 3090 1560 3130 ex
1592 3075 1680 3129 in-

1786 1959 2069 2030 quirebat,
2096 1967 2153 2014 et
2187 1958 2386 2012 meruit
2424 1958 2651 2013 audire:
2689 1977 2706 2009 (
2737 1958 2876 2014 Ecce
2924 1974 3087 2014 verus
3141 1957 3381 2014 Israelita

1788 2051 1978 2120 in’quo
2006 2049 2161 2106 dolus
2188 2065 2295 2104 non
2320 2057 2401 2103 est
2432 2049 2615 2122 (Joan.
2643 2049 2704 2120 ι).
2727 2069 2746 2102 ›
2776 2048 2938 2105 Videt
2978 2050 3176 2120 quippe
3202 2059 3263 2104 ut
3292 2065 3384 2104 an-

1787 2144 1997 2200 nuntiet
2024 2143 2114 2212 qui
2150 2143 2202 2198 in
2241 2157 2306 2197 co
2348 2143 2494 2214 quod
2535 2143 2649 2212 ipse
2678 2140 3002 2214 profecerit,
3045 2143 3208 2196 etiam
3237 2157 3381 2213 prae-

1787 2238 2014 2297 dicando
2051 2238 2116 2296 de
2143 2237 2388 2310 profecto
2430 2237 2664 2311 proximi
2696 2253 2883 2300 curam
2928 2237 3113 2315 gerit;
3151 2233 3300 2300 Unde
3328 2240 3382 2300 el

1785 2330 1910 2386 alibi
1940 2333 2200 2402 scriptum
2227 2341 2334 2398 est,
2363 2351 2380 2383 ι
2403 2331 2505 2398 Qui
2527 2334 2696 2400 audit,
2724 2336 2870 2391 dicat
2888 2337 3031 2392 veni.
3057 2354 3075 2388 ι
3106 2333 3202 2390 Cui
3231 2333 3378 2389 enim

1779 2423 1892 2494 jam
1921 2439 2034 2504 ‘vox
2085 2426 2332 2480 vocantis
2384 2424 2479 2481 Dei
2526 2426 2758 2482 ellicitur
2786 2428 2858 2484 'in
2920 2429 3102 2494 corde,
3153 2442 3379 2484 necesse

1783 2525 1900 2581 est,
1933 2524 1992 2570 ut
2034 2517 2282 2586 proximo
2323 2518 2726 2587 prmdicationis
2771 2519 3006 2576 ofﬁcium
3047 2527 3299 2590 erumpat
3321 2518 3379 2576 in

1784 2620 1937 2671 voce,
1985 2613 2040 2661 et
2077 2605 2279 2662 idcirco
2317 2606 2484 2663 alium
2509 2616 2685 2675 vocet,
2725 2611 2818 2681 qui
2853 2609 2966 2679 jam
3004 2610 3120 2680 ipse
3153 2616 3380 2668 vocatus

1783 2708 1885 2755 est.

1857 2810 1876 2844 ‹
1905 2792 1973 2849 Et
1999 2808 2126 2850 ecce
2155 2810 2347 2852 murus
2375 2795 2677 2852 forinsecus
2707 2795 2764 2850 in
2797 2794 3033 2852 circuitu
3058 2796 3250 2852 domus
3277 2811 3375 2854 un-

1786 2906 1805 2938 ι
1851 2886 2073 2958 dique.»
2129 2885 2332 2958 (Greg.)
2381 2887 2706 2957 Plerumque
2750 2887 2807 2942 in
2859 2902 3017 2943 sacro
3055 2887 3270 2958 eloquio
3303 2903 3373 2944 ex

1779 2980 2132 3050 protectionis
2169 2995 2282 3035 suae
2322 2981 2626 3054 munimine.
2663 2995 2851 3036 murus
2891 2979 2997 3034 dici
3041 2979 3156 3050 ipse
3198 2980 3377 3034 incar-

1781 3080 1941 3126 natus
1986 3072 2244 3127 Dominus
2293 3072 2457 3138 solet,
2496 3072 2638 3126 sicut
2681 3073 2748 3127 de
2797 3080 2983 3126 sancta
3012 3071 3251 3126 Ecclesia
3278 3088 3376 3142 per

85 3164 360 3231 ﬁrmitate,
393 3179 460 3220 ne
489 3165 782 3221 extollatur
809 3166 876 3222 de
903 3167 1378 3237 contemplationis
1408 3167 1679 3239 magnitu-
1709 3225 1750 3239 Α
1780 3161 2108 3234 Prophetam
2148 3163 2366 3218 dicitur.
2399 3162 2638 3218 Ponetur
2663 3163 2718 3218 in
2742 3177 2807 3217 ea
2833 3177 3022 3218 murus
3043 3169 3098 3218 et
3127 3171 3374 3216 antemu-

85 3253 224 3310 dine.
255 3255 322 3311 Et
350 3257 648 3311 notandum
671 3257 800 3327 quia
827 3257 1041 3314 diversa
1068 3264 1194 3313 sunt
1221 3265 1279 3312 ut
1307 3257 1521 3314 dicatur
1544 3273 1675 3314 ocu-
1705 3225 1750 3290 θ
1781 3258 1915 3312 rale.
1949 3258 2068 3328 Ipse
2113 3258 2258 3313 enim
2302 3258 2458 3314 nobis
2488 3273 2676 3313 murus
2720 3266 2834 3323 est,
2876 3257 2968 3328 qui
3012 3273 3112 3312 nos
3137 3258 3374 3328 undique

83 3342 146 3399 lis
179 3345 284 3402 tuis
310 3345 458 3412 vide,
487 3348 709 3403 auribus
739 3349 846 3403 tuis
880 3349 1039 3415 audi,
1068 3356 1123 3404 et
1155 3357 1338 3404 tamen
1388 3348 1529 3403 ﬁlius
1574 3351 1676 3404 lio-

85 3443 244 3497 minis
290 3451 535 3498 vocetur.
587 3442 695 3498 Sed
737 3459 834 3514 per
876 3445 994 3499 haec
1038 3445 1203 3499 verba
1251 3443 1382 3514 quid
1432 3443 1482 3500 ei
1531 3443 1676 3499 aliud

81 3543 269 3604 aperte
313 3533 514 3590 dicitur
551 3534 657 3590 nisi
701 3535 967 3606 spiritalia
998 3534 1316 3606 spiritaliter
1347 3535 1566 3605 aspice?
1608 3535 1678 3589 Et

82 3631 262 3679 tamen
331 3623 564 3679 carnalis
617 3625 948 3681 inﬁrmitatis
1003 3633 1110 3680 tua:
1160 3639 1481 3681 memorare.
1537 3623 1677 3681 Hinc

79 3723 160 3769 cst
188 3715 356 3770 etiam
392 3716 535 3787 quod
563 3716 904 3788 plerumque,
946 3717 1037 3788 qui
1083 3716 1207 3789 plus
1248 3717 1304 3772 in
1335 3715 1676 3788 contempla-

81 3806 225 3860 tione
267 3807 497 3878 rapitur,
527 3809 792 3878 contingit
826 3817 887 3864 ut
916 3809 1148 3879 amplius
1178 3809 1235 3864 in
1266 3810 1564 3866 tentatione
1595 3809 1674 3865 fa-

81 3897 300 3968 tigetur.
329 3900 482 3955 Sicut
509 3900 828 3970 quibusdam
859 3917 1001 3972 saepe
1040 3902 1356 3974 contingere
1385 3905 1524 3958 bene
1547 3919 1674 3975 pro-

77 3990 387 4048 ﬁcientibus
418 3992 574 4057 solet,
604 4007 836 4064 quorum
865 4001 1103 4050 mentem
1131 3995 1260 4049 dum
1289 4004 1383 4049 aut
1411 4011 1672 4066 compun-

73 4085 185 4137 ctio
216 4082 400 4149 allicit,
438 4093 532 4139 aut
559 4085 946 4154 contemplatio
985 4101 1150 4156 super
1184 4087 1538 4156 semetipsum
1583 4101 1674 4142 ra-

71 4174 183 4242 pit,
234 4175 426 4228 statim
464 4175 629 4229 etiam
678 4176 905 4230 tentatio
945 4177 1210 4245 sequitur,
1252 4190 1320 4230 ne
1363 4176 1428 4230 de
1474 4177 1560 4232 his
1603 4175 1673 4232 ad

68 4278 189 4334 quae
216 4278 274 4318 ra
287 4272 378 4334 pta
400 4273 482 4320 est
501 4265 812 4321 extollatur.
833 4264 968 4320 Nam
993 4267 1412 4336 compunctione
1428 4267 1514 4321 vel
1541 4256 1670 4323 con-

70 4358 427 4429 templatione
467 4360 536 4415 ad
577 4359 747 4416 Deum
793 4361 1040 4432 erigitur,
1086 4361 1181 4416 sed
1209 4362 1526 4417 tentationis
1560 4378 1670 4418 suae

70 4453 314 4523 pondere
376 4454 750 4510 reverberatus
811 4454 879 4509 ad
947 4455 1338 4525 semetipsum;
1401 4463 1668 4527 quatenus

70 4545 301 4601 tentatio
356 4554 631 4617 aggravet,
684 4561 753 4602 ne
792 4546 1176 4617 contemplatio
1222 4546 1402 4613 inﬂet,
1434 4556 1488 4602 et
1535 4549 1682 4616 item

71 4637 456 4708 contemplatio
491 4637 687 4704 elevet,
748 4653 816 4692 ne
863 4640 1090 4694 tentatio
1119 4639 1414 4711 demerget.
1458 4660 1476 4692 ι
1505 4640 1659 4709 Vide,

69 4730 268 4799 inquit,
295 4729 466 4786 oculis
505 4729 610 4784 tuis
664 4735 718 4784 et
749 4730 970 4786 auribus
1003 4731 1109 4786 tuis
1152 4732 1298 4786 audi.
1323 4751 1340 4782 ι
1392 4731 1662 4805 (Ηὶετοη.)

71 4821 186 4876 Non
229 4821 401 4878 oculis
429 4822 631 4887 carnis,
660 4822 754 4877 sed
784 4821 1006 4892 spiritus
1031 4841 1045 4876 :
1079 4837 1180 4877 nec
1208 4823 1432 4879 auribus
1467 4839 1660 4895 corpo-

70 4917 166 4982 ris,
195 4917 292 4972 sed
336 4916 548 4971 animze.
585 4935 603 4966 ι
629 4913 849 4982 Levate,
887 4916 1083 4985 inquit,
1123 4915 1309 4972 oculos
1346 4924 1582 4983 vestros,
1609 4927 1664 4974 et

68 5006 248 5062 videte
263 5007 390 5077 quia
412 5021 618 5062 messes
633 5005 745 5085 jam
767 5007 902 5062 alba:
917 5015 1044 5062 sunt
1065 5007 1135 5062 ad
1154 5007 1465 5064 metendum
1478 5008 1659 5080 (Joan.

70 5100 165 5169 iv).
189 5119 208 5150 ›
239 5099 349 5154 Et:
380 5118 399 5151 ‹
428 5099 530 5167 Qui
571 5100 733 5154 habet
769 5113 929 5154 aures
970 5100 1223 5155 audiendi
1272 5102 1458 5157 audiat
1500 5101 1655 5174 (Luc.

68 5190 209 5262 vni).
234 5211 254 5242 ι
287 5190 513 5247 Videtur
552 5199 734 5246 autem
760 5191 1045 5247 aedificatio
1067 5192 1326 5258 civitatis,
1359 5202 1413 5247 et
1443 5194 1660 5250 auditur

70 5283 204 5338 ordo
245 5282 721 5349 caeremoniarum,
769 5291 825 5338 et
858 5285 1200 5340 sacerdotum
1245 5292 1513 5355 terraeque
1562 5285 1660 5341 de-

72 5373 314 5445 scriptio.
349 5373 457 5431 Nec
477 5374 673 5430 sullicit
695 5376 1016 5446 praecepisse
1038 5384 1101 5430 ut
1119 5384 1372 5432 cerneret
1391 5375 1589 5443 oculis,
1603 5385 1662 5433 et

74 5465 286 5521 audiret
321 5467 582 5522 auribus:
615 5467 710 5522 sed
740 5465 956 5537 adjecit,
993 5484 1011 5517 ι
1041 5475 1096 5521 et
1119 5482 1260 5537 pone
1286 5482 1384 5523 cor
1406 5475 1578 5524 mum.
1601 5468 1657 5523 in

74 5559 284 5624 omnia;
315 5578 335 5612 ι
370 5559 504 5626 sive,
541 5577 560 5611 ι
588 5567 644 5615 et
677 5572 820 5630 pone
844 5558 915 5612 in
960 5559 1122 5612 corde
1171 5567 1264 5614 tuo
1315 5560 1501 5614 omnia
1537 5575 1659 5631 quae

72 5661 176 5722 ego
219 5651 501 5706 ostendam
533 5651 650 5706 tibi.
673 5671 694 5704 ι
738 5651 882 5708 Nihil
922 5652 1066 5708 enim
1117 5652 1338 5722 prodest
1374 5653 1578 5710 vidisse
1601 5661 1660 5710 et

79 5739 314 5806 audisse,
340 5743 443 5797 nisi
471 5757 537 5798 ea
564 5729 685 5814 quae
715 5744 914 5800 videris
946 5753 1002 5800 et
1033 5744 1271 5800 audieris
1293 5745 1350 5799 in
1385 5747 1659 5802 memoriae

81 5831 387 5899 reposueris
414 5832 684 5887 thesauro.
731 5833 956 5900 Quando
997 5843 1178 5890 autem
1216 5835 1386 5890 dicit:
1419 5853 1435 5885 ι
1461 5834 1674 5910 Omnia‘

1688 4590 1744 4653 D

1777 3351 2134 3406 custodiendo
2165 3352 2490 3408 circumdat.
2517 3351 2871 3406 Antemurale
2898 3359 3079 3405 autem
3109 3351 3248 3405 muri
3277 3365 3372 3405 no-

1776 3442 1876 3496 stri
1919 3443 2197 3514 propheta:
2239 3457 2432 3499 omnes
2475 3441 2714 3509 fuerunt,
2748 3442 2874 3512 quia
2916 3442 3232 3512 priusquam
3268 3441 3372 3496 Do-

1774 3539 1957 3596 minus
2003 3547 2294 3610 appareret
2338 3539 2395 3594 in
2431 3553 2618 3603 carne,
2649 3537 2717 3592 ad
2745 3535 3166 3593 construendam
3210 3533 3373 3589 ﬁdem

1775 3633 2151 3703 prophetando
2177 3633 2327 3688 missi
2351 3640 2496 3688 sunt.
2530 3631 2598 3686 Et
2624 3630 2924 3710 notandum
2955 3628 3097 3700 quod
3125 3628 3228 3682 iste
3258 3642 3374 3682 mu-

1775 3740 1869 3781 rus
1895 3725 2154 3795 Spiritalis
2193 3723 2409 3780 aedilicii
2436 3738 2557 3778 esse
2585 3721 2888 3778 forinsecus
2924 3720 3144 3776 dicitur.
3182 3717 3368 3774 Murus

1773 3815 1972 3886 quippe
1996 3815 2090 3886 qui
2135 3815 2203 3869 ad
2230 3815 2588 3870 munitionem
2629 3812 2843 3869 aediﬁcii
2871 3810 3224 3875 construitur,
3255 3823 3366 3864 non

1772 3906 2024 3972 interius,
2054 3906 2150 3960 sed
2197 3906 2440 3962 exterius
2479 3906 2606 3976 poni
2649 3903 2806 3960 solet.
2835 3903 2975 3972 Quid
3011 3918 3142 3974 ergo
3181 3917 3370 3958 neces-

1773 3999 1978 4054 sarium
2026 3997 2127 4052 fuit
2165 4005 2226 4052 ut
2262 3997 2532 4053 diceretur
2561 3996 2886 4066 forinsecus;
2931 3993 3060 4049 dum
3088 4008 3366 4063 nunquam

1774 4089 1902 4158 poni
1950 4104 2140 4144 murus
2184 4088 2510 4144 intrinsecus
2541 4086 2748 4151 soleat;
2795 4086 2887 4157 qui
2917 4100 3140 4142 necesse
3186 4093 3270 4140 est
3311 4093 3372 4140 ut

1773 4178 2014 4233 exterius
2042 4178 2250 4248 positus
2286 4194 2351 4233 ea
2395 4192 2516 4248 quae
2546 4178 2691 4232 intus
2717 4185 2845 4231 sunt
2872 4174 3146 4231 defendat.
3176 4174 3283 4231 Sed
3314 4177 3368 4232 in

1774 4270 1878 4326 hoc
1922 4270 2090 4325 verbo
2116 4270 2244 4340 quid
2275 4276 2458 4340 aperte
2493 4267 2599 4323 nisi
2629 4267 2908 4324 Dominica
2943 4267 3246 4323 incarnatio
3273 4267 3368 4323 de»

1769 4362 2142 4418 monstratur?
2168 4361 2352 4418 Murus
2389 4360 2535 4416 enim
2566 4359 2723 4416 nobis
2750 4360 2896 4418 intus
2923 4368 3006 4415 est
3031 4359 3209 4416 Deus:
3247 4374 3366 4414 mu-

1771 4470 1867 4510 rus
1896 4468 2027 4509 vero
2074 4453 2207 4508 foris
2233 4462 2336 4519 est,
2369 4453 2509 4509 Deus
2554 4451 2736 4508 homo.
2769 4451 2923 4509 Unde
2959 4452 3009 4506 ei
3055 4466 3154 4524 per
3179 4467 3370 4524 quem-

1770 4549 1893 4604 dam
1921 4547 2242 4618 pr0phetam
2270 4545 2504 4602 dicitur:
2543 4565 2561 4598 ‹
2587 4545 2762 4602 Existi
2801 4547 2856 4600 in
2905 4546 3134 4602 salutem
3179 4545 3364 4618 populi

1774 4642 1872 4707 tui,
1901 4651 1963 4696 ut
1988 4641 2165 4696 salvos
2196 4639 2366 4696 facias
2395 4640 2630 4696 christos
2659 4648 2780 4696 tuos
2816 4638 3047 4710 (llabac.
3077 4639 3224 4709 111).)
3254 4641 3360 4698 Iste

1772 4733 1972 4788 etenim
2016 4747 2204 4786 murus
2251 4731 2569 4786 incarnatus
2595 4729 2847 4786 videlicet
2878 4730 3138 4800 Dominus
3175 4746 3362 4788 murus

1772 4825 1928 4882 nobis
1957 4840 2064 4880 non
2111 4831 2284 4888 esset,
2315 4823 2419 4878 etsi
2467 4822 2768 4878 forinsecus
2815 4837 2924 4878 non
2969 4823 3190 4891 fuisset,
3232 4826 3360 4894 quia

1770 4919 1916 4974 intus
1939 4931 2039 4974 nos
2068 4931 2174 4978 non
2199 4922 2541 4986 protegeret;
2573 4915 2616 4969 si
2646 4914 2886 4972 exterius
2910 4929 3020 4972 non
3045 4923 3356 4990 appareret.

1767 5009 1876 5065 Sed
1903 5022 2079 5079 neque
2104 5008 2208 5062 hoc
2233 5005 2565 5077 negligenter
2593 5006 3028 5077 praetereundum
3071 5016 3172 5072 est,
3211 5005 3358 5078 quod

1764 5103 1908 5158 idem
1951 5116 2139 5156 murus
2166 5099 2374 5170 positus
2415 5099 2634 5163 dicitur,
2677 5099 2734 5154 in
2767 5098 2997 5154 circuitu
3029 5098 3229 5172 domus
3256 5114 3356 5152 un-

1766 5195 1948 5264 dique.
1989 5193 2194 5248 Domus
2219 5192 2422 5262 quippe
2450 5191 2546 5246 Dei
2598 5205 2706 5244 non
2739 5189 2912 5246 solum
2941 5188 3126 5264 sancti
3155 5187 3355 5260 angeli,

1765 5289 1832 5344 de
1857 5285 2054 5356 quibus
2095 5284 2380 5340 Psalmista
2410 5284 2523 5339 ait:
2561 5302 2578 5334 ‹
2609 5282 2858 5354 Domine,
2897 5280 3060 5336 dilexi
3105 5281 3354 5340 decorem

1763 5356 2104 5444 domusftute
2133 5374 2307 5447 (Psal.
2333 5382 2526 5446 xxv),i
2560 5383 2616 5430 et
2640 5374 2819 5428 locum
2853 5373 3188 5430 tabernaculi
3233 5372 3353 5444 glo-

1764 5469 1861 5526 riae
1895 5478 2021 5536 tuae,
2048 5468 2143 5528 sed
2181 5468 2346 5524 etiam
2374 5481 2472 5524 nos
2517 5480 2724 5531 sumus,
2769 5479 3004 5536 quorum
3033 5472 3242 5520 mentes
3273 5464 3356 5519 in-

1768 5559 2012 5616 habitare
2057 5559 2327 5628 dignatur.
2376 5557 2444 5612 Et
2487 5572 2679 5612 murus
2737 5555 2975 5628 undique
3020 5556 3075 5612 in
3125 5555 3354 5614 circuitu

1765 5653 1960 5710 domus
1981 5649 2248 5719 est,.quia
2291 5648 2600 5720 unigenitus
2640 5647 2820 5704 Patris
2860 5648 2954 5718 qui
2989 5663 3208 5704 sursum
3241 5654 3352 5714 est.

1763 5743 1996 5798 ﬁrmitas
2020 5741 2354 5813 angelorum,
2384 5741 2497 5812 ipse
2534 5741 2784 5798 deorsum
2821 5738 2997 5796 factus
3024 5746 3106 5794 est
3141 5737 3353 5796 redem-

1700 5825 1704 5829 ’
1761 5836 1883 5905 ptio,
1918 5833 2229 5890 hominum.‘
2258 5832 2370 5898 Illis
2389 5881 2392 5892 .
2410 5832 2670 5896 fortitudo
2693 5849 2764 5892 ne
2793 5833 3020 5899 cadant,
3049 5829 3206 5888 nobis
3238 5829 3342 5888 ads
