3908 6356
81 465 187 530 895

995 457 1355 524 comam.
1394 455 1462 518 IN
1499 450 1956 522 EZECHIELEM.
1990 497 2062 508 -
2099 463 2227 524 LIB.
2271 447 2414 526 inv.

3247 468 3352 527 894

78 592 267 640 natura
297 575 574 654 perﬁcitur
622 593 723 651 per
776 579 881 635 hoc
909 584 1054 650 quod
1107 576 1351 649 angelica
1403 583 1654 631 creatura
1679 570 1735 640 Α
1759 577 1923 635 etiam
1946 579 2232 636 exaltanda
2261 592 2367 650 est,
2409 582 2527 654 jam
2583 596 2729 640 nunc
2765 593 2930 658 caput
2977 599 3134 642 suum
3185 601 3349 658 super

81 693 292 735 sursum
321 681 426 742 est,
453 681 510 729 et
535 672 772 728 humana
803 671 982 727 adhuc
1036 671 1314 726 deorsum.
1343 669 1532 724 Potest
1563 683 1661 740 per

78 767 416 825 latitudinem
449 775 614 837 atque
667 763 1011 820 altitudinem
1039 763 1254 820 aediﬁcii
1286 771 1518 834 utraque
1544 759 1662 817 haec

78 862 339 921 creatoris
369 847 598 931 signari,
627 858 755 930 quia
783 858 885 916 ista
915 859 1093 914 adhuc
1131 859 1185 912 in
1217 857 1340 912 imis
1365 857 1543 928 deget,
1570 855 1662 910 illa

75 972 200 1010 vero
228 955 283 1009 in
307 951 631 1008 sublimibus
659 959 944 1022 permanet
971 968 985 1004 :
1016 951 1110 1007 sed
1135 967 1244 1005 uno
1275 947 1482 1003 calamo
1509 961 1660 1001 men-

76 1055 290 1104 suratur
347 1054 596 1114 utraque,
657 1043 783 1112 quia
815 1041 1089 1100 humilitas
1124 1031 1403 1096 hominum
1426 1039 1664 1110 quando-

73 1154 174 1206 que
227 1137 294 1190 ad
357 1133 724 1204 {equalitatem
775 1133 1091 1203 perducitur
1138 1131 1474 1202 angelorum,
1519 1128 1661 1183 unde

73 1231 332 1300 scriptum
357 1241 445 1286 est
478 1249 490 1284 :
523 1215 705 1300 Neque
737 1230 960 1293 nubent,
1010 1244 1185 1299 neque
1235 1229 1527 1293 nubentur,
1568 1225 1662 1282 sed

71 1329 229 1376 erunt
279 1322 423 1378 sicut
473 1321 646 1392 angeli
676 1321 729 1376 in
760 1321 918 1376 caelo.
950 1311 1021 1374 Et
1063 1320 1206 1375 unde
1260 1333 1358 1388 per
1395 1317 1662 1374 Joannem

70 1414 273 1469 dicitur
304 1430 320 1470 :
364 1434 384 1468 ‹
421 1414 672 1470 Mensura
713 1415 969 1480 hominis,
1017 1429 1136 1483 qum
1165 1422 1249 1470 est
1270 1413 1444 1483 angeli
1473 1411 1656 1484 (Apoc.

67 1507 203 1567 χχι).
238 1524 257 1555 ι
291 1504 430 1572 Quia
463 1520 632 1573 usque
661 1505 727 1558 ad
752 1505 896 1559 illam
924 1504 1266 1559 altitudinem
1292 1503 1476 1574 gloriae
1499 1498 1662 1556 homo

64 1593 406 1661 perducitur,
449 1595 500 1648 in
529 1611 634 1664 qua
664 1595 925 1650 solidatos
952 1610 1010 1652 se
1041 1595 1216 1665 angeli
1249 1594 1516 1649 ltetantur.
1551 1593 1656 1648 La-

65 1683 239 1738 titudo
267 1701 402 1754 ergo
429 1684 643 1740 tediﬁcii
676 1693 827 1739 tanta
870 1695 975 1750 est,
1019 1693 1221 1753 quanta
1271 1694 1326 1740 et
1375 1683 1642 1739 altitudo:

63 1775 194 1843 quia
227 1775 390 1831 electi
422 1777 622 1847 quique
653 1776 744 1847 qui
772 1776 932 1832 modo
959 1776 1012 1830 in
1041 1775 1164 1830 imis
1191 1774 1465 1840 laborant,
1489 1791 1659 1844 quan-

63 1870 244 1937 doque
297 1868 407 1924 illis
467 1868 798 1926 beatissimis
856 1867 1139 1938 spiritibus
1188 1883 1298 1922 non
1331 1875 1495 1923 erunt
1520 1867 1654 1922 ina:-

61 1961 274 2030 quales.

134 2071 154 2102 ι
191 2047 262 2105 Ει
287 2051 440 2108 venit
467 2051 532 2106 ad
572 2059 784 2122 portam
811 2066 931 2122 quae
957 2038 1287 2122 respiciebat
1309 2049 1454 2104 viam
1477 2049 1660 2106 orien-

63 2163 80 2196 ε
119 2145 310 2210 talem,
335 2154 396 2200 et
419 2145 663 2200 ascendit
690 2161 788 2214 per
815 2145 1016 2216 gradus
1050 2143 1190 2213 ejus,
1239 2154 1295 2199 et
1344 2161 1564 2199 mensus
1591 2144 1657 2198 li-

62 2254 79 2286 ι
117 2250 244 2288 men
275 2242 450 2305 porta:
478 2232 686 2289 calamo
733 2250 838 2289 uno
865 2224 1224 2300 latitudinem,
1256 2233 1308 2288 id
1357 2242 1462 2301 est,
1494 2233 1658 2290 limen

60 2345 78 2376 ‹
115 2342 289 2380 tlllllm
316 2313 531 2382 calamo
560 2343 669 2381 uno
695 2327 748 2382 in
775 2325 1078 2382 latitudine.
1119 2348 1136 2379 ι
1167 2325 1439 2401 (Πὶενοη.)
1470 2327 1655 2400 Ingre—

56 2416 202 2471 ditur
224 2417 394 2487 igitur
438 2417 540 2482 vir,
577 2417 662 2471 cui
692 2417 886 2473 Oriens
925 2435 1121 2473 nomen
1163 2428 1268 2483 est,
1317 2435 1416 2490 per
1442 2428 1655 2489 portam

55 2509 409 2575 orientalem,
438 2519 498 2565 ut
523 2503 790 2564 illuminet
818 2525 914 2565 cos
941 2526 1078 2584 quos
1110 2507 1164 2564 in
1203 2511 1376 2582 prima
1403 2502 1658 2565 vestibuli

55 2597 230 2655 fronte
262 2602 552 2672 repererit,
583 2595 699 2656 sive
729 2601 782 2654 in
813 2600 931 2671 ipso
958 2599 1182 2656 introitu
1207 2603 1394 2672 portrc,
1431 2618 1536 2658 non
1560 2617 1658 2674 per

55 2708 241 2760 unum,
271 2694 370 2749 sed
427 2709 524 2764 per
573 2688 755 2764 plures
808 2683 1027 2764 gradus,
1060 2709 1290 2763 quorum
1328 2693 1520 2749 siletur
1549 2712 1652 2750 nu-

53 2801 255 2854 merus,
282 2795 345 2842 ut
371 2782 712 2845 ascensionis
759 2796 1019 2858 appareat
1051 2784 1359 2856 ditlicultas,
1390 2797 1445 2843 et
1491 2796 1654 2858 quot-

53 2895 267 2952 cunque
295 2881 506 2953 gradus
559 2881 654 2936 tibi
713 2880 1083 2951 proposueris,
1121 2879 1266 2935 scias
1323 2875 1502 2934 minus
1531 2896 1652 2936 esse

53 2973 115 3029 ab
144 2991 213 3029 eo
263 2960 424 3045 quod
473 2960 694 3028 dubium
731 2972 1146 3046 derelinquitur.
1195 2969 1360 3046 Istam
1416 2971 1654 3027 arbitror

51 3075 283 3137 portam,
321 3067 393 3121 de
421 3081 526 3138 qua
553 3073 606 3120 ct
631 3063 685 3120 in
716 3059 949 3122 Psalmis
986 3067 1200 3123 canitur
1232 3085 1244 3119 :
1287 3085 1305 3116 ‹
1341 3045 1466 3120 llaec
1495 3063 1654 3136 porta‘

51 3159 306 3226 Domini;
337 3161 474 3232 justi
529 3159 807 3216 intrabunt
871 3176 968 3231 per
1017 3175 1135 3214 eam
1188 3150 1361 3232 (Psal.
1391 3157 1588 3229 cun).
1627 3176 1644 3208 ι

51 3249 256 3327 (Greg.)
291 3254 434 3324 Quis
463 3269 591 3308 vero
622 3253 759 3309 alius
789 3264 960 3324 portae
985 3249 1146 3324 hujus
1179 3238 1539 3324 appellatione
1573 3253 1649 3308 si-

1771 673 2024 731 inimicos
2061 690 2190 733 suos
2217 665 2518 734 exaltatum
2544 677 2744 748 gaudet
2770 679 2824 735 in
2847 679 3025 736 cmlis.
3055 679 3190 736 Cum
3227 695 3360 750 ergo

1767 765 1929 822 electi
1977 767 2178 838 quique
2222 757 2294 823 ad
2353 769 2522 826 vitam
2572 770 2913 840 perveniunt,
2945 771 3070 842 quia
3112 772 3357 828 membra

1767 850 1886 927 ejus
1911 873 2008 930 per
2034 875 2160 915 eum
2188 859 2396 916 intrant
2441 863 2510 917 ad
2541 878 2692 928 eum,
2723 861 2842 930 ipse
2872 875 2969 931 per
2995 877 3055 918 se
3091 861 3260 917 intrat
3288 861 3360 918 ad

1767 965 1826 1006 se
1853 969 1864 1004 :
1896 951 2010 1022 ipse
2034 952 2179 1006 enim
2213 952 2265 1006 in
2295 953 2412 1008 suis
2441 953 2701 1008 membris
2731 948 2836 1017 est,
2869 952 2963 1022 qui
3005 948 3172 1008 intrat
3196 971 3209 1007 :
3233 953 3348 1025 ipse

1768 1053 1927 1115 caput
1959 1044 2025 1114 ad
2055 1047 2200 1115 quod
2245 1046 2506 1102 intrantia
2554 1047 2793 1102 membra
2831 1045 3170 1118 perveniunt.
3195 1040 3354 1112 Quod

1765 1145 1821 1192 et
1844 1137 2092 1192 Ezechiel
2118 1139 2379 1208 propheta
2409 1137 2781 1206 multipliciter
2828 1123 3090 1201 insinuat,
3141 1135 3233 1204 qui
3263 1135 3347 1189 vi-

1764 1243 1885 1283 rum
1917 1228 2130 1284 venisse
2155 1229 2284 1283 dicit
2315 1229 2381 1281 ad
2411 1237 2646 1298 portam,
2683 1242 2804 1298 qua
2823 1227 3012 1282 eadem
3059 1235 3216 1298 porta
3257 1225 3347 1294 sit,

1764 1317 1999 1372 ostendit
2026 1318 2251 1372 dicens:
2288 1337 2306 1369 ι
2351 1317 2479 1384 Qua:
2516 1316 2843 1388 respiciebat
2872 1313 2939 1372 ad
2993 1316 3139 1370 viam
3167 1317 3350 1372 orien-

1764 1409 1944 1466 talem.
1986 1431 2004 1461 »
2032 1411 2100 1466 Ει
2121 1411 2235 1481 ipse
2261 1413 2406 1467 enim
2438 1412 2594 1470 nobis
2621 1419 2706 1468 est
2735 1411 2818 1466 via
2849 1411 2945 1481 qui
2973 1410 3109 1466 dixit
3135 1426 3150 1465 :
3183 1431 3201 1464 ε
3237 1409 3352 1482 Ego

1763 1518 1880 1558 sum
1920 1503 2006 1558 via
2050 1512 2106 1558 et
2133 1504 2338 1560 veritas
2388 1501 2572 1574 (Joan.
2618 1503 2754 1575 xiv).
2795 1522 2813 1554 ›
2839 1491 2959 1572 ipse
2979 1503 3145 1556 etiam
3174 1503 3356 1556 orien-

1763 1593 1887 1650 talis
1925 1595 2008 1647 via
2052 1595 2118 1649 de
2165 1609 2273 1663 quo
2323 1595 2587 1664 scriptum
2617 1602 2702 1648 est
2733 1601 2750 1648 :'
2785 1612 2803 1644 ‹
2843 1591 2983 1647 Ecce
3021 1592 3125 1656 vir,
3159 1589 3354 1647 Oriens

1761 1699 1959 1738 nomen
1989 1683 2107 1753 ejus
2140 1683 2328 1757 (Zaclt.
2361 1682 2458 1755 vi).
2495 1703 2513 1736 »
2548 1683 2714 1738 Porta
2762 1698 2893 1751 ergo
2939 1682 3082 1737 viam
3109 1681 3353 1737 orienta-

1760 1775 1866 1832 lem
1895 1779 2136 1848 respicit,
2162 1779 2287 1848 quia
2331 1777 2478 1832 illum
2523 1776 2723 1848 signat,
2776 1777 2868 1846 qui
2920 1764 3076 1830 nobis
3135 1773 3242 1829 iter
3282 1773 3350 1828 ad

1760 1878 1943 1924 ortum
1993 1867 2212 1924 luminis
2249 1867 2398 1924 fecit.
2464 1869 2650 1925 Potest
2690 1869 2857 1924 etiam
2902 1876 3074 1940 porta:
3130 1867 3352 1922 nomine

1685 1957 1735 2018 B
1763 1959 2133 2030 unusquisque
2169 1960 2494 2030 praedicator
2527 1960 2757 2031 intelligi
2791 1961 2916 2030 quia
2946 1959 3195 2030 quisquis
3249 1975 3352 2015 no-

1763 2049 1847 2103 bis
1869 2043 2091 2120 januam
2123 2050 2272 2122 regni
2297 2047 2535 2106 cet-[estis
2566 2068 2661 2108 ore
2694 2067 2794 2106 suo
2837 2051 3029 2122 aperit,
3062 2059 3219 2122 porta
3249 2059 3353 2106 est.

1765 2137 1919 2198 Unde
1947 2152 2002 2197 et
2031 2141 2314 2198 duodecim
2339 2151 2530 2213 portce,
2559 2141 2644 2198 vel
2693 2143 2746 2196 in
2773 2139 3002 2198 Joannis
3027 2141 3354 2215 Apocalypsi

1763 2233 1948 2306 (Apoc.
1979 2234 2118 2308 χιι),
2156 2235 2236 2290 vel
2270 2236 2325 2290 in
2347 2243 2594 2290 extrema
2626 2233 2787 2303 hujus
2815 2228 3096 2306 prophetre
3145 2235 3356 2289 visione

1761 2325 2163 2382 describuntur.
2196 2311 2380 2381 Potest
2408 2326 2572 2382 etiam
2602 2335 2774 2396 porta:
2805 2311 3024 2382 nomine
3056 2323 3354 2396 Scriptum

1761 2419 1934 2472 saeue
1984 2413 2214 2471 scientia
2265 2432 2374 2471 non
2425 2416 2874 2472 inconvenienter
2935 2413 3182 2487 intelligi,
3234 2429 3356 2488 qua:

1759 2501 1888 2566 dum
1921 2505 2078 2566 nobis
2105 2510 2434 2565 intellectum
2466 2511 2662 2581 aperit,
2689 2507 2932 2566 caelestis
2958 2510 3110 2582 regni
3127 2507 3356 2580 januam
3432 2563 3450 2575 ,

1757 2601 1966 2676 pandit.
1994 2602 2288 2660 Possumus
2313 2614 2488 2675 porta:
2536 2597 2758 2662 nomine
2789 2614 2845 2660 et
2875 2600 3035 2660 ﬁdem
3081 2605 3352 2676 accipere,

1758 2707 1920 2765 quam
1949 2693 2181 2766 primam
2211 2697 2602 2768 contingimus,
2628 2705 2689 2752 ut
2715 2699 2784 2753 ad
2819 2698 3086 2754 virtutum
3118 2697 3350 2754 aediﬁcia

1757 2785 2042 2845 intremus.
2101 2809 2120 2842 ι
2174 2789 2456 2857 Ascendit,
2512 2789 2710 2862 inquit,
2769 2805 2870 2862 per
2916 2791 3120 2862 gradus
3149 2790 3288 2862 ejus.
3328 2807 3348 2841 ι

1758 2877 1896 2947 Quid
1927 2880 2072 2935 enim
2100 2897 2198 2950 per
2225 2881 2423 2952 gradus
2453 2889 2580 2936 sunt
2612 2880 2774 2950 hujus
2800 2887 2994 2952 portae,
3027 2881 3132 2938 nisi
3155 2881 3350 2938 merita

1756 2970 2062 3026 virtutum?
2089 2969 2205 3028 Nisi
2253 2973 2403 3029 enim
2457 2973 2510 3028 in
2557 2974 2868 3046 cognitione
2900 2961 3218 3030 mediatoris
3253 2965 3354 3030 Dei

1755 3065 1809 3116 et
1841 3059 2075 3117 hominis
2100 3059 2301 3118 Christi
2333 3059 2486 3130 Jesu,
2518 3078 2616 3118 seu
2645 3063 2701 3118 in
2746 3064 2978 3120 scientia
3021 3064 3194 3122 divini
3234 3063 3350 3119 elo-

1757 3151 1889 3222 quii,
1921 3164 2014 3207 seu
2063 3153 2115 3208 in
2165 3153 2280 3225 ipsa
2314 3149 2418 3210 ﬁde
2446 3169 2609 3224 quam
2642 3154 2710 3210 de
2744 3153 2838 3209 illo
2866 3139 3197 3225 accepimus,
3230 3153 3352 3223 qui-

1757 3243 1983 3298 busdam
2011 3245 2269 3317 gradibus
2296 3242 2366 3299 ad
2387 3245 2580 3301 altiora
2609 3245 2948 3301 incrementa
2979 3245 3348 3316 pervenimus.

51 3357 270 3418 gnatm;
326 3347 435 3402 nisi
473 3349 589 3418 ipse
651 3347 912 3402 Dominus
965 3363 1028 3402 ac
1083 3345 1414 3418 Redemptor
1443 3357 1648 3410 noster,
1681 3323 1726 3385 C
1758 3332 1928 3390 Nemo
1951 3337 2095 3391 enim
2119 3345 2341 3407 repente
2369 3335 2429 3391 ﬁt
2455 3352 2720 3398 summus,
2751 3337 2846 3392 sed
2873 3336 2927 3391 in
2956 3325 3096 3391 bona
3125 3349 3354 3390 conver-

51 3439 138 3512 qui
170 3441 337 3495 nobis
359 3439 527 3508 janua
557 3437 732 3494 factus
754 3447 836 3494 est
875 3439 1022 3510 regni
1079 3439 1338 3504 corlestis,
1369 3438 1510 3493 sicut
1539 3437 1652 3509 ipse

51 3533 119 3589 ait
154 3553 166 3588 :
207 3554 228 3586 ‹
281 3527 459 3588 Nemo
495 3532 640 3587 venit
691 3534 759 3588 ad
790 3521 1006 3588 Patrem
1040 3529 1143 3588 nisi
1196 3550 1295 3605 per
1327 3549 1412 3588 me
1465 3526 1649 3604 (Joan.

51 3626 184 3694 inv).
229 3646 250 3678 ι
299 3619 414 3680 Sed
447 3642 570 3680 cum
593 3623 842 3681 eumdem
880 3621 1056 3678 virum
1110 3623 1266 3678 lineis
1316 3614 1562 3678 indutum
1593 3623 1654 3677 ﬁ-

51 3734 246 3790 guram
271 3714 490 3773 Domini
525 3726 711 3774 tenere
741 3715 1058 3780 dixerimus,
1117 3699 1466 3786 (“uerendum
1497 3713 1652 3768 nobis

51 3818 147 3874 :st,
181 3824 299 3878 qua
348 3808 560 3864 ratione
607 3809 895 3864 conveniat
940 3801 1000 3864 ut
1049 3807 1190 3864 idem
1245 3807 1506 3864 Dominus
1554 3823 1653 3878 per

51 3900 226 3955 uirum
271 3898 562 3970 designare
599 3901 778 3956 valeat
805 3909 859 3954 et
903 3909 1140 3970 portam.
1198 3899 1336 3954 Dum
1362 3901 1446 3953 vir
1467 3899 1654 3954 veniat

51 3993 104 4046 Id
135 4002 368 4064 portam
415 3993 802 4064 numquidnam
840 3993 954 4062 ipse
979 3991 1127 4048 venit
1151 3993 1218 4048 ad
1262 3993 1652 4062 semetipsum?

51 4103 101 4141 Ill
140 4086 220 4140 ita
271 4095 380 4149 est,
411 4087 535 4155 quia
565 4095 619 4142 et
665 4086 718 4141 in
751 4085 1046 4157 Evangelio
1095 4088 1208 4158 ipse
1263 4095 1515 4152 testatur,
1573 4088 1653 4142 (li-

51 4195 176 4233 :ens
209 4193 223 4229 :
269 4196 290 4228 ‹
330 4175 430 4242 Qui
464 4194 570 4232 non
599 4178 767 4232 intrat
817 4194 916 4247 per
938 4181 1137 4234 ostium
1176 4181 1228 4234 in
1276 4181 1415 4236 ovile
1445 4181 1648 4244 ovium,

51 4269 136 4323 sed
167 4267 430 4322 ascendit
483 4267 722 4334 aliunde,
780 4261 867 4324 ille
900 4268 988 4323 fur
1017 4279 1180 4324 estet
1211 4271 1354 4326 latro
1385 4289 1397 4325 :
1433 4271 1526 4342 qui
1563 4287 1654 4326 au-

53 4376 150 4414 em
190 4359 491 4428 intratpcr
511 4359 734 4424 ostium,
762 4370 948 4429 pastor
975 4369 1057 4416 est
1081 4362 1263 4415 ovium
1295 4359 1479 4433 (Joan.
1514 4363 1586 4433 Χ).
1627 4380 1642 4412 ι

51 4451 102 4506 Et
147 4449 327 4521 paulo
357 4460 478 4520 post
512 4451 710 4506 dicitur
740 4468 754 4506 :
794 4475 810 4506 ‹
844 4454 958 4524 Ego
1003 4471 1126 4510 sum
1157 4455 1376 4510 ostium.
1414 4474 1431 4506 ›
1473 4455 1649 4525 Atque

51 4552 251 4596 terum
292 4540 612 4612 subjungit:
654 4564 672 4594 ι
709 4525 820 4615 Ego
879 4562 1000 4600 sum
1049 4555 1236 4616 pastor
1299 4543 1492 4602 bonus.
1530 4566 1548 4597 ι
1589 4545 1646 4604 Si

51 4648 174 4704 ergo
227 4642 425 4703 pastor
465 4635 627 4688 intrat
674 4652 772 4706 per
809 4639 1031 4703 ostium,
1073 4649 1126 4692 et
1153 4641 1268 4708 ipse
1308 4648 1389 4694 est
1419 4641 1640 4706 ostium,

51 4741 155 4795 pse
214 4729 439 4794 pastor,
471 4725 583 4796 ipse
637 4728 824 4796 procul
864 4729 1029 4784 dubio
1083 4731 1250 4786 intrat
1311 4747 1408 4802 per
1447 4742 1646 4786 semet-

51 4831 246 4884 psum.
282 4811 424 4868 Ecce
445 4815 568 4870 dum
594 4815 844 4872 Ezechiel
871 4836 1088 4874 sensum
1119 4821 1355 4877 enodare
1375 4823 1642 4891 cupimus,

52 4911 92 4961 ie
130 4906 446 4976 Evangelia
471 4908 633 4962 etiam
667 4909 1020 4977 quaestionem
1075 4911 1338 4983 legamus.
1387 4912 1646 4982 Qu:eren-

51 5003 164 5056 lum
204 5001 402 5070 itaque
432 5001 589 5054 nobis
619 5011 703 5055 est
759 5001 995 5072 qualiter
1035 5015 1090 5059 et
1121 5005 1237 5076 ipse
1269 5007 1436 5062 intret
1467 5017 1521 5062 et
1549 5024 1647 5078 per

51 5094 408 5163 emetipsum
460 5092 644 5146 intret.
689 5081 948 5150 Doruinus
991 5096 1194 5151 ctenim
1225 5112 1287 5150 ac
1316 5095 1646 5168 Redemptor

51 5193 234 5240 noster
258 5199 387 5238 cum
425 5189 613 5237 sancta
663 5181 930 5250 Ecclesia,
970 5201 1133 5256 quam
1165 5185 1398 5242 redemit
1454 5202 1644 5242 secun-

52 5287 165 5336 ium
203 5295 464 5346 carnem,
498 5297 602 5334 una
629 5281 954 5345 substantia,
988 5279 1155 5337 Paulo
1206 5292 1522 5344 attestante.
1551 5287 1642 5356 qui

59 5374 106 5427 it
143 5391 159 5427 :
205 5391 227 5424 ‹
263 5371 550 5442 Adimplco
577 5388 639 5424 ea
670 5386 790 5440 qua:
835 5369 1030 5426 desunt
1076 5375 1387 5443 passionum
1440 5375 1646 5432 Christi

51 5483 80 5519 n
134 5479 324 5519 carne
371 5481 512 5526 mea,
567 5481 664 5536 pro
692 5481 919 5534 corpore
951 5475 1052 5530 est,
1093 5469 1237 5535 quod
1291 5476 1373 5524 est
1404 5469 1645 5526 Ecclesia

51 5557 286 5610 Coloss.
321 5553 380 5626 ι).
422 5577 440 5606 ›
475 5551 618 5612 illius
666 5558 861 5628 capitis
911 5573 1108 5630 corpus
1159 5555 1398 5615 Ecclesia
1447 5573 1549 5629 est,
1589 5573 1646 5619 et

51 5653 208 5722 iujus
271 5651 514 5722 corporis
561 5661 720 5722 caput
756 5652 1026 5707 Christus.
1061 5651 1137 5709 De
1193 5669 1300 5724 quo
1333 5671 1432 5710 suo
1461 5658 1647 5727 capite

51 5746 540 5816 exalta’viteorpus,
562 5744 614 5800 id
642 5756 726 5802 est
755 5759 939 5802 sancta
963 5745 1220 5814 Ecclesia,
1245 5763 1368 5804 cum
1392 5763 1488 5820 per
1501 5749 1622 5804 Psal

51 5840 278 5893 nistam
308 5837 473 5893 dicit:
535 5857 552 5890 ί
588 5835 740 5894 Nunc
763 5849 943 5895 autem
969 5839 1226 5896 cxaltavit
1268 5849 1429 5911 caput
1469 5857 1648 5898 meum

51 5947 219 6012 uper
249 5931 500 5991 inimicos
519 5943 692 5993 meos.
729 5954 749 5989 ι
788 5930 926 6004 Quia
971 5936 1116 5993 enim
1144 5929 1480 6012 quandoque
1528 5934 1650 6014 ipsa

1757 3428 1965 3482 Satione
1987 3441 2016 3480 a
2041 3427 2277 3483 minimis
2297 3425 2530 3500 quisque
2560 3427 2800 3494 inchoat,
2824 3435 2882 3482 ut
2908 3421 2982 3482 ad
2999 3441 3195 3498 magna
3219 3441 3346 3498 pcr-

1755 3518 1961 3573 t'eniat.
2000 3515 2108 3573 ﬂos
2165 3517 2423 3573 nimirum
2477 3518 2678 3592 gradus
2709 3517 2970 3574 Dominus
3022 3518 3124 3573 sub
3153 3516 3354 3572 messis

1756 3607 1976 3664 nomine
2031 3606 2310 3673 describit,
2345 3607 2531 3664 dicens
2579 3593 2779 3680 (Han.
2818 3606 2894 3676 Iv)
2925 3625 2938 3662 :
2978 3627 2996 3658 ι
3037 3603 3128 3662 Sic
3155 3613 3241 3661 est
3267 3622 3357 3662 re-

1755 3713 1920 3770 gnum
1952 3691 2049 3754 Dei
2077 3715 2090 3765 ;
2124 3697 2578 3770 quemadmodum
2615 3701 2662 3756 si
2683 3699 2855 3770 jactct
2892 3701 3056 3756 homo
3077 3711 3263 3754 semen
3292 3697 3351 3754 in

1757 3797 1925 3859 terra,
1953 3803 2010 3847 et
2039 3791 2294 3859 dormiat,
2319 3802 2375 3848 et
2399 3799 2660 3866 exsurgat
2679 3797 2839 3848 nocte
2859 3807 2924 3848 ac
2953 3791 3063 3858 die,
3089 3799 3144 3847 et
3166 3805 3351 3846 semen

1755 3885 2024 3956 germinet
2054 3888 2110 3938 et
2160 3892 2395 3948 crescat,
2425 3885 2552 3939 dum
2603 3889 2781 3940 nescit
2835 3883 2944 3939 ille.
3004 3881 3158 3940 Ultro
3201 3884 3349 3939 enim

1754 3978 1899 4031 terra
1950 3974 2268 4042 fructiﬁcat,
2304 3976 2542 4046 primum
2571 3969 2820 4040 herbam,
2861 3975 3055 4031 deinde
3111 3971 3345 4045 spicam.

1755 4067 1948 4122 deinde
1970 4065 2190 4138 plenum
2220 4066 2554 4122 frumentum
2587 4067 2642 4120 in‘
2669 4065 2838 4137 spica.
2874 4065 2942 4121 Et
2973 4071 3096 4122 cu'm
3130 4083 3187 4121 se
3228 4081 3354 4136 pro-

1753 4156 1972 4212 duxerit
1997 4155 2229 4224 fructus,
2259 4158 2444 4212 statim
2469 4159 2635 4212 mittit
2664 4157 2876 4223 falcem,
2909 4157 3166 4228 quoniam
3197 4157 3352 4214 adest

1757 4250 1970 4320 tempus
2000 4249 2214 4304 messis.
2249 4269 2267 4300 ι
2301 4247 2497 4304 Semen
2527 4250 2690 4304 homo
2715 4247 2889 4319 jactat
2937 4251 2992 4304 in
3026 4257 3194 4315 terra,
3224 4267 3348 4306 cum

1754 4340 1906 4395 cordi
1931 4350 2029 4396 Suo
2058 4341 2253 4396 bonam
2310 4341 2669 4396 intentionem
2721 4341 2931 4395 inserit.
2965 4339 3032 4396 Et
3061 4348 3349 4411 postquam

1754 4437 1937 4488 Senien
1969 4429 2280 4500 iactaverit,
2335 4433 2554 4501 dormit,
2616 4433 2745 4505 quia
2800 4435 2915 4506 jam
2969 4434 3023 4489 in
3085 4435 3180 4504 spe
3223 4435 3349 4490 boui

1753 4527 1936 4597 operis
1966 4525 2219 4596 quiescit.
2255 4523 2423 4582 Nocte
2466 4539 2592 4582 vero
2633 4528 2876 4598 exsurgit
2915 4543 2980 4583 ac
3007 4527 3094 4582 die
3145 4527 3235 4597 qui
3266 4528 3350 4582 in-

1753 4625 1836 4674 ter
1860 4619 2083 4673 adversa
2112 4625 2166 4673 et
2204 4628 2462 4688 prospera
2495 4617 2726 4688 proﬁcit.
2761 4618 2830 4672 Et
2867 4631 3052 4674 semen
3078 4618 3349 4690 germinat

1751 4713 2022 4767 etcrescit
2049 4717 2176 4768 dum
2227 4711 2316 4768 ille
2364 4713 2560 4778 nescit,
2611 4715 2736 4782 quia
2782 4719 2988 4768 etcum
3022 4713 3201 4770 adhuc
3230 4733 3344 4769 me-

1754 4805 1842 4858 tiri
1873 4805 2210 4858 incrcmenta
2264 4819 2359 4857 sua
2389 4818 2496 4858 non
2525 4803 2690 4868 valet,
2735 4805 2906 4860 Semel
2934 4807 3194 4876 cencepta
3238 4805 3348 4859 vir-

1753 4903 1842 4950 tus
1871 4895 1941 4949 ad
1967 4893 2272 4964 profectum
2302 4894 2538 4950 ducitur.
2578 4895 2644 4949 Et
2676 4895 2814 4950 ultra
2849 4897 2996 4952 terra
3027 4895 3346 4962 huctiﬁcat,

1753 4993 1882 5062 quia
1931 4991 2296 5061 praeveniente
2327 4998 2386 5044 se
2434 4989 2610 5060 gratia
2645 4993 2798 5045 i'ncns
2839 4991 3074 5045 hominis
3124 4999 3348 5062 sponta-

1754 5099 1856 5138 nea
1894 5083 1964 5137 ad
1990 5081 2225 5136 fructum
2272 5081 2396 5135 boni
2421 5082 2604 5152 operis
2634 5082 2823 5152 surgit.
2859 5075 2969 5136 Sed
2997 5083 3114 5136 hace
3151 5082 3342 5137 eadem

1750 5183 1892 5230 terra
1927 5174 2160 5244 primum
2217 5173 2466 5238 herbam,
2501 5173 2696 5228 deinde
2726 5174 2954 5242 spicam,
2987 5171 3181 5229 deinde
3232 5174 3346 5244 ple-

1749 5285 1877 5322 num
1904 5268 2234 5322 frumentum
2259 5266 2506 5336 producit
2542 5266 2594 5320 in
2626 5267 2852 5336 spicam.
2885 5257 3121 5320 llerbam
3145 5267 3347 5338 quippe

1747 5360 2046 5430 producere
2089 5366 2175 5413 est
2204 5357 2568 5412 lnchoationis
2611 5358 2764 5411 boum
2797 5356 2978 5410 adhuc
3021 5357 3312 5412 teneritudi

1750 5463 1874 5504 nem
1925 5449 2146 5504 habere.
2175 5446 2260 5501 Ad
2308 5447 2512 5517 spicam
2545 5459 2675 5500 vero
2708 5443 2876 5500 herba
2920 5447 3186 5516 pervenit,
3221 5463 3342 5501 cum

1757 5541 1929 5596 virtus
1964 5542 2145 5594 animo
2201 5545 2464 5607 concepta
2517 5537 2584 5592 ad
2633 5536 2933 5607 profectum
2989 5537 3114 5593 boni
3167 5537 3348 5608 operis

1749 5636 2035 5708 pertrahit.
2063 5631 2287 5688 Plenum
2331 5649 2460 5687 vero
2491 5631 2821 5687 frumentum
2854 5634 2907 5688 in
2940 5635 3088 5704 spica
3113 5630 3346 5688 fructiﬁ-

1753 5735 1862 5796 cat,
1891 5727 2242 5798 quandojam
2292 5727 2348 5781 in'
2375 5734 2583 5780 tantum
2637 5727 2808 5782 virtus
2851 5727 3084 5800 proﬁcit,
3133 5734 3194 5780 ut
3222 5739 3346 5781 esse

1754 5825 1962 5880 robusti
1995 5824 2048 5878 et
2077 5821 2303 5893 perfecti
2352 5821 2534 5891 cperis
2592 5823 2783 5894 possit.
2813 5817 2870 5877 Id
2901 5837 3023 5880 cum
3055 5837 3115 5879 se
3143 5821 3344 5894 produ-

1762 5915 1903 5975 xerit
1933 5910 2164 5987 fr’uctus,
2212 5914 2395 5974 statim
2425 5914 2591 5974 mittit
2637 5907 2858 5983 falcem,
2911 5915 3170 5989 quoniam
3193 5912 3349 5975 adest
