3908 6356
491 394 625 479 ess-
1144 409 1205 464 Β.
1246 384 1505 463 RABANl
1526 374 1762 463 mn
1796 380 2471 497 agamemnonius-rs
2511 379 2803 457 manu
2834 396 3017 497 rans
3048 398 3115 455 ιι.
3698 397 3781 454 m

491 502 708 599 teinpus'
762 520 958 599 inesSis
985 540 997 575 :
1020 494 1380 593 Omnipotens
1424 514 1591 574 enim
1622 492 2077 588 Deus'produc't'o
2182 514 2341 570 tiunt.
2373 511 2451 568 Ea
2478 524 2611 567 vero
2647 526 2770 582 qua:
2797 492 3168 566 eitrinsecus‘
3192 502 3350 576 ‘sunt,
3386 511 3506 567 hoc
3552 516 3641 564 est
3669 509 3777 565 inter

495 597 674 674 fructu
730 597 924 670 l'alcem
976 612 1167 679 mittit,
1219 610 1281 667 c’t‘
1314 616 1561 667 messem
1606 622 1763 665 suam
1808 602 2029 665 desecat
2058 600 2097 660 ἐ
2182 605 2483 661 thalamum
2523 610 2580 660 et
2631 603 2935 660 thalamum
2987 605 3232 675 quinque
3275 604 3512 669 cubita,
3576 602 3774 658 neum

493 685 623 783 quia
653 722 779 763 cum
826 696 1269 783 unumquemque
1298 700 1366 758 a‘d
1388 690 1855 773 “opera’perfecia‘
1880 690 2097 770 perdu'J
2182 694 2327 755 enim
2352 692 2557 755 ChriSti
2583 706 2796 754 secreta
2836 690 3234 770 penetrarunt,
3279 711 3395 754 nec
3445 700 3775 770 poeniuntu-

493 780 663 867 ierit,
688 796 805 868 ejus
831 788 1184 870 temporalem
1214 780 1385 851 vitam
1412 786 1512 866 per
1565 782 1833 850 emissam
1865 794 2084 848 senten-
2187 796 2311 845 cere
2360 806 2432 843 :1
2488 784 2798 844 Introduxit
2850 803 2939 844 me
2988 802 3087 844 rex
3125 788 3184 844 in
3245 786 3585 845 cubiculum
3653 804 3774 846 mu:

497 892 627 948 tiam
661 886 877 957 incidit,
927 886 990 945 ut
1022 878 1251 961 granum
1311 878 1470 944 suum
1498 885 1566 941 ad
1596 886 1842 942 ccelestia
1888 873 2095 965 horrea
2190 878 2461 954 (Cernat).
2498 899 2517 933 ι
2551 880 2619 935 Et
2648 879 2775 936 alibi
2810 899 2824 935 :
2863 899 2882 932 ι
2921 879 3115 937 Omnis
3147 879 3325 952 gloria
3372 878 3518 935 lilia:
3548 882 3685 951 regis
3711 883 3775 936 in-

492 983 775 1055 perducat.
812 972 909 1037 Vir
948 978 1079 1051 ergo
1104 980 1333 1036 vestitus
1378 977 1539 1034 lineis
1564 978 1715 1033 venit
1744 977 1812 1031 ad
1849 966 2086 1049 portam,

498 1074 627 1147 quia
677 1072 941 1129 Dominus
966 1087 1031 1127 ac
1059 1070 1393 1141 Redemptor
1444 1066 1632 1124 noster
1684 1067 1945 1123 membris
1973 1065 2089 1122 suis

496 1163 829 1221 intrantibus
847 1163 1164 1234 perducitur
1194 1162 1263 1217 ad
1300 1176 1382 1229 se,
1414 1168 1469 1217 et
1491 1161 1738 1217 ascendit
1762 1173 1858 1231 per
1888 1157 2090 1232 gradus

496 1257 636 1328 ejus,
671 1256 798 1329 quia
834 1254 989 1310 nobis
1015 1252 1427 1325 proﬁcientibus
1457 1265 1523 1309 eo
1551 1252 1708 1308 nobis
1737 1250 1970 1322 amplius
1994 1263 2091 1305 ex-

497 1346 720 1412 altatur,
747 1361 855 1416 quo
881 1344 1023 1401 altus
1047 1351 1103 1401 et
1128 1341 1700 1416 incomprehensibilis
1737 1357 1859 1398 esse
1886 1354 2091 1413 (εοεηο-

497 1440 687 1494 scitur.
716 1436 777 1493 ln
813 1438 1079 1493 virtutum
1106 1437 1311 1509 quippe
1354 1436 1664 1492 noStrarum
1689 1433 1945 1507 gradibus
1973 1432 2092 1504 ipse

496 1532 789 1588 ascendere
830 1531 1047 1597 dicitur,
1080 1529 1210 1602 quia
1258 1538 1411 1585 tanto
1449 1530 1564 1599 ipse
1603 1527 1890 1584 sublimior
1933 1524 2092 1582 nobis

496 1622 829 1689 Ostenditur,
865 1630 1069 1694 quanto
1106 1628 1295 1678 noster
1333 1622 1548 1677 animus
1592 1636 1624 1675 a
1673 1620 1838 1675 rebus
1886 1617 2092 1675 inﬁmis

496 1724 803 1786 separatur.
834 1715 904 1773 Et
944 1730 1170 1772 mensus
1219 1722 1321 1782 est,
1355 1716 1550 1787 inquit,
1601 1712 1766 1770 limen
1794 1718 1966 1785 porta:
1996 1730 2092 1771 ca—

500 1805 645 1861 lamo
670 1821 779 1862 uno
821 1808 876 1862 in
904 1807 1266 1872 latitudinem,
1294 1806 1349 1861 id
1377 1815 1483 1873 est,
1524 1806 1689 1862 limen
1736 1822 1904 1862 unum
1948 1806 2092 1863 cala-

2190 971 2460 1029 trinsecus
2488 968 2660 1045 (Psal.
2689 971 2871 1045 xuv);
2902 992 2921 1025 ι
2964 973 3061 1029 sed
3104 972 3400 1044 discipulis
3426 987 3568 1028 cum
3594 972 3773 1030 Christe

2192 1065 2339 1121 domi
2365 1064 2831 1121 commorantibus
2862 1065 3122 1138 mysteria
3144 1062 3266 1134 ejus
3306 1063 3525 1119 audire
3552 1079 3661 1119 non
3679 1080 3771 1135 με»

2191 1163 2339 1223 Sunt,
2366 1165 2421 1212 et
2448 1156 2597 1213 foras
2626 1157 2695 1213 ad
2727 1171 2787 1213 se
2836 1157 3063 1229 cupiunt
3107 1156 3206 1212 Dei
3230 1156 3399 1212 exire
3450 1171 3767 1212 ser-mm:

2190 1257 2246 1306 et
2271 1245 2562 1322 propterea
2604 1250 2845 1320 quinque
2872 1250 3182 1305 cubitorum
3216 1263 3503 1306 mensura
3527 1248 3588 1303 in
3612 1249 3685 1304 eis
3704 1266 3769 1319 po-

2191 1343 2361 1408 nitur,
2392 1351 2454 1396 ut
2482 1342 2552 1397 ad
2575 1357 2769 1398 sensus
2799 1341 3041 1411 quinque
3089 1340 3278 1396 omnia
3319 1338 3558 1395 referre
3585 1339 3750 1395 dum

2192 1443 2301 1490 tur.
2335 1431 2540 1507 (Greg.)
2571 1433 2992 1490 Consideremus
3020 1431 3154 1503 quid
3195 1432 3287 1502 agi
3343 1431 3410 1486 in
3451 1430 3767 1487 thalamo»

2191 1527 2321 1592 leat,
2352 1535 2515 1596 atque
2541 1525 2739 1581 exinde
2767 1526 2872 1581 hoc
2899 1523 3045 1596 quod
3095 1525 3153 1579 in
3178 1532 3381 1580 sancta
3411 1522 3660 1580 Ecclesia
3678 1527 3765 1595 gi-

2192 1626 2302 1685 tur,
2357 1618 2677 1689 colligamus
2722 1634 2734 1671 :
2793 1617 2851 1671 in
2899 1616 3142 1672 thalamo
3193 1617 3411 1686 quippe
3465 1631 3687 1685 sponsm
3726 1627 3763 1671 et

2193 1725 2393 1783 sponsa
2440 1709 2782 1766 ftederantur
2816 1709 3031 1780 sibique
3082 1708 3138 1762 in
3203 1721 3408 1763 amore
3458 1707 3761 1779 junguntur:

2192 1802 2323 1874 quid
2349 1815 2478 1874 ergo
2507 1808 2634 1858 sunt
2661 1800 2718 1856 in
2766 1808 2955 1855 sancta
3004 1798 3251 1855 Ecclesia
3280 1797 3557 1863 thalami,
3585 1801 3676 1853 nisi
3697 1813 3763 1853 ω-

499 1912 589 1952 ιιιο
621 1912 733 1953 uno
762 1896 820 1952 in
855 1897 1160 1954 latitudine.
1213 1895 1488 1970 (Ηίενοη.)
1544 1896 1868 1969 Mensusque
1894 1906 1981 1955 est
2026 1898 2091 1953 li-
2119 1872 2175 1938 Β
2196 1872 2318 1951 rum
2365 1872 2533 1952 corda
2575 1893 2632 1949 in
2658 1892 2856 1963 quibus
2910 1891 3093 1947 anima
3152 1905 3258 1961 per
3307 1905 3572 1947 amorem
3608 1908 3760 1963 ms.

497 2004 622 2045 men
648 1999 840 2063 portae,
892 2000 952 2045 ut
978 1992 1119 2047 scire
1155 1991 1433 2047 valeamus
1458 1992 1639 2048 omnia
1667 2001 1856 2064 patere
1885 1990 2091 2049 notitiae

2195 1987 2454 2044 invisibili
2509 1987 2779 2059 jungitur,
2810 1993 2872 2041 ut
2896 1985 3013 2056 ejus
3062 1985 3345 2041 desiderio
3398 1986 3615 2051 ardeat,
3651 1987 3759 2043 ιώ

501 2082 619 2138 Dei.
653 2084 806 2151 Quod
831 2082 997 2140 limen
1033 2086 1090 2140 in
1119 2084 1407 2142 latitudine
1452 2086 1613 2142 unius
1644 2087 1844 2143 dicitur
1869 2086 2089 2155 calami,

2200 2079 2302 2151 iam
2332 2095 2452 2151 qua:
2480 2078 2537 2134 in
2557 2078 2761 2134 mundo
2788 2085 2914 2133 sunt
2942 2077 3316 2146 concupiscat,
3349 2080 3643 2147 praesentis
3660 2081 3755 2134 rite

502 2175 647 2231 etde
676 2176 961 2233 altitudine
987 2177 1177 2234 siletur
1202 2194 1268 2235 ac
1295 2179 1636 2252 longitudine
1667 2199 1680 2235 :
1709 2180 1796 2235 via
1837 2180 1983 2237 enim
2008 2188 2094 2237 est

500 2273 556 2321 et
576 2267 832 2324 introitus
875 2283 978 2339 per
1004 2282 1151 2335 eam,
1194 2271 1263 2325 ad
1296 2271 1554 2327 interiora
1600 2273 1939 2344 pergendum
1986 2283 2089 2332 est.

502 2354 707 2430 (Greg.)
746 2358 856 2415 Cur
878 2368 1167 2432 postquam
1214 2362 1418 2418 dictum
1462 2372 1547 2419 est
1578 2363 1745 2420 limen
1773 2372 1943 2436 portae
1979 2373 2092 2421 sta-

504 2450 600 2504 tim
628 2450 978 2525 subjungitur
1025 2453 1192 2510 limen
1242 2470 1446 2521 unum,
1477 2455 1584 2511 nisi
1615 2454 1741 2525 quia
1784 2465 1974 2527 aperte
2011 2459 2096 2514 in—

500 2542 641 2608 nuit,
673 2545 817 2614 quod
838 2545 1019 2601 adhuc
1040 2545 1269 2602 inferius
1300 2547 1465 2602 limen
1488 2547 1635 2603 aliud
1663 2549 1913 2605 dicatur‘:
1937 2559 2097 2622 porta

505 2637 685 2686 autem
716 2649 747 2687 a
777 2633 964 2690 limine
994 2636 1189 2705 surgit,
1224 2644 1284 2691 ut
1311 2644 1469 2707 porta
1521 2638 1610 2694 sit.
1661 2637 1721 2695 Si
1748 2640 1915 2713 igitur
1937 2648 2095 2712 porta

504 2723 784 2788 Dominus,
814 2724 936 2793 quis
962 2723 1123 2794 hujus
1149 2733 1320 2796 portat
1372 2726 1537 2783 limen
1574 2737 1679 2796 est,
1711 2730 1816 2785 nisi
1845 2730 1923 2786 illi
1955 2732 2099 2788 anti-

506 2814 600 2884 qui
622 2822 829 2885 patres,
857 2830 927 2872 ex
957 2831 1193 2887 quorum
1242 2820 1499 2889 progenie
1526 2819 1792 2896 Dominus,
1820 2822 2097 2879 incarnari

505 2905 756 2977 dignatus
791 2915 893 2976 est,
932 2908 1074 2964 sicut
1105 2925 1204 2980 per
1250 2909 1479 2966 Paulum
1509 2912 1711 2969 dicitur
1742 2932 1755 2969 :
1792 2934 1810 2966 ‹
1850 2914 2096 2983 Quorum

502 3007 690 3069 patres
716 3016 784 3056 ex
821 3002 1018 3073 quibus
1073 3002 1321 3059 Christus
1367 3006 1665 3062 secundum
1706 3021 1955 3076 carnem,
2004 3008 2098 3079 qui

503 3100 587 3148 est
610 3108 772 3163 super
797 3094 980 3151 omnia
1037 3094 1180 3151 Deus
1235 3096 1557 3154 benedictus
1590 3098 1649 3153 in
1687 3099 1884 3155 saecula
1916 3098 2096 3173 (Rom.

2194 2172 2612 2245 longitudinem,
2670 2185 2888 2243 poenam
2941 2171 3186 2241 deputet,
3244 2170 3414 2225 exim
3468 2170 3684 2231 festinet
3719 2180 3764 2225 et

2196 2267 2401 2323 amoris
2426 2264 2677 2338 amplexu
2721 2264 2775 2319 in
2806 2262 3044 2320 caelestis
3092 2262 3282 2334 sponsi
3333 2262 3564 2318 visione
3598 2264 3761 2332 remi-

2197 2360 2392 2416 scere?
2424 2357 2576 2413 Mens
2602 2357 2789 2426 itaque
2834 2370 2955 2426 quae
2976 2355 3093 2425 jam
3124 2355 3251 2411 talis
3275 2363 3393 2421 est,
3431 2354 3632 2410 nullam
3653 2372 3764 2425 pm-

2196 2454 2366 2511 sentis
2425 2452 2550 2507 vitae
2610 2449 3035 2507 consolationem
3097 2449 3323 2520 recipit,
3391 2449 3499 2504 sed
3546 2450 3607 2503 ad
3650 2448 3767 2503 iam

2197 2560 2357 2616 quem
2408 2543 2582 2616 diligit
2606 2532 2932 2599 medullitus
2986 2542 3252 2612 suspirat,
3312 2539 3533 2605 fervet,
3570 2541 3767 2605 anhelat,

2198 2636 2471 2701 anxiatur,
2522 2633 2646 2689 vilis
2690 2633 2740 2690 ei
2775 2633 2839 2688 ﬁt
2888 2631 3008 2703 ipsa
3037 2631 3185 2688 salus
3239 2632 3334 2687 sui
3366 2633 3647 2703 corporis,
3677 2633 3769 2701 qua

2196 2727 2459 2785 transﬁxa
2483 2734 2570 2783 est
2605 2726 2831 2783 vulnere
2883 2726 3106 2782 amoris.
3163 2724 3328 2782 Unde
3366 2735 3434 2782 et
3465 2727 3523 2781 in
3572 2726 3772 2781 Cantids

2199 2820 2537 2877 canticorum
2587 2819 2765 2876 dicit:
2801 2838 2820 2871 ι
2858 2819 3153 2876 Vulnerata
3213 2818 3511 2875 charitate
3566 2835 3772 2891 egeam

2199 2911 2381 2987 (Cant.
2409 2912 2495 2987 ιι).
2527 2931 2546 2965 ι
2576 2911 2716 2968 Mala
2747 2912 2896 2968 salus
2923 2920 3011 2968 est
3043 2911 3225 2968 cordis
3263 2927 3396 2983 quae
3435 2912 3677 2967 dolorem
3698 2912 3775 2965 lm-

2194 3007 2283 3079 jus
2303 3005 2545 3063 vulneris
2583 3006 2780 3063 nescit.
2815 3006 2953 3063 Cum
2981 3019 3111 3063 vero
3156 3006 3435 3062 anhelare
3454 3006 3579 3076 jam
3619 3007 3669 3060 in
3695 3020 3784 3059 ete-

2199 3097 2337 3154 leste
2371 3098 2725 3165 desiderium,
2757 3107 2811 3153 et
2837 3097 3043 3153 sentire
3072 3097 3275 3153 vulnus
3319 3100 3531 3153 amoris
3557 3097 3787 3168 eruperit,

505 3183 605 3257 rx).
641 3203 660 3235 ι
695 3183 1005 3242 Notandum
1053 3202 1188 3243 vero
1237 3197 1324 3244 est
1373 3189 1427 3244 in
1483 3190 1589 3245 hac
1632 3189 1784 3246 Pauli
1821 3192 2093 3248 sententia
2133 3253 2166 3260 _
2199 3188 2260 3245 ﬁt
2290 3189 2470 3245 anima
2506 3189 2777 3245 salubrior
2800 3204 2869 3245 ex
2920 3188 3146 3244 vulnere
3169 3229 3186 3255 ,
3219 3204 3349 3260 qua:
3372 3188 3521 3259 prius
3563 3196 3791 3256 egrota-

507 3253 652 3348 quod
674 3277 748 3333 dii
770 3286 826 3333 et
850 3280 1036 3335 caeteri
1084 3281 1335 3337 homines
1362 3289 1491 3337 sunt
1528 3283 1727 3350 vocati,
1755 3284 1899 3340 sicut
1926 3283 2097 3358 Moysi
2123 3253 2168 3318 C
2200 3286 2294 3340 bat
2321 3300 2389 3341 ex
2426 3286 2599 3342 salute
2624 3300 2638 3340 :
2694 3286 2863 3341 menti
2893 3294 3074 3341 autem
3105 3301 3366 3355 sponsum
3390 3300 3549 3341 suum
3574 3282 3791 3339 fortiter

511 3369 710 3424 dicitur
737 3385 752 3424 :
780 3390 799 3423 ‹
824 3370 1032 3428 Ponam
1057 3381 1110 3428 te
1132 3374 1186 3428 in
1213 3375 1373 3430 deum
1393 3374 1669 3431 Pharaoni
1695 3376 1895 3450 (Exod.
1918 3379 2040 3453 vn).
2072 3400 2093 3434 ι

508 3461 577 3517 Εῑ
602 3478 700 3533 per
726 3462 1077 3521 Psalmistam
1110 3467 1241 3522 dicit
1290 3467 1595 3524 Dominus:
1628 3490 1646 3521 ί
1684 3470 1800 3542 Ego
1827 3472 1939 3528 dixi
1967 3492 1980 3527 ε
2014 3472 2100 3530 Dii

509 3554 641 3609 estis
671 3553 842 3627 (Psal.
872 3556 974 3631 ιι).
1014 3578 1033 3609 ι
1063 3558 1131 3613 Ει
1164 3575 1383 3617 rursum
1428 3581 1441 3616 :
1478 3581 1496 3614 α
1543 3562 1687 3619 Deus
1728 3566 1880 3621 stetit
1925 3566 1979 3643 in
2009 3582 2100 3641 sy-

511 3661 722 3722 nagoga
773 3664 958 3705 eorum
994 3649 1168 3723 (Psal.
1223 3653 1432 3725 LXXXI).
1472 3673 1493 3706 ι
1527 3653 1636 3711 Sed
1664 3655 1810 3712 aliud
1850 3666 1933 3715 est
1958 3675 2100 3715 nun-

509 3740 778 3809 cupative,
811 3740 955 3796 aliud
985 3743 1308 3799 naturaliter
1361 3745 1467 3800 dici
1495 3745 1686 3802 Deum.
1718 3747 1834 3804 Etsi
1887 3749 2101 3822 Moyses

517 3835 573 3888 in
601 3834 760 3890 deum
785 3834 1053 3891 Pharaoni
1076 3845 1160 3894 est
1183 3838 1410 3908 positus,
1443 3841 1537 3896 sed
1558 3840 1692 3896 deus
1722 3842 1865 3898 intra
1894 3845 2097 3915 omnia,

514 3940 624 3980 non
647 3926 780 3982 deus
805 3942 968 3998 super
994 3929 1177 3985 omnia
1204 3929 1421 3986 dicitur.
1471 3930 1572 3999 Qui
1603 3948 1734 3989 vero
1757 3942 1841 3988 est
1865 3933 1920 3989 in
1947 3943 2102 3992 utero

514 4017 740 4089 virginis
770 4019 1104 4089 incarnatus,
1133 4022 1277 4079 Deus
1302 4039 1467 4096 super
1505 4026 1688 4082 omnia
1711 4035 1959 4082 vocatur.
1987 4027 2102 4082 Ita-

515 4128 621 4184 que
649 4114 815 4169 limen
857 4123 1034 4188 porta:
1082 4125 1211 4173 sunt
1254 4126 1458 4187 patres,
1510 4118 1577 4173 de
1604 4119 1801 4189 quibus
1830 4119 1919 4175 ille
1942 4128 2104 4177 natus

513 4213 615 4271 est,
645 4207 737 4277 qui
766 4207 925 4263 nobis
957 4208 1160 4263 aditum
1186 4209 1341 4280 regni
1370 4208 1607 4265 caelestis
1642 4211 1876 4281 aperuit.
1908 4210 2101 4270 Limen

520 4308 701 4355 autem
731 4309 900 4371 portae
952 4316 1059 4356 uno
1089 4301 1299 4356 calamo
1325 4310 1694 4371 mensuratur,
1734 4303 1827 4375 qui
1868 4303 1971 4375 ipsi
1999 4320 2102 4361 an-

517 4391 655 4462 tiqui
702 4398 888 4462 patrcs
948 4392 1040 4461 qui
1076 4400 1370 4462 potuerunt
1409 4392 1830 4465 Redemptorem
1854 4404 2102 4452 nostrum

516 4470 570 4561 et
608 4482 1001 4552 prophetando,
1051 4492 1108 4539 et
1152 4484 1290 4541 bene
1343 4486 1579 4542 uniendo
1630 4488 1952 4557 praedicare,
1987 4496 2105 4545 tan-

513 4593 676 4648 quam
712 4592 823 4649 _sex
878 4579 1059 4636 cubita
1106 4580 1161 4636 in
1189 4580 1523 4652 perfectione
1547 4581 1729 4652 operis
1773 4590 1829 4636 et
1864 4581 2103 4653 palmum

515 4668 941 4741 in'inchoatione
966 4674 1440 4744 contemplationis
1470 4675 1801 4731 habuerunt.
1827 4672 1930 4741 Qui
1952 4673 2100 4729 enim

511 4777 701 4831 eorum
722 4762 891 4818 vitam
922 4763 975 4820 in
1004 4765 1209 4821 unitate
1254 4765 1400 4833 ﬁdei,
1427 4775 1485 4823 et
1512 4766 1750 4838 perlecta
1772 4767 2019 4839 operatio
2043 4775 2103 4824 et

512 4853 764 4911 inchoata
787 4857 1172 4937 contemplatio
1215 4857 1504 4916 sublimem
1535 4859 1801 4933 reddidit,
1823 4864 1878 4916 et
1915 4860 1971 4916 in
1992 4875 2107 4935 uno.

513 4941 723 5011 calamo
746 4957 1003 4999 mensura
1030 4941 1234 5000 liminis
1266 4942 1387 4999 fuit.
1418 4943 1716 5017 Sequitur:

560 5056 607 5109 ,λι
638 5036 707 5091 Et
736 5036 1028 5093 thalamum
1052 5052 1160 5093 uno
1195 5036 1406 5111 calamo
1432 5038 1487 5093 in
1513 5037 1756 5110 longum,
1785 5047 1841 5095 et
1874 5052 1983 5094 uno
2011 5024 2119 5094 ca-l

519 5147 539 5207 ς
573 5127 716 5207 lauto
747 5128 799 5182 in
829 5127 1016 5199 latum.
1057 5149 1075 5181 ι
1111 5128 1382 5201 (Ηὶενοη.)
1409 5129 1563 5193 Licet
1613 5130 1669 5186 in
1715 5132 1819 5187 hoc
1847 5131 1965 5188 loco
1994 5130 2097 5189 Se-

515 5222 792 5293 ptuaginta
815 5220 1083 5291 superﬂue
1128 5220 1541 5295 longitudinem,
1571 5223 1718 5281 velut
1746 5225 1800 5279 in
1826 5224 2100 5296 plerisque

518 5309 795 5381 codicibus
824 5315 1149 5382 continetur,
1181 5306 1522 5372 latitudinem
1564 5317 1824 5385 dixerint,
1852 5302 2101 5387 cubicula

516 5390 983 5464 autem'dixerint
1027 5408 1346 5477 thalamum.
1379 5410 1796 5493 elinguia-6:8“,
1846 5412 1938 5482 qui
1990 5418 2103 5468 tam

517 5496 571 5557 in
618 5495 836 5568 longum
886 5514 1047 5571 quam
1092 5499 1147 5555 in
1179 5499 1349 5563 altum
1401 5502 1643 5574 singulos
1690 5499 1930 5563 habeant
1949 5500 2095 5557 cala—

516 5605 655 5655 mos,
712 5591 807 5647 sed
855 5590 996 5647 inter
1041 5592 1340 5651 thalamum
1404 5603 1463 5661 et
1509 5593 1808 5651 thalamum
1860 5594 2099 5667 quinque

515 5682 624 5738 sint
652 5682 855 5761 cubita,
906 5692 967 5738 ut
1023 5683 1283 5740 interiora
1326 5682 1701 5743 cubiCulorum
1743 5684 1961 5761 plenam
1994 5686 2117 5743 ιω-.

513 5772 680 5847 beant
725 5764 1039 5853 mensuram
1085 5775 1298 5847 calami,
1332 5776 1388 5847 id
1435 5782 1670 5855 est,‘,s_e;
1700 5777 2007 5839 cubitorum
2040 5788 2099 5855 et

514 5858 887 5937 palmi‘nnius,
920 5860 1058 5923 “dum
1103 5881 1269 5936 opera
1317 5867 1527 5939 pariter
1573 5854 1823 5944 ratioque
1866 5854 2100 5931 conseri;

2201 3381 2425 3449 amanti,
2455 3380 2523 3437 de
2552 3396 2703 3436 mora
2731 3381 2858 3437 vitae
2885 3380 3173 3452 praesentis
3202 3397 3319 3435 una
3355 3379 3491 3435 solet
3509 3395 3639 3435 esse
3665 3394 3791 3434 cmi-

2202 3471 2397 3530 solatio
2421 3489 2437 3540 ;
2465 3472 2512 3528 si
2548 3487 2647 3544 per
2672 3474 2779 3530 hoc
2809 3475 2951 3544 quod
2974 3475 3091 3546 ipsa
3121 3474 3193 3529 ab
3220 3472 3346 3544 eius
3386 3475 3609 3530 visione
3631 3473 3788 3529 difer-

2203 3571 2314 3630 tur,
2345 3562 2578 3619 aliorum
2609 3564 2807 3619 animae
2835 3564 2954 3635 ejus
2973 3565 3144 3621 verbo
3170 3563 3511 3636 proﬁciant,
3542 3574 3601 3621 et
3622 3565 3683 3620 ad
3706 3578 3791 3619 crr-

2203 3655 2395 3713 lestem
2415 3672 2677 3728 sponsum
2706 3658 2911 3713 amoris
2934 3655 3151 3712 facibus
3194 3657 3599 3714 inardescant.
3624 3656 3788 3712 Pensr-

2201 3764 2326 3805 mus
2354 3762 2486 3822 rogo
2523 3748 2700 3821 qualis
2757 3748 3031 3819 thalamus
3063 3746 3218 3804 Pauli
3269 3762 3445 3805 mens
3505 3746 3791 3816 luennaci

2203 3838 2419 3895 dicebat
2450 3856 2462 3892 :
2509 3858 2528 3891 ‹
2555 3838 2693 3906 Quia
2723 3838 2857 3893 mihi
2908 3839 3094 3895 vivere
3142 3836 3406 3894 Christus
3440 3847 3561 3905 est,
3593 3848 3649 3895 et
3685 3838 3791 3893 nisi

2204 3930 2419 3985 lucrum
2477 3927 2699 4003 (Philip.
2732 3929 2794 4001 ι).
2832 3949 2850 3982 ι
2881 3927 3252 4001 Omnipotenti
3285 3931 3411 3989 Deo
3448 3933 3513 3988 in
3545 3943 3795 4004 quantos:

2205 4038 2391 4097 amore
2433 4022 2814 4095 conjunxerat,
2873 4023 2966 4094 qui
3010 4024 3113 4079 sibi
3145 4024 3323 4079 vitam
3365 4024 3664 4081 Christum
3692 4036 3789 4081 tan—

2208 4115 2503 4182 tummodo,
2534 4124 2588 4171 et
2607 4115 2747 4171 mori
2777 4115 2987 4173 lucrum
3031 4131 3153 4172 esse
3206 4117 3551 4188 deputabat.
3590 4120 3797 4175 Hincest

2206 4208 2349 4277 quod
2376 4207 2574 4263 iterum
2629 4207 2806 4263 dicit:
2839 4228 2857 4261 ‹
2891 4207 3232 4264 Desiderium
3298 4209 3535 4269 habens
3587 4210 3799 4267 dissolvi.

2206 4304 2411 4353 etcum
2460 4296 2679 4354 Christo
2747 4313 2867 4355 esse
2922 4298 3094 4356 multo
3142 4299 3325 4372 magis
3376 4303 3611 4359 melius.
3672 4302 3801 4357 Had

2206 4403 2334 4445 ecce
2382 4389 2475 4459 qui
2536 4389 2756 4446 dissolvi
2798 4389 3096 4459 desideras,
3168 4407 3279 4463 quo
3320 4408 3532 4450 amore
3570 4397 3803 4465 langues:

2205 4479 2475 4548 videmus,
2523 4482 2616 4552 qui
2668 4482 2888 4537 interim
2939 4480 3146 4538 diﬁ'erri
3205 4490 3259 4539 te
3294 4489 3601 4558 con5picis,
3630 4484 3803 4541 fulciri

2127 4585 2378 4685 1,ίιιιιειιιθ
2432 4571 2656 4630 ﬂoribus
2710 4590 2819 4628 non
2870 4573 3150 4644 requiris?
3177 4573 3400 4642 Quaerit
3446 4579 3665 4650 plane;
3698 4594 3802 4632 nam

2210 4674 2486 4747 sequitur:
2519 4695 2537 4726 ι
2572 4672 2902 4733 Permanere
2922 4685 3106 4733 autem
3130 4677 3185 4731 in
3214 4668 3395 4734 carne
3414 4682 3805 4738 necessariam.

2206 4773 2429 4836 propter
2463 4781 2583 4833 vos,
2634 4786 2652 4818 ι
2707 4775 2762 4821 et
2820 4766 3234 4838 proﬁcientibus
3289 4769 3611 4842 discipulis
3660 4772 3805 4827 dicit:

2213 4875 2231 4908 ‹
2267 4855 2398 4923 Quae
2427 4864 2511 4913 est
2537 4856 2682 4912 enim
2740 4864 2928 4915 nostra
2956 4848 3101 4929 spes,
3144 4866 3241 4915 aut
3266 4860 3590 4930 gaudium,
3622 4871 3717 4921 aut
3742 4875 3805 4914 cc-

2206 4963 2340 5004 rona
2363 4947 2569 5020 gloriae,
2595 4962 2777 5004 nonne
2801 4964 2900 5006 vos
2927 4957 3057 5006 ante
3104 4949 3405 5005 Dominum
3455 4964 3731 5011 nostrum
3752 4950 3807 5005 le

2207 5039 2370 5094 sum?
2406 5058 2423 5090 ι
2460 5037 2599 5095 Hinc
2642 5047 2727 5095 est
2772 5039 2920 5117 quod
2973 5039 3120 5095 idem
3148 5038 3435 5096 thalamus
3467 5059 3602 5102 uno
3629 5044 3809 5101 calam

2206 5116 2262 5184 in
2291 5128 2533 5201 longum,
2562 5136 2617 5185 et
2641 5145 2751 5185 uno
2795 5131 3005 5187 calamo
3033 5133 3089 5189 in
3121 5133 3292 5191 latum
3322 5137 3559 5195 dicitur
3592 5155 3810 5198 mem-s-

2205 5220 2508 5294 Longitudo
2531 5224 2730 5296 quippe
2759 5225 2827 5281 ad
2853 5225 3318 5297 longanimitatem
3373 5233 3815 5305 exspectanda

2204 5319 2460 5390 pertinet,
2516 5326 2571 5374 et
2626 5319 2857 5378 latitudo
2913 5322 2983 5377 ad
3028 5322 3451 5395 amplitudinem
3512 5329 3819 5386 clam-itas.

2207 5409 2441 5467 Tantum
2467 5426 2598 5484 ergo
2627 5413 3001 5486 unusquisque
3030 5414 3301 5472 thalamus
3342 5418 3540 5483 habet
3568 5423 3639 5477 in
3669 5419 3821 5490 lngi-

2207 5506 2416 5574 tudine,
2444 5516 2706 5578 quantum
2737 5510 2874 5565 etin
2920 5509 3206 5565 latitudine
3253 5506 3471 5589 habere
3530 5516 3825 5588 pomerii:

2203 5598 2329 5671 quia
2360 5610 2514 5665 mens
2547 5599 2756 5655 caelesti
2780 5599 3050 5657 desiderio
3080 5616 3343 5657 succensa
3365 5614 3620 5673 quanto
3649 5617 3828 5662 amor:

2204 5689 2459 5744 habuerit
2488 5691 2554 5745 ad
2585 5690 2950 5762 colligendum
2980 5693 3311 5763 proximum,
3345 5701 3602 5763 tantam
3633 5710 3700 5755 et
3726 5701 3831 5752 loe-

2205 5780 2577 5863 ganimitatem
2604 5783 2827 5853 exhibet
2855 5783 2924 5839 ad
2955 5786 3376 5863 exspectandum
3402 5786 3641 5859 Deum,
3676 5800 3739 5845 et
3756 5804 3836 5861 pa-

2204 5874 2401 5932 tienter
2419 5882 2602 5947 portat
2626 5890 2811 5932 moras
2839 5876 3217 5957 longitudinis,
3246 5878 3339 5949 qui
3389 5894 3453 5938 se
3506 5881 3589 5937 in
3652 5880 3825 5953 prole
