  <div class='ocr_page' id='page_1' title='image "/cluster/home/n/w/nwhite01/storage/ocr_20150623/110/hvd.32044015466865/480.png"; bbox 0 0 3908 6356; ppageno 0'>
   <div class='ocr_carea' id='block_1_1' title="bbox 84 374 2387 452">
    <p class='ocr_par' dir='ltr' id='par_1_1' title="bbox 84 374 2387 452">
     <span class='ocr_line' id='line_1_1' title="bbox 84 374 2387 452; baseline -0.004 -9"><span class='ocrx_word' id='word_1_1' title='bbox 84 389 146 445; x_wconf 80' lang='lat'><strong>97</strong></span> <span class='ocrx_word' id='word_1_2' title='bbox 749 445 754 452; x_wconf 49' lang='grc'><em>,</em></span> <span class='ocrx_word' id='word_1_3' title='bbox 895 427 930 448; x_wconf 56' lang='grc'><strong>.,</strong></span> <span class='ocrx_word' id='word_1_4' title='bbox 965 379 1319 446; x_wconf 66' lang='lat' dir='ltr'><strong>COMMENT.</strong></span> <span class='ocrx_word' id='word_1_5' title='bbox 1359 379 1427 436; x_wconf 83' lang='lat' dir='ltr'><strong>IN</strong></span> <span class='ocrx_word' id='word_1_6' title='bbox 1462 374 1932 450; x_wconf 70' lang='lat' dir='ltr'><strong>EZECHIELEM.</strong></span> <span class='ocrx_word' id='word_1_7' title='bbox 1965 405 2037 430; x_wconf 82' lang='lat'><strong>-.-—</strong></span> <span class='ocrx_word' id='word_1_8' title='bbox 2073 375 2220 436; x_wconf 88' lang='lat' dir='ltr'><strong>LlB..</strong></span> <span class='ocrx_word' id='word_1_9' title='bbox 2245 374 2387 442; x_wconf 77' lang='lat' dir='ltr'><strong>XIV.</strong></span> 
     </span>
    </p>
   </div>
   <div class='ocr_carea' id='block_1_2' title="bbox 2477 344 3312 450">
    <p class='ocr_par' dir='ltr' id='par_1_2' title="bbox 2477 344 3312 450">
     <span class='ocr_line' id='line_1_2' title="bbox 2477 344 3312 450; baseline -0.006 -4"><span class='ocrx_word' id='word_1_10' title='bbox 3201 375 3312 441; x_wconf 75' lang='lat' dir='ltr'><strong>eae</strong></span> 
     </span>
    </p>
   </div>
   <div class='ocr_carea' id='block_1_3' title="bbox 85 489 3311 572">
    <p class='ocr_par' dir='ltr' id='par_1_3' title="bbox 85 489 3311 572">
     <span class='ocr_line' id='line_1_3' title="bbox 85 489 3311 572; baseline -0.002 -16"><span class='ocrx_word' id='word_1_11' title='bbox 85 511 194 556; x_wconf 89' lang='lat' dir='ltr'><strong>tum</strong></span> <span class='ocrx_word' id='word_1_12' title='bbox 239 497 465 572; x_wconf 75' lang='lat' dir='ltr'><strong>proximi</strong></span> <span class='ocrx_word' id='word_1_13' title='bbox 497 495 686 552; x_wconf 84' lang='lat' dir='ltr'><strong>dilatat</strong></span> <span class='ocrx_word' id='word_1_14' title='bbox 709 495 1060 566; x_wconf 88' lang='lat' dir='ltr'><strong>amplitudine</strong></span> <span class='ocrx_word' id='word_1_15' title='bbox 1094 494 1398 550; x_wconf 89' lang='lat' dir='ltr'><strong>charitatis.</strong></span> <span class='ocrx_word' id='word_1_16' title='bbox 1441 492 1627 548; x_wconf 85' lang='lat' dir='ltr'><strong>Potest</strong></span> <span class='ocrx_word' id='word_1_17' title='bbox 1651 491 1708 568; x_wconf 65' lang='grc' dir='ltr'><strong>Α,</strong></span> <span class='ocrx_word' id='word_1_18' title='bbox 1729 489 2110 550; x_wconf 81' lang='lat' dir='ltr'><strong>miraculorum</strong></span> <span class='ocrx_word' id='word_1_19' title='bbox 2159 492 2410 564; x_wconf 75' lang='lat' dir='ltr'><strong>gratiam,</strong></span> <span class='ocrx_word' id='word_1_20' title='bbox 2470 491 2518 550; x_wconf 93' lang='lat' dir='ltr'><strong>si</strong></span> <span class='ocrx_word' id='word_1_21' title='bbox 2571 490 2642 546; x_wconf 89' lang='lat' dir='ltr'><strong>ad</strong></span> <span class='ocrx_word' id='word_1_22' title='bbox 2697 499 3070 566; x_wconf 83' lang='lat' dir='ltr'><strong>contemptum</strong></span> <span class='ocrx_word' id='word_1_23' title='bbox 3119 491 3311 551; x_wconf 80' lang='lat' dir='ltr'><strong>mtutdi</strong></span> 
     </span>
    </p>
   </div>
   <div class='ocr_carea' id='block_1_4' title="bbox 83 588 1626 665">
    <p class='ocr_par' dir='ltr' id='par_1_4' title="bbox 83 588 1626 665">
     <span class='ocr_line' id='line_1_4' title="bbox 83 588 1626 665; baseline -0.006 -15"><span class='ocrx_word' id='word_1_24' title='bbox 83 596 207 650; x_wconf 88' lang='lat' dir='ltr'><strong>tiam</strong></span> <span class='ocrx_word' id='word_1_25' title='bbox 235 596 349 664; x_wconf 91' lang='lat' dir='ltr'><strong>ipsa</strong></span> <span class='ocrx_word' id='word_1_26' title='bbox 375 591 648 665; x_wconf 74' lang='lat' dir='ltr'><strong>longitudo</strong></span> <span class='ocrx_word' id='word_1_27' title='bbox 674 589 1132 662; x_wconf 87' lang='lat' dir='ltr'><strong>longanimitatem</strong></span> <span class='ocrx_word' id='word_1_28' title='bbox 1161 588 1457 660; x_wconf 82' lang='lat' dir='ltr'><strong>patientiae,</strong></span> <span class='ocrx_word' id='word_1_29' title='bbox 1504 602 1626 657; x_wconf 63' lang='lat' dir='ltr'><strong>qum</strong></span> 
     </span>
    </p>
   </div>
   <div class='ocr_carea' id='block_1_5' title="bbox 82 679 1624 753">
    <p class='ocr_par' dir='ltr' id='par_1_5' title="bbox 82 679 1624 753">
     <span class='ocr_line' id='line_1_5' title="bbox 82 679 1624 753; baseline -0.004 -15"><span class='ocrx_word' id='word_1_30' title='bbox 82 685 326 740; x_wconf 76' lang='lat' dir='ltr'><strong>xltibetur</strong></span> <span class='ocrx_word' id='word_1_31' title='bbox 349 682 620 752; x_wconf 89' lang='lat' dir='ltr'><strong>proximo,</strong></span> <span class='ocrx_word' id='word_1_32' title='bbox 640 682 942 753; x_wconf 90' lang='lat' dir='ltr'><strong>designare.</strong></span> <span class='ocrx_word' id='word_1_33' title='bbox 987 680 1056 735; x_wconf 88' lang='lat' dir='ltr'><strong>Et</strong></span> <span class='ocrx_word' id='word_1_34' title='bbox 1086 680 1213 751; x_wconf 86' lang='lat' dir='ltr'><strong>quia</strong></span> <span class='ocrx_word' id='word_1_35' title='bbox 1239 679 1467 736; x_wconf 91' lang='lat' dir='ltr'><strong>latitudo</strong></span> <span class='ocrx_word' id='word_1_36' title='bbox 1491 679 1624 734; x_wconf 86' lang='lat' dir='ltr'><strong>cha-</strong></span> 
     </span>
    </p>
   </div>
   <div class='ocr_carea' id='block_1_6' title="bbox 81 767 1627 844">
    <p class='ocr_par' dir='ltr' id='par_1_6' title="bbox 81 767 1627 844">
     <span class='ocr_line' id='line_1_6' title="bbox 81 767 1627 844; baseline -0.003 -17"><span class='ocrx_word' id='word_1_37' title='bbox 81 775 259 829; x_wconf 84' lang='lat' dir='ltr'><strong>itatem</strong></span> <span class='ocrx_word' id='word_1_38' title='bbox 289 773 489 844; x_wconf 81' lang='lat' dir='ltr'><strong>signat,</strong></span> <span class='ocrx_word' id='word_1_39' title='bbox 522 787 642 843; x_wconf 73' lang='lat' dir='ltr'><strong>qute</strong></span> <span class='ocrx_word' id='word_1_40' title='bbox 671 771 850 827; x_wconf 91' lang='lat' dir='ltr'><strong>sinum</strong></span> <span class='ocrx_word' id='word_1_41' title='bbox 890 770 1088 826; x_wconf 90' lang='lat' dir='ltr'><strong>mentis</strong></span> <span class='ocrx_word' id='word_1_42' title='bbox 1111 770 1308 840; x_wconf 92' lang='lat' dir='ltr'><strong>aperit,</strong></span> <span class='ocrx_word' id='word_1_43' title='bbox 1337 777 1395 824; x_wconf 91' lang='lat' dir='ltr'><strong>et</strong></span> <span class='ocrx_word' id='word_1_44' title='bbox 1422 767 1627 824; x_wconf 86' lang='lat' dir='ltr'><strong>amicos</strong></span> 
     </span>
    </p>
   </div>
   <div class='ocr_carea' id='block_1_7' title="bbox 81 863 1627 935">
    <p class='ocr_par' dir='ltr' id='par_1_7' title="bbox 81 863 1627 935">
     <span class='ocr_line' id='line_1_7' title="bbox 81 863 1627 935; baseline -0.001 -16"><span class='ocrx_word' id='word_1_45' title='bbox 81 865 201 920; x_wconf 78' lang='lat' dir='ltr'><strong>imul</strong></span> <span class='ocrx_word' id='word_1_46' title='bbox 237 873 398 935; x_wconf 89' lang='lat' dir='ltr'><strong>atque</strong></span> <span class='ocrx_word' id='word_1_47' title='bbox 438 865 685 921; x_wconf 90' lang='lat' dir='ltr'><strong>inimicos</strong></span> <span class='ocrx_word' id='word_1_48' title='bbox 722 863 780 919; x_wconf 90' lang='lat' dir='ltr'><strong>in</strong></span> <span class='ocrx_word' id='word_1_49' title='bbox 813 877 1054 920; x_wconf 89' lang='lat' dir='ltr'><strong>amorem</strong></span> <span class='ocrx_word' id='word_1_50' title='bbox 1088 863 1301 933; x_wconf 86' lang='lat' dir='ltr'><strong>recipit,</strong></span> <span class='ocrx_word' id='word_1_51' title='bbox 1347 870 1500 918; x_wconf 91' lang='lat' dir='ltr'><strong>tanta</strong></span> <span class='ocrx_word' id='word_1_52' title='bbox 1543 869 1627 918; x_wconf 91' lang='lat' dir='ltr'><strong>est</strong></span> 
     </span>
    </p>
   </div>
   <div class='ocr_carea' id='block_1_8' title="bbox 81 953 1625 1028">
    <p class='ocr_par' dir='ltr' id='par_1_8' title="bbox 81 953 1625 1028">
     <span class='ocr_line' id='line_1_8' title="bbox 81 953 1625 1028; baseline -0.004 -15"><span class='ocrx_word' id='word_1_53' title='bbox 81 957 316 1028; x_wconf 67' lang='lat' dir='ltr'><strong>ingitudo</strong></span> <span class='ocrx_word' id='word_1_54' title='bbox 352 955 593 1022; x_wconf 85' lang='lat' dir='ltr'><strong>thalami,</strong></span> <span class='ocrx_word' id='word_1_55' title='bbox 635 962 838 1025; x_wconf 91' lang='lat' dir='ltr'><strong>quanta</strong></span> <span class='ocrx_word' id='word_1_56' title='bbox 888 954 1158 1010; x_wconf 89' lang='lat' dir='ltr'><strong>latitudo:</strong></span> <span class='ocrx_word' id='word_1_57' title='bbox 1188 953 1316 1024; x_wconf 89' lang='lat' dir='ltr'><strong>quia</strong></span> <span class='ocrx_word' id='word_1_58' title='bbox 1365 961 1625 1023; x_wconf 86' lang='lat' dir='ltr'><strong>quantum</strong></span> 
     </span>
    </p>
   </div>
   <div class='ocr_carea' id='block_1_9' title="bbox 80 1044 1624 1116">
    <p class='ocr_par' dir='ltr' id='par_1_9' title="bbox 80 1044 1624 1116">
     <span class='ocr_line' id='line_1_9' title="bbox 80 1044 1624 1116; baseline -0.005 -12"><span class='ocrx_word' id='word_1_59' title='bbox 80 1059 150 1105; x_wconf 71' lang='lat' dir='ltr'><strong>ita</strong></span> <span class='ocrx_word' id='word_1_60' title='bbox 194 1061 347 1102; x_wconf 90' lang='lat' dir='ltr'><strong>mens</strong></span> <span class='ocrx_word' id='word_1_61' title='bbox 389 1044 553 1100; x_wconf 85' lang='lat' dir='ltr'><strong>fuerit</strong></span> <span class='ocrx_word' id='word_1_62' title='bbox 590 1060 688 1116; x_wconf 88' lang='lat' dir='ltr'><strong>per</strong></span> <span class='ocrx_word' id='word_1_63' title='bbox 735 1059 996 1110; x_wconf 89' lang='lat' dir='ltr'><strong>amorem,</strong></span> <span class='ocrx_word' id='word_1_64' title='bbox 1040 1052 1252 1100; x_wconf 91' lang='lat' dir='ltr'><strong>tantum</strong></span> <span class='ocrx_word' id='word_1_65' title='bbox 1297 1044 1402 1100; x_wconf 90' lang='lat' dir='ltr'><strong>erit</strong></span> <span class='ocrx_word' id='word_1_66' title='bbox 1443 1053 1498 1098; x_wconf 92' lang='lat' dir='ltr'><strong>et</strong></span> <span class='ocrx_word' id='word_1_67' title='bbox 1525 1058 1624 1114; x_wconf 90' lang='lat' dir='ltr'><strong>pa-</strong></span> 
     </span>
    </p>
   </div>
   <div class='ocr_carea' id='block_1_10' title="bbox 79 1133 1628 1208">
    <p class='ocr_par' dir='ltr' id='par_1_10' title="bbox 79 1133 1628 1208">
     <span class='ocr_line' id='line_1_10' title="bbox 79 1133 1628 1208; baseline -0.003 -15"><span class='ocrx_word' id='word_1_68' title='bbox 79 1141 181 1193; x_wconf 77' lang='lat' dir='ltr'><strong>iens</strong></span> <span class='ocrx_word' id='word_1_69' title='bbox 205 1152 302 1208; x_wconf 90' lang='lat' dir='ltr'><strong>per</strong></span> <span class='ocrx_word' id='word_1_70' title='bbox 328 1135 795 1208; x_wconf 89' lang='lat' dir='ltr'><strong>longanimitatem</strong></span> <span class='ocrx_word' id='word_1_71' title='bbox 820 1151 832 1189; x_wconf 90' lang='lat'><strong>:</strong></span> <span class='ocrx_word' id='word_1_72' title='bbox 866 1149 991 1188; x_wconf 90' lang='lat' dir='ltr'><strong>nam</strong></span> <span class='ocrx_word' id='word_1_73' title='bbox 1020 1141 1227 1188; x_wconf 90' lang='lat' dir='ltr'><strong>tantum</strong></span> <span class='ocrx_word' id='word_1_74' title='bbox 1249 1133 1477 1205; x_wconf 90' lang='lat' dir='ltr'><strong>quisque</strong></span> <span class='ocrx_word' id='word_1_75' title='bbox 1501 1148 1628 1203; x_wconf 89' lang='lat' dir='ltr'><strong>por-</strong></span> 
     </span>
    </p>
   </div>
   <div class='ocr_carea' id='block_1_11' title="bbox 80 1223 1314 1300">
    <p class='ocr_par' dir='ltr' id='par_1_11' title="bbox 80 1223 1314 1300">
     <span class='ocr_line' id='line_1_11' title="bbox 80 1223 1314 1300; baseline -0.003 -17"><span class='ocrx_word' id='word_1_76' title='bbox 80 1239 120 1283; x_wconf 64' lang='grc' dir='ltr'><strong>λι</strong></span> <span class='ocrx_word' id='word_1_77' title='bbox 158 1229 485 1300; x_wconf 88' lang='lat' dir='ltr'><strong>proximum,</strong></span> <span class='ocrx_word' id='word_1_78' title='bbox 527 1233 785 1297; x_wconf 87' lang='lat' dir='ltr'><strong>quantum</strong></span> <span class='ocrx_word' id='word_1_79' title='bbox 819 1233 984 1280; x_wconf 91' lang='lat' dir='ltr'><strong>amat.</strong></span> <span class='ocrx_word' id='word_1_80' title='bbox 1023 1223 1314 1295; x_wconf 85' lang='lat' dir='ltr'><strong>Sequitur:</strong></span> 
     </span>
    </p>
   </div>
   <div class='ocr_carea' id='block_1_12' title="bbox 117 1315 1629 1389">
    <p class='ocr_par' dir='ltr' id='par_1_12' title="bbox 117 1315 1629 1389">
     <span class='ocr_line' id='line_1_12' title="bbox 117 1315 1629 1389; baseline 0.001 -18"><span class='ocrx_word' id='word_1_81' title='bbox 117 1340 135 1371; x_wconf 74' lang='grc' dir='ltr'><strong><em>ι</em></strong></span> <span class='ocrx_word' id='word_1_82' title='bbox 164 1319 231 1374; x_wconf 88' lang='lat' dir='ltr'><strong>Et</strong></span> <span class='ocrx_word' id='word_1_83' title='bbox 246 1321 390 1375; x_wconf 88' lang='lat' dir='ltr'><strong>inter</strong></span> <span class='ocrx_word' id='word_1_84' title='bbox 410 1319 674 1375; x_wconf 83' lang='lat' dir='ltr'><strong>thalamos</strong></span> <span class='ocrx_word' id='word_1_85' title='bbox 687 1318 924 1389; x_wconf 90' lang='lat' dir='ltr'><strong>quinque</strong></span> <span class='ocrx_word' id='word_1_86' title='bbox 936 1319 1163 1374; x_wconf 86' lang='lat' dir='ltr'><strong>cubitos.</strong></span> <span class='ocrx_word' id='word_1_87' title='bbox 1189 1337 1207 1370; x_wconf 74' lang='grc' dir='ltr'><strong><em>ι</em></strong></span> <span class='ocrx_word' id='word_1_88' title='bbox 1228 1315 1433 1389; x_wconf 82' lang='lat' dir='ltr'><strong>(Greg.)</strong></span> <span class='ocrx_word' id='word_1_89' title='bbox 1449 1315 1629 1372; x_wconf 89' lang='lat' dir='ltr'><strong>Unum</strong></span> 
     </span>
    </p>
   </div>
   <div class='ocr_carea' id='block_1_13' title="bbox 79 1409 1624 1482">
    <p class='ocr_par' dir='ltr' id='par_1_13' title="bbox 79 1409 1624 1482">
     <span class='ocr_line' id='line_1_13' title="bbox 79 1409 1624 1482; baseline -0.001 -17"><span class='ocrx_word' id='word_1_90' title='bbox 79 1426 202 1482; x_wconf 91' lang='lat' dir='ltr'><strong>upra</strong></span> <span class='ocrx_word' id='word_1_91' title='bbox 239 1411 536 1466; x_wconf 89' lang='lat' dir='ltr'><strong>thalamum</strong></span> <span class='ocrx_word' id='word_1_92' title='bbox 574 1411 802 1476; x_wconf 83' lang='lat' dir='ltr'><strong>dixerat,</strong></span> <span class='ocrx_word' id='word_1_93' title='bbox 851 1419 906 1464; x_wconf 91' lang='lat' dir='ltr'><strong>et</strong></span> <span class='ocrx_word' id='word_1_94' title='bbox 937 1409 1278 1480; x_wconf 88' lang='lat' dir='ltr'><strong>postmodum</strong></span> <span class='ocrx_word' id='word_1_95' title='bbox 1315 1423 1438 1466; x_wconf 90' lang='lat' dir='ltr'><strong>esse</strong></span> <span class='ocrx_word' id='word_1_96' title='bbox 1465 1410 1624 1480; x_wconf 89' lang='lat' dir='ltr'><strong>quin-</strong></span> 
     </span>
    </p>
   </div>
   <div class='ocr_carea' id='block_1_14' title="bbox 81 1501 1628 1568">
    <p class='ocr_par' dir='ltr' id='par_1_14' title="bbox 81 1501 1628 1568">
     <span class='ocr_line' id='line_1_14' title="bbox 81 1501 1628 1568; baseline 0 -14"><span class='ocrx_word' id='word_1_97' title='bbox 81 1517 158 1555; x_wconf 69' lang='lat' dir='ltr'><strong>um</strong></span> <span class='ocrx_word' id='word_1_98' title='bbox 210 1501 422 1557; x_wconf 90' lang='lat' dir='ltr'><strong>cubitos</strong></span> <span class='ocrx_word' id='word_1_99' title='bbox 465 1502 607 1556; x_wconf 89' lang='lat' dir='ltr'><strong>inter</strong></span> <span class='ocrx_word' id='word_1_100' title='bbox 661 1502 930 1558; x_wconf 83' lang='lat' dir='ltr'><strong>thalamos</strong></span> <span class='ocrx_word' id='word_1_101' title='bbox 975 1511 1164 1556; x_wconf 89' lang='lat' dir='ltr'><strong>narrat</strong></span> <span class='ocrx_word' id='word_1_102' title='bbox 1193 1543 1208 1568; x_wconf 93' lang='lat'><strong>,</strong></span> <span class='ocrx_word' id='word_1_103' title='bbox 1256 1517 1319 1558; x_wconf 91' lang='lat' dir='ltr'><strong>ea</strong></span> <span class='ocrx_word' id='word_1_104' title='bbox 1376 1501 1628 1557; x_wconf 84' lang='lat' dir='ltr'><strong>videlicet</strong></span> 
     </span>
    </p>
   </div>
   <div class='ocr_carea' id='block_1_15' title="bbox 77 1590 1628 1662">
    <p class='ocr_par' dir='ltr' id='par_1_15' title="bbox 77 1590 1628 1662">
     <span class='ocr_line' id='line_1_15' title="bbox 77 1590 1628 1662; baseline 0.002 -19"><span class='ocrx_word' id='word_1_105' title='bbox 77 1591 252 1647; x_wconf 81' lang='lat' dir='ltr'><strong>atione</strong></span> <span class='ocrx_word' id='word_1_106' title='bbox 306 1607 414 1662; x_wconf 90' lang='lat' dir='ltr'><strong>qua</strong></span> <span class='ocrx_word' id='word_1_107' title='bbox 467 1591 622 1646; x_wconf 91' lang='lat' dir='ltr'><strong>multi</strong></span> <span class='ocrx_word' id='word_1_108' title='bbox 671 1591 892 1646; x_wconf 88' lang='lat' dir='ltr'><strong>thalami</strong></span> <span class='ocrx_word' id='word_1_109' title='bbox 953 1607 1120 1646; x_wconf 91' lang='lat' dir='ltr'><strong>unum</strong></span> <span class='ocrx_word' id='word_1_110' title='bbox 1180 1590 1426 1647; x_wconf 86' lang='lat' dir='ltr'><strong>faciunt:</strong></span> <span class='ocrx_word' id='word_1_111' title='bbox 1489 1590 1628 1646; x_wconf 86' lang='lat' dir='ltr'><strong>sicut</strong></span> 
     </span>
    </p>
   </div>
   <div class='ocr_carea' id='block_1_16' title="bbox 78 1681 1627 1738">
    <p class='ocr_par' dir='ltr' id='par_1_16' title="bbox 78 1681 1627 1738">
     <span class='ocr_line' id='line_1_16' title="bbox 78 1681 1627 1738; baseline 0.003 -5"><span class='ocrx_word' id='word_1_112' title='bbox 78 1681 221 1736; x_wconf 78' lang='lat' dir='ltr'><strong>iultae</strong></span> <span class='ocrx_word' id='word_1_113' title='bbox 267 1681 510 1738; x_wconf 65' lang='lat' dir='ltr'><strong>ecclesiae</strong></span> <span class='ocrx_word' id='word_1_114' title='bbox 558 1699 663 1737; x_wconf 83' lang='lat' dir='ltr'><strong>una</strong></span> <span class='ocrx_word' id='word_1_115' title='bbox 705 1682 931 1738; x_wconf 87' lang='lat' dir='ltr'><strong>ecclesia</strong></span> <span class='ocrx_word' id='word_1_116' title='bbox 967 1689 1210 1738; x_wconf 85' lang='lat' dir='ltr'><strong>vocatur.</strong></span> <span class='ocrx_word' id='word_1_117' title='bbox 1259 1681 1410 1738; x_wconf 89' lang='lat' dir='ltr'><strong>Unde</strong></span> <span class='ocrx_word' id='word_1_118' title='bbox 1465 1691 1523 1738; x_wconf 93' lang='lat' dir='ltr'><strong>et</strong></span> <span class='ocrx_word' id='word_1_119' title='bbox 1569 1683 1627 1738; x_wconf 89' lang='lat' dir='ltr'><strong>in</strong></span> 
     </span>
    </p>
   </div>
   <div class='ocr_carea' id='block_1_17' title="bbox 77 1772 1626 1846">
    <p class='ocr_par' dir='ltr' id='par_1_17' title="bbox 77 1772 1626 1846">
     <span class='ocr_line' id='line_1_17' title="bbox 77 1772 1626 1846; baseline 0.001 -20"><span class='ocrx_word' id='word_1_120' title='bbox 77 1774 263 1828; x_wconf 86' lang='lat' dir='ltr'><strong>oannis</strong></span> <span class='ocrx_word' id='word_1_121' title='bbox 285 1773 604 1845; x_wconf 87' lang='lat' dir='ltr'><strong>Apocalypsi</strong></span> <span class='ocrx_word' id='word_1_122' title='bbox 629 1773 811 1846; x_wconf 84' lang='lat' dir='ltr'><strong>(Apoc.</strong></span> <span class='ocrx_word' id='word_1_123' title='bbox 845 1773 944 1845; x_wconf 83' lang='lat' dir='ltr'><strong>xu)</strong></span> <span class='ocrx_word' id='word_1_124' title='bbox 969 1781 1174 1844; x_wconf 85' lang='lat' dir='ltr'><strong>septem</strong></span> <span class='ocrx_word' id='word_1_125' title='bbox 1203 1772 1460 1830; x_wconf 87' lang='lat' dir='ltr'><strong>Ecclesiis</strong></span> <span class='ocrx_word' id='word_1_126' title='bbox 1491 1773 1626 1830; x_wconf 88' lang='lat' dir='ltr'><strong>scri-</strong></span> 
     </span>
    </p>
   </div>
   <div class='ocr_carea' id='block_1_18' title="bbox 1729 579 3314 653">
    <p class='ocr_par' dir='ltr' id='par_1_18' title="bbox 1729 579 3314 653">
     <span class='ocr_line' id='line_1_18' title="bbox 1729 579 3314 653; baseline 0.004 -17"><span class='ocrx_word' id='word_1_127' title='bbox 1729 581 1939 653; x_wconf 91' lang='lat' dir='ltr'><strong>plenius</strong></span> <span class='ocrx_word' id='word_1_128' title='bbox 1969 583 2393 651; x_wconf 81' lang='lat' dir='ltr'><strong>exsequendum,</strong></span> <span class='ocrx_word' id='word_1_129' title='bbox 2422 579 2654 640; x_wconf 79' lang='lat' dir='ltr'><strong>fortasse</strong></span> <span class='ocrx_word' id='word_1_130' title='bbox 2682 583 2920 640; x_wconf 85' lang='lat' dir='ltr'><strong>minores</strong></span> <span class='ocrx_word' id='word_1_131' title='bbox 2951 589 3098 650; x_wconf 88' lang='lat' dir='ltr'><strong>sunt,</strong></span> <span class='ocrx_word' id='word_1_132' title='bbox 3129 591 3314 642; x_wconf 87' lang='lat' dir='ltr'><strong>tamen</strong></span> 
     </span>
    </p>
   </div>
   <div class='ocr_carea' id='block_1_19' title="bbox 1731 671 3316 746">
    <p class='ocr_par' dir='ltr' id='par_1_19' title="bbox 1731 671 3316 746">
     <span class='ocr_line' id='line_1_19' title="bbox 1731 671 3316 746; baseline 0.003 -20"><span class='ocrx_word' id='word_1_133' title='bbox 1731 671 1788 726; x_wconf 91' lang='lat' dir='ltr'><strong>in</strong></span> <span class='ocrx_word' id='word_1_134' title='bbox 1839 671 2047 728; x_wconf 87' lang='lat' dir='ltr'><strong>timoris</strong></span> <span class='ocrx_word' id='word_1_135' title='bbox 2077 679 2133 726; x_wconf 91' lang='lat' dir='ltr'><strong>et</strong></span> <span class='ocrx_word' id='word_1_136' title='bbox 2176 672 2382 728; x_wconf 87' lang='lat' dir='ltr'><strong>amoris</strong></span> <span class='ocrx_word' id='word_1_137' title='bbox 2412 671 2767 729; x_wconf 78' lang='lat' dir='ltr'><strong>fundamento</strong></span> <span class='ocrx_word' id='word_1_138' title='bbox 2795 682 2921 733; x_wconf 88' lang='lat' dir='ltr'><strong>sunt</strong></span> <span class='ocrx_word' id='word_1_139' title='bbox 2965 673 3021 730; x_wconf 85' lang='lat' dir='ltr'><strong>in</strong></span> <span class='ocrx_word' id='word_1_140' title='bbox 3050 689 3158 746; x_wconf 89' lang='lat' dir='ltr'><strong>quo</strong></span> <span class='ocrx_word' id='word_1_141' title='bbox 3188 675 3316 731; x_wconf 84' lang='lat' dir='ltr'><strong>soli-</strong></span> 
     </span>
    </p>
   </div>
   <div class='ocr_carea' id='block_1_20' title="bbox 1731 760 3313 835">
    <p class='ocr_par' dir='ltr' id='par_1_20' title="bbox 1731 760 3313 835">
     <span class='ocr_line' id='line_1_20' title="bbox 1731 760 3313 835; baseline 0.004 -19"><span class='ocrx_word' id='word_1_142' title='bbox 1731 760 1944 828; x_wconf 87' lang='lat' dir='ltr'><strong>dantur,</strong></span> <span class='ocrx_word' id='word_1_143' title='bbox 1977 761 2104 831; x_wconf 88' lang='lat' dir='ltr'><strong>quia</strong></span> <span class='ocrx_word' id='word_1_144' title='bbox 2130 761 2232 818; x_wconf 89' lang='lat' dir='ltr'><strong>etsi</strong></span> <span class='ocrx_word' id='word_1_145' title='bbox 2258 762 2381 833; x_wconf 91' lang='lat' dir='ltr'><strong>igne</strong></span> <span class='ocrx_word' id='word_1_146' title='bbox 2406 762 2643 820; x_wconf 78' lang='lat' dir='ltr'><strong>caelestis</strong></span> <span class='ocrx_word' id='word_1_147' title='bbox 2670 763 2924 822; x_wconf 83' lang='lat' dir='ltr'><strong>desiderii</strong></span> <span class='ocrx_word' id='word_1_148' title='bbox 2967 781 3077 822; x_wconf 91' lang='lat' dir='ltr'><strong>non</strong></span> <span class='ocrx_word' id='word_1_149' title='bbox 3101 767 3313 835; x_wconf 87' lang='lat' dir='ltr'><strong>ardent,</strong></span> 
     </span>
    </p>
   </div>
   <div class='ocr_carea' id='block_1_21' title="bbox 1730 852 3319 928">
    <p class='ocr_par' dir='ltr' id='par_1_21' title="bbox 1730 852 3319 928">
     <span class='ocr_line' id='line_1_21' title="bbox 1730 852 3319 928; baseline 0.004 -21"><span class='ocrx_word' id='word_1_150' title='bbox 1730 852 1788 908; x_wconf 92' lang='lat' dir='ltr'><strong>in</strong></span> <span class='ocrx_word' id='word_1_151' title='bbox 1831 853 1963 924; x_wconf 89' lang='lat' dir='ltr'><strong>ipsis</strong></span> <span class='ocrx_word' id='word_1_152' title='bbox 1994 854 2353 909; x_wconf 77' lang='lat' dir='ltr'><strong>exterioribus</strong></span> <span class='ocrx_word' id='word_1_153' title='bbox 2393 869 2513 924; x_wconf 75' lang='lat' dir='ltr'><strong>quae</strong></span> <span class='ocrx_word' id='word_1_154' title='bbox 2537 868 2793 911; x_wconf 85' lang='lat' dir='ltr'><strong>exercere</strong></span> <span class='ocrx_word' id='word_1_155' title='bbox 2814 854 3105 923; x_wconf 82' lang='lat' dir='ltr'><strong>suiiiciunt,</strong></span> <span class='ocrx_word' id='word_1_156' title='bbox 3154 873 3319 928; x_wconf 90' lang='lat' dir='ltr'><strong>vapo-</strong></span> 
     </span>
    </p>
   </div>
   <div class='ocr_carea' id='block_1_22' title="bbox 1731 942 3317 1018">
    <p class='ocr_par' dir='ltr' id='par_1_22' title="bbox 1731 942 3317 1018">
     <span class='ocr_line' id='line_1_22' title="bbox 1731 942 3317 1018; baseline 0.004 -22"><span class='ocrx_word' id='word_1_157' title='bbox 1731 955 1790 996; x_wconf 89' lang='lat' dir='ltr'><strong>re</strong></span> <span class='ocrx_word' id='word_1_158' title='bbox 1818 942 2101 998; x_wconf 89' lang='lat' dir='ltr'><strong>charitatis</strong></span> <span class='ocrx_word' id='word_1_159' title='bbox 2128 943 2455 1010; x_wconf 86' lang='lat' dir='ltr'><strong>animantur,</strong></span> <span class='ocrx_word' id='word_1_160' title='bbox 2505 952 2561 998; x_wconf 94' lang='lat' dir='ltr'><strong>et</strong></span> <span class='ocrx_word' id='word_1_161' title='bbox 2606 943 2750 1000; x_wconf 89' lang='lat' dir='ltr'><strong>inter</strong></span> <span class='ocrx_word' id='word_1_162' title='bbox 2775 945 3144 1014; x_wconf 84' lang='lat' dir='ltr'><strong>proximorum</strong></span> <span class='ocrx_word' id='word_1_163' title='bbox 3174 963 3317 1018; x_wconf 74' lang='lat' dir='ltr'><strong>pra:—</strong></span> 
     </span>
    </p>
   </div>
   <div class='ocr_carea' id='block_1_23' title="bbox 1730 1030 3085 1108">
    <p class='ocr_par' dir='ltr' id='par_1_23' title="bbox 1730 1030 3085 1108">
     <span class='ocr_line' id='line_1_23' title="bbox 1730 1030 3085 1108; baseline 0.002 -20"><span class='ocrx_word' id='word_1_164' title='bbox 1730 1030 2040 1088; x_wconf 87' lang='lat' dir='ltr'><strong>cellentium</strong></span> <span class='ocrx_word' id='word_1_165' title='bbox 2080 1033 2304 1088; x_wconf 80' lang='lat' dir='ltr'><strong>aediﬁcia</strong></span> <span class='ocrx_word' id='word_1_166' title='bbox 2352 1034 2716 1090; x_wconf 88' lang='lat' dir='ltr'><strong>continentur.</strong></span> <span class='ocrx_word' id='word_1_167' title='bbox 2766 1033 3026 1106; x_wconf 88' lang='lat' dir='ltr'><strong>Sequitur</strong></span> <span class='ocrx_word' id='word_1_168' title='bbox 3054 1056 3085 1108; x_wconf 74' lang='grc' dir='ltr'><strong>ε¹</strong></span> 
     </span>
    </p>
   </div>
   <div class='ocr_carea' id='block_1_24' title="bbox 1806 1124 3315 1198">
    <p class='ocr_par' dir='ltr' id='par_1_24' title="bbox 1806 1124 3315 1198">
     <span class='ocr_line' id='line_1_24' title="bbox 1806 1124 3315 1198; baseline 0.005 -20"><span class='ocrx_word' id='word_1_169' title='bbox 1806 1143 1826 1178; x_wconf 85' lang='grc'><strong>‹</strong></span> <span class='ocrx_word' id='word_1_170' title='bbox 1857 1124 1924 1180; x_wconf 90' lang='lat' dir='ltr'><strong>Et</strong></span> <span class='ocrx_word' id='word_1_171' title='bbox 1949 1125 2117 1182; x_wconf 89' lang='lat' dir='ltr'><strong>limen</strong></span> <span class='ocrx_word' id='word_1_172' title='bbox 2149 1135 2322 1197; x_wconf 73' lang='lat' dir='ltr'><strong>portae</strong></span> <span class='ocrx_word' id='word_1_173' title='bbox 2342 1125 2499 1196; x_wconf 83' lang='lat' dir='ltr'><strong>juxta</strong></span> <span class='ocrx_word' id='word_1_174' title='bbox 2540 1125 2865 1182; x_wconf 84' lang='lat' dir='ltr'><strong>vestibulum</strong></span> <span class='ocrx_word' id='word_1_175' title='bbox 2905 1137 3076 1198; x_wconf 85' lang='lat' dir='ltr'><strong>portae</strong></span> <span class='ocrx_word' id='word_1_176' title='bbox 3119 1129 3315 1186; x_wconf 87' lang='lat' dir='ltr'><strong>intrin-</strong></span> 
     </span>
    </p>
   </div>
   <div class='ocr_carea' id='block_1_25' title="bbox 1731 1217 3323 1291">
    <p class='ocr_par' dir='ltr' id='par_1_25' title="bbox 1731 1217 3323 1291">
     <span class='ocr_line' id='line_1_25' title="bbox 1731 1217 3323 1291; baseline 0.003 -18"><span class='ocrx_word' id='word_1_177' title='bbox 1731 1231 1886 1273; x_wconf 87' lang='lat' dir='ltr'><strong>secus</strong></span> <span class='ocrx_word' id='word_1_178' title='bbox 1936 1217 2146 1272; x_wconf 88' lang='lat' dir='ltr'><strong>calamo</strong></span> <span class='ocrx_word' id='word_1_179' title='bbox 2185 1234 2312 1274; x_wconf 89' lang='lat' dir='ltr'><strong>uno.</strong></span> <span class='ocrx_word' id='word_1_180' title='bbox 2353 1237 2373 1271; x_wconf 72' lang='grc' dir='ltr'><strong>ι</strong></span> <span class='ocrx_word' id='word_1_181' title='bbox 2417 1217 2691 1289; x_wconf 60' lang='lat' dir='ltr'><strong>(Hier-on.)</strong></span> <span class='ocrx_word' id='word_1_182' title='bbox 2716 1218 2907 1274; x_wconf 89' lang='lat' dir='ltr'><strong>Limen</strong></span> <span class='ocrx_word' id='word_1_183' title='bbox 2938 1235 3152 1291; x_wconf 89' lang='lat' dir='ltr'><strong>quoque</strong></span> <span class='ocrx_word' id='word_1_184' title='bbox 3191 1221 3323 1278; x_wconf 86' lang='lat' dir='ltr'><strong>alte-</strong></span> 
     </span>
    </p>
   </div>
   <div class='ocr_carea' id='block_1_26' title="bbox 1729 1310 3326 1384">
    <p class='ocr_par' dir='ltr' id='par_1_26' title="bbox 1729 1310 3326 1384">
     <span class='ocr_line' id='line_1_26' title="bbox 1729 1310 3326 1384; baseline 0.001 -18"><span class='ocrx_word' id='word_1_185' title='bbox 1729 1312 1845 1368; x_wconf 84' lang='lat' dir='ltr'><strong>rius</strong></span> <span class='ocrx_word' id='word_1_186' title='bbox 1890 1320 2080 1384; x_wconf 68' lang='lat' dir='ltr'><strong>portaa,</strong></span> <span class='ocrx_word' id='word_1_187' title='bbox 2115 1311 2230 1368; x_wconf 89' lang='lat' dir='ltr'><strong>sive</strong></span> <span class='ocrx_word' id='word_1_188' title='bbox 2279 1321 2339 1366; x_wconf 89' lang='lat' dir='ltr'><strong>ut</strong></span> <span class='ocrx_word' id='word_1_189' title='bbox 2381 1311 2438 1367; x_wconf 90' lang='lat' dir='ltr'><strong>in</strong></span> <span class='ocrx_word' id='word_1_190' title='bbox 2465 1310 2813 1382; x_wconf 76' lang='lat' dir='ltr'><strong>Septuaginta</strong></span> <span class='ocrx_word' id='word_1_191' title='bbox 2860 1313 3188 1382; x_wconf 88' lang='lat' dir='ltr'><strong>continetur,</strong></span> <span class='ocrx_word' id='word_1_192' title='bbox 3240 1329 3326 1369; x_wconf 87' lang='lat' dir='ltr'><strong>se-</strong></span> 
     </span>
    </p>
   </div>
   <div class='ocr_carea' id='block_1_27' title="bbox 1730 1404 3320 1473">
    <p class='ocr_par' dir='ltr' id='par_1_27' title="bbox 1730 1404 3320 1473">
     <span class='ocr_line' id='line_1_27' title="bbox 1730 1404 3320 1473; baseline -0.001 -11"><span class='ocrx_word' id='word_1_193' title='bbox 1730 1406 1890 1462; x_wconf 88' lang='lat' dir='ltr'><strong>cundi</strong></span> <span class='ocrx_word' id='word_1_194' title='bbox 1919 1405 2171 1462; x_wconf 83' lang='lat' dir='ltr'><strong>vestibuli</strong></span> <span class='ocrx_word' id='word_1_195' title='bbox 2204 1414 2262 1461; x_wconf 88' lang='lat' dir='ltr'><strong>et</strong></span> <span class='ocrx_word' id='word_1_196' title='bbox 2303 1405 2449 1460; x_wconf 89' lang='lat' dir='ltr'><strong>tertii</strong></span> <span class='ocrx_word' id='word_1_197' title='bbox 2498 1404 2738 1473; x_wconf 85' lang='lat' dir='ltr'><strong>ejusdem</strong></span> <span class='ocrx_word' id='word_1_198' title='bbox 2762 1405 2923 1462; x_wconf 91' lang='lat' dir='ltr'><strong>unius</strong></span> <span class='ocrx_word' id='word_1_199' title='bbox 2953 1405 3147 1462; x_wconf 87' lang='lat' dir='ltr'><strong>calami</strong></span> <span class='ocrx_word' id='word_1_200' title='bbox 3167 1420 3320 1462; x_wconf 89' lang='lat' dir='ltr'><strong>meu-</strong></span> 
     </span>
    </p>
   </div>
   <div class='ocr_carea' id='block_1_28' title="bbox 1729 1497 3324 1571">
    <p class='ocr_par' dir='ltr' id='par_1_28' title="bbox 1729 1497 3324 1571">
     <span class='ocr_line' id='line_1_28' title="bbox 1729 1497 3324 1571; baseline 0.001 -17"><span class='ocrx_word' id='word_1_201' title='bbox 1729 1513 1870 1554; x_wconf 68' lang='lat' dir='ltr'><strong>surm</strong></span> <span class='ocrx_word' id='word_1_202' title='bbox 1898 1506 1998 1571; x_wconf 86' lang='lat' dir='ltr'><strong>est.</strong></span> <span class='ocrx_word' id='word_1_203' title='bbox 2027 1497 2157 1554; x_wconf 88' lang='lat' dir='ltr'><strong>Post</strong></span> <span class='ocrx_word' id='word_1_204' title='bbox 2197 1497 2341 1568; x_wconf 91' lang='lat' dir='ltr'><strong>quod</strong></span> <span class='ocrx_word' id='word_1_205' title='bbox 2376 1497 2701 1552; x_wconf 88' lang='lat' dir='ltr'><strong>vestibulum</strong></span> <span class='ocrx_word' id='word_1_206' title='bbox 2738 1497 2874 1567; x_wconf 87' lang='lat' dir='ltr'><strong>ejus,</strong></span> <span class='ocrx_word' id='word_1_207' title='bbox 2917 1499 3021 1570; x_wconf 86' lang='lat' dir='ltr'><strong>hoc</strong></span> <span class='ocrx_word' id='word_1_208' title='bbox 3051 1507 3134 1555; x_wconf 90' lang='lat' dir='ltr'><strong>est</strong></span> <span class='ocrx_word' id='word_1_209' title='bbox 3159 1498 3324 1556; x_wconf 86' lang='lat' dir='ltr'><strong>limen</strong></span> 
     </span>
    </p>
   </div>
   <div class='ocr_carea' id='block_1_29' title="bbox 1728 1590 3324 1661">
    <p class='ocr_par' dir='ltr' id='par_1_29' title="bbox 1728 1590 3324 1661">
     <span class='ocr_line' id='line_1_29' title="bbox 1728 1590 3324 1661; baseline 0.001 -17"><span class='ocrx_word' id='word_1_210' title='bbox 1728 1598 1900 1661; x_wconf 84' lang='lat' dir='ltr'><strong>portae</strong></span> <span class='ocrx_word' id='word_1_211' title='bbox 1927 1591 2212 1646; x_wconf 89' lang='lat' dir='ltr'><strong>introitum</strong></span> <span class='ocrx_word' id='word_1_212' title='bbox 2252 1596 2376 1645; x_wconf 89' lang='lat' dir='ltr'><strong>octo</strong></span> <span class='ocrx_word' id='word_1_213' title='bbox 2405 1598 2680 1659; x_wconf 89' lang='lat' dir='ltr'><strong>ponuntur</strong></span> <span class='ocrx_word' id='word_1_214' title='bbox 2707 1590 2915 1654; x_wconf 87' lang='lat' dir='ltr'><strong>cubita,</strong></span> <span class='ocrx_word' id='word_1_215' title='bbox 2963 1597 3024 1644; x_wconf 90' lang='lat' dir='ltr'><strong>ut</strong></span> <span class='ocrx_word' id='word_1_216' title='bbox 3064 1590 3324 1646; x_wconf 86' lang='lat' dir='ltr'><strong>interiora</strong></span> 
     </span>
    </p>
   </div>
   <div class='ocr_carea' id='block_1_30' title="bbox 1727 1680 3326 1752">
    <p class='ocr_par' dir='ltr' id='par_1_30' title="bbox 1727 1680 3326 1752">
     <span class='ocr_line' id='line_1_30' title="bbox 1727 1680 3326 1752; baseline 0.003 -18"><span class='ocrx_word' id='word_1_217' title='bbox 1727 1680 1981 1736; x_wconf 90' lang='lat' dir='ltr'><strong>vestibuli</strong></span> <span class='ocrx_word' id='word_1_218' title='bbox 2026 1695 2370 1752; x_wconf 89' lang='lat' dir='ltr'><strong>nequaquam</strong></span> <span class='ocrx_word' id='word_1_219' title='bbox 2418 1681 2785 1752; x_wconf 88' lang='lat' dir='ltr'><strong>septenarium</strong></span> <span class='ocrx_word' id='word_1_220' title='bbox 2818 1695 3102 1736; x_wconf 89' lang='lat' dir='ltr'><strong>numerum</strong></span> <span class='ocrx_word' id='word_1_221' title='bbox 3150 1689 3205 1736; x_wconf 91' lang='lat' dir='ltr'><strong>et</strong></span> <span class='ocrx_word' id='word_1_222' title='bbox 3231 1696 3326 1738; x_wconf 89' lang='lat' dir='ltr'><strong>sex</strong></span> 
     </span>
    </p>
   </div>
   <div class='ocr_carea' id='block_1_31' title="bbox 1730 1771 3332 1843">
    <p class='ocr_par' dir='ltr' id='par_1_31' title="bbox 1730 1771 3332 1843">
     <span class='ocr_line' id='line_1_31' title="bbox 1730 1771 3332 1843; baseline -0.001 -15"><span class='ocrx_word' id='word_1_223' title='bbox 1730 1773 1912 1828; x_wconf 87' lang='lat' dir='ltr'><strong>cubita</strong></span> <span class='ocrx_word' id='word_1_224' title='bbox 1954 1780 2010 1828; x_wconf 91' lang='lat' dir='ltr'><strong>et</strong></span> <span class='ocrx_word' id='word_1_225' title='bbox 2034 1771 2273 1843; x_wconf 85' lang='lat' dir='ltr'><strong>palmum</strong></span> <span class='ocrx_word' id='word_1_226' title='bbox 2306 1787 2491 1837; x_wconf 92' lang='lat' dir='ltr'><strong>unum,</strong></span> <span class='ocrx_word' id='word_1_227' title='bbox 2526 1771 2619 1827; x_wconf 92' lang='lat' dir='ltr'><strong>sed</strong></span> <span class='ocrx_word' id='word_1_228' title='bbox 2664 1772 2999 1827; x_wconf 87' lang='lat' dir='ltr'><strong>octonarium</strong></span> <span class='ocrx_word' id='word_1_229' title='bbox 3040 1787 3332 1827; x_wconf 84' lang='lat' dir='ltr'><strong>numerum</strong></span> 
     </span>
    </p>
   </div>
   <div class='ocr_carea' id='block_1_32' title="bbox 76 1863 3328 1936">
    <p class='ocr_par' dir='ltr' id='par_1_32' title="bbox 76 1863 3328 1936">
     <span class='ocr_line' id='line_1_32' title="bbox 76 1863 3328 1936; baseline 0.002 -19"><span class='ocrx_word' id='word_1_230' title='bbox 76 1863 204 1929; x_wconf 89' lang='lat' dir='ltr'><strong>itur,</strong></span> <span class='ocrx_word' id='word_1_231' title='bbox 256 1880 354 1934; x_wconf 90' lang='lat' dir='ltr'><strong>per</strong></span> <span class='ocrx_word' id='word_1_232' title='bbox 398 1880 532 1934; x_wconf 92' lang='lat' dir='ltr'><strong>quas</strong></span> <span class='ocrx_word' id='word_1_233' title='bbox 577 1880 684 1919; x_wconf 89' lang='lat' dir='ltr'><strong>una</strong></span> <span class='ocrx_word' id='word_1_234' title='bbox 725 1863 991 1919; x_wconf 91' lang='lat' dir='ltr'><strong>catholica</strong></span> <span class='ocrx_word' id='word_1_235' title='bbox 1030 1863 1362 1935; x_wconf 82' lang='lat' dir='ltr'><strong>designatur.</strong></span> <span class='ocrx_word' id='word_1_236' title='bbox 1416 1863 1484 1919; x_wconf 86' lang='lat' dir='ltr'><strong>Hi</strong></span> <span class='ocrx_word' id='word_1_237' title='bbox 1515 1865 1622 1920; x_wconf 86' lang='lat' dir='ltr'><strong>ita—</strong></span> <span class='ocrx_word' id='word_1_238' title='bbox 1651 1865 1950 1930; x_wconf 66' lang='lat' dir='ltr'><strong>Rteneant</strong></span> <span class='ocrx_word' id='word_1_239' title='bbox 1978 1866 2070 1936; x_wconf 89' lang='lat' dir='ltr'><strong>qui</strong></span> <span class='ocrx_word' id='word_1_240' title='bbox 2097 1865 2166 1920; x_wconf 87' lang='lat' dir='ltr'><strong>ad</strong></span> <span class='ocrx_word' id='word_1_241' title='bbox 2196 1865 2614 1922; x_wconf 86' lang='lat' dir='ltr'><strong>resurrectionis</strong></span> <span class='ocrx_word' id='word_1_242' title='bbox 2642 1874 2697 1920; x_wconf 92' lang='lat' dir='ltr'><strong>et</strong></span> <span class='ocrx_word' id='word_1_243' title='bbox 2723 1865 2830 1921; x_wconf 91' lang='lat' dir='ltr'><strong>diei</strong></span> <span class='ocrx_word' id='word_1_244' title='bbox 2870 1866 3161 1922; x_wconf 71' lang='lat' dir='ltr'><strong>Dominica:</strong></span> <span class='ocrx_word' id='word_1_245' title='bbox 3204 1883 3328 1936; x_wconf 82' lang='lat' dir='ltr'><strong>per-</strong></span> 
     </span>
    </p>
   </div>
   <div class='ocr_carea' id='block_1_33' title="bbox 79 1953 1627 2025">
    <p class='ocr_par' dir='ltr' id='par_1_33' title="bbox 79 1953 1627 2025">
     <span class='ocr_line' id='line_1_33' title="bbox 79 1953 1627 2025; baseline 0.002 -18"><span class='ocrx_word' id='word_1_246' title='bbox 79 1970 142 2008; x_wconf 90' lang='lat' dir='ltr'><strong>ue</strong></span> <span class='ocrx_word' id='word_1_247' title='bbox 171 1954 262 2024; x_wconf 93' lang='lat' dir='ltr'><strong>qui</strong></span> <span class='ocrx_word' id='word_1_248' title='bbox 307 1955 360 2008; x_wconf 91' lang='lat' dir='ltr'><strong>in</strong></span> <span class='ocrx_word' id='word_1_249' title='bbox 405 1962 590 2010; x_wconf 88' lang='lat' dir='ltr'><strong>sancta</strong></span> <span class='ocrx_word' id='word_1_250' title='bbox 630 1954 877 2022; x_wconf 90' lang='lat' dir='ltr'><strong>ecclesia,</strong></span> <span class='ocrx_word' id='word_1_251' title='bbox 903 1955 1060 2025; x_wconf 32' lang='lat' dir='ltr'><strong>lsicut</strong></span> <span class='ocrx_word' id='word_1_252' title='bbox 1093 1954 1348 2022; x_wconf 78' lang='lat' dir='ltr'><strong>diximus,</strong></span> <span class='ocrx_word' id='word_1_253' title='bbox 1396 1953 1627 2010; x_wconf 84' lang='lat' dir='ltr'><strong>ferventi</strong></span> 
     </span>
    </p>
   </div>
   <div class='ocr_carea' id='block_1_34' title="bbox 77 2047 1625 2120">
    <p class='ocr_par' dir='ltr' id='par_1_34' title="bbox 77 2047 1625 2120">
     <span class='ocr_line' id='line_1_34' title="bbox 77 2047 1625 2120; baseline 0.003 -22"><span class='ocrx_word' id='word_1_254' title='bbox 77 2061 222 2102; x_wconf 88' lang='lat' dir='ltr'><strong>more</strong></span> <span class='ocrx_word' id='word_1_255' title='bbox 271 2047 441 2102; x_wconf 89' lang='lat' dir='ltr'><strong>Deum</strong></span> <span class='ocrx_word' id='word_1_256' title='bbox 487 2047 670 2103; x_wconf 88' lang='lat' dir='ltr'><strong>videre</strong></span> <span class='ocrx_word' id='word_1_257' title='bbox 719 2049 927 2112; x_wconf 89' lang='lat' dir='ltr'><strong>sitiunt,</strong></span> <span class='ocrx_word' id='word_1_258' title='bbox 973 2048 1132 2120; x_wconf 91' lang='lat' dir='ltr'><strong>eique</strong></span> <span class='ocrx_word' id='word_1_259' title='bbox 1172 2047 1289 2118; x_wconf 87' lang='lat' dir='ltr'><strong>jam</strong></span> <span class='ocrx_word' id='word_1_260' title='bbox 1337 2063 1436 2120; x_wconf 91' lang='lat' dir='ltr'><strong>per</strong></span> <span class='ocrx_word' id='word_1_261' title='bbox 1480 2049 1625 2106; x_wconf 79' lang='lat' dir='ltr'><strong>desi-</strong></span> 
     </span>
    </p>
   </div>
   <div class='ocr_carea' id='block_1_35' title="bbox 76 2134 1627 2209">
    <p class='ocr_par' dir='ltr' id='par_1_35' title="bbox 76 2134 1627 2209">
     <span class='ocr_line' id='line_1_35' title="bbox 76 2134 1627 2209; baseline 0.005 -21"><span class='ocrx_word' id='word_1_262' title='bbox 76 2135 249 2190; x_wconf 87' lang='lat' dir='ltr'><strong>erium</strong></span> <span class='ocrx_word' id='word_1_263' title='bbox 296 2134 714 2209; x_wconf 88' lang='lat' dir='ltr'><strong>conjunguntur,</strong></span> <span class='ocrx_word' id='word_1_264' title='bbox 771 2138 992 2194; x_wconf 85' lang='lat' dir='ltr'><strong>thalami</strong></span> <span class='ocrx_word' id='word_1_265' title='bbox 1039 2147 1322 2195; x_wconf 88' lang='lat' dir='ltr'><strong>vocantur.</strong></span> <span class='ocrx_word' id='word_1_266' title='bbox 1385 2136 1493 2195; x_wconf 88' lang='lat' dir='ltr'><strong>Sed</strong></span> <span class='ocrx_word' id='word_1_267' title='bbox 1544 2147 1627 2194; x_wconf 86' lang='lat' dir='ltr'><strong>ta-</strong></span> 
     </span>
    </p>
   </div>
   <div class='ocr_carea' id='block_1_36' title="bbox 76 2229 1628 2300">
    <p class='ocr_par' dir='ltr' id='par_1_36' title="bbox 76 2229 1628 2300">
     <span class='ocr_line' id='line_1_36' title="bbox 76 2229 1628 2300; baseline 0.005 -21"><span class='ocrx_word' id='word_1_268' title='bbox 76 2241 161 2280; x_wconf 72' lang='lat' dir='ltr'><strong>len</strong></span> <span class='ocrx_word' id='word_1_269' title='bbox 211 2235 337 2281; x_wconf 89' lang='lat' dir='ltr'><strong>sunt</strong></span> <span class='ocrx_word' id='word_1_270' title='bbox 398 2229 454 2283; x_wconf 92' lang='lat' dir='ltr'><strong>in</strong></span> <span class='ocrx_word' id='word_1_271' title='bbox 517 2245 581 2284; x_wconf 86' lang='lat' dir='ltr'><strong>ea</strong></span> <span class='ocrx_word' id='word_1_272' title='bbox 644 2230 860 2299; x_wconf 88' lang='lat' dir='ltr'><strong>quidam</strong></span> <span class='ocrx_word' id='word_1_273' title='bbox 916 2231 1006 2300; x_wconf 90' lang='lat' dir='ltr'><strong>qui</strong></span> <span class='ocrx_word' id='word_1_274' title='bbox 1072 2239 1359 2299; x_wconf 89' lang='lat' dir='ltr'><strong>penetrare</strong></span> <span class='ocrx_word' id='word_1_275' title='bbox 1410 2230 1628 2287; x_wconf 84' lang='lat' dir='ltr'><strong>subtilia</strong></span> 
     </span>
    </p>
   </div>
   <div class='ocr_carea' id='block_1_37' title="bbox 74 2319 1626 2394">
    <p class='ocr_par' dir='ltr' id='par_1_37' title="bbox 74 2319 1626 2394">
     <span class='ocr_line' id='line_1_37' title="bbox 74 2319 1626 2394; baseline 0.005 -22"><span class='ocrx_word' id='word_1_276' title='bbox 74 2334 144 2374; x_wconf 92' lang='lat' dir='ltr'><strong>ou</strong></span> <span class='ocrx_word' id='word_1_277' title='bbox 181 2319 447 2386; x_wconf 88' lang='lat' dir='ltr'><strong>valentes,</strong></span> <span class='ocrx_word' id='word_1_278' title='bbox 500 2331 555 2376; x_wconf 91' lang='lat' dir='ltr'><strong>et</strong></span> <span class='ocrx_word' id='word_1_279' title='bbox 595 2323 830 2392; x_wconf 87' lang='lat' dir='ltr'><strong>quinque</strong></span> <span class='ocrx_word' id='word_1_280' title='bbox 881 2323 1054 2377; x_wconf 91' lang='lat' dir='ltr'><strong>adhuc</strong></span> <span class='ocrx_word' id='word_1_281' title='bbox 1095 2325 1337 2394; x_wconf 90' lang='lat' dir='ltr'><strong>corporis</strong></span> <span class='ocrx_word' id='word_1_282' title='bbox 1377 2325 1626 2382; x_wconf 88' lang='lat' dir='ltr'><strong>sensibus</strong></span> 
     </span>
    </p>
   </div>
   <div class='ocr_carea' id='block_1_38' title="bbox 74 2413 1624 2487">
    <p class='ocr_par' dir='ltr' id='par_1_38' title="bbox 74 2413 1624 2487">
     <span class='ocr_line' id='line_1_38' title="bbox 74 2413 1624 2487; baseline 0.003 -19"><span class='ocrx_word' id='word_1_283' title='bbox 74 2413 297 2483; x_wconf 90' lang='lat' dir='ltr'><strong>epressi,</strong></span> <span class='ocrx_word' id='word_1_284' title='bbox 347 2422 500 2468; x_wconf 90' lang='lat' dir='ltr'><strong>tanto</strong></span> <span class='ocrx_word' id='word_1_285' title='bbox 539 2414 718 2469; x_wconf 90' lang='lat' dir='ltr'><strong>minus</strong></span> <span class='ocrx_word' id='word_1_286' title='bbox 760 2424 944 2469; x_wconf 90' lang='lat' dir='ltr'><strong>amant</strong></span> <span class='ocrx_word' id='word_1_287' title='bbox 981 2429 1106 2470; x_wconf 90' lang='lat' dir='ltr'><strong>eum</strong></span> <span class='ocrx_word' id='word_1_288' title='bbox 1146 2417 1238 2487; x_wconf 91' lang='lat' dir='ltr'><strong>qui</strong></span> <span class='ocrx_word' id='word_1_289' title='bbox 1265 2415 1393 2473; x_wconf 80' lang='lat' dir='ltr'><strong>fecit</strong></span> <span class='ocrx_word' id='word_1_290' title='bbox 1423 2417 1624 2485; x_wconf 89' lang='lat' dir='ltr'><strong>omnia,</strong></span> 
     </span>
    </p>
   </div>
   <div class='ocr_carea' id='block_1_39' title="bbox 78 2506 1622 2582">
    <p class='ocr_par' dir='ltr' id='par_1_39' title="bbox 78 2506 1622 2582">
     <span class='ocr_line' id='line_1_39' title="bbox 78 2506 1622 2582; baseline 0.004 -22"><span class='ocrx_word' id='word_1_291' title='bbox 78 2514 234 2561; x_wconf 89' lang='lat' dir='ltr'><strong>uanto</strong></span> <span class='ocrx_word' id='word_1_292' title='bbox 282 2507 520 2577; x_wconf 89' lang='lat' dir='ltr'><strong>amplius</strong></span> <span class='ocrx_word' id='word_1_293' title='bbox 563 2506 619 2561; x_wconf 92' lang='lat' dir='ltr'><strong>in</strong></span> <span class='ocrx_word' id='word_1_294' title='bbox 657 2507 742 2561; x_wconf 84' lang='lat' dir='ltr'><strong>bis</strong></span> <span class='ocrx_word' id='word_1_295' title='bbox 788 2523 908 2578; x_wconf 87' lang='lat' dir='ltr'><strong>quae</strong></span> <span class='ocrx_word' id='word_1_296' title='bbox 951 2507 1094 2563; x_wconf 82' lang='lat' dir='ltr'><strong>facta</strong></span> <span class='ocrx_word' id='word_1_297' title='bbox 1141 2518 1267 2564; x_wconf 91' lang='lat' dir='ltr'><strong>sunt</strong></span> <span class='ocrx_word' id='word_1_298' title='bbox 1311 2509 1622 2582; x_wconf 87' lang='lat' dir='ltr'><strong>illigantur:</strong></span> 
     </span>
    </p>
   </div>
   <div class='ocr_carea' id='block_1_40' title="bbox 75 2595 1628 2668">
    <p class='ocr_par' dir='ltr' id='par_1_40' title="bbox 75 2595 1628 2668">
     <span class='ocr_line' id='line_1_40' title="bbox 75 2595 1628 2668; baseline 0.006 -18"><span class='ocrx_word' id='word_1_299' title='bbox 75 2606 91 2650; x_wconf 91' lang='lat' dir='ltr'><strong>t</strong></span> <span class='ocrx_word' id='word_1_300' title='bbox 109 2595 218 2664; x_wconf 89' lang='lat' dir='ltr'><strong>jam</strong></span> <span class='ocrx_word' id='word_1_301' title='bbox 250 2597 473 2668; x_wconf 90' lang='lat' dir='ltr'><strong>quidem</strong></span> <span class='ocrx_word' id='word_1_302' title='bbox 498 2612 755 2653; x_wconf 84' lang='lat' dir='ltr'><strong>exercere</strong></span> <span class='ocrx_word' id='word_1_303' title='bbox 792 2599 849 2654; x_wconf 90' lang='lat' dir='ltr'><strong>in</strong></span> <span class='ocrx_word' id='word_1_304' title='bbox 881 2600 1071 2656; x_wconf 91' lang='lat' dir='ltr'><strong>timore</strong></span> <span class='ocrx_word' id='word_1_305' title='bbox 1101 2599 1314 2656; x_wconf 88' lang='lat' dir='ltr'><strong>Domini</strong></span> <span class='ocrx_word' id='word_1_306' title='bbox 1362 2609 1418 2656; x_wconf 91' lang='lat' dir='ltr'><strong>et</strong></span> <span class='ocrx_word' id='word_1_307' title='bbox 1440 2617 1628 2659; x_wconf 90' lang='lat' dir='ltr'><strong>amore</strong></span> 
     </span>
    </p>
   </div>
   <div class='ocr_carea' id='block_1_41' title="bbox 76 2686 1627 2762">
    <p class='ocr_par' dir='ltr' id='par_1_41' title="bbox 76 2686 1627 2762">
     <span class='ocr_line' id='line_1_41' title="bbox 76 2686 1627 2762; baseline 0.006 -23"><span class='ocrx_word' id='word_1_308' title='bbox 76 2687 262 2741; x_wconf 80' lang='lat' dir='ltr'><strong>roximi</strong></span> <span class='ocrx_word' id='word_1_309' title='bbox 307 2686 536 2742; x_wconf 90' lang='lat' dir='ltr'><strong>tendere</strong></span> <span class='ocrx_word' id='word_1_310' title='bbox 582 2688 819 2755; x_wconf 86' lang='lat' dir='ltr'><strong>student,</strong></span> <span class='ocrx_word' id='word_1_311' title='bbox 868 2688 1010 2746; x_wconf 89' lang='lat' dir='ltr'><strong>bona</strong></span> <span class='ocrx_word' id='word_1_312' title='bbox 1055 2706 1219 2761; x_wconf 87' lang='lat' dir='ltr'><strong>opera</strong></span> <span class='ocrx_word' id='word_1_313' title='bbox 1271 2693 1627 2762; x_wconf 89' lang='lat' dir='ltr'><strong>corporaliter</strong></span> 
     </span>
    </p>
   </div>
   <div class='ocr_carea' id='block_1_42' title="bbox 72 2775 1626 2853">
    <p class='ocr_par' dir='ltr' id='par_1_42' title="bbox 72 2775 1626 2853">
     <span class='ocr_line' id='line_1_42' title="bbox 72 2775 1626 2853; baseline 0.005 -23"><span class='ocrx_word' id='word_1_314' title='bbox 72 2792 214 2846; x_wconf 82' lang='lat' dir='ltr'><strong>gere,</strong></span> <span class='ocrx_word' id='word_1_315' title='bbox 239 2775 604 2850; x_wconf 87' lang='lat' dir='ltr'><strong>eleemosynis</strong></span> <span class='ocrx_word' id='word_1_316' title='bbox 649 2788 870 2848; x_wconf 88' lang='lat' dir='ltr'><strong>peccata</strong></span> <span class='ocrx_word' id='word_1_317' title='bbox 920 2781 1206 2848; x_wconf 90' lang='lat' dir='ltr'><strong>redimere,</strong></span> <span class='ocrx_word' id='word_1_318' title='bbox 1258 2783 1352 2837; x_wconf 91' lang='lat' dir='ltr'><strong>sed</strong></span> <span class='ocrx_word' id='word_1_319' title='bbox 1395 2784 1521 2853; x_wconf 85' lang='lat' dir='ltr'><strong>quia</strong></span> <span class='ocrx_word' id='word_1_320' title='bbox 1571 2783 1626 2838; x_wconf 92' lang='lat' dir='ltr'><strong>in</strong></span> 
     </span>
    </p>
   </div>
   <div class='ocr_carea' id='block_1_43' title="bbox 76 2869 1629 2928">
    <p class='ocr_par' dir='ltr' id='par_1_43' title="bbox 76 2869 1629 2928">
     <span class='ocr_line' id='line_1_43' title="bbox 76 2869 1629 2928; baseline 0.005 -7"><span class='ocrx_word' id='word_1_321' title='bbox 76 2883 219 2923; x_wconf 92' lang='lat' dir='ltr'><strong>more</strong></span> <span class='ocrx_word' id='word_1_322' title='bbox 285 2869 487 2924; x_wconf 90' lang='lat' dir='ltr'><strong>intimo</strong></span> <span class='ocrx_word' id='word_1_323' title='bbox 541 2871 732 2925; x_wconf 88' lang='lat' dir='ltr'><strong>ardere</strong></span> <span class='ocrx_word' id='word_1_324' title='bbox 777 2871 844 2925; x_wconf 91' lang='lat' dir='ltr'><strong>ad</strong></span> <span class='ocrx_word' id='word_1_325' title='bbox 889 2871 1111 2926; x_wconf 80' lang='lat' dir='ltr'><strong>caeleste</strong></span> <span class='ocrx_word' id='word_1_326' title='bbox 1160 2873 1488 2928; x_wconf 89' lang='lat' dir='ltr'><strong>desiderium</strong></span> <span class='ocrx_word' id='word_1_327' title='bbox 1539 2889 1629 2928; x_wconf 91' lang='lat' dir='ltr'><strong>ne-</strong></span> 
     </span>
    </p>
   </div>
   <div class='ocr_carea' id='block_1_44' title="bbox 71 2961 1624 3032">
    <p class='ocr_par' dir='ltr' id='par_1_44' title="bbox 71 2961 1624 3032">
     <span class='ocr_line' id='line_1_44' title="bbox 71 2961 1624 3032; baseline 0.002 -17"><span class='ocrx_word' id='word_1_328' title='bbox 71 2961 230 3026; x_wconf 88' lang='lat' dir='ltr'><strong>ciunt,</strong></span> <span class='ocrx_word' id='word_1_329' title='bbox 253 2962 415 3032; x_wconf 89' lang='lat' dir='ltr'><strong>quasi</strong></span> <span class='ocrx_word' id='word_1_330' title='bbox 439 2963 616 3017; x_wconf 90' lang='lat' dir='ltr'><strong>adhuc</strong></span> <span class='ocrx_word' id='word_1_331' title='bbox 630 2962 864 3017; x_wconf 89' lang='lat' dir='ltr'><strong>devincti</strong></span> <span class='ocrx_word' id='word_1_332' title='bbox 879 2963 1124 3032; x_wconf 90' lang='lat' dir='ltr'><strong>corporis</strong></span> <span class='ocrx_word' id='word_1_333' title='bbox 1154 2965 1402 3019; x_wconf 91' lang='lat' dir='ltr'><strong>sensibus</strong></span> <span class='ocrx_word' id='word_1_334' title='bbox 1433 2974 1624 3020; x_wconf 91' lang='lat' dir='ltr'><strong>tenen-</strong></span> 
     </span>
    </p>
   </div>
   <div class='ocr_carea' id='block_1_45' title="bbox 71 3051 1627 3122">
    <p class='ocr_par' dir='ltr' id='par_1_45' title="bbox 71 3051 1627 3122">
     <span class='ocr_line' id='line_1_45' title="bbox 71 3051 1627 3122; baseline 0.004 -17"><span class='ocrx_word' id='word_1_335' title='bbox 71 3068 143 3105; x_wconf 90' lang='lat' dir='ltr'><strong>nr.</strong></span> <span class='ocrx_word' id='word_1_336' title='bbox 181 3051 272 3108; x_wconf 90' lang='lat' dir='ltr'><strong>isti</strong></span> <span class='ocrx_word' id='word_1_337' title='bbox 315 3053 508 3122; x_wconf 84' lang='lat' dir='ltr'><strong>itaque</strong></span> <span class='ocrx_word' id='word_1_338' title='bbox 533 3052 801 3108; x_wconf 90' lang='lat' dir='ltr'><strong>thalamus</strong></span> <span class='ocrx_word' id='word_1_339' title='bbox 829 3070 934 3110; x_wconf 91' lang='lat' dir='ltr'><strong>non</strong></span> <span class='ocrx_word' id='word_1_340' title='bbox 964 3062 1107 3120; x_wconf 88' lang='lat' dir='ltr'><strong>sunt,</strong></span> <span class='ocrx_word' id='word_1_341' title='bbox 1147 3056 1243 3111; x_wconf 91' lang='lat' dir='ltr'><strong>sed</strong></span> <span class='ocrx_word' id='word_1_342' title='bbox 1269 3064 1450 3113; x_wconf 91' lang='lat' dir='ltr'><strong>tamen</strong></span> <span class='ocrx_word' id='word_1_343' title='bbox 1484 3057 1627 3111; x_wconf 92' lang='lat' dir='ltr'><strong>inter</strong></span> 
     </span>
    </p>
   </div>
   <div class='ocr_carea' id='block_1_46' title="bbox 69 3143 1625 3218">
    <p class='ocr_par' dir='ltr' id='par_1_46' title="bbox 69 3143 1625 3218">
     <span class='ocr_line' id='line_1_46' title="bbox 69 3143 1625 3218; baseline 0.004 -23"><span class='ocrx_word' id='word_1_344' title='bbox 69 3143 298 3199; x_wconf 85' lang='lat' dir='ltr'><strong>halamos</strong></span> <span class='ocrx_word' id='word_1_345' title='bbox 335 3143 708 3211; x_wconf 87' lang='lat' dir='ltr'><strong>continentur,</strong></span> <span class='ocrx_word' id='word_1_346' title='bbox 751 3144 844 3214; x_wconf 90' lang='lat' dir='ltr'><strong>qui</strong></span> <span class='ocrx_word' id='word_1_347' title='bbox 887 3161 986 3215; x_wconf 91' lang='lat' dir='ltr'><strong>per</strong></span> <span class='ocrx_word' id='word_1_348' title='bbox 1014 3161 1203 3201; x_wconf 80' lang='lat' dir='ltr'><strong>eorum</strong></span> <span class='ocrx_word' id='word_1_349' title='bbox 1231 3147 1505 3216; x_wconf 88' lang='lat' dir='ltr'><strong>ducatum,</strong></span> <span class='ocrx_word' id='word_1_350' title='bbox 1532 3148 1625 3218; x_wconf 90' lang='lat' dir='ltr'><strong>qui</strong></span> 
     </span>
    </p>
   </div>
   <div class='ocr_carea' id='block_1_47' title="bbox 1732 1952 3330 2027">
    <p class='ocr_par' dir='ltr' id='par_1_47' title="bbox 1732 1952 3330 2027">
     <span class='ocr_line' id='line_1_47' title="bbox 1732 1952 3330 2027; baseline 0 -15"><span class='ocrx_word' id='word_1_351' title='bbox 1732 1957 1907 2013; x_wconf 89' lang='lat' dir='ltr'><strong>tinent</strong></span> <span class='ocrx_word' id='word_1_352' title='bbox 1952 1967 2371 2013; x_wconf 90' lang='lat' dir='ltr'><strong>sacramentum.</strong></span> <span class='ocrx_word' id='word_1_353' title='bbox 2438 1952 2702 2027; x_wconf 82' lang='lat' dir='ltr'><strong>(Gregor.)</strong></span> <span class='ocrx_word' id='word_1_354' title='bbox 2767 1957 2906 2010; x_wconf 91' lang='lat' dir='ltr'><strong>Dum</strong></span> <span class='ocrx_word' id='word_1_355' title='bbox 2955 1955 3118 2012; x_wconf 90' lang='lat' dir='ltr'><strong>limen</strong></span> <span class='ocrx_word' id='word_1_356' title='bbox 3185 1957 3330 2026; x_wconf 86' lang='lat' dir='ltr'><strong>quod</strong></span> 
     </span>
    </p>
   </div>
   <div class='ocr_carea' id='block_1_48' title="bbox 1730 2045 3331 2118">
    <p class='ocr_par' dir='ltr' id='par_1_48' title="bbox 1730 2045 3331 2118">
     <span class='ocr_line' id='line_1_48' title="bbox 1730 2045 3331 2118; baseline -0.002 -14"><span class='ocrx_word' id='word_1_357' title='bbox 1730 2049 1890 2105; x_wconf 90' lang='lat' dir='ltr'><strong>modo</strong></span> <span class='ocrx_word' id='word_1_358' title='bbox 1930 2047 2256 2104; x_wconf 90' lang='lat' dir='ltr'><strong>describitur</strong></span> <span class='ocrx_word' id='word_1_359' title='bbox 2294 2047 2452 2118; x_wconf 83' lang='lat' dir='ltr'><strong>juxta</strong></span> <span class='ocrx_word' id='word_1_360' title='bbox 2495 2045 2819 2102; x_wconf 89' lang='lat' dir='ltr'><strong>vestibulum</strong></span> <span class='ocrx_word' id='word_1_361' title='bbox 2854 2055 3028 2117; x_wconf 73' lang='lat' dir='ltr'><strong>portae</strong></span> <span class='ocrx_word' id='word_1_362' title='bbox 3071 2047 3331 2102; x_wconf 79' lang='lat' dir='ltr'><strong>intrinse-</strong></span> 
     </span>
    </p>
   </div>
   <div class='ocr_carea' id='block_1_49' title="bbox 1729 2139 3328 2210">
    <p class='ocr_par' dir='ltr' id='par_1_49' title="bbox 1729 2139 3328 2210">
     <span class='ocr_line' id='line_1_49' title="bbox 1729 2139 3328 2210; baseline -0.002 -13"><span class='ocrx_word' id='word_1_363' title='bbox 1729 2155 1827 2197; x_wconf 87' lang='lat' dir='ltr'><strong>cus</strong></span> <span class='ocrx_word' id='word_1_364' title='bbox 1871 2155 1990 2197; x_wconf 90' lang='lat' dir='ltr'><strong>esse</strong></span> <span class='ocrx_word' id='word_1_365' title='bbox 2017 2147 2370 2205; x_wconf 89' lang='lat' dir='ltr'><strong>memoratur,</strong></span> <span class='ocrx_word' id='word_1_366' title='bbox 2419 2147 2604 2209; x_wconf 88' lang='lat' dir='ltr'><strong>aperte</strong></span> <span class='ocrx_word' id='word_1_367' title='bbox 2644 2139 2966 2207; x_wconf 89' lang='lat' dir='ltr'><strong>ostenditur,</strong></span> <span class='ocrx_word' id='word_1_368' title='bbox 3007 2140 3135 2210; x_wconf 87' lang='lat' dir='ltr'><strong>quia</strong></span> <span class='ocrx_word' id='word_1_369' title='bbox 3160 2139 3328 2195; x_wconf 90' lang='lat' dir='ltr'><strong>limen</strong></span> 
     </span>
    </p>
   </div>
   <div class='ocr_carea' id='block_1_50' title="bbox 1730 2229 3332 2304">
    <p class='ocr_par' dir='ltr' id='par_1_50' title="bbox 1730 2229 3332 2304">
     <span class='ocr_line' id='line_1_50' title="bbox 1730 2229 3332 2304; baseline -0.002 -15"><span class='ocrx_word' id='word_1_370' title='bbox 1730 2233 1875 2304; x_wconf 90' lang='lat' dir='ltr'><strong>quod</strong></span> <span class='ocrx_word' id='word_1_371' title='bbox 1922 2233 2073 2304; x_wconf 89' lang='lat' dir='ltr'><strong>prius</strong></span> <span class='ocrx_word' id='word_1_372' title='bbox 2120 2231 2451 2302; x_wconf 89' lang='lat' dir='ltr'><strong>descriptum</strong></span> <span class='ocrx_word' id='word_1_373' title='bbox 2493 2239 2598 2298; x_wconf 92' lang='lat' dir='ltr'><strong>est,</strong></span> <span class='ocrx_word' id='word_1_374' title='bbox 2647 2232 2987 2287; x_wconf 85' lang='lat' dir='ltr'><strong>extrinsecus</strong></span> <span class='ocrx_word' id='word_1_375' title='bbox 3038 2229 3158 2286; x_wconf 85' lang='lat' dir='ltr'><strong>fuit.</strong></span> <span class='ocrx_word' id='word_1_376' title='bbox 3221 2230 3332 2286; x_wconf 86' lang='lat' dir='ltr'><strong>Sed</strong></span> 
     </span>
    </p>
   </div>
   <div class='ocr_carea' id='block_1_51' title="bbox 1729 2321 3328 2396">
    <p class='ocr_par' dir='ltr' id='par_1_51' title="bbox 1729 2321 3328 2396">
     <span class='ocr_line' id='line_1_51' title="bbox 1729 2321 3328 2396; baseline -0.004 -14"><span class='ocrx_word' id='word_1_377' title='bbox 1729 2325 1777 2382; x_wconf 89' lang='lat' dir='ltr'><strong>si</strong></span> <span class='ocrx_word' id='word_1_378' title='bbox 1811 2333 1968 2396; x_wconf 89' lang='lat' dir='ltr'><strong>porta</strong></span> <span class='ocrx_word' id='word_1_379' title='bbox 2001 2333 2086 2382; x_wconf 86' lang='lat' dir='ltr'><strong>est</strong></span> <span class='ocrx_word' id='word_1_380' title='bbox 2124 2325 2406 2391; x_wconf 88' lang='lat' dir='ltr'><strong>Dominus,</strong></span> <span class='ocrx_word' id='word_1_381' title='bbox 2441 2321 2586 2393; x_wconf 91' lang='lat' dir='ltr'><strong>quod</strong></span> <span class='ocrx_word' id='word_1_382' title='bbox 2621 2322 2691 2378; x_wconf 90' lang='lat' dir='ltr'><strong>sit</strong></span> <span class='ocrx_word' id='word_1_383' title='bbox 2733 2322 2900 2378; x_wconf 90' lang='lat' dir='ltr'><strong>limen</strong></span> <span class='ocrx_word' id='word_1_384' title='bbox 2927 2330 3098 2394; x_wconf 82' lang='lat' dir='ltr'><strong>portae</strong></span> <span class='ocrx_word' id='word_1_385' title='bbox 3127 2322 3328 2378; x_wconf 87' lang='lat' dir='ltr'><strong>intrin-</strong></span> 
     </span>
    </p>
   </div>
   <div class='ocr_carea' id='block_1_52' title="bbox 1730 2412 3330 2484">
    <p class='ocr_par' dir='ltr' id='par_1_52' title="bbox 1730 2412 3330 2484">
     <span class='ocr_line' id='line_1_52' title="bbox 1730 2412 3330 2484; baseline -0.004 -11"><span class='ocrx_word' id='word_1_386' title='bbox 1730 2431 1890 2475; x_wconf 88' lang='lat' dir='ltr'><strong>secus</strong></span> <span class='ocrx_word' id='word_1_387' title='bbox 1922 2425 1978 2472; x_wconf 91' lang='lat' dir='ltr'><strong>et</strong></span> <span class='ocrx_word' id='word_1_388' title='bbox 2013 2416 2355 2472; x_wconf 83' lang='lat' dir='ltr'><strong>extrinsecus</strong></span> <span class='ocrx_word' id='word_1_389' title='bbox 2382 2415 2744 2484; x_wconf 90' lang='lat' dir='ltr'><strong>requiramus.</strong></span> <span class='ocrx_word' id='word_1_390' title='bbox 2791 2412 2897 2470; x_wconf 89' lang='lat' dir='ltr'><strong>Per</strong></span> <span class='ocrx_word' id='word_1_391' title='bbox 2933 2413 3099 2469; x_wconf 89' lang='lat' dir='ltr'><strong>limen</strong></span> <span class='ocrx_word' id='word_1_392' title='bbox 3126 2413 3330 2468; x_wconf 88' lang='lat' dir='ltr'><strong>etenim</strong></span> 
     </span>
    </p>
   </div>
   <div class='ocr_carea' id='block_1_53' title="bbox 1729 2504 3322 2580">
    <p class='ocr_par' dir='ltr' id='par_1_53' title="bbox 1729 2504 3322 2580">
     <span class='ocr_line' id='line_1_53' title="bbox 1729 2504 3322 2580; baseline -0.003 -17"><span class='ocrx_word' id='word_1_393' title='bbox 1729 2518 1941 2580; x_wconf 90' lang='lat' dir='ltr'><strong>portam</strong></span> <span class='ocrx_word' id='word_1_394' title='bbox 1978 2507 2349 2578; x_wconf 90' lang='lat' dir='ltr'><strong>unusquisque</strong></span> <span class='ocrx_word' id='word_1_395' title='bbox 2405 2507 2722 2579; x_wconf 81' lang='lat' dir='ltr'><strong>ingreditur.</strong></span> <span class='ocrx_word' id='word_1_396' title='bbox 2772 2504 2842 2560; x_wconf 91' lang='lat' dir='ltr'><strong>Et</strong></span> <span class='ocrx_word' id='word_1_397' title='bbox 2883 2521 3003 2578; x_wconf 80' lang='lat' dir='ltr'><strong>quae</strong></span> <span class='ocrx_word' id='word_1_398' title='bbox 3053 2513 3180 2562; x_wconf 91' lang='lat' dir='ltr'><strong>sunt</strong></span> <span class='ocrx_word' id='word_1_399' title='bbox 3214 2504 3322 2560; x_wconf 92' lang='lat' dir='ltr'><strong>duo</strong></span> 
     </span>
    </p>
   </div>
   <div class='ocr_carea' id='block_1_54' title="bbox 1729 2598 3319 2672">
    <p class='ocr_par' dir='ltr' id='par_1_54' title="bbox 1729 2598 3319 2672">
     <span class='ocr_line' id='line_1_54' title="bbox 1729 2598 3319 2672; baseline -0.003 -16"><span class='ocrx_word' id='word_1_400' title='bbox 1729 2602 1847 2657; x_wconf 67' lang='lat' dir='ltr'><strong>hazc</strong></span> <span class='ocrx_word' id='word_1_401' title='bbox 1897 2601 2105 2667; x_wconf 89' lang='lat' dir='ltr'><strong>limina,</strong></span> <span class='ocrx_word' id='word_1_402' title='bbox 2147 2601 2251 2656; x_wconf 90' lang='lat' dir='ltr'><strong>nisi</strong></span> <span class='ocrx_word' id='word_1_403' title='bbox 2287 2611 2474 2672; x_wconf 88' lang='lat' dir='ltr'><strong>patres</strong></span> <span class='ocrx_word' id='word_1_404' title='bbox 2515 2598 2827 2654; x_wconf 89' lang='lat' dir='ltr'><strong>testamenti</strong></span> <span class='ocrx_word' id='word_1_405' title='bbox 2876 2599 3096 2664; x_wconf 89' lang='lat' dir='ltr'><strong>veteris,</strong></span> <span class='ocrx_word' id='word_1_406' title='bbox 3143 2607 3196 2654; x_wconf 90' lang='lat' dir='ltr'><strong>et</strong></span> <span class='ocrx_word' id='word_1_407' title='bbox 3221 2614 3319 2670; x_wconf 88' lang='lat' dir='ltr'><strong>pa-</strong></span> 
     </span>
    </p>
   </div>
   <div class='ocr_carea' id='block_1_55' title="bbox 1733 2681 3331 2766">
    <p class='ocr_par' dir='ltr' id='par_1_55' title="bbox 1733 2681 3331 2766">
     <span class='ocr_line' id='line_1_55' title="bbox 1733 2681 3331 2766; baseline -0.003 -17"><span class='ocrx_word' id='word_1_408' title='bbox 1733 2702 1842 2750; x_wconf 90' lang='lat' dir='ltr'><strong>tres</strong></span> <span class='ocrx_word' id='word_1_409' title='bbox 1872 2692 2181 2749; x_wconf 89' lang='lat' dir='ltr'><strong>testamenti</strong></span> <span class='ocrx_word' id='word_1_410' title='bbox 2213 2692 2335 2746; x_wconf 91' lang='lat' dir='ltr'><strong>novi</strong></span> <span class='ocrx_word' id='word_1_411' title='bbox 2356 2691 2379 2744; x_wconf 86' lang='lat'><strong>?</strong></span> <span class='ocrx_word' id='word_1_412' title='bbox 2399 2681 2404 2685; x_wconf 64' lang='grc'><strong><em>’</em></strong></span> <span class='ocrx_word' id='word_1_413' title='bbox 2426 2690 2543 2747; x_wconf 88' lang='lat' dir='ltr'><strong>Non</strong></span> <span class='ocrx_word' id='word_1_414' title='bbox 2579 2690 2756 2746; x_wconf 89' lang='lat' dir='ltr'><strong>solum</strong></span> <span class='ocrx_word' id='word_1_415' title='bbox 2801 2689 2998 2766; x_wconf 88' lang='lat' dir='ltr'><strong>quippe</strong></span> <span class='ocrx_word' id='word_1_416' title='bbox 3024 2689 3080 2744; x_wconf 90' lang='lat' dir='ltr'><strong>hi</strong></span> <span class='ocrx_word' id='word_1_417' title='bbox 3106 2690 3173 2746; x_wconf 90' lang='lat' dir='ltr'><strong>de</strong></span> <span class='ocrx_word' id='word_1_418' title='bbox 3209 2689 3331 2759; x_wconf 80' lang='lat' dir='ltr'><strong>qui-</strong></span> 
     </span>
    </p>
   </div>
   <div class='ocr_carea' id='block_1_56' title="bbox 1728 2781 3331 2852">
    <p class='ocr_par' dir='ltr' id='par_1_56' title="bbox 1728 2781 3331 2852">
     <span class='ocr_line' id='line_1_56' title="bbox 1728 2781 3331 2852; baseline -0.005 -10"><span class='ocrx_word' id='word_1_419' title='bbox 1728 2786 1832 2842; x_wconf 89' lang='lat' dir='ltr'><strong>bus</strong></span> <span class='ocrx_word' id='word_1_420' title='bbox 1874 2784 2134 2839; x_wconf 89' lang='lat' dir='ltr'><strong>Dominus</strong></span> <span class='ocrx_word' id='word_1_421' title='bbox 2190 2781 2465 2838; x_wconf 86' lang='lat' dir='ltr'><strong>incarnari</strong></span> <span class='ocrx_word' id='word_1_422' title='bbox 2515 2781 2768 2852; x_wconf 88' lang='lat' dir='ltr'><strong>dignatus</strong></span> <span class='ocrx_word' id='word_1_423' title='bbox 2823 2788 2930 2846; x_wconf 88' lang='lat' dir='ltr'><strong>est,</strong></span> <span class='ocrx_word' id='word_1_424' title='bbox 2985 2781 3080 2836; x_wconf 91' lang='lat' dir='ltr'><strong>sed</strong></span> <span class='ocrx_word' id='word_1_425' title='bbox 3142 2794 3331 2836; x_wconf 89' lang='lat' dir='ltr'><strong>omnes</strong></span> 
     </span>
    </p>
   </div>
   <div class='ocr_carea' id='block_1_57' title="bbox 1731 2869 3328 2942">
    <p class='ocr_par' dir='ltr' id='par_1_57' title="bbox 1731 2869 3328 2942">
     <span class='ocr_line' id='line_1_57' title="bbox 1731 2869 3328 2942; baseline -0.005 -10"><span class='ocrx_word' id='word_1_426' title='bbox 1731 2875 2044 2932; x_wconf 88' lang='lat' dir='ltr'><strong>testamenti</strong></span> <span class='ocrx_word' id='word_1_427' title='bbox 2070 2873 2272 2928; x_wconf 89' lang='lat' dir='ltr'><strong>veteris</strong></span> <span class='ocrx_word' id='word_1_428' title='bbox 2294 2880 2476 2942; x_wconf 91' lang='lat' dir='ltr'><strong>patres</strong></span> <span class='ocrx_word' id='word_1_429' title='bbox 2506 2880 2678 2942; x_wconf 59' lang='lat' dir='ltr'><strong>portae</strong></span> <span class='ocrx_word' id='word_1_430' title='bbox 2703 2869 2863 2938; x_wconf 92' lang='lat' dir='ltr'><strong>hujus</strong></span> <span class='ocrx_word' id='word_1_431' title='bbox 2892 2869 3059 2926; x_wconf 89' lang='lat' dir='ltr'><strong>limen</strong></span> <span class='ocrx_word' id='word_1_432' title='bbox 3088 2870 3328 2936; x_wconf 79' lang='lat' dir='ltr'><strong>fuerunt,</strong></span> 
     </span>
    </p>
   </div>
   <div class='ocr_carea' id='block_1_58' title="bbox 1731 2961 3334 3040">
    <p class='ocr_par' dir='ltr' id='par_1_58' title="bbox 1731 2961 3334 3040">
     <span class='ocr_line' id='line_1_58' title="bbox 1731 2961 3334 3040; baseline -0.002 -18"><span class='ocrx_word' id='word_1_433' title='bbox 1731 2966 1858 3040; x_wconf 91' lang='lat' dir='ltr'><strong>quia</strong></span> <span class='ocrx_word' id='word_1_434' title='bbox 1905 2967 1961 3021; x_wconf 91' lang='lat' dir='ltr'><strong>hi</strong></span> <span class='ocrx_word' id='word_1_435' title='bbox 2002 2965 2096 3036; x_wconf 92' lang='lat' dir='ltr'><strong>qui</strong></span> <span class='ocrx_word' id='word_1_436' title='bbox 2143 2979 2267 3018; x_wconf 91' lang='lat' dir='ltr'><strong>eum</strong></span> <span class='ocrx_word' id='word_1_437' title='bbox 2305 2961 2621 3034; x_wconf 77' lang='lat' dir='ltr'><strong>praedicare,</strong></span> <span class='ocrx_word' id='word_1_438' title='bbox 2668 2971 2722 3016; x_wconf 87' lang='lat' dir='ltr'><strong>et</strong></span> <span class='ocrx_word' id='word_1_439' title='bbox 2759 2961 2815 3016; x_wconf 93' lang='lat' dir='ltr'><strong>in</strong></span> <span class='ocrx_word' id='word_1_440' title='bbox 2855 2976 2922 3017; x_wconf 93' lang='lat' dir='ltr'><strong>eo</strong></span> <span class='ocrx_word' id='word_1_441' title='bbox 2969 2975 3188 3031; x_wconf 88' lang='lat' dir='ltr'><strong>sperare</strong></span> <span class='ocrx_word' id='word_1_442' title='bbox 3217 2976 3334 3018; x_wconf 84' lang='lat' dir='ltr'><strong>me-.</strong></span> 
     </span>
    </p>
   </div>
   <div class='ocr_carea' id='block_1_59' title="bbox 1731 3051 3332 3124">
    <p class='ocr_par' dir='ltr' id='par_1_59' title="bbox 1731 3051 3332 3124">
     <span class='ocr_line' id='line_1_59' title="bbox 1731 3051 3332 3124; baseline -0.004 -11"><span class='ocrx_word' id='word_1_443' title='bbox 1731 3065 1981 3124; x_wconf 85' lang='lat' dir='ltr'><strong>ruerunt,</strong></span> <span class='ocrx_word' id='word_1_444' title='bbox 2043 3056 2256 3111; x_wconf 91' lang='lat' dir='ltr'><strong>cunctis</strong></span> <span class='ocrx_word' id='word_1_445' title='bbox 2312 3055 2380 3109; x_wconf 92' lang='lat' dir='ltr'><strong>ad</strong></span> <span class='ocrx_word' id='word_1_446' title='bbox 2426 3069 2550 3108; x_wconf 91' lang='lat' dir='ltr'><strong>eum</strong></span> <span class='ocrx_word' id='word_1_447' title='bbox 2606 3051 2949 3107; x_wconf 90' lang='lat' dir='ltr'><strong>venientibus</strong></span> <span class='ocrx_word' id='word_1_448' title='bbox 3004 3059 3332 3123; x_wconf 89' lang='lat' dir='ltr'><strong>aperuerunt</strong></span> 
     </span>
    </p>
   </div>
   <div class='ocr_carea' id='block_1_60' title="bbox 1731 3140 3324 3216">
    <p class='ocr_par' dir='ltr' id='par_1_60' title="bbox 1731 3140 3324 3216">
     <span class='ocr_line' id='line_1_60' title="bbox 1731 3140 3324 3216; baseline -0.005 -14"><span class='ocrx_word' id='word_1_449' title='bbox 1731 3148 1938 3203; x_wconf 88' lang='lat' dir='ltr'><strong>aditum</strong></span> <span class='ocrx_word' id='word_1_450' title='bbox 1966 3145 2111 3213; x_wconf 91' lang='lat' dir='ltr'><strong>ﬁdei,</strong></span> <span class='ocrx_word' id='word_1_451' title='bbox 2141 3154 2203 3200; x_wconf 90' lang='lat' dir='ltr'><strong>ut</strong></span> <span class='ocrx_word' id='word_1_452' title='bbox 2229 3145 2407 3202; x_wconf 88' lang='lat' dir='ltr'><strong>omnis</strong></span> <span class='ocrx_word' id='word_1_453' title='bbox 2433 3144 2526 3216; x_wconf 94' lang='lat' dir='ltr'><strong>qui</strong></span> <span class='ocrx_word' id='word_1_454' title='bbox 2547 3140 2840 3199; x_wconf 88' lang='lat' dir='ltr'><strong>crediderit</strong></span> <span class='ocrx_word' id='word_1_455' title='bbox 2861 3141 3148 3197; x_wconf 89' lang='lat' dir='ltr'><strong>Dominum</strong></span> <span class='ocrx_word' id='word_1_456' title='bbox 3170 3140 3324 3212; x_wconf 89' lang='lat' dir='ltr'><strong>quasi</strong></span> 
     </span>
    </p>
   </div>
   <div class='ocr_carea' id='block_1_61' title="bbox 70 3231 3327 3310">
    <p class='ocr_par' dir='ltr' id='par_1_61' title="bbox 70 3231 3327 3310">
     <span class='ocr_line' id='line_1_61' title="bbox 70 3231 3327 3310; baseline -0.001 -22"><span class='ocrx_word' id='word_1_457' title='bbox 70 3235 294 3291; x_wconf 88' lang='lat' dir='ltr'><strong>isioncm</strong></span> <span class='ocrx_word' id='word_1_458' title='bbox 318 3235 420 3291; x_wconf 93' lang='lat' dir='ltr'><strong>Dei</strong></span> <span class='ocrx_word' id='word_1_459' title='bbox 445 3233 684 3304; x_wconf 83' lang='lat' dir='ltr'><strong>perfecte</strong></span> <span class='ocrx_word' id='word_1_460' title='bbox 708 3235 956 3305; x_wconf 90' lang='lat' dir='ltr'><strong>diligunt,</strong></span> <span class='ocrx_word' id='word_1_461' title='bbox 1002 3245 1057 3292; x_wconf 90' lang='lat' dir='ltr'><strong>et</strong></span> <span class='ocrx_word' id='word_1_462' title='bbox 1099 3237 1202 3308; x_wconf 90' lang='lat' dir='ltr'><strong>ipsi</strong></span> <span class='ocrx_word' id='word_1_463' title='bbox 1233 3238 1300 3293; x_wconf 89' lang='lat' dir='ltr'><strong>ad</strong></span> <span class='ocrx_word' id='word_1_464' title='bbox 1323 3236 1624 3310; x_wconf 80' lang='lat' dir='ltr'><strong>profectum</strong></span> <span class='ocrx_word' id='word_1_465' title='bbox 1651 3231 1696 3294; x_wconf 88' lang='lat' dir='ltr'><strong><em>C</em></strong></span> <span class='ocrx_word' id='word_1_466' title='bbox 1719 3239 1834 3308; x_wconf 89' lang='lat' dir='ltr'><strong>jam</strong></span> <span class='ocrx_word' id='word_1_467' title='bbox 1879 3247 2092 3310; x_wconf 86' lang='lat' dir='ltr'><strong>portam</strong></span> <span class='ocrx_word' id='word_1_468' title='bbox 2139 3236 2300 3307; x_wconf 88' lang='lat' dir='ltr'><strong>hujus</strong></span> <span class='ocrx_word' id='word_1_469' title='bbox 2353 3236 2556 3292; x_wconf 89' lang='lat' dir='ltr'><strong>liminis</strong></span> <span class='ocrx_word' id='word_1_470' title='bbox 2603 3236 2852 3290; x_wconf 86' lang='lat' dir='ltr'><strong>intraret.</strong></span> <span class='ocrx_word' id='word_1_471' title='bbox 2906 3235 3012 3289; x_wconf 91' lang='lat' dir='ltr'><strong>Sed</strong></span> <span class='ocrx_word' id='word_1_472' title='bbox 3061 3249 3158 3288; x_wconf 92' lang='lat' dir='ltr'><strong>cur</strong></span> <span class='ocrx_word' id='word_1_473' title='bbox 3202 3241 3327 3285; x_wconf 89' lang='lat' dir='ltr'><strong>ante</strong></span> 
     </span>
    </p>
   </div>
   <div class='ocr_carea' id='block_1_62' title="bbox 69 3325 1627 3401">
    <p class='ocr_par' dir='ltr' id='par_1_62' title="bbox 69 3325 1627 3401">
     <span class='ocr_line' id='line_1_62' title="bbox 69 3325 1627 3401; baseline 0.004 -23"><span class='ocrx_word' id='word_1_474' title='bbox 69 3326 234 3382; x_wconf 86' lang='lat' dir='ltr'><strong>neutis</strong></span> <span class='ocrx_word' id='word_1_475' title='bbox 299 3327 593 3382; x_wconf 90' lang='lat' dir='ltr'><strong>ducuntur.</strong></span> <span class='ocrx_word' id='word_1_476' title='bbox 661 3325 806 3382; x_wconf 87' lang='lat' dir='ltr'><strong>inter</strong></span> <span class='ocrx_word' id='word_1_477' title='bbox 866 3327 1132 3384; x_wconf 89' lang='lat' dir='ltr'><strong>thalamos</strong></span> <span class='ocrx_word' id='word_1_478' title='bbox 1198 3345 1327 3400; x_wconf 85' lang='lat' dir='ltr'><strong>ergo</strong></span> <span class='ocrx_word' id='word_1_479' title='bbox 1389 3330 1627 3401; x_wconf 90' lang='lat' dir='ltr'><strong>quinque</strong></span> 
     </span>
    </p>
   </div>
   <div class='ocr_carea' id='block_1_63' title="bbox 73 3415 1627 3492">
    <p class='ocr_par' dir='ltr' id='par_1_63' title="bbox 73 3415 1627 3492">
     <span class='ocr_line' id='line_1_63' title="bbox 73 3415 1627 3492; baseline 0.006 -25"><span class='ocrx_word' id='word_1_480' title='bbox 73 3423 161 3469; x_wconf 89' lang='lat' dir='ltr'><strong>unt</strong></span> <span class='ocrx_word' id='word_1_481' title='bbox 200 3415 369 3471; x_wconf 91' lang='lat' dir='ltr'><strong>cubiti</strong></span> <span class='ocrx_word' id='word_1_482' title='bbox 402 3433 414 3468; x_wconf 95' lang='lat'>:</span> <span class='ocrx_word' id='word_1_483' title='bbox 460 3416 585 3484; x_wconf 90' lang='lat' dir='ltr'><strong>quia</strong></span> <span class='ocrx_word' id='word_1_484' title='bbox 628 3416 684 3470; x_wconf 92' lang='lat' dir='ltr'><strong>hi</strong></span> <span class='ocrx_word' id='word_1_485' title='bbox 733 3416 826 3485; x_wconf 92' lang='lat' dir='ltr'><strong>qui</strong></span> <span class='ocrx_word' id='word_1_486' title='bbox 867 3419 935 3473; x_wconf 90' lang='lat' dir='ltr'><strong>ab</strong></span> <span class='ocrx_word' id='word_1_487' title='bbox 985 3420 1345 3476; x_wconf 82' lang='lat' dir='ltr'><strong>exterioribus</strong></span> <span class='ocrx_word' id='word_1_488' title='bbox 1388 3422 1627 3492; x_wconf 90' lang='lat' dir='ltr'><strong>quinque</strong></span> 
     </span>
    </p>
   </div>
   <div class='ocr_carea' id='block_1_64' title="bbox 70 3506 1624 3580">
    <p class='ocr_par' dir='ltr' id='par_1_64' title="bbox 70 3506 1624 3580">
     <span class='ocr_line' id='line_1_64' title="bbox 70 3506 1624 3580; baseline 0.003 -19"><span class='ocrx_word' id='word_1_489' title='bbox 70 3509 285 3564; x_wconf 84' lang='lat' dir='ltr'><strong>ensibus</strong></span> <span class='ocrx_word' id='word_1_490' title='bbox 321 3507 495 3563; x_wconf 87' lang='lat' dir='ltr'><strong>adhuc</strong></span> <span class='ocrx_word' id='word_1_491' title='bbox 523 3507 592 3561; x_wconf 91' lang='lat' dir='ltr'><strong>ad</strong></span> <span class='ocrx_word' id='word_1_492' title='bbox 620 3506 950 3563; x_wconf 90' lang='lat' dir='ltr'><strong>intellectum</strong></span> <span class='ocrx_word' id='word_1_493' title='bbox 984 3509 1270 3580; x_wconf 89' lang='lat' dir='ltr'><strong>mysticum</strong></span> <span class='ocrx_word' id='word_1_494' title='bbox 1299 3524 1408 3564; x_wconf 91' lang='lat' dir='ltr'><strong>non</strong></span> <span class='ocrx_word' id='word_1_495' title='bbox 1439 3525 1624 3566; x_wconf 81' lang='lat' dir='ltr'><strong>assur-</strong></span> 
     </span>
    </p>
   </div>
   <div class='ocr_carea' id='block_1_65' title="bbox 69 3599 1629 3671">
    <p class='ocr_par' dir='ltr' id='par_1_65' title="bbox 69 3599 1629 3671">
     <span class='ocr_line' id='line_1_65' title="bbox 69 3599 1629 3671; baseline 0.001 -17"><span class='ocrx_word' id='word_1_496' title='bbox 69 3611 189 3668; x_wconf 86' lang='lat' dir='ltr'><strong>;unt,</strong></span> <span class='ocrx_word' id='word_1_497' title='bbox 239 3601 367 3656; x_wconf 91' lang='lat' dir='ltr'><strong>dum</strong></span> <span class='ocrx_word' id='word_1_498' title='bbox 416 3600 556 3655; x_wconf 88' lang='lat' dir='ltr'><strong>inter</strong></span> <span class='ocrx_word' id='word_1_499' title='bbox 606 3615 699 3655; x_wconf 92' lang='lat' dir='ltr'><strong>eos</strong></span> <span class='ocrx_word' id='word_1_500' title='bbox 743 3605 869 3655; x_wconf 91' lang='lat' dir='ltr'><strong>sunt</strong></span> <span class='ocrx_word' id='word_1_501' title='bbox 909 3599 1000 3671; x_wconf 90' lang='lat' dir='ltr'><strong>qui</strong></span> <span class='ocrx_word' id='word_1_502' title='bbox 1046 3600 1238 3671; x_wconf 90' lang='lat' dir='ltr'><strong>spiritu</strong></span> <span class='ocrx_word' id='word_1_503' title='bbox 1283 3602 1484 3656; x_wconf 90' lang='lat' dir='ltr'><strong>amoris</strong></span> <span class='ocrx_word' id='word_1_504' title='bbox 1523 3601 1629 3655; x_wconf 82' lang='lat' dir='ltr'><strong>fer-</strong></span> 
     </span>
    </p>
   </div>
   <div class='ocr_carea' id='block_1_66' title="bbox 70 3691 1630 3759">
    <p class='ocr_par' dir='ltr' id='par_1_66' title="bbox 70 3691 1630 3759">
     <span class='ocr_line' id='line_1_66' title="bbox 70 3691 1630 3759; baseline 0.001 -13"><span class='ocrx_word' id='word_1_505' title='bbox 70 3702 182 3759; x_wconf 85' lang='lat' dir='ltr'><strong>ent,</strong></span> <span class='ocrx_word' id='word_1_506' title='bbox 207 3693 354 3748; x_wconf 88' lang='lat' dir='ltr'><strong>velut</strong></span> <span class='ocrx_word' id='word_1_507' title='bbox 381 3701 662 3749; x_wconf 89' lang='lat' dir='ltr'><strong>manentes</strong></span> <span class='ocrx_word' id='word_1_508' title='bbox 691 3693 834 3747; x_wconf 90' lang='lat' dir='ltr'><strong>inter</strong></span> <span class='ocrx_word' id='word_1_509' title='bbox 858 3691 1123 3747; x_wconf 91' lang='lat' dir='ltr'><strong>thalamos</strong></span> <span class='ocrx_word' id='word_1_510' title='bbox 1150 3693 1204 3747; x_wconf 92' lang='lat' dir='ltr'><strong>in</strong></span> <span class='ocrx_word' id='word_1_511' title='bbox 1231 3691 1354 3748; x_wconf 87' lang='lat' dir='ltr'><strong>ﬁdei</strong></span> <span class='ocrx_word' id='word_1_512' title='bbox 1381 3703 1630 3749; x_wconf 87' lang='lat' dir='ltr'><strong>constru-</strong></span> 
     </span>
    </p>
   </div>
   <div class='ocr_carea' id='block_1_67' title="bbox 69 3785 1628 3859">
    <p class='ocr_par' dir='ltr' id='par_1_67' title="bbox 69 3785 1628 3859">
     <span class='ocr_line' id='line_1_67' title="bbox 69 3785 1628 3859; baseline 0.001 -19"><span class='ocrx_word' id='word_1_513' title='bbox 69 3789 219 3842; x_wconf 78' lang='lat' dir='ltr'><strong>:tione</strong></span> <span class='ocrx_word' id='word_1_514' title='bbox 259 3787 568 3859; x_wconf 90' lang='lat' dir='ltr'><strong>proﬁciunt,</strong></span> <span class='ocrx_word' id='word_1_515' title='bbox 600 3794 657 3842; x_wconf 90' lang='lat' dir='ltr'><strong>ct</strong></span> <span class='ocrx_word' id='word_1_516' title='bbox 683 3802 716 3841; x_wconf 90' lang='lat' dir='ltr'><strong>a</strong></span> <span class='ocrx_word' id='word_1_517' title='bbox 739 3800 993 3842; x_wconf 90' lang='lat' dir='ltr'><strong>mensura</strong></span> <span class='ocrx_word' id='word_1_518' title='bbox 1019 3785 1258 3841; x_wconf 68' lang='lat' dir='ltr'><strong>caelestis</strong></span> <span class='ocrx_word' id='word_1_519' title='bbox 1285 3785 1496 3841; x_wconf 67' lang='lat' dir='ltr'><strong>aediﬁcii</strong></span> <span class='ocrx_word' id='word_1_520' title='bbox 1521 3786 1628 3842; x_wconf 83' lang='lat' dir='ltr'><strong>dis-</strong></span> 
     </span>
    </p>
   </div>
   <div class='ocr_carea' id='block_1_68' title="bbox 69 3877 1628 3950">
    <p class='ocr_par' dir='ltr' id='par_1_68' title="bbox 69 3877 1628 3950">
     <span class='ocr_line' id='line_1_68' title="bbox 69 3877 1628 3950; baseline 0.001 -17"><span class='ocrx_word' id='word_1_521' title='bbox 69 3879 205 3934; x_wconf 88' lang='lat' dir='ltr'><strong>uncti</strong></span> <span class='ocrx_word' id='word_1_522' title='bbox 243 3893 353 3933; x_wconf 90' lang='lat' dir='ltr'><strong>non</strong></span> <span class='ocrx_word' id='word_1_523' title='bbox 395 3886 518 3934; x_wconf 89' lang='lat' dir='ltr'><strong>sunt</strong></span> <span class='ocrx_word' id='word_1_524' title='bbox 569 3896 583 3932; x_wconf 89' lang='lat'><strong>:</strong></span> <span class='ocrx_word' id='word_1_525' title='bbox 623 3893 751 3932; x_wconf 90' lang='lat' dir='ltr'><strong>nam</strong></span> <span class='ocrx_word' id='word_1_526' title='bbox 786 3885 840 3934; x_wconf 85' lang='lat' dir='ltr'><strong>et</strong></span> <span class='ocrx_word' id='word_1_527' title='bbox 873 3877 1146 3948; x_wconf 85' lang='lat' dir='ltr'><strong>paulisper</strong></span> <span class='ocrx_word' id='word_1_528' title='bbox 1179 3893 1239 3934; x_wconf 91' lang='lat' dir='ltr'><strong>se</strong></span> <span class='ocrx_word' id='word_1_529' title='bbox 1278 3879 1346 3934; x_wconf 90' lang='lat' dir='ltr'><strong>ab</strong></span> <span class='ocrx_word' id='word_1_530' title='bbox 1391 3879 1628 3950; x_wconf 88' lang='lat' dir='ltr'><strong>appetitu</strong></span> 
     </span>
    </p>
   </div>
   <div class='ocr_carea' id='block_1_69' title="bbox 70 3969 1630 4040">
    <p class='ocr_par' dir='ltr' id='par_1_69' title="bbox 70 3969 1630 4040">
     <span class='ocr_line' id='line_1_69' title="bbox 70 3969 1630 4040; baseline 0.001 -14"><span class='ocrx_word' id='word_1_531' title='bbox 70 3969 400 4040; x_wconf 89' lang='lat' dir='ltr'><strong>orporalium</strong></span> <span class='ocrx_word' id='word_1_532' title='bbox 447 3985 704 4026; x_wconf 87' lang='lat' dir='ltr'><strong>sensuum</strong></span> <span class='ocrx_word' id='word_1_533' title='bbox 752 3971 1093 4037; x_wconf 85' lang='lat' dir='ltr'><strong>abstrahunt,</strong></span> <span class='ocrx_word' id='word_1_534' title='bbox 1141 3978 1195 4026; x_wconf 85' lang='lat' dir='ltr'><strong>et</strong></span> <span class='ocrx_word' id='word_1_535' title='bbox 1225 3970 1450 4028; x_wconf 86' lang='lat' dir='ltr'><strong>dilatato</strong></span> <span class='ocrx_word' id='word_1_536' title='bbox 1478 3991 1630 4029; x_wconf 88' lang='lat' dir='ltr'><strong>men-</strong></span> 
     </span>
    </p>
   </div>
   <div class='ocr_carea' id='block_1_70' title="bbox 69 4061 1624 4134">
    <p class='ocr_par' dir='ltr' id='par_1_70' title="bbox 69 4061 1624 4134">
     <span class='ocr_line' id='line_1_70' title="bbox 69 4061 1624 4134; baseline 0.003 -19"><span class='ocrx_word' id='word_1_537' title='bbox 69 4061 111 4117; x_wconf 89' lang='lat' dir='ltr'><strong>is</strong></span> <span class='ocrx_word' id='word_1_538' title='bbox 154 4062 330 4130; x_wconf 90' lang='lat' dir='ltr'><strong>spatio</strong></span> <span class='ocrx_word' id='word_1_539' title='bbox 363 4063 642 4118; x_wconf 88' lang='lat' dir='ltr'><strong>imitantur</strong></span> <span class='ocrx_word' id='word_1_540' title='bbox 692 4062 1013 4117; x_wconf 89' lang='lat' dir='ltr'><strong>charitatem</strong></span> <span class='ocrx_word' id='word_1_541' title='bbox 1061 4077 1224 4133; x_wconf 90' lang='lat' dir='ltr'><strong>quam</strong></span> <span class='ocrx_word' id='word_1_542' title='bbox 1268 4065 1624 4134; x_wconf 87' lang='lat' dir='ltr'><strong>conspiciunt,</strong></span> 
     </span>
    </p>
   </div>
   <div class='ocr_carea' id='block_1_71' title="bbox 70 4153 1630 4232">
    <p class='ocr_par' dir='ltr' id='par_1_71' title="bbox 70 4153 1630 4232">
     <span class='ocr_line' id='line_1_71' title="bbox 70 4153 1630 4232; baseline 0.006 -27"><span class='ocrx_word' id='word_1_543' title='bbox 70 4154 162 4209; x_wconf 86' lang='lat' dir='ltr'><strong>inc</strong></span> <span class='ocrx_word' id='word_1_544' title='bbox 218 4153 346 4209; x_wconf 92' lang='lat' dir='ltr'><strong>inde</strong></span> <span class='ocrx_word' id='word_1_545' title='bbox 402 4156 471 4211; x_wconf 91' lang='lat' dir='ltr'><strong>ad</strong></span> <span class='ocrx_word' id='word_1_546' title='bbox 531 4154 799 4210; x_wconf 90' lang='lat' dir='ltr'><strong>thalamos</strong></span> <span class='ocrx_word' id='word_1_547' title='bbox 852 4156 1234 4212; x_wconf 89' lang='lat' dir='ltr'><strong>extenduntur.</strong></span> <span class='ocrx_word' id='word_1_548' title='bbox 1299 4157 1457 4225; x_wconf 84' lang='lat' dir='ltr'><strong>Quod</strong></span> <span class='ocrx_word' id='word_1_549' title='bbox 1499 4175 1630 4232; x_wconf 86' lang='lat' dir='ltr'><strong>ergo</strong></span> 
     </span>
    </p>
   </div>
   <div class='ocr_carea' id='block_1_72' title="bbox 73 4247 1627 4322">
    <p class='ocr_par' dir='ltr' id='par_1_72' title="bbox 73 4247 1627 4322">
     <span class='ocr_line' id='line_1_72' title="bbox 73 4247 1627 4322; baseline 0.003 -21"><span class='ocrx_word' id='word_1_550' title='bbox 73 4261 143 4301; x_wconf 91' lang='lat' dir='ltr'><strong>on</strong></span> <span class='ocrx_word' id='word_1_551' title='bbox 167 4259 264 4317; x_wconf 92' lang='lat' dir='ltr'><strong>per</strong></span> <span class='ocrx_word' id='word_1_552' title='bbox 299 4262 397 4303; x_wconf 90' lang='lat' dir='ltr'><strong>sex</strong></span> <span class='ocrx_word' id='word_1_553' title='bbox 432 4247 772 4315; x_wconf 88' lang='lat' dir='ltr'><strong>cubitos,sed</strong></span> <span class='ocrx_word' id='word_1_554' title='bbox 791 4262 887 4318; x_wconf 90' lang='lat' dir='ltr'><strong>per</strong></span> <span class='ocrx_word' id='word_1_555' title='bbox 923 4247 1163 4319; x_wconf 91' lang='lat' dir='ltr'><strong>quinque</strong></span> <span class='ocrx_word' id='word_1_556' title='bbox 1193 4247 1450 4322; x_wconf 89' lang='lat' dir='ltr'><strong>descripti</strong></span> <span class='ocrx_word' id='word_1_557' title='bbox 1479 4259 1627 4318; x_wconf 90' lang='lat' dir='ltr'><strong>sunt,</strong></span> 
     </span>
    </p>
   </div>
   <div class='ocr_carea' id='block_1_73' title="bbox 70 4337 1633 4412">
    <p class='ocr_par' dir='ltr' id='par_1_73' title="bbox 70 4337 1633 4412">
     <span class='ocr_line' id='line_1_73' title="bbox 70 4337 1633 4412; baseline 0.001 -18"><span class='ocrx_word' id='word_1_558' title='bbox 70 4352 152 4405; x_wconf 56' lang='lat' dir='ltr'><strong>asa</strong></span> <span class='ocrx_word' id='word_1_559' title='bbox 196 4338 379 4395; x_wconf 91' lang='lat' dir='ltr'><strong>adhuc</strong></span> <span class='ocrx_word' id='word_1_560' title='bbox 413 4352 602 4394; x_wconf 90' lang='lat' dir='ltr'><strong>eorum</strong></span> <span class='ocrx_word' id='word_1_561' title='bbox 637 4337 975 4408; x_wconf 86' lang='lat' dir='ltr'><strong>imperfectio</strong></span> <span class='ocrx_word' id='word_1_562' title='bbox 1021 4340 1375 4412; x_wconf 85' lang='lat' dir='ltr'><strong>designatur:</strong></span> <span class='ocrx_word' id='word_1_563' title='bbox 1417 4339 1513 4396; x_wconf 87' lang='lat' dir='ltr'><strong>sed</strong></span> <span class='ocrx_word' id='word_1_564' title='bbox 1553 4351 1633 4396; x_wconf 90' lang='lat' dir='ltr'><strong>ta-</strong></span> 
     </span>
    </p>
   </div>
   <div class='ocr_carea' id='block_1_74' title="bbox 69 4429 1630 4502">
    <p class='ocr_par' dir='ltr' id='par_1_74' title="bbox 69 4429 1630 4502">
     <span class='ocr_line' id='line_1_74' title="bbox 69 4429 1630 4502; baseline 0.002 -17"><span class='ocrx_word' id='word_1_565' title='bbox 69 4447 160 4487; x_wconf 68' lang='lat' dir='ltr'><strong>men</strong></span> <span class='ocrx_word' id='word_1_566' title='bbox 207 4445 309 4502; x_wconf 88' lang='lat' dir='ltr'><strong>per</strong></span> <span class='ocrx_word' id='word_1_567' title='bbox 352 4431 552 4486; x_wconf 90' lang='lat' dir='ltr'><strong>bonum</strong></span> <span class='ocrx_word' id='word_1_568' title='bbox 602 4429 928 4486; x_wconf 91' lang='lat' dir='ltr'><strong>desiderium</strong></span> <span class='ocrx_word' id='word_1_569' title='bbox 968 4429 1025 4485; x_wconf 92' lang='lat' dir='ltr'><strong>in</strong></span> <span class='ocrx_word' id='word_1_570' title='bbox 1072 4444 1327 4486; x_wconf 89' lang='lat' dir='ltr'><strong>mensura</strong></span> <span class='ocrx_word' id='word_1_571' title='bbox 1370 4430 1630 4502; x_wconf 87' lang='lat' dir='ltr'><strong>spiritalis</strong></span> 
     </span>
    </p>
   </div>
   <div class='ocr_carea' id='block_1_75' title="bbox 69 4527 1626 4598">
    <p class='ocr_par' dir='ltr' id='par_1_75' title="bbox 69 4527 1626 4598">
     <span class='ocr_line' id='line_1_75' title="bbox 69 4527 1626 4598; baseline 0.003 -16"><span class='ocrx_word' id='word_1_572' title='bbox 69 4527 251 4582; x_wconf 79' lang='lat' dir='ltr'><strong>:diﬁcii</strong></span> <span class='ocrx_word' id='word_1_573' title='bbox 315 4542 434 4584; x_wconf 92' lang='lat' dir='ltr'><strong>esse</strong></span> <span class='ocrx_word' id='word_1_574' title='bbox 494 4536 864 4584; x_wconf 89' lang='lat' dir='ltr'><strong>memorantur</strong></span> <span class='ocrx_word' id='word_1_575' title='bbox 908 4545 922 4582; x_wconf 91' lang='lat'><strong>:</strong></span> <span class='ocrx_word' id='word_1_576' title='bbox 965 4529 1092 4598; x_wconf 89' lang='lat' dir='ltr'><strong>quia</strong></span> <span class='ocrx_word' id='word_1_577' title='bbox 1132 4535 1188 4584; x_wconf 90' lang='lat' dir='ltr'><strong>et</strong></span> <span class='ocrx_word' id='word_1_578' title='bbox 1238 4543 1370 4586; x_wconf 88' lang='lat' dir='ltr'><strong>voce</strong></span> <span class='ocrx_word' id='word_1_579' title='bbox 1427 4539 1626 4586; x_wconf 88' lang='lat' dir='ltr'><strong>sanctae</strong></span> 
     </span>
    </p>
   </div>
   <div class='ocr_carea' id='block_1_76' title="bbox 69 4709 1622 4776">
    <p class='ocr_par' dir='ltr' id='par_1_76' title="bbox 69 4709 1622 4776">
     <span class='ocr_line' id='line_1_76' title="bbox 69 4709 1622 4776; baseline 0.003 -11"><span class='ocrx_word' id='word_1_580' title='bbox 69 4709 218 4767; x_wconf 88' lang='lat' dir='ltr'><strong>neum</strong></span> <span class='ocrx_word' id='word_1_581' title='bbox 261 4709 510 4766; x_wconf 86' lang='lat' dir='ltr'><strong>viderunt</strong></span> <span class='ocrx_word' id='word_1_582' title='bbox 547 4709 693 4765; x_wconf 90' lang='lat' dir='ltr'><strong>oculi</strong></span> <span class='ocrx_word' id='word_1_583' title='bbox 742 4709 841 4776; x_wconf 91' lang='lat' dir='ltr'><strong>tui,</strong></span> <span class='ocrx_word' id='word_1_584' title='bbox 907 4719 964 4765; x_wconf 89' lang='lat' dir='ltr'><strong>et</strong></span> <span class='ocrx_word' id='word_1_585' title='bbox 1009 4710 1064 4765; x_wconf 89' lang='lat' dir='ltr'><strong>in</strong></span> <span class='ocrx_word' id='word_1_586' title='bbox 1104 4710 1243 4766; x_wconf 88' lang='lat' dir='ltr'><strong>libro</strong></span> <span class='ocrx_word' id='word_1_587' title='bbox 1297 4723 1389 4767; x_wconf 91' lang='lat' dir='ltr'><strong>tuo</strong></span> <span class='ocrx_word' id='word_1_588' title='bbox 1434 4709 1622 4769; x_wconf 76' lang='lat' dir='ltr'><strong>Omnes</strong></span> 
     </span>
    </p>
   </div>
   <div class='ocr_carea' id='block_1_77' title="bbox 72 4793 1623 4873">
    <p class='ocr_par' dir='ltr' id='par_1_77' title="bbox 72 4793 1623 4873">
     <span class='ocr_line' id='line_1_77' title="bbox 72 4793 1623 4873; baseline 0.001 -16"><span class='ocrx_word' id='word_1_589' title='bbox 72 4803 353 4858; x_wconf 91' lang='lat' dir='ltr'><strong>cribuntur</strong></span> <span class='ocrx_word' id='word_1_590' title='bbox 397 4799 589 4873; x_wconf 76' lang='lat' dir='ltr'><strong>(Psal.</strong></span> <span class='ocrx_word' id='word_1_591' title='bbox 640 4799 924 4871; x_wconf 75' lang='lat' dir='ltr'><strong>cxxxviu)</strong></span> <span class='ocrx_word' id='word_1_592' title='bbox 967 4801 1002 4868; x_wconf 75' lang='lat'><strong>;&#39;</strong></span> <span class='ocrx_word' id='word_1_593' title='bbox 1043 4802 1169 4871; x_wconf 92' lang='lat' dir='ltr'><strong>quia</strong></span> <span class='ocrx_word' id='word_1_594' title='bbox 1231 4803 1429 4857; x_wconf 89' lang='lat' dir='ltr'><strong>iterum</strong></span> <span class='ocrx_word' id='word_1_595' title='bbox 1473 4793 1623 4859; x_wconf 46' lang='lat' dir='ltr'><strong>Psal-&#39;</strong></span> 
     </span>
    </p>
   </div>
   <div class='ocr_carea' id='block_1_78' title="bbox 69 4875 1619 4948">
    <p class='ocr_par' dir='ltr' id='par_1_78' title="bbox 69 4875 1619 4948">
     <span class='ocr_line' id='line_1_78' title="bbox 69 4875 1619 4948; baseline 0.001 -2"><span class='ocrx_word' id='word_1_596' title='bbox 69 4891 199 4947; x_wconf 89' lang='lat' dir='ltr'><strong>nista</strong></span> <span class='ocrx_word' id='word_1_597' title='bbox 222 4891 394 4948; x_wconf 89' lang='lat' dir='ltr'><strong>dicit:</strong></span> <span class='ocrx_word' id='word_1_598' title='bbox 431 4881 451 4943; x_wconf 70' lang='lat'><strong>.‘</strong></span> <span class='ocrx_word' id='word_1_599' title='bbox 483 4890 764 4946; x_wconf 83' lang='lat' dir='ltr'><strong>Benediin</strong></span> <span class='ocrx_word' id='word_1_600' title='bbox 805 4903 995 4945; x_wconf 91' lang='lat' dir='ltr'><strong>omnes</strong></span> <span class='ocrx_word' id='word_1_601' title='bbox 1025 4892 1277 4946; x_wconf 88' lang='lat' dir='ltr'><strong>timentes</strong></span> <span class='ocrx_word' id='word_1_602' title='bbox 1324 4885 1384 4947; x_wconf 75' lang='lat' dir='ltr'><strong>se</strong></span> <span class='ocrx_word' id='word_1_603' title='bbox 1434 4875 1619 4948; x_wconf 84' lang='lat' dir='ltr'><strong>Domi-</strong></span> 
     </span>
    </p>
   </div>
   <div class='ocr_carea' id='block_1_79' title="bbox 69 4979 1620 5055">
    <p class='ocr_par' dir='ltr' id='par_1_79' title="bbox 69 4979 1620 5055">
     <span class='ocr_line' id='line_1_79' title="bbox 69 4979 1620 5055; baseline 0.001 -19"><span class='ocrx_word' id='word_1_604' title='bbox 69 4999 141 5038; x_wconf 64' lang='lat' dir='ltr'><strong>nus</strong></span> <span class='ocrx_word' id='word_1_605' title='bbox 171 4979 382 5055; x_wconf 91' lang='lat' dir='ltr'><strong>pusillis</strong></span> <span class='ocrx_word' id='word_1_606' title='bbox 428 4995 552 5037; x_wconf 89' lang='lat' dir='ltr'><strong>cum</strong></span> <span class='ocrx_word' id='word_1_607' title='bbox 579 4979 892 5050; x_wconf 88' lang='lat' dir='ltr'><strong>majoribus.</strong></span> <span class='ocrx_word' id='word_1_608' title='bbox 929 5000 949 5033; x_wconf 86' lang='grc'><strong>›</strong></span> <span class='ocrx_word' id='word_1_609' title='bbox 984 4979 1053 5036; x_wconf 81' lang='lat' dir='ltr'><strong>Hi</strong></span> <span class='ocrx_word' id='word_1_610' title='bbox 1098 4981 1280 5052; x_wconf 89' lang='lat' dir='ltr'><strong>itaque</strong></span> <span class='ocrx_word' id='word_1_611' title='bbox 1324 4991 1379 5036; x_wconf 90' lang='lat' dir='ltr'><strong>et</strong></span> <span class='ocrx_word' id='word_1_612' title='bbox 1419 4979 1620 5053; x_wconf 91' lang='lat' dir='ltr'><strong>imper-</strong></span> 
     </span>
    </p>
   </div>
   <div class='ocr_carea' id='block_1_80' title="bbox 69 5069 1640 5146">
    <p class='ocr_par' dir='ltr' id='par_1_80' title="bbox 69 5069 1640 5146">
     <span class='ocr_line' id='line_1_80' title="bbox 69 5069 1640 5146; baseline 0.001 -17"><span class='ocrx_word' id='word_1_613' title='bbox 69 5074 166 5129; x_wconf 76' lang='lat' dir='ltr'><strong>‘ecti</strong></span> <span class='ocrx_word' id='word_1_614' title='bbox 195 5082 323 5130; x_wconf 92' lang='lat' dir='ltr'><strong>sunt</strong></span> <span class='ocrx_word' id='word_1_615' title='bbox 367 5081 422 5130; x_wconf 90' lang='lat' dir='ltr'><strong>et</strong></span> <span class='ocrx_word' id='word_1_616' title='bbox 453 5071 628 5144; x_wconf 88' lang='lat' dir='ltr'><strong>pusilli</strong></span> <span class='ocrx_word' id='word_1_617' title='bbox 654 5090 667 5126; x_wconf 92' lang='lat'>:</span> <span class='ocrx_word' id='word_1_618' title='bbox 699 5073 754 5127; x_wconf 92' lang='lat' dir='ltr'><strong>in</strong></span> <span class='ocrx_word' id='word_1_619' title='bbox 784 5079 1046 5144; x_wconf 90' lang='lat' dir='ltr'><strong>quantum</strong></span> <span class='ocrx_word' id='word_1_620' title='bbox 1090 5083 1268 5130; x_wconf 90' lang='lat' dir='ltr'><strong>tamen</strong></span> <span class='ocrx_word' id='word_1_621' title='bbox 1299 5069 1640 5146; x_wconf 46' lang='lat' dir='ltr'><strong>cognoscere&quot;</strong></span> 
     </span>
    </p>
   </div>
   <div class='ocr_carea' id='block_1_81' title="bbox 69 5161 1638 5236">
    <p class='ocr_par' dir='ltr' id='par_1_81' title="bbox 69 5161 1638 5236">
     <span class='ocr_line' id='line_1_81' title="bbox 69 5161 1638 5236; baseline 0.003 -21"><span class='ocrx_word' id='word_1_622' title='bbox 69 5165 357 5231; x_wconf 65' lang='lat' dir='ltr'><strong>iraevalent,</strong></span> <span class='ocrx_word' id='word_1_623' title='bbox 402 5171 457 5218; x_wconf 93' lang='lat' dir='ltr'><strong>et</strong></span> <span class='ocrx_word' id='word_1_624' title='bbox 499 5161 668 5218; x_wconf 90' lang='lat' dir='ltr'><strong>Deum</strong></span> <span class='ocrx_word' id='word_1_625' title='bbox 707 5171 761 5217; x_wconf 91' lang='lat' dir='ltr'><strong>et</strong></span> <span class='ocrx_word' id='word_1_626' title='bbox 806 5161 1117 5234; x_wconf 86' lang='lat' dir='ltr'><strong>proximum</strong></span> <span class='ocrx_word' id='word_1_627' title='bbox 1166 5163 1416 5235; x_wconf 89' lang='lat' dir='ltr'><strong>diligunt,</strong></span> <span class='ocrx_word' id='word_1_628' title='bbox 1462 5173 1638 5236; x_wconf 15' lang='lat' dir='ltr'><strong>atque,</strong></span> 
     </span>
    </p>
   </div>
   <div class='ocr_carea' id='block_1_82' title="bbox 69 5254 1624 5328">
    <p class='ocr_par' dir='ltr' id='par_1_82' title="bbox 69 5254 1624 5328">
     <span class='ocr_line' id='line_1_82' title="bbox 69 5254 1624 5328; baseline 0.001 -17"><span class='ocrx_word' id='word_1_629' title='bbox 69 5257 162 5314; x_wconf 88' lang='lat' dir='ltr'><strong>deo</strong></span> <span class='ocrx_word' id='word_1_630' title='bbox 183 5259 326 5315; x_wconf 87' lang='lat' dir='ltr'><strong>bona</strong></span> <span class='ocrx_word' id='word_1_631' title='bbox 367 5269 486 5327; x_wconf 83' lang='lat' dir='ltr'><strong>quae</strong></span> <span class='ocrx_word' id='word_1_632' title='bbox 514 5263 759 5328; x_wconf 87' lang='lat' dir='ltr'><strong>possunt,</strong></span> <span class='ocrx_word' id='word_1_633' title='bbox 789 5269 897 5310; x_wconf 89' lang='lat' dir='ltr'><strong>non</strong></span> <span class='ocrx_word' id='word_1_634' title='bbox 921 5254 1198 5327; x_wconf 88' lang='lat' dir='ltr'><strong>negligunt</strong></span> <span class='ocrx_word' id='word_1_635' title='bbox 1228 5257 1462 5326; x_wconf 87' lang='lat' dir='ltr'><strong>operari.</strong></span> <span class='ocrx_word' id='word_1_636' title='bbox 1487 5255 1624 5325; x_wconf 85' lang='lat' dir='ltr'><strong>Quia</strong></span> 
     </span>
    </p>
   </div>
   <div class='ocr_carea' id='block_1_83' title="bbox 69 5346 1640 5426">
    <p class='ocr_par' dir='ltr' id='par_1_83' title="bbox 69 5346 1640 5426">
     <span class='ocr_line' id='line_1_83' title="bbox 69 5346 1640 5426; baseline 0.001 -23"><span class='ocrx_word' id='word_1_637' title='bbox 69 5352 143 5405; x_wconf 80' lang='lat' dir='ltr'><strong>:tsi</strong></span> <span class='ocrx_word' id='word_1_638' title='bbox 182 5351 412 5407; x_wconf 86' lang='lat' dir='ltr'><strong>necdum</strong></span> <span class='ocrx_word' id='word_1_639' title='bbox 459 5349 528 5405; x_wconf 89' lang='lat' dir='ltr'><strong>ad</strong></span> <span class='ocrx_word' id='word_1_640' title='bbox 579 5346 842 5420; x_wconf 88' lang='lat' dir='ltr'><strong>spiritalia</strong></span> <span class='ocrx_word' id='word_1_641' title='bbox 886 5349 1026 5404; x_wconf 87' lang='lat' dir='ltr'><strong>dona</strong></span> <span class='ocrx_word' id='word_1_642' title='bbox 1072 5349 1381 5418; x_wconf 84' lang='lat' dir='ltr'><strong>proﬁciunt,</strong></span> <span class='ocrx_word' id='word_1_643' title='bbox 1427 5356 1490 5404; x_wconf 88' lang='lat' dir='ltr'><strong>ut</strong></span> <span class='ocrx_word' id='word_1_644' title='bbox 1537 5347 1640 5426; x_wconf 73' lang='lat' dir='ltr'><strong>vel&quot;</strong></span> 
     </span>
    </p>
   </div>
   <div class='ocr_carea' id='block_1_84' title="bbox 69 5441 1627 5516">
    <p class='ocr_par' dir='ltr' id='par_1_84' title="bbox 69 5441 1627 5516">
     <span class='ocr_line' id='line_1_84' title="bbox 69 5441 1627 5516; baseline 0 -18"><span class='ocrx_word' id='word_1_645' title='bbox 69 5442 115 5498; x_wconf 79' lang='lat' dir='ltr'><strong>id</strong></span> <span class='ocrx_word' id='word_1_646' title='bbox 154 5444 450 5514; x_wconf 83' lang='lat' dir='ltr'><strong>perfectam</strong></span> <span class='ocrx_word' id='word_1_647' title='bbox 482 5443 869 5516; x_wconf 58' lang='lat' dir='ltr'><strong>Opera&#39;tionem,</strong></span> <span class='ocrx_word' id='word_1_648' title='bbox 912 5441 998 5496; x_wconf 82' lang='lat' dir='ltr'><strong>vel</strong></span> <span class='ocrx_word' id='word_1_649' title='bbox 1040 5441 1124 5496; x_wconf 66' lang='lat' dir='ltr'><strong>ad&#39;</strong></span> <span class='ocrx_word' id='word_1_650' title='bbox 1155 5441 1467 5498; x_wconf 63' lang='lat' dir='ltr'><strong>succeus‘am</strong></span> <span class='ocrx_word' id='word_1_651' title='bbox 1497 5457 1627 5498; x_wconf 87' lang='lat' dir='ltr'><strong>con-</strong></span> 
     </span>
    </p>
   </div>
   <div class='ocr_carea' id='block_1_85' title="bbox 74 5531 1638 5610">
    <p class='ocr_par' dir='ltr' id='par_1_85' title="bbox 74 5531 1638 5610">
     <span class='ocr_line' id='line_1_85' title="bbox 74 5531 1638 5610; baseline -0.001 -18"><span class='ocrx_word' id='word_1_652' title='bbox 74 5537 446 5607; x_wconf 78' lang='lat' dir='ltr'><strong>empla&#39;tionem</strong></span> <span class='ocrx_word' id='word_1_653' title='bbox 483 5535 723 5592; x_wconf 78' lang='lat' dir='ltr'><strong>animum</strong></span> <span class='ocrx_word' id='word_1_654' title='bbox 764 5533 962 5610; x_wconf 81' lang='lat' dir='ltr'><strong>capere</strong></span> <span class='ocrx_word' id='word_1_655' title='bbox 1001 5531 1344 5604; x_wconf 82' lang='lat' dir='ltr'><strong>praevaleant,</strong></span> <span class='ocrx_word' id='word_1_656' title='bbox 1391 5539 1499 5590; x_wconf 82' lang='lat' dir='ltr'><strong>non</strong></span> <span class='ocrx_word' id='word_1_657' title='bbox 1543 5531 1638 5592; x_wconf 54' lang='lat' dir='ltr'><strong>re?</strong></span> 
     </span>
    </p>
   </div>
   <div class='ocr_carea' id='block_1_86' title="bbox 69 5615 1627 5697">
    <p class='ocr_par' dir='ltr' id='par_1_86' title="bbox 69 5615 1627 5697">
     <span class='ocr_line' id='line_1_86' title="bbox 69 5615 1627 5697; baseline -0.001 -16"><span class='ocrx_word' id='word_1_658' title='bbox 69 5629 244 5683; x_wconf 86' lang='lat' dir='ltr'><strong>:c&#39;dunt</strong></span> <span class='ocrx_word' id='word_1_659' title='bbox 274 5627 457 5683; x_wconf 77' lang='lat' dir='ltr'><strong>:nn‘de</strong></span> <span class='ocrx_word' id='word_1_660' title='bbox 503 5627 564 5681; x_wconf 82' lang='lat' dir='ltr'><strong>ﬁt</strong></span> <span class='ocrx_word' id='word_1_661' title='bbox 589 5633 650 5681; x_wconf 88' lang='lat' dir='ltr'><strong>ut</strong></span> <span class='ocrx_word' id='word_1_662' title='bbox 694 5626 796 5697; x_wconf 85' lang='lat' dir='ltr'><strong>ipsi</strong></span> <span class='ocrx_word' id='word_1_663' title='bbox 842 5631 1076 5696; x_wconf 77' lang='lat' dir='ltr'><strong>quoque,</strong></span> <span class='ocrx_word' id='word_1_664' title='bbox 1107 5615 1232 5679; x_wconf 82' lang='lat' dir='ltr'><strong>etsi</strong></span> <span class='ocrx_word' id='word_1_665' title='bbox 1259 5619 1627 5690; x_wconf 23' lang='lat' dir='ltr'><strong>minori‘loco,</strong></span> 
     </span>
    </p>
   </div>
   <div class='ocr_carea' id='block_1_87' title="bbox 75 5703 1644 5788">
    <p class='ocr_par' dir='ltr' id='par_1_87' title="bbox 75 5703 1644 5788">
     <span class='ocr_line' id='line_1_87' title="bbox 75 5703 1644 5788; baseline -0.001 -16"><span class='ocrx_word' id='word_1_666' title='bbox 75 5734 106 5772; x_wconf 82' lang='grc' dir='ltr'>ιι</span> <span class='ocrx_word' id='word_1_667' title='bbox 151 5729 350 5776; x_wconf 72' lang='lat' dir='ltr'><strong>sancta:</strong></span> <span class='ocrx_word' id='word_1_668' title='bbox 399 5727 578 5776; x_wconf 86' lang='lat' dir='ltr'><strong>tamen</strong></span> <span class='ocrx_word' id='word_1_669' title='bbox 622 5717 863 5775; x_wconf 69' lang='lat' dir='ltr'><strong>ecclesim</strong></span> <span class='ocrx_word' id='word_1_670' title='bbox 905 5716 1260 5774; x_wconf 80' lang='lat' dir='ltr'><strong>aediﬁcatione</strong></span> <span class='ocrx_word' id='word_1_671' title='bbox 1301 5715 1408 5771; x_wconf 86' lang='lat' dir='ltr'><strong>sint</strong></span> <span class='ocrx_word' id='word_1_672' title='bbox 1443 5703 1644 5788; x_wconf 46' lang='lat' dir='ltr'><strong>po‘siti,’</strong></span> 
     </span>
    </p>
   </div>
   <div class='ocr_carea' id='block_1_88' title="bbox 70 5803 1629 5898">
    <p class='ocr_par' dir='ltr' id='par_1_88' title="bbox 70 5803 1629 5898">
     <span class='ocr_line' id='line_1_88' title="bbox 70 5803 1629 5898; baseline 0.001 -35"><span class='ocrx_word' id='word_1_673' title='bbox 70 5809 176 5879; x_wconf 67' lang='lat' dir='ltr'><strong>[uin</strong></span> <span class='ocrx_word' id='word_1_674' title='bbox 229 5809 330 5867; x_wconf 85' lang='lat' dir='ltr'><strong>etsi</strong></span> <span class='ocrx_word' id='word_1_675' title='bbox 374 5809 448 5868; x_wconf 72' lang='lat' dir='ltr'><strong>ad</strong></span> <span class='ocrx_word' id='word_1_676' title='bbox 485 5807 812 5877; x_wconf 80' lang='lat' dir='ltr'><strong>doctrinam,</strong></span> <span class='ocrx_word' id='word_1_677' title='bbox 861 5810 909 5868; x_wconf 89' lang='lat' dir='ltr'><strong>si</strong></span> <span class='ocrx_word' id='word_1_678' title='bbox 953 5809 1023 5869; x_wconf 86' lang='lat' dir='ltr'><strong>ad</strong></span> <span class='ocrx_word' id='word_1_679' title='bbox 1057 5807 1418 5896; x_wconf 70' lang='lat' dir='ltr'><strong>prephetiam,</strong></span> <span class='ocrx_word' id='word_1_680' title='bbox 1466 5808 1514 5866; x_wconf 87' lang='lat' dir='ltr'><strong>si</strong></span> <span class='ocrx_word' id='word_1_681' title='bbox 1562 5803 1629 5898; x_wconf 88' lang='lat' dir='ltr'><strong>ad</strong></span> 
     </span>
    </p>
   </div>
   <div class='ocr_carea' id='block_1_89' title="bbox 1725 3318 3326 3398">
    <p class='ocr_par' dir='ltr' id='par_1_89' title="bbox 1725 3318 3326 3398">
     <span class='ocr_line' id='line_1_89' title="bbox 1725 3318 3326 3398; baseline -0.007 -12"><span class='ocrx_word' id='word_1_682' title='bbox 1725 3332 1891 3388; x_wconf 90' lang='lat' dir='ltr'><strong>limen</strong></span> <span class='ocrx_word' id='word_1_683' title='bbox 1925 3329 2186 3396; x_wconf 80' lang='lat' dir='ltr'><strong>exterius,</strong></span> <span class='ocrx_word' id='word_1_684' title='bbox 2235 3337 2289 3383; x_wconf 89' lang='lat' dir='ltr'><strong>et</strong></span> <span class='ocrx_word' id='word_1_685' title='bbox 2314 3336 2439 3398; x_wconf 88' lang='lat' dir='ltr'><strong>post</strong></span> <span class='ocrx_word' id='word_1_686' title='bbox 2479 3326 2644 3380; x_wconf 91' lang='lat' dir='ltr'><strong>limen</strong></span> <span class='ocrx_word' id='word_1_687' title='bbox 2685 3324 2915 3380; x_wconf 90' lang='lat' dir='ltr'><strong>interius</strong></span> <span class='ocrx_word' id='word_1_688' title='bbox 2958 3322 3194 3379; x_wconf 86' lang='lat' dir='ltr'><strong>dicitur?</strong></span> <span class='ocrx_word' id='word_1_689' title='bbox 3220 3318 3326 3376; x_wconf 89' lang='lat' dir='ltr'><strong>nisi</strong></span> 
     </span>
    </p>
   </div>
   <div class='ocr_carea' id='block_1_90' title="bbox 1725 3413 3328 3498">
    <p class='ocr_par' dir='ltr' id='par_1_90' title="bbox 1725 3413 3328 3498">
     <span class='ocr_line' id='line_1_90' title="bbox 1725 3413 3328 3498; baseline -0.007 -19"><span class='ocrx_word' id='word_1_690' title='bbox 1725 3423 1853 3496; x_wconf 91' lang='lat' dir='ltr'><strong>quia</strong></span> <span class='ocrx_word' id='word_1_691' title='bbox 1902 3423 2052 3493; x_wconf 91' lang='lat' dir='ltr'><strong>prius</strong></span> <span class='ocrx_word' id='word_1_692' title='bbox 2095 3420 2407 3476; x_wconf 89' lang='lat' dir='ltr'><strong>testamenti</strong></span> <span class='ocrx_word' id='word_1_693' title='bbox 2465 3419 2664 3474; x_wconf 90' lang='lat' dir='ltr'><strong>veteris</strong></span> <span class='ocrx_word' id='word_1_694' title='bbox 2715 3427 2917 3488; x_wconf 91' lang='lat' dir='ltr'><strong>patres,</strong></span> <span class='ocrx_word' id='word_1_695' title='bbox 2983 3413 3328 3498; x_wconf 80' lang='lat' dir='ltr'><strong>postmodum</strong></span> 
     </span>
    </p>
   </div>
   <div class='ocr_carea' id='block_1_91' title="bbox 1726 3507 3327 3572">
    <p class='ocr_par' dir='ltr' id='par_1_91' title="bbox 1726 3507 3327 3572">
     <span class='ocr_line' id='line_1_91' title="bbox 1726 3507 3327 3572; baseline -0.006 0"><span class='ocrx_word' id='word_1_696' title='bbox 1726 3516 1852 3572; x_wconf 88' lang='lat' dir='ltr'><strong>novi</strong></span> <span class='ocrx_word' id='word_1_697' title='bbox 1899 3513 2209 3571; x_wconf 89' lang='lat' dir='ltr'><strong>testamenti</strong></span> <span class='ocrx_word' id='word_1_698' title='bbox 2254 3513 2504 3568; x_wconf 88' lang='lat' dir='ltr'><strong>doctores</strong></span> <span class='ocrx_word' id='word_1_699' title='bbox 2555 3510 2792 3566; x_wconf 81' lang='lat' dir='ltr'><strong>fuerunt.</strong></span> <span class='ocrx_word' id='word_1_700' title='bbox 2835 3509 3002 3566; x_wconf 87' lang='lat' dir='ltr'><strong>Recte</strong></span> <span class='ocrx_word' id='word_1_701' title='bbox 3031 3518 3216 3564; x_wconf 89' lang='lat' dir='ltr'><strong>autem</strong></span> <span class='ocrx_word' id='word_1_702' title='bbox 3261 3507 3327 3562; x_wconf 84' lang='lat' dir='ltr'><strong>li-</strong></span> 
     </span>
    </p>
   </div>
   <div class='ocr_carea' id='block_1_92' title="bbox 1727 3599 3321 3675">
    <p class='ocr_par' dir='ltr' id='par_1_92' title="bbox 1727 3599 3321 3675">
     <span class='ocr_line' id='line_1_92' title="bbox 1727 3599 3321 3675; baseline -0.006 -10"><span class='ocrx_word' id='word_1_703' title='bbox 1727 3624 1852 3665; x_wconf 92' lang='lat' dir='ltr'><strong>men</strong></span> <span class='ocrx_word' id='word_1_704' title='bbox 1901 3607 2143 3664; x_wconf 88' lang='lat' dir='ltr'><strong>exterius</strong></span> <span class='ocrx_word' id='word_1_705' title='bbox 2190 3602 2502 3660; x_wconf 89' lang='lat' dir='ltr'><strong>testamenti</strong></span> <span class='ocrx_word' id='word_1_706' title='bbox 2547 3602 2747 3658; x_wconf 89' lang='lat' dir='ltr'><strong>veteris</strong></span> <span class='ocrx_word' id='word_1_707' title='bbox 2803 3609 2988 3672; x_wconf 88' lang='lat' dir='ltr'><strong>patres</strong></span> <span class='ocrx_word' id='word_1_708' title='bbox 3038 3599 3321 3675; x_wconf 80' lang='lat' dir='ltr'><strong>designat:</strong></span> 
     </span>
    </p>
   </div>
   <div class='ocr_carea' id='block_1_93' title="bbox 1728 3699 3327 3775">
    <p class='ocr_par' dir='ltr' id='par_1_93' title="bbox 1728 3699 3327 3775">
     <span class='ocr_line' id='line_1_93' title="bbox 1728 3699 3327 3775; baseline -0.004 -14"><span class='ocrx_word' id='word_1_709' title='bbox 1728 3704 1856 3775; x_wconf 89' lang='lat' dir='ltr'><strong>quia</strong></span> <span class='ocrx_word' id='word_1_710' title='bbox 1879 3716 1978 3774; x_wconf 85' lang='lat' dir='ltr'><strong>per</strong></span> <span class='ocrx_word' id='word_1_711' title='bbox 2006 3716 2197 3756; x_wconf 84' lang='lat' dir='ltr'><strong>eorum</strong></span> <span class='ocrx_word' id='word_1_712' title='bbox 2239 3699 2680 3772; x_wconf 64' lang='lat' dir='ltr'><strong>praedicationem</strong></span> <span class='ocrx_word' id='word_1_713' title='bbox 2729 3715 2893 3771; x_wconf 90' lang='lat' dir='ltr'><strong>opera</strong></span> <span class='ocrx_word' id='word_1_714' title='bbox 2932 3713 3188 3774; x_wconf 86' lang='lat' dir='ltr'><strong>perversa</strong></span> <span class='ocrx_word' id='word_1_715' title='bbox 3229 3714 3327 3768; x_wconf 89' lang='lat' dir='ltr'><strong>pu-</strong></span> 
     </span>
    </p>
   </div>
   <div class='ocr_carea' id='block_1_94' title="bbox 1729 3790 3325 3866">
    <p class='ocr_par' dir='ltr' id='par_1_94' title="bbox 1729 3790 3325 3866">
     <span class='ocr_line' id='line_1_94' title="bbox 1729 3790 3325 3866; baseline -0.005 -14"><span class='ocrx_word' id='word_1_716' title='bbox 1729 3797 1843 3852; x_wconf 89' lang='lat' dir='ltr'><strong>nita</strong></span> <span class='ocrx_word' id='word_1_717' title='bbox 1888 3805 2031 3854; x_wconf 85' lang='lat' dir='ltr'><strong>sunt.</strong></span> <span class='ocrx_word' id='word_1_718' title='bbox 2088 3793 2351 3853; x_wconf 68' lang='lat' dir='ltr'><strong>Pmdicta</strong></span> <span class='ocrx_word' id='word_1_719' title='bbox 2385 3812 2516 3852; x_wconf 90' lang='lat' dir='ltr'><strong>vero</strong></span> <span class='ocrx_word' id='word_1_720' title='bbox 2567 3809 2831 3850; x_wconf 87' lang='lat' dir='ltr'><strong>novorum</strong></span> <span class='ocrx_word' id='word_1_721' title='bbox 2875 3800 3087 3866; x_wconf 85' lang='lat' dir='ltr'><strong>patrum</strong></span> <span class='ocrx_word' id='word_1_722' title='bbox 3136 3790 3325 3846; x_wconf 89' lang='lat' dir='ltr'><strong>unius-</strong></span> 
     </span>
    </p>
   </div>
   <div class='ocr_carea' id='block_1_95' title="bbox 1731 3879 3324 3963">
    <p class='ocr_par' dir='ltr' id='par_1_95' title="bbox 1731 3879 3324 3963">
     <span class='ocr_line' id='line_1_95' title="bbox 1731 3879 3324 3963; baseline -0.009 -15"><span class='ocrx_word' id='word_1_723' title='bbox 1731 3889 1992 3963; x_wconf 81' lang='lat' dir='ltr'><strong>cujusque</strong></span> <span class='ocrx_word' id='word_1_724' title='bbox 2037 3889 2248 3944; x_wconf 88' lang='lat' dir='ltr'><strong>animus</strong></span> <span class='ocrx_word' id='word_1_725' title='bbox 2305 3888 2470 3944; x_wconf 89' lang='lat' dir='ltr'><strong>etiam</strong></span> <span class='ocrx_word' id='word_1_726' title='bbox 2534 3887 2602 3942; x_wconf 90' lang='lat' dir='ltr'><strong>ah</strong></span> <span class='ocrx_word' id='word_1_727' title='bbox 2659 3883 2862 3940; x_wconf 90' lang='lat' dir='ltr'><strong>illicitis</strong></span> <span class='ocrx_word' id='word_1_728' title='bbox 2909 3879 3324 3956; x_wconf 83' lang='lat' dir='ltr'><strong>cogitationibus</strong></span> 
     </span>
    </p>
   </div>
   <div class='ocr_carea' id='block_1_96' title="bbox 1731 3969 3324 4049">
    <p class='ocr_par' dir='ltr' id='par_1_96' title="bbox 1731 3969 3324 4049">
     <span class='ocr_line' id='line_1_96' title="bbox 1731 3969 3324 4049; baseline -0.009 -9"><span class='ocrx_word' id='word_1_729' title='bbox 1731 3991 2031 4049; x_wconf 89' lang='lat' dir='ltr'><strong>coercetur,</strong></span> <span class='ocrx_word' id='word_1_730' title='bbox 2083 3980 2212 4036; x_wconf 90' lang='lat' dir='ltr'><strong>dum</strong></span> <span class='ocrx_word' id='word_1_731' title='bbox 2262 3987 2446 4034; x_wconf 90' lang='lat' dir='ltr'><strong>reatus</strong></span> <span class='ocrx_word' id='word_1_732' title='bbox 2490 3993 2610 4033; x_wconf 90' lang='lat' dir='ltr'><strong>esse</strong></span> <span class='ocrx_word' id='word_1_733' title='bbox 2648 3977 2942 4046; x_wconf 85' lang='lat' dir='ltr'><strong>perfectus,</strong></span> <span class='ocrx_word' id='word_1_734' title='bbox 2987 3981 3050 4043; x_wconf 23' lang='lat' dir='ltr'><strong>et.</strong></span> <span class='ocrx_word' id='word_1_735' title='bbox 3089 3973 3145 4026; x_wconf 91' lang='lat' dir='ltr'><strong>in</strong></span> <span class='ocrx_word' id='word_1_736' title='bbox 3186 3969 3324 4025; x_wconf 87' lang='lat' dir='ltr'><strong>deli-</strong></span> 
     </span>
    </p>
   </div>
   <div class='ocr_carea' id='block_1_97' title="bbox 1730 4061 3325 4136">
    <p class='ocr_par' dir='ltr' id='par_1_97' title="bbox 1730 4061 3325 4136">
     <span class='ocr_line' id='line_1_97' title="bbox 1730 4061 3325 4136; baseline -0.006 -7"><span class='ocrx_word' id='word_1_737' title='bbox 1730 4073 2012 4130; x_wconf 89' lang='lat' dir='ltr'><strong>beratione</strong></span> <span class='ocrx_word' id='word_1_738' title='bbox 2045 4070 2223 4125; x_wconf 88' lang='lat' dir='ltr'><strong>cordis</strong></span> <span class='ocrx_word' id='word_1_739' title='bbox 2272 4068 2594 4124; x_wconf 89' lang='lat' dir='ltr'><strong>ostenditur.</strong></span> <span class='ocrx_word' id='word_1_740' title='bbox 2648 4066 2729 4120; x_wconf 94' lang='lat' dir='ltr'><strong>llli</strong></span> <span class='ocrx_word' id='word_1_741' title='bbox 2771 4066 2968 4136; x_wconf 90' lang='lat' dir='ltr'><strong>quippe</strong></span> <span class='ocrx_word' id='word_1_742' title='bbox 3015 4080 3044 4117; x_wconf 91' lang='lat' dir='ltr'><strong>a</strong></span> <span class='ocrx_word' id='word_1_743' title='bbox 3088 4061 3325 4134; x_wconf 82' lang='lat' dir='ltr'><strong>ﬂagitiis,</strong></span> 
     </span>
    </p>
   </div>
   <div class='ocr_carea' id='block_1_98' title="bbox 1732 4153 3328 4230">
    <p class='ocr_par' dir='ltr' id='par_1_98' title="bbox 1732 4153 3328 4230">
     <span class='ocr_line' id='line_1_98' title="bbox 1732 4153 3328 4230; baseline -0.009 -9"><span class='ocrx_word' id='word_1_744' title='bbox 1732 4181 1765 4220; x_wconf 89' lang='lat' dir='ltr'><strong>a</strong></span> <span class='ocrx_word' id='word_1_745' title='bbox 1810 4161 2235 4225; x_wconf 82' lang='lat' dir='ltr'><strong>crudelitatibus,</strong></span> <span class='ocrx_word' id='word_1_746' title='bbox 2287 4176 2318 4215; x_wconf 90' lang='lat' dir='ltr'><strong>a</strong></span> <span class='ocrx_word' id='word_1_747' title='bbox 2361 4159 2566 4230; x_wconf 89' lang='lat' dir='ltr'><strong>rapinis</strong></span> <span class='ocrx_word' id='word_1_748' title='bbox 2616 4156 2922 4212; x_wconf 88' lang='lat' dir='ltr'><strong>auditorum</strong></span> <span class='ocrx_word' id='word_1_749' title='bbox 2967 4153 3176 4210; x_wconf 85' lang='lat' dir='ltr'><strong>animas</strong></span> <span class='ocrx_word' id='word_1_750' title='bbox 3202 4169 3328 4224; x_wconf 78' lang='lat' dir='ltr'><strong>pro-</strong></span> 
     </span>
    </p>
   </div>
   <div class='ocr_carea' id='block_1_99' title="bbox 1733 4243 3325 4328">
    <p class='ocr_par' dir='ltr' id='par_1_99' title="bbox 1733 4243 3325 4328">
     <span class='ocr_line' id='line_1_99' title="bbox 1733 4243 3325 4328; baseline -0.008 -17"><span class='ocrx_word' id='word_1_751' title='bbox 1733 4254 1925 4311; x_wconf 85' lang='lat' dir='ltr'><strong>bibere</strong></span> <span class='ocrx_word' id='word_1_752' title='bbox 1973 4259 2298 4308; x_wconf 90' lang='lat' dir='ltr'><strong>curaverunt</strong></span> <span class='ocrx_word' id='word_1_753' title='bbox 2317 4268 2335 4328; x_wconf 75' lang='grc' dir='ltr'><strong>¹ε</strong></span> <span class='ocrx_word' id='word_1_754' title='bbox 2385 4250 2473 4305; x_wconf 89' lang='lat' dir='ltr'><strong>isti</strong></span> <span class='ocrx_word' id='word_1_755' title='bbox 2520 4264 2652 4304; x_wconf 89' lang='lat' dir='ltr'><strong>vero</strong></span> <span class='ocrx_word' id='word_1_756' title='bbox 2687 4248 2814 4304; x_wconf 89' lang='lat' dir='ltr'><strong>dum</strong></span> <span class='ocrx_word' id='word_1_757' title='bbox 2862 4261 2969 4301; x_wconf 89' lang='lat' dir='ltr'><strong>non</strong></span> <span class='ocrx_word' id='word_1_758' title='bbox 3007 4243 3181 4301; x_wconf 89' lang='lat' dir='ltr'><strong>solum</strong></span> <span class='ocrx_word' id='word_1_759' title='bbox 3204 4260 3325 4318; x_wconf 83' lang='lat' dir='ltr'><strong>per-</strong></span> 
     </span>
    </p>
   </div>
   <div class='ocr_carea' id='block_1_100' title="bbox 1733 4338 3326 4414">
    <p class='ocr_par' dir='ltr' id='par_1_100' title="bbox 1733 4338 3326 4414">
     <span class='ocr_line' id='line_1_100' title="bbox 1733 4338 3326 4414; baseline -0.006 -13"><span class='ocrx_word' id='word_1_760' title='bbox 1733 4359 1891 4401; x_wconf 89' lang='lat' dir='ltr'><strong>versa</strong></span> <span class='ocrx_word' id='word_1_761' title='bbox 1927 4357 2117 4414; x_wconf 90' lang='lat' dir='ltr'><strong>opera,</strong></span> <span class='ocrx_word' id='word_1_762' title='bbox 2156 4342 2254 4397; x_wconf 89' lang='lat' dir='ltr'><strong>sed</strong></span> <span class='ocrx_word' id='word_1_763' title='bbox 2293 4341 2454 4397; x_wconf 87' lang='lat' dir='ltr'><strong>etiam</strong></span> <span class='ocrx_word' id='word_1_764' title='bbox 2521 4339 2707 4396; x_wconf 86' lang='lat' dir='ltr'><strong>illicita</strong></span> <span class='ocrx_word' id='word_1_765' title='bbox 2742 4338 3128 4412; x_wconf 81' lang='lat' dir='ltr'><strong>cogitationum</strong></span> <span class='ocrx_word' id='word_1_766' title='bbox 3175 4352 3326 4408; x_wconf 45' lang='lat' dir='ltr'><strong>rese:</strong></span> 
     </span>
    </p>
   </div>
   <div class='ocr_carea' id='block_1_101' title="bbox 1735 4428 3325 4512">
    <p class='ocr_par' dir='ltr' id='par_1_101' title="bbox 1735 4428 3325 4512">
     <span class='ocr_line' id='line_1_101' title="bbox 1735 4428 3325 4512; baseline -0.008 -18"><span class='ocrx_word' id='word_1_767' title='bbox 1735 4447 1879 4506; x_wconf 91' lang='lat' dir='ltr'><strong>cant,</strong></span> <span class='ocrx_word' id='word_1_768' title='bbox 1927 4435 2059 4507; x_wconf 92' lang='lat' dir='ltr'><strong>quid</strong></span> <span class='ocrx_word' id='word_1_769' title='bbox 2092 4435 2247 4491; x_wconf 88' lang='lat' dir='ltr'><strong>nobis</strong></span> <span class='ocrx_word' id='word_1_770' title='bbox 2293 4431 2440 4488; x_wconf 87' lang='lat' dir='ltr'><strong>aliud</strong></span> <span class='ocrx_word' id='word_1_771' title='bbox 2480 4431 2584 4488; x_wconf 90' lang='lat' dir='ltr'><strong>nisi</strong></span> <span class='ocrx_word' id='word_1_772' title='bbox 2632 4433 2796 4488; x_wconf 91' lang='lat' dir='ltr'><strong>limen</strong></span> <span class='ocrx_word' id='word_1_773' title='bbox 2836 4430 3162 4486; x_wconf 90' lang='lat' dir='ltr'><strong>intrinsecus</strong></span> <span class='ocrx_word' id='word_1_774' title='bbox 3192 4428 3325 4512; x_wconf 77' lang='lat' dir='ltr'><strong>facti</strong></span> 
     </span>
    </p>
   </div>
   <div class='ocr_carea' id='block_1_102' title="bbox 1735 4517 3318 4596">
    <p class='ocr_par' dir='ltr' id='par_1_102' title="bbox 1735 4517 3318 4596">
     <span class='ocr_line' id='line_1_102' title="bbox 1735 4517 3318 4596; baseline -0.006 -12"><span class='ocrx_word' id='word_1_775' title='bbox 1735 4530 1906 4584; x_wconf 90' lang='lat' dir='ltr'><strong>sunt?</strong></span> <span class='ocrx_word' id='word_1_776' title='bbox 1945 4526 2101 4584; x_wconf 92' lang='lat' dir='ltr'><strong>Unde</strong></span> <span class='ocrx_word' id='word_1_777' title='bbox 2121 4534 2175 4580; x_wconf 91' lang='lat' dir='ltr'><strong>et</strong></span> <span class='ocrx_word' id='word_1_778' title='bbox 2218 4526 2335 4596; x_wconf 91' lang='lat' dir='ltr'><strong>ipsa</strong></span> <span class='ocrx_word' id='word_1_779' title='bbox 2358 4519 2572 4579; x_wconf 86' lang='lat' dir='ltr'><strong>Veritas</strong></span> <span class='ocrx_word' id='word_1_780' title='bbox 2617 4521 2879 4594; x_wconf 90' lang='lat' dir='ltr'><strong>loquitur,</strong></span> <span class='ocrx_word' id='word_1_781' title='bbox 2903 4517 3126 4578; x_wconf 90' lang='lat' dir='ltr'><strong>dicens:</strong></span> <span class='ocrx_word' id='word_1_782' title='bbox 3161 4539 3180 4572; x_wconf 71' lang='grc' dir='ltr'>ι</span> <span class='ocrx_word' id='word_1_783' title='bbox 3208 4521 3318 4574; x_wconf 83' lang='lat' dir='ltr'><strong>Au-</strong></span> 
     </span>
    </p>
   </div>
   <div class='ocr_carea' id='block_1_103' title="bbox 73 4587 3325 4694">
    <p class='ocr_par' dir='ltr' id='par_1_103' title="bbox 73 4587 3325 4694">
     <span class='ocr_line' id='line_1_103' title="bbox 73 4587 3325 4694; baseline -0.003 -19"><span class='ocrx_word' id='word_1_784' title='bbox 73 4619 280 4676; x_wconf 65' lang='lat' dir='ltr'><strong>cclesiae</strong></span> <span class='ocrx_word' id='word_1_785' title='bbox 354 4633 450 4690; x_wconf 90' lang='lat' dir='ltr'><strong>per</strong></span> <span class='ocrx_word' id='word_1_786' title='bbox 525 4616 864 4674; x_wconf 89' lang='lat' dir='ltr'><strong>Psalmistam</strong></span> <span class='ocrx_word' id='word_1_787' title='bbox 933 4587 1130 4675; x_wconf 68' lang='lat' dir='ltr'><strong>dicitur</strong></span> <span class='ocrx_word' id='word_1_788' title='bbox 1181 4638 1194 4673; x_wconf 88' lang='lat'><strong>:</strong></span> <span class='ocrx_word' id='word_1_789' title='bbox 1246 4619 1623 4691; x_wconf 81' lang='lat' dir='ltr'><strong>Imperfectum</strong></span> <span class='ocrx_word' id='word_1_790' title='bbox 1651 4587 1885 4677; x_wconf 38' lang='lat' dir='ltr'><strong>adistis</strong></span> <span class='ocrx_word' id='word_1_791' title='bbox 1931 4621 2058 4692; x_wconf 91' lang='lat' dir='ltr'><strong>quia</strong></span> <span class='ocrx_word' id='word_1_792' title='bbox 2094 4587 2299 4673; x_wconf 70' lang='lat' dir='ltr'><strong>dictum</strong></span> <span class='ocrx_word' id='word_1_793' title='bbox 2345 4624 2428 4671; x_wconf 90' lang='lat' dir='ltr'><strong>est</strong></span> <span class='ocrx_word' id='word_1_794' title='bbox 2466 4587 2743 4694; x_wconf 76' lang='lat' dir='ltr'><strong>antiquis:</strong></span> <span class='ocrx_word' id='word_1_795' title='bbox 2771 4587 2889 4671; x_wconf 84' lang='lat' dir='ltr'><strong>Non</strong></span> <span class='ocrx_word' id='word_1_796' title='bbox 2939 4600 3198 4692; x_wconf 26' lang='lat' dir='ltr'><strong>occidesl&#39;:</strong></span> <span class='ocrx_word' id='word_1_797' title='bbox 3233 4609 3325 4682; x_wconf 85' lang='lat' dir='ltr'><strong>qui</strong></span> 
     </span>
    </p>
   </div>
   <div class='ocr_carea' id='block_1_104' title="bbox 1732 4687 3326 4780">
    <p class='ocr_par' dir='ltr' id='par_1_104' title="bbox 1732 4687 3326 4780">
     <span class='ocr_line' id='line_1_104' title="bbox 1732 4687 3326 4780; baseline -0.008 -12"><span class='ocrx_word' id='word_1_798' title='bbox 1732 4721 1913 4768; x_wconf 90' lang='lat' dir='ltr'><strong>autem</strong></span> <span class='ocrx_word' id='word_1_799' title='bbox 1947 4687 2216 4766; x_wconf 73' lang='lat' dir='ltr'><strong>occiderit</strong></span> <span class='ocrx_word' id='word_1_800' title='bbox 2259 4721 2384 4761; x_wconf 88' lang='lat' dir='ltr'><strong>reus</strong></span> <span class='ocrx_word' id='word_1_801' title='bbox 2421 4688 2566 4761; x_wconf 37' lang='lat' dir='ltr'><strong>erit&quot;</strong></span> <span class='ocrx_word' id='word_1_802' title='bbox 2578 4699 2800 4776; x_wconf 81' lang='lat' dir='ltr'><strong>judicio.</strong></span> <span class='ocrx_word' id='word_1_803' title='bbox 2847 4701 2963 4774; x_wconf 88' lang='lat' dir='ltr'><strong>Ego</strong></span> <span class='ocrx_word' id='word_1_804' title='bbox 2985 4687 3164 4757; x_wconf 85' lang='lat' dir='ltr'><strong>autem</strong></span> 
     </span>
    </p>
   </div>
   <div class='ocr_carea' id='block_1_105' title="bbox 1729 4779 3334 4874">
    <p class='ocr_par' dir='ltr' id='par_1_105' title="bbox 1729 4779 3334 4874">
     <span class='ocr_line' id='line_1_105' title="bbox 1729 4779 3334 4874; baseline -0.008 -16"><span class='ocrx_word' id='word_1_805' title='bbox 1729 4785 1926 4857; x_wconf 77' lang='lat' dir='ltr'><strong>vobis:</strong></span> <span class='ocrx_word' id='word_1_806' title='bbox 1955 4799 2091 4867; x_wconf 84' lang='lat' dir='ltr'><strong>Quia</strong></span> <span class='ocrx_word' id='word_1_807' title='bbox 2133 4789 2430 4866; x_wconf 52' lang='lat' dir='ltr'><strong>omn&#39;is&#39;qui</strong></span> <span class='ocrx_word' id='word_1_808' title='bbox 2458 4787 2711 4862; x_wconf 73' lang='lat' dir='ltr'><strong>irascitur</strong></span> <span class='ocrx_word' id='word_1_809' title='bbox 2740 4792 2898 4874; x_wconf 71' lang='lat' dir='ltr'><strong>fratri</strong></span> <span class='ocrx_word' id='word_1_810' title='bbox 2928 4807 3025 4850; x_wconf 92' lang='lat' dir='ltr'><strong>suo</strong></span> <span class='ocrx_word' id='word_1_811' title='bbox 3049 4779 3334 4870; x_wconf 29' lang='lat' dir='ltr'><strong>sine&#39;ca&#39;u‘é:</strong></span> 
     </span>
    </p>
   </div>
   <div class='ocr_carea' id='block_1_106' title="bbox 1730 4875 3332 4966">
    <p class='ocr_par' dir='ltr' id='par_1_106' title="bbox 1730 4875 3332 4966">
     <span class='ocr_line' id='line_1_106' title="bbox 1730 4875 3332 4966; baseline -0.007 -17"><span class='ocrx_word' id='word_1_812' title='bbox 1730 4883 1834 4961; x_wconf 47' lang='lat' dir='ltr'><strong>sa,&quot;</strong></span> <span class='ocrx_word' id='word_1_813' title='bbox 1880 4887 2006 4947; x_wconf 85' lang='lat' dir='ltr'><strong>rens</strong></span> <span class='ocrx_word' id='word_1_814' title='bbox 2047 4887 2152 4945; x_wconf 90' lang='lat' dir='ltr'><strong>erit</strong></span> <span class='ocrx_word' id='word_1_815' title='bbox 2196 4885 2418 4966; x_wconf 86' lang='lat' dir='ltr'><strong>judicio</strong></span> <span class='ocrx_word' id='word_1_816' title='bbox 2451 4881 2668 4966; x_wconf 68' lang='lat' dir='ltr'><strong>(Matth.</strong></span> <span class='ocrx_word' id='word_1_817' title='bbox 2700 4888 2775 4960; x_wconf 92' lang='lat' dir='ltr'><strong>v).</strong></span> <span class='ocrx_word' id='word_1_818' title='bbox 2812 4881 2832 4939; x_wconf 64' lang='grc' dir='ltr'><em>ὸ</em></span> <span class='ocrx_word' id='word_1_819' title='bbox 2871 4885 3043 4943; x_wconf 83' lang='lat' dir='ltr'><strong>Recte</strong></span> <span class='ocrx_word' id='word_1_820' title='bbox 3100 4875 3332 4956; x_wconf 71' lang='lat' dir='ltr'><strong>quoque</strong></span> 
     </span>
    </p>
   </div>
   <div class='ocr_carea' id='block_1_107' title="bbox 1727 4965 3322 5055">
    <p class='ocr_par' dir='ltr' id='par_1_107' title="bbox 1727 4965 3322 5055">
     <span class='ocr_line' id='line_1_107' title="bbox 1727 4965 3322 5055; baseline -0.006 -14"><span class='ocrx_word' id='word_1_821' title='bbox 1727 4984 1967 5041; x_wconf 84' lang='lat' dir='ltr'><strong>exterius</strong></span> <span class='ocrx_word' id='word_1_822' title='bbox 2011 4983 2174 5038; x_wconf 91' lang='lat' dir='ltr'><strong>limen</strong></span> <span class='ocrx_word' id='word_1_823' title='bbox 2215 4980 2333 5035; x_wconf 90' lang='lat' dir='ltr'><strong>illos</strong></span> <span class='ocrx_word' id='word_1_824' title='bbox 2381 4965 2564 5050; x_wconf 82' lang='lat' dir='ltr'><strong>patres</strong></span> <span class='ocrx_word' id='word_1_825' title='bbox 2621 4965 2885 5050; x_wconf 86' lang='lat' dir='ltr'><strong>designat,</strong></span> <span class='ocrx_word' id='word_1_826' title='bbox 2939 4978 3032 5048; x_wconf 90' lang='lat' dir='ltr'><strong>qui</strong></span> <span class='ocrx_word' id='word_1_827' title='bbox 3087 4979 3156 5032; x_wconf 91' lang='lat' dir='ltr'><strong>ab</strong></span> <span class='ocrx_word' id='word_1_828' title='bbox 3197 4976 3322 5055; x_wconf 77' lang='lat' dir='ltr'><strong>ipsa</strong></span> 
     </span>
    </p>
   </div>
   <div class='ocr_carea' id='block_1_108' title="bbox 1728 5063 3325 5144">
    <p class='ocr_par' dir='ltr' id='par_1_108' title="bbox 1728 5063 3325 5144">
     <span class='ocr_line' id='line_1_108' title="bbox 1728 5063 3325 5144; baseline -0.004 -14"><span class='ocrx_word' id='word_1_829' title='bbox 1728 5073 2100 5130; x_wconf 88' lang='lat' dir='ltr'><strong>incarnatione</strong></span> <span class='ocrx_word' id='word_1_830' title='bbox 2137 5063 2512 5140; x_wconf 83' lang='lat' dir='ltr'><strong>Redemptoris</strong></span> <span class='ocrx_word' id='word_1_831' title='bbox 2542 5071 2714 5144; x_wconf 80' lang='lat' dir='ltr'><strong>nostri</strong></span> <span class='ocrx_word' id='word_1_832' title='bbox 2757 5085 2854 5140; x_wconf 91' lang='lat' dir='ltr'><strong>per</strong></span> <span class='ocrx_word' id='word_1_833' title='bbox 2881 5067 3162 5124; x_wconf 90' lang='lat' dir='ltr'><strong>intervalla</strong></span> <span class='ocrx_word' id='word_1_834' title='bbox 3187 5075 3325 5144; x_wconf 65' lang='lat' dir='ltr'><strong>tem:</strong></span> 
     </span>
    </p>
   </div>
   <div class='ocr_carea' id='block_1_109' title="bbox 1727 5153 3321 5240">
    <p class='ocr_par' dir='ltr' id='par_1_109' title="bbox 1727 5153 3321 5240">
     <span class='ocr_line' id='line_1_109' title="bbox 1727 5153 3321 5240; baseline -0.004 -18"><span class='ocrx_word' id='word_1_835' title='bbox 1727 5153 1921 5240; x_wconf 83' lang='lat' dir='ltr'><strong>porum</strong></span> <span class='ocrx_word' id='word_1_836' title='bbox 1969 5165 2179 5238; x_wconf 86' lang='lat' dir='ltr'><strong>longius</strong></span> <span class='ocrx_word' id='word_1_837' title='bbox 2224 5163 2641 5238; x_wconf 78' lang='lat' dir='ltr'><strong>constituerunt.</strong></span> <span class='ocrx_word' id='word_1_838' title='bbox 2691 5163 2760 5218; x_wconf 83' lang='lat' dir='ltr'><strong>Et</strong></span> <span class='ocrx_word' id='word_1_839' title='bbox 2808 5161 3023 5232; x_wconf 85' lang='lat' dir='ltr'><strong>quidem</strong></span> <span class='ocrx_word' id='word_1_840' title='bbox 3073 5162 3142 5216; x_wconf 92' lang='lat' dir='ltr'><strong>ab</strong></span> <span class='ocrx_word' id='word_1_841' title='bbox 3185 5159 3321 5238; x_wconf 83' lang='lat' dir='ltr'><strong>Abel</strong></span> 
     </span>
    </p>
   </div>
   <div class='ocr_carea' id='block_1_110' title="bbox 1730 5239 3317 5331">
    <p class='ocr_par' dir='ltr' id='par_1_110' title="bbox 1730 5239 3317 5331">
     <span class='ocr_line' id='line_1_110' title="bbox 1730 5239 3317 5331; baseline -0.004 -16"><span class='ocrx_word' id='word_1_842' title='bbox 1730 5239 1990 5331; x_wconf 79' lang='lat' dir='ltr'><strong>sanguine</strong></span> <span class='ocrx_word' id='word_1_843' title='bbox 2039 5259 2241 5329; x_wconf 89' lang='lat' dir='ltr'><strong>passim</strong></span> <span class='ocrx_word' id='word_1_844' title='bbox 2279 5257 2394 5327; x_wconf 89' lang='lat' dir='ltr'><strong>jam</strong></span> <span class='ocrx_word' id='word_1_845' title='bbox 2444 5257 2608 5326; x_wconf 74' lang='lat' dir='ltr'><strong>coepit</strong></span> <span class='ocrx_word' id='word_1_846' title='bbox 2656 5254 2884 5311; x_wconf 90' lang='lat' dir='ltr'><strong>ecclesia</strong></span> <span class='ocrx_word' id='word_1_847' title='bbox 2912 5296 2927 5322; x_wconf 96' lang='lat'><strong>,</strong></span> <span class='ocrx_word' id='word_1_848' title='bbox 2972 5263 3028 5311; x_wconf 90' lang='lat' dir='ltr'><strong>et</strong></span> <span class='ocrx_word' id='word_1_849' title='bbox 3073 5239 3182 5328; x_wconf 79' lang='lat' dir='ltr'><strong>una</strong></span> <span class='ocrx_word' id='word_1_850' title='bbox 3232 5261 3317 5312; x_wconf 92' lang='lat' dir='ltr'><strong>est</strong></span> 
     </span>
    </p>
   </div>
   <div class='ocr_carea' id='block_1_111' title="bbox 1731 5347 3314 5422">
    <p class='ocr_par' dir='ltr' id='par_1_111' title="bbox 1731 5347 3314 5422">
     <span class='ocr_line' id='line_1_111' title="bbox 1731 5347 3314 5422; baseline -0.004 -14"><span class='ocrx_word' id='word_1_851' title='bbox 1731 5351 1958 5408; x_wconf 88' lang='lat' dir='ltr'><strong>ecclesia</strong></span> <span class='ocrx_word' id='word_1_852' title='bbox 1987 5352 2285 5409; x_wconf 90' lang='lat' dir='ltr'><strong>electorum</strong></span> <span class='ocrx_word' id='word_1_853' title='bbox 2308 5347 2733 5422; x_wconf 60' lang='lat' dir='ltr'><strong>praecedentium</strong></span> <span class='ocrx_word' id='word_1_854' title='bbox 2759 5356 2922 5419; x_wconf 88' lang='lat' dir='ltr'><strong>atque</strong></span> <span class='ocrx_word' id='word_1_855' title='bbox 2954 5348 3314 5422; x_wconf 89' lang='lat' dir='ltr'><strong>sequentium,</strong></span> 
     </span>
    </p>
   </div>
   <div class='ocr_carea' id='block_1_112' title="bbox 1732 5433 3318 5516">
    <p class='ocr_par' dir='ltr' id='par_1_112' title="bbox 1732 5433 3318 5516">
     <span class='ocr_line' id='line_1_112' title="bbox 1732 5433 3318 5516; baseline -0.003 -17"><span class='ocrx_word' id='word_1_856' title='bbox 1732 5435 1828 5516; x_wconf 74' lang='lat' dir='ltr'><strong>sed</strong></span> <span class='ocrx_word' id='word_1_857' title='bbox 1879 5453 2058 5499; x_wconf 87' lang='lat' dir='ltr'><strong>tamen</strong></span> <span class='ocrx_word' id='word_1_858' title='bbox 2115 5444 2243 5514; x_wconf 89' lang='lat' dir='ltr'><strong>quia</strong></span> <span class='ocrx_word' id='word_1_859' title='bbox 2297 5440 2577 5514; x_wconf 87' lang='lat' dir='ltr'><strong>discipulis</strong></span> <span class='ocrx_word' id='word_1_860' title='bbox 2628 5439 2826 5497; x_wconf 89' lang='lat' dir='ltr'><strong>dicitur</strong></span> <span class='ocrx_word' id='word_1_861' title='bbox 2857 5457 2872 5495; x_wconf 93' lang='lat'><strong>:</strong></span> <span class='ocrx_word' id='word_1_862' title='bbox 2909 5457 2928 5490; x_wconf 88' lang='grc'><strong>‹</strong></span> <span class='ocrx_word' id='word_1_863' title='bbox 2965 5436 3114 5494; x_wconf 82' lang='lat' dir='ltr'><strong>Mulli</strong></span> <span class='ocrx_word' id='word_1_864' title='bbox 3159 5433 3318 5510; x_wconf 78' lang='lat' dir='ltr'><strong>reges</strong></span> 
     </span>
    </p>
   </div>
   <div class='ocr_carea' id='block_1_113' title="bbox 1731 5527 3316 5610">
    <p class='ocr_par' dir='ltr' id='par_1_113' title="bbox 1731 5527 3316 5610">
     <span class='ocr_line' id='line_1_113' title="bbox 1731 5527 3316 5610; baseline -0.004 -21"><span class='ocrx_word' id='word_1_865' title='bbox 1731 5541 1786 5590; x_wconf 90' lang='lat' dir='ltr'><strong>et</strong></span> <span class='ocrx_word' id='word_1_866' title='bbox 1822 5535 2096 5604; x_wconf 68' lang='lat' dir='ltr'><strong>prOphetaa</strong></span> <span class='ocrx_word' id='word_1_867' title='bbox 2137 5529 2424 5588; x_wconf 88' lang='lat' dir='ltr'><strong>voluerunt</strong></span> <span class='ocrx_word' id='word_1_868' title='bbox 2470 5527 2653 5586; x_wconf 86' lang='lat' dir='ltr'><strong>videre</strong></span> <span class='ocrx_word' id='word_1_869' title='bbox 2695 5544 2815 5610; x_wconf 75' lang='lat' dir='ltr'><strong>quae</strong></span> <span class='ocrx_word' id='word_1_870' title='bbox 2859 5528 3068 5600; x_wconf 89' lang='lat' dir='ltr'><strong>videtis,</strong></span> <span class='ocrx_word' id='word_1_871' title='bbox 3107 5531 3174 5584; x_wconf 81' lang='lat' dir='ltr'><strong>et</strong></span> <span class='ocrx_word' id='word_1_872' title='bbox 3207 5541 3316 5583; x_wconf 91' lang='lat' dir='ltr'><strong>non</strong></span> 
     </span>
    </p>
   </div>
   <div class='ocr_carea' id='block_1_114' title="bbox 1729 5607 3328 5696">
    <p class='ocr_par' dir='ltr' id='par_1_114' title="bbox 1729 5607 3328 5696">
     <span class='ocr_line' id='line_1_114' title="bbox 1729 5607 3328 5696; baseline -0.004 -16"><span class='ocrx_word' id='word_1_873' title='bbox 1729 5619 1998 5683; x_wconf 85' lang='lat' dir='ltr'><strong>viderunt.</strong></span> <span class='ocrx_word' id='word_1_874' title='bbox 2040 5645 2057 5676; x_wconf 77' lang='grc' dir='ltr'><strong><em>ι</em></strong></span> <span class='ocrx_word' id='word_1_875' title='bbox 2086 5621 2337 5696; x_wconf 82' lang='lat' dir='ltr'><strong>Antiquis</strong></span> <span class='ocrx_word' id='word_1_876' title='bbox 2364 5611 2609 5696; x_wconf 83' lang='lat' dir='ltr'><strong>patribus</strong></span> <span class='ocrx_word' id='word_1_877' title='bbox 2635 5607 2802 5694; x_wconf 20' lang='lat' dir='ltr'><strong>quasi.</strong></span> <span class='ocrx_word' id='word_1_878' title='bbox 2819 5622 2952 5678; x_wconf 80' lang='lat' dir='ltr'><strong>foris</strong></span> <span class='ocrx_word' id='word_1_879' title='bbox 2976 5622 3190 5678; x_wconf 88' lang='lat' dir='ltr'><strong>stetisse</strong></span> <span class='ocrx_word' id='word_1_880' title='bbox 3231 5607 3328 5675; x_wconf 12' lang='lat' dir='ltr'><strong>est.</strong></span> 
     </span>
    </p>
   </div>
   <div class='ocr_carea' id='block_1_115' title="bbox 1731 5709 3314 5788">
    <p class='ocr_par' dir='ltr' id='par_1_115' title="bbox 1731 5709 3314 5788">
     <span class='ocr_line' id='line_1_115' title="bbox 1731 5709 3314 5788; baseline -0.007 -13"><span class='ocrx_word' id='word_1_881' title='bbox 1731 5717 2108 5788; x_wconf 89' lang='lat' dir='ltr'><strong>Redemptoris</strong></span> <span class='ocrx_word' id='word_1_882' title='bbox 2137 5716 2308 5772; x_wconf 90' lang='lat' dir='ltr'><strong>nostri</strong></span> <span class='ocrx_word' id='word_1_883' title='bbox 2337 5711 2680 5786; x_wconf 83' lang='lat' dir='ltr'><strong>praesentiam</strong></span> <span class='ocrx_word' id='word_1_884' title='bbox 2710 5715 3065 5785; x_wconf 87' lang='lat' dir='ltr'><strong>corporaliter</strong></span> <span class='ocrx_word' id='word_1_885' title='bbox 3091 5729 3198 5768; x_wconf 84' lang='lat' dir='ltr'><strong>non</strong></span> <span class='ocrx_word' id='word_1_886' title='bbox 3231 5709 3314 5765; x_wconf 81' lang='lat' dir='ltr'><strong>vi-</strong></span> 
     </span>
    </p>
   </div>
   <div class='ocr_carea' id='block_1_116' title="bbox 1730 5797 3314 5876">
    <p class='ocr_par' dir='ltr' id='par_1_116' title="bbox 1730 5797 3314 5876">
     <span class='ocr_line' id='line_1_116' title="bbox 1730 5797 3314 5876; baseline -0.007 -9"><span class='ocrx_word' id='word_1_887' title='bbox 1730 5797 2174 5868; x_wconf 57' lang='lat' dir='ltr'><strong>disse.&#39;Extcrius</strong></span> <span class='ocrx_word' id='word_1_888' title='bbox 2201 5807 2384 5876; x_wconf 82' lang='lat' dir='ltr'><strong>igitur,</strong></span> <span class='ocrx_word' id='word_1_889' title='bbox 2414 5803 2514 5864; x_wconf 87' lang='lat' dir='ltr'><strong>sed</strong></span> <span class='ocrx_word' id='word_1_890' title='bbox 2531 5815 2709 5865; x_wconf 86' lang='lat' dir='ltr'><strong>tamen</strong></span> <span class='ocrx_word' id='word_1_891' title='bbox 2735 5820 2846 5865; x_wconf 91' lang='lat' dir='ltr'><strong>non</strong></span> <span class='ocrx_word' id='word_1_892' title='bbox 2885 5803 3043 5862; x_wconf 89' lang='lat' dir='ltr'><strong>divisi</strong></span> <span class='ocrx_word' id='word_1_893' title='bbox 3071 5817 3101 5859; x_wconf 89' lang='lat' dir='ltr'><strong>a</strong></span> <span class='ocrx_word' id='word_1_894' title='bbox 3128 5799 3314 5860; x_wconf 72' lang='lat' dir='ltr'><strong>sancta</strong></span> 
     </span>
    </p>
   </div>
  </div>
