3908 6356
629 366 767 462 εδει
1282 392 1344 447 B.
1385 370 1642 480 uanam”
1679 364 1899 446 muni
1934 368 2172 479 sucini

2148 362 2609 443 πρίτιιοαυιιτέ
2649 362 2934 439 manu
2972 378 3150 480 rans
3180 382 3241 439 ιι.
3644 401 3691 458 εκ

630 486 846 582 salubris
901 504 1103 564 messis“
1123 523 1137 559 :
1158 477 1519 575 Omnipotens
1563 496 1729 557 enim
1760 474 2215 571 Deus"produdt'o
2243 474 2479 563 Kitiunt.
2511 495 2589 550 Ea
2617 506 2749 550 vero
2786 508 2907 565 quae
2933 474 3434 565 eitrinsecuS‘mnt,
3456 502 3534 557 hoc
3560 510 3690 567 cuius

634 600 812 658 tinctu
869 582 1063 653 falcem
1114 588 1306 662 mittit,
1358 594 1419 650 e‘t‘
1467 594 1700 650 messem
1745 590 1901 648 suam
1946 584 2167 647 ﬂesecat
2196 582 2237 644 ξ’
2320 587 2622 644 thalamum
2661 592 2719 643 et
2769 586 3073 643 thalamum
3124 588 3345 659 quinque
3380 592 3538 662 cubita,
3575 603 3691 660 malm

632 692 761 765 quia
792 700 917 746 cum
957 680 1408 760 unumquemque
1437 680 1511 741 a‘d
1557 672 1725 756 opera
1744 682 1986 754 perfecta
2008 672 2235 753 ‘perduL'
2321 674 2695 737 e'nim'Christi
2721 686 2933 736 secreta
2974 674 3347 752 penetrarunt,
3384 700 3467 742 nec
3500 700 3692 760 pessulum.

632 780 794 850 xerit,
827 780 943 851 ejus
970 772 1324 857 temporalem
1354 770 1523 834 vitam
1550 768 1650 849 per
1704 766 1973 833 emissam
2004 772 2223 831 senten-
2326 774 2450 827 cere
2498 789 2571 825 :1
2626 766 2935 827 Introduxit
2987 785 3078 826 me
3126 783 3219 827 rex
3254 772 3307 828 in
3357 775 3583 836 cubiculum
3621 801 3691 845 sua

636 876 765 931 tiam
800 866 1015 940 incidit,
1065 870 1128 928 ut
1160 860 1390 945 granum
1450 885 1608 926 suum
1637 869 1705 925 ad
1734 869 1980 925 caelestia
2026 868 2233 947 horrea.
2329 860 2600 936 (Cant.'r).
2636 881 2655 915 ι
2689 862 2758 918 Ει
2786 861 2912 918 alibi
2947 882 2961 918 :
3001 881 3021 914 ι
3060 861 3245 920 Omnis
3274 864 3421 937 gloria
3455 867 3692 944 ﬁliaregisb-

631 967 913 1037 perducat.
950 958 1047 1020 Vir
1086 978 1218 1034 ergo
1242 962 1472 1019 vestitus
1516 954 1678 1017 lineis
1703 960 1853 1016 venit
1883 960 1951 1015 ad
1988 966 2244 1045 portam,
2328 954 2599 1011 trinsecus
2626 950 2798 1026 (Paul.
2828 953 3009 1027 xuv);
3041 974 3060 1007 ι
3103 955 3196 1011 sed
3236 955 3692 1028 discipuliscumChisu

636 1058 765 1129 quia
815 1054 1080 1112 Dominus
1105 1058 1170 1110 ac
1198 1053 1532 1124 Redemptor
1583 1057 1771 1108 noster
1822 1050 2083 1106 membris
2112 1048 2228 1105 suis

635 1146 966 1204 intrantibus
985 1147 1303 1217 perducitur
1334 1144 1402 1201 ad
1439 1159 1520 1213 se,
1553 1151 1608 1200 et
1630 1144 1877 1201 ascendit
1901 1156 1997 1214 per
2027 1141 2228 1215 gradus

634 1240 775 1311 ejus,
809 1239 937 1312 quia
972 1238 1128 1293 nobis
1155 1236 1566 1308 proﬁcientibus
1596 1248 1661 1292 eo
1689 1235 1847 1291 nobis
1876 1233 2108 1305 amplius
2133 1246 2229 1288 ex-

635 1330 858 1396 altatur,
886 1344 993 1400 quo
1020 1327 1162 1384 altus
1186 1334 1242 1384 et
1268 1324 1839 1399 incomprehensibilis
1876 1339 1998 1381 esse
2025 1336 2229 1396 c0gno-

636 1423 825 1478 scitur.
854 1420 915 1476 in
948 1421 1218 1477 virtutum
1244 1420 1451 1492 quippe
1493 1425 1803 1475 nostrarum
1828 1417 2084 1489 gradibus
2112 1415 2230 1486 ipse

634 1515 928 1571 ascendere
968 1514 1187 1581 dicitur,
1218 1512 1361 1585 quia
1397 1520 1550 1568 tanto
1587 1512 1704 1583 ipse
1742 1510 2029 1567 sublimior
2072 1507 2231 1565 nobis

635 1607 962 1673 o‘stenditur,
1004 1613 1209 1677 quanto
1245 1612 1433 1661 noster
1472 1605 1687 1660 animus
1731 1618 1763 1658 a
1812 1602 1977 1658 rebus
2026 1600 2231 1658 inﬁmis

635 1707 942 1770 separatur.
972 1698 1043 1755 Et
1083 1713 1308 1755 mensus
1359 1705 1461 1764 est,
1492 1699 1690 1770 inquit,
1740 1697 1905 1753 limen
1933 1704 2105 1768 portae
2135 1713 2230 1754 ca-

638 1788 783 1845 lamo
808 1804 918 1845 uno
960 1790 1015 1846 in
1043 1790 1405 1855 latitudinem,
1434 1788 1489 1845 id
1516 1798 1622 1857 est,
1664 1789 1829 1845 limen
1875 1804 2043 1845 unum
2087 1788 2231 1845 cala-

2331 1048 2477 1104 domi
2504 1047 2969 1104 commorantibus
3001 1048 3253 1120 mysteria
3273 1046 3377 1117 ejus
3411 1050 3551 1109 audire
3566 1071 3691 1127 maps
3750 1044 3751 1103 ξ

2330 1146 2477 1207 sunt,
2504 1148 2559 1195 et
2587 1139 2736 1195 foras
2765 1139 2834 1195 ad
2865 1153 2924 1195 se
2975 1140 3199 1211 cupiunt
3240 1140 3330 1195 Dei
3349 1141 3475 1198 exire
3508 1159 3690 1205 sermonem
3750 1184 3751 1211 ξ

2329 1241 2385 1289 et
2409 1239 2700 1305 propterea
2743 1233 2984 1303 quinque
3011 1232 3309 1288 cubitorum
3338 1248 3539 1290 mensura
3554 1238 3692 1311 ineispt

2329 1326 2500 1392 nitur,
2531 1333 2592 1379 ut
2620 1324 2689 1380 ad
2713 1339 2907 1381 sensus
2937 1324 3179 1393 quinque
3226 1323 3390 1378 omnia
3424 1323 3680 1386 referrem

2330 1426 2439 1473 tur.
2474 1414 2678 1491 (Greg.)
2709 1415 3133 1472 Consideremus
3161 1414 3285 1486 quid
3322 1415 3398 1485 agi
3440 1416 3483 1471 in
3510 1417 3691 1476 thauma

2329 1510 2459 1577 leat,
2489 1518 2653 1579 atque
2679 1507 2877 1564 exinde
2905 1508 3012 1564 hoc
3040 1506 3184 1579 quod
3232 1507 3285 1561 in
3308 1515 3466 1562 sancta
3483 1507 3630 1565 Ecclesia
3642 1515 3690 1582 agi.

2332 1609 2441 1668 tur,
2495 1600 2816 1672 colligamus
2859 1617 2872 1654 :
2931 1599 2990 1654 in
3041 1598 3275 1654 thalamo
3321 1600 3484 1669 quippe
3520 1616 3691 1669 sponsalia

2332 1707 2530 1766 sponsa
2578 1692 2920 1749 fwderantur
2954 1691 3171 1762 sibique
3219 1690 3271 1744 in
3331 1704 3483 1745 amore
3516 1690 3690 1762 jungitur:
3750 1690 3751 1769 ἒ

2331 1785 2463 1856 quid
2487 1797 2617 1856 ergo
2645 1783 2855 1840 suntin
2904 1789 3097 1838 sancta
3145 1779 3371 1837 Ecclesia
3393 1780 3691 1846 thalamum
3750 1846 3751 1857 χ

638 1895 728 1935 ιιιο
760 1895 872 1935 uno
900 1880 958 1936 in
994 1880 1299 1961 latitudine.
1353 1854 1627 1953 (Eiet-on.)
1683 1878 2007 1951 Mensusque
2034 1889 2120 1937 est
2165 1880 2230 1936 li-
2258 1854 2457 1934 Erum
2504 1854 2671 1934 corda
2714 1876 2770 1931 in
2796 1874 2996 1947 quibus
3052 1873 3231 1929 anima
3285 1887 3376 1943 per
3415 1887 3689 1945 amorcmspons
3750 1894 3751 1961 γ

637 1987 761 2028 men
787 1982 979 2045 portae,
1031 1983 1091 2028 ut
1117 1974 1258 2030 scire
1294 1972 1572 2031 valeamus
1597 1975 1778 2031 omnia
1805 1984 1995 2047 patere
2024 1973 2230 2032 notitiae

639 2064 758 2121 Dei.
792 2066 946 2133 Quod
971 2066 1137 2123 limen
1173 2068 1229 2122 in
1258 2066 1546 2125 latitudine
1591 2068 1752 2125 unius
1783 2069 1983 2125 dicitur
2009 2068 2229 2137 calami,

641 2166 697 2214 et
720 2158 786 2214 de
815 2159 1101 2216 altitudine
1126 2160 1316 2217 siletur
1341 2177 1408 2218 ac
1435 2162 1774 2235 longitudine
1805 2182 1818 2217 :
1847 2162 1935 2218 via
1976 2163 2122 2219 enim
2147 2170 2232 2219 est

638 2256 695 2304 et
716 2250 971 2307 introitus
1015 2266 1117 2321 per
1144 2265 1291 2319 eam,
1333 2254 1403 2309 ad
1436 2254 1693 2310 interiora
1739 2256 2078 2326 pergendum
2124 2266 2228 2314 est.

640 2338 846 2413 (Greg.)
885 2340 997 2398 Cur
1017 2352 1307 2415 postquam
1354 2345 1556 2400 dictum
1601 2353 1687 2401 est
1718 2345 1884 2402 limen
1912 2354 2082 2418 portae
2118 2342 2235 2404 sta?

643 2434 738 2487 tim
766 2432 1117 2507 subjungitur
1164 2436 1331 2492 limen
1381 2453 1584 2503 unum,
1617 2438 1723 2493 nisi
1754 2437 1880 2508 quia
1923 2448 2114 2509 aperte
2150 2441 2235 2496 in-

640 2525 780 2591 nuit,
812 2527 956 2597 quod
978 2528 1159 2583 adhuc
1180 2528 1408 2585 inferius
1440 2529 1604 2584 limen
1627 2530 1774 2586 aliud
1802 2532 2052 2587 dicatur’:
2076 2542 2236 2605 porta

643 2620 825 2670 autem
855 2631 885 2670 a
916 2616 1104 2673 limine
1134 2618 1328 2687 surgit,
1363 2627 1423 2673 ut
1450 2627 1608 2690 porta
1660 2621 1749 2676 sit.
1800 2620 1860 2678 Si
1887 2623 2053 2696 igitur
2076 2630 2235 2695 porta

643 2706 923 2771 Dominus,
953 2707 1075 2776 quis
1102 2706 1262 2776 hujus
1289 2716 1460 2779 portae
1513 2709 1675 2766 limen
1713 2720 1817 2778 est,
1850 2712 1956 2768 nisi
1984 2712 2063 2769 illi
2094 2714 2238 2770 anti-

645 2797 737 2868 qui
761 2805 968 2868 patres,
996 2813 1066 2855 ex
1096 2813 1332 2870 quorum
1381 2802 1638 2872 progenie
1665 2802 1926 2859 Dominus
1959 2804 2235 2862 incarnari

643 2888 895 2961 dignatus
930 2897 1032 2958 est,
1072 2892 1214 2948 sicut
1244 2908 1343 2964 per
1390 2892 1619 2949 Paulum
1649 2894 1851 2951 dicitur
1881 2914 1894 2952 :
1931 2917 1950 2948 ε
1989 2895 2236 2965 Quorum

641 2991 829 3053 patres
856 2998 923 3040 ex
960 2985 1156 3056 quibus
1212 2984 1461 3042 Christus
1507 2988 1805 3044 secundum
1844 3004 2094 3058 carnem,
2143 2990 2238 3061 qui

642 3084 726 3131 est
749 3091 911 3147 super
936 3078 1120 3134 omnia
1177 3077 1319 3135 Deus
1374 3080 1696 3137 benedictus
1730 3081 1787 3136 in
1827 3082 2022 3138 saecula
2055 3080 2234 3155 (Rom.

2334 1970 2591 2026 invisibili
2648 1969 2917 2042 jungitur,
2948 1975 3013 2023 ut
3037 1967 3154 2038 ejus
3202 1966 3442 2023 desiderio
3475 1968 3606 2030 ardeat,
3627 1970 3687 2023 ad:
3750 1966 3751 1993 δ

2329 2061 2440 2133 jam
2471 2076 2590 2132 quae
2617 2061 2677 2116 in
2696 2060 2899 2116 mundo
2925 2067 3057 2115 sunt
3084 2059 3422 2128 concupiscat,
3444 2061 3685 2129 prasentisvia

2333 2154 2750 2228 longitudinem,
2807 2167 3031 2225 pmnam
3084 2152 3315 2223 deputet,
3364 2152 3484 2207 exire
3518 2150 3687 2209 [εξιίιειει

2335 2249 2540 2305 amoris
2564 2247 2817 2322 amplexu
2859 2246 2914 2301 in
2946 2244 3185 2302 caelestis
3231 2243 3394 2315 sponsi
3434 2241 3687 2310 visimump‘e

2336 2342 2531 2399 scere?
2563 2339 2715 2396 Mens
2741 2339 2928 2409 itaque
2975 2352 3099 2408 quae
3120 2337 3232 2407 jam
3261 2336 3370 2392 talis
3388 2344 3471 2400 est,
3494 2334 3685 2402 nullamne
3750 2378 3751 2385 η

2335 2436 2505 2493 sentis
2563 2434 2689 2490 vitae
2749 2431 3178 2489 consolationem
3236 2430 3424 2500 recipit,
3470 2427 3536 2483 sed
3563 2425 3685 2480 adlisa

2335 2543 2497 2599 quem
2546 2526 2721 2599 diligit
2758 2512 3076 2581 medullitus
3130 2523 3371 2595 suspirat,
3416 2516 3685 2583 fervetmheht

2337 2619 2610 2684 anxiatur,
2661 2616 2785 2671 vilis
2828 2616 2878 2672 ei
2914 2615 2978 2670 ﬁt
3032 2614 3151 2685 ipsa
3179 2613 3316 2669 salus
3361 2608 3685 2680 suimrporiwi1

2335 2710 2598 2767 transﬁxa
2622 2716 2710 2765 est
2744 2708 2970 2764 vulnere
3027 2708 3245 2764 amoris.
3297 2704 3425 2763 Unde
3452 2712 3493 2761 et
3512 2703 3546 2758 in
3575 2697 3686 2755 (haud

2338 2802 2675 2859 canticorum
2725 2801 2858 2858 dicit
2889 2817 2904 2855 :
2941 2821 2959 2854 ι
2999 2802 3289 2859 Vulnerata
3340 2797 3539 2855 charitate
3571 2806 3686 2864 egosu

2338 2893 2520 2969 (Cant.
2549 2894 2635 2969 ιι).
2666 2913 2686 2947 ι
2715 2892 2856 2950 Mala
2886 2895 3040 2951 salus
3067 2902 3155 2951 est
3186 2892 3351 2950 cordis
3380 2905 3472 2962 qua:
3495 2887 3632 2943 dolorem
3644 2883 3688 2934 bt-

2334 2989 2423 3061 jus
2442 2986 2685 3045 vulneris
2722 2988 2918 3045 nescit.
2954 2987 3096 3045 Cum
3125 3001 3251 3044 vero
3292 2984 3494 3042 anhelare
3506 2981 3578 3050 jam
3600 2978 3693 3071 illiill-

2338 3079 2476 3136 leste
2510 3080 2864 3146 desiderium,
2896 3089 2949 3136 et
2977 3080 3186 3136 sentire
3214 3077 3389 3134 vulnus
3419 3073 3550 3130 amoris
3565 3072 3693 3135 cmi

644 3167 744 3240 ιχ).
781 3186 799 3220 ι
834 3166 1144 3225 Notandum
1193 3185 1327 3226 vero
1376 3180 1463 3227 est
1512 3171 1567 3227 in
1623 3173 1728 3228 hac
1770 3171 1923 3228 Pauli
1960 3174 2232 3230 sententia
2275 3216 2305 3240 4
2339 3169 2399 3226 iit
2429 3171 2609 3227 anima
2645 3170 2916 3227 salubrior
2940 3186 3011 3227 ex
3063 3171 3317 3235 vulnere,
3346 3181 3441 3239 qua:
3457 3162 3545 3234 prius
3569 3160 3697 3223 τένοω·

646 3235 791 3332 quod
814 3260 887 3316 dii
909 3269 966 3316 et
989 3263 1175 3318 caeteri
1223 3263 1475 3319 homines
1501 3271 1630 3320 sunt
1667 3266 1867 3334 vocati,
1895 3267 2038 3322 sicut
2064 3266 2237 3340 Moysi
2262 3235 2307 3299 Ο
2339 3267 2434 3322 bat
2459 3282 2529 3322 ex
2565 3268 2738 3324 salute
2763 3281 2777 3321 :
2833 3268 3006 3323 menti
3037 3276 3215 3323 autem
3245 3277 3453 3337 sponsum
3470 3248 3697 3315 ειιιιωΐοηίιεῐ

650 3352 850 3407 dicitur
876 3368 891 3407 :
919 3373 938 3406 ι
963 3353 1171 3410 Ponam
1196 3364 1248 3410 te
1271 3356 1325 3411 in
1352 3357 1512 3412 deum
1534 3357 1807 3414 Pharaoni
1834 3358 2034 3432 (Exod.
2057 3361 2180 3435 vn).
2212 3381 2233 3416 ι

553 3436 556 3439 Α
648 3444 716 3500 Ει
740 3461 839 3516 per
865 3445 1215 3504 Psalmistam
1249 3449 1380 3504 dicit
1429 3450 1694 3507 Dominus
1721 3467 1734 3506 :
1767 3473 1785 3504 ί
1824 3452 1939 3524 Ego
1966 3455 2079 3510 dixi
2107 3474 2119 3510 :
2152 3455 2240 3513 Dii

648 3537 780 3592 estis
810 3536 981 3611 (Psal.
1010 3538 1113 3613 χι).
1153 3560 1171 3592 ι
1201 3540 1269 3595 Ει
1303 3558 1523 3599 rursum
1567 3563 1580 3598 :
1617 3564 1635 3596 ι
1681 3544 1826 3602 Deus
1867 3547 2019 3603 stetit
2064 3548 2119 3604 in
2148 3564 2240 3622 sy-

650 3645 861 3705 nagoga
912 3647 1098 3687 eorum
1133 3631 1307 3707 (Psal.
1362 3635 1572 3708 LXXXI).
1613 3656 1632 3688 ι
1666 3635 1775 3693 Sed
1803 3638 1950 3695 aliud
1990 3648 2072 3697 est
2097 3657 2240 3697 nun-

648 3723 917 3792 cupative,
950 3723 1094 3779 aliud
1123 3726 1447 3782 naturaliter
1500 3728 1607 3783 dici
1635 3728 1826 3784 Deum.
1857 3730 1973 3787 Etsi
2026 3731 2240 3805 Moyses

656 3818 711 3871 in
740 3817 900 3873 deum
924 3816 1192 3874 Pharaoni
1216 3828 1300 3876 est
1322 3821 1550 3891 positus,
1583 3823 1676 3878 sed
1699 3823 1832 3878 deus
1863 3824 2006 3880 intra
2034 3828 2237 3897 omnia,

652 3923 762 3963 non
786 3908 919 3965 deus
944 3925 1107 3981 super
1134 3912 1317 3967 omnia
1344 3912 1560 3969 dicitur.
1610 3913 1711 3982 Qui
1742 3930 1874 3972 vero
1897 3924 1981 3972 est
2006 3916 2059 3972 in
2086 3926 2241 3974 utero

652 4000 880 4073 virginis
909 4002 1243 4072 incarnatus,
1274 4005 1417 4062 Deus
1442 4021 1607 4079 super
1644 4008 1828 4064 omnia
1851 4017 2099 4064 vocatur.
2127 4010 2242 4064 Ita-

654 4111 761 4167 que
789 4096 954 4152 limen
996 4106 1172 4171 portze
1221 4108 1350 4156 sunt
1394 4109 1598 4170 patres,
1650 4101 1717 4156 de
1745 4102 1941 4172 quibus
1970 4102 2059 4157 ille
2083 4110 2244 4159 natus

652 4197 754 4254 est,
784 4190 877 4260 qui
906 4190 1064 4245 nobis
1096 4190 1300 4246 aditum
1325 4192 1480 4263 regni
1510 4191 1747 4248 caelestis
1782 4193 2016 4264 aperuit.
2048 4192 2242 4251 Limen

659 4292 840 4338 autem
869 4291 1040 4353 portae
1092 4299 1199 4338 uno
1228 4284 1439 4339 calamo
1465 4292 1835 4353 mensuratur,
1874 4286 1967 4356 qui
2008 4285 2111 4358 ipsi
2139 4302 2241 4343 an-

655 4373 794 4446 tiqui
841 4380 1028 4444 patres
1088 4375 1180 4443 qui
1217 4383 1511 4445 potuerunt
1550 4374 1970 4447 Redemptorem
1994 4386 2241 4434 nostrum

655 4464 1141 4535 et‘prophetando,
1191 4474 1248 4521 et
1292 4466 1431 4547 bene
1484 4468 1720 4523 uniendo
1771 4469 2092 4538 praedicare,
2125 4478 2245 4528 tan-

653 4576 816 4631 quam
852 4574 962 4633 sex
1018 4561 1199 4618 cubita
1244 4562 1301 4619 in
1330 4561 1663 4634 perfectione
1688 4563 1871 4634 operis
1914 4571 1970 4618 et
2005 4563 2244 4634 palmum

654 4644 1081 4726 ininchoatione
1105 4655 1581 4726 contemplationis
1611 4656 1942 4714 habuerunt.
1968 4654 2070 4724 Qui
2093 4654 2240 4712 enim

650 4760 840 4819 eorum
862 4746 1031 4802 vitam
1060 4728 1348 4804 in‘unitate
1393 4748 1539 4817 ﬁdei,
1567 4757 1624 4806 et
1652 4749 1889 4820 perfecta
1913 4749 2159 4821 Operatio
2183 4758 2243 4806 et

652 4837 903 4894 inchoata
926 4840 1311 4910 contemplatio
1354 4841 1643 4899 sublimem
1674 4841 1930 4909 reddidit,
1962 4848 2018 4898 et
2054 4842 2110 4898 in
2131 4857 2247 4915 uno

652 4925 862 4981 calamo
885 4940 1142 4981 mensura
1170 4924 1374 4981 liminis
1406 4926 1526 4982 fuit.
1558 4926 1855 4999 Sequitur:

700 5039 759 5091 ut
778 5018 847 5074 Et
875 5018 1169 5074 thalamum
1192 5034 1301 5074 uno
1336 5017 1547 5089 calamo
1572 5020 1626 5074 in
1652 5019 1896 5095 longum,
1925 5029 1981 5077 et
2014 5034 2122 5077 uno
2150 5034 2243 5076 ca-

660 5128 679 5189 t
713 5102 857 5164 lamo
888 5109 940 5163 in
970 5108 1157 5179 latum.
1198 5128 1216 5160 ι
1253 5109 1523 5183 (Ηὶενοη.)
1551 5110 1703 5175 Licet
1754 5113 1808 5167 in
1854 5114 1958 5169 hoc
1986 5113 2104 5170 loco
2134 5111 2236 5170 Se-

655 5202 933 5272 ptuaginta
957 5199 1225 5270 superﬂue
1269 5199 1681 5275 longitudinem,
1711 5204 1857 5261 velut
1885 5206 1939 5261 in
1965 5205 2240 5278 plerisque

659 5286 935 5371 Codicibus
964 5293 1291 5362 continetur,
1322 5288 1662 5359 latitudinem
1703 5298 1964 5366 dixerint,
1992 5301 2239 5371 cubicula

657 5370 1124 5447 autcm'dixerint
1169 5388 1486 5457 thalamum,
1519 5390 1936 5473 θιπαρασάδις,
1985 5394 2078 5463 qui
2128 5401 2241 5451 tam

658 5477 711 5537 in
758 5476 1187 5551 longumquam
1233 5479 1286 5535 in
1319 5479 1489 5545 altum
1541 5482 1783 5555 singulos
1830 5481 2234 5545 habeantcala-

658 5586 796 5636 mos,
852 5571 947 5628 sed
996 5571 1137 5627 inter
1183 5571 1480 5653 thalamum
1543 5582 1599 5631 et
1647 5575 1947 5635 thalamum
1999 5576 2239 5653 quinque

657 5663 766 5719 sint
793 5662 1108 5747 cubita,ut
1163 5663 1422 5720 interiora
1466 5648 1840 5747 cubiculorum
1883 5666 2099 5745 plenam
2133 5648 2255 5743 ha-.

654 5754 820 5829 beant
850 5744 1178 5845 mensuram
1224 5756 1437 5829 calami,
1471 5758 1526 5831 id
1573 5744 1810 5839 est,;,s‘e,x
1839 5744 2146 5839 cubitorum
2179 5771 2239 5845 et

656 5842 1025 5918 palmi'unius,
1054 5842 1196 5907 “dum
1241 5864 1408 5920 opera
1456 5846 1665 5921 pariter
1712 5853 1962 5926 ratioque
1996 5846 2233 5913 consen-

2340 3363 2565 3431 amanti,
2594 3363 2662 3419 de
2691 3377 2843 3418 mora
2871 3362 2999 3419 vitae
3029 3362 3307 3435 praesentis
3331 3374 3419 3413 una
3446 3352 3697 3446 soluentu-

2341 3454 2576 3521 solatio;
2605 3454 2651 3510 si
2686 3469 2787 3527 per
2812 3456 2919 3513 hoc
2948 3434 3096 3527 quod
3118 3457 3233 3528 ipsa
3260 3454 3324 3509 ab
3346 3450 3438 3521 ejus
3466 3434 3695 3528 visione

2342 3553 2453 3615 tur,
2485 3544 2717 3602 aliorum
2749 3546 2947 3602 animae
2974 3526 3098 3617 ejus
3118 3526 3281 3603 verbo
3305 3538 3538 3615 proﬁciant,
3556 3537 3589 3585 et
3602 3526 3696 3579 adeo

2341 3638 2534 3696 lestem
2555 3654 2817 3711 sponsum
2846 3639 3055 3695 amoris
3077 3638 3287 3694 facibus
3324 3630 3588 3690 insi-descent.
3603 3617 3695 3709 Pass

2341 3747 2465 3787 mus
2493 3745 2626 3805 rego
2663 3731 2839 3802 qualis
2898 3730 3174 3787 thalamus
3205 3725 3344 3782 Pauli
3386 3732 3500 3781 utens
3535 3712 3696 3798 [aemili

2343 3821 2560 3878 dicebat
2590 3839 2601 3875 :
2649 3841 2667 3873 ‹
2695 3820 2833 3888 Quia
2861 3820 2997 3876 mihi
3051 3822 3234 3877 vivere
3279 3814 3479 3872 Christus
3499 3811 3568 3867 est,
3586 3809 3619 3853 tl
3639 3808 3697 3848 υέιη

2342 3912 2558 3968 lucrum
2616 3910 2838 3985 (Philip.
2872 3912 2934 3984 ι).
2972 3932 2989 3964 ι
3022 3908 3372 3982 Omnipotenti
3398 3905 3483 3960 Deo
3504 3900 3541 3953 in
3559 3896 3697 3965 ίῐ¹¹²¹¹ίῦςέ

2344 4020 2530 4061 amore
2572 4005 2954 4077 conjunxerat,
3013 4006 3108 4076 qui
3152 4004 3250 4059 sibi
3280 4001 3422 4056 vitam
3452 3990 3628 4077 Chl-istst!
3644 3989 3695 4031 πλε*

2347 4098 2643 4164 tummodo,
2674 4076 2727 4153 et
2747 4097 2886 4153 mori
2916 4097 3129 4154 lucrum
3172 4111 3286 4152 esse
3332 4085 3565 4161 (Ιεριιιθδθῐι

2346 4189 2489 4259 quod
2516 4160 2714 4246 iterum
2769 4189 2900 4245 dicit
2932 4207 2945 4244 :
2979 4210 2996 4242 ι
3032 4187 3353 4246 Desiderium
3587 4160 3699 4277 WE

2346 4250 2549 4335 etcum
2600 4279 2818 4335 Christo
2887 4296 3007 4337 esse
3063 4280 3231 4336 multo
3274 4273 3424 4345 magis
3460 4264 3602 4325 melius.
3634 4250 3700 4303 I333

2346 4386 2474 4427 ecce
2522 4371 2615 4442 qui
2676 4372 2895 4428 dissolvi
2938 4372 3233 4438 desideras,
3298 4381 3392 4440 quo
3421 4352 3701 4442 amore

2346 4433 2615 4529 videmus,
2663 4464 2756 4534 qui
2807 4464 3027 4520 interim
3079 4460 3277 4519 differri
3329 4467 3375 4513 te
3403 4433 3701 4520 compitum“

2267 4567 2518 4667 ﬂquare
2572 4553 2796 4612 ﬁoribus
2850 4572 2959 4611 non
3011 4553 3281 4626 requiris?
3305 4543 3479 4639 Quatril
3510 4534 3701 4667 illam}?

2489 4657 2521 4667 ._
2711 4656 2750 4667 κ
3142 4666 3145 4667 ν
3263 4654 3275 4666 .
3350 4643 3701 4667 κημηηωηπτι.

2350 4657 2626 4727 sequitur:
2659 4677 2676 4709 ι
2711 4656 3042 4715 Permanere
3062 4666 3239 4713 autem
3261 4654 3312 4708 in
3337 4636 3475 4707 carne

2346 4717 2569 4818 propter
2603 4763 2723 4815 vos,
2774 4768 2792 4800 ι
2846 4757 2901 4804 et
2960 4745 3353 4819 proﬁcientibus
3400 4726 3602 4801 discil"llis

2352 4812 2370 4890 ξ
2407 4812 2538 4905 Quae
2567 4847 2651 4895 est
2676 4812 2822 4894 enim
2880 4847 3068 4897 nostra
3095 4852 3234 4910 spes,
3274 4812 3702 4941 aut'gaudiunliﬂt

2347 4945 2480 4987 rona
2502 4930 2708 5001 gloriae,
2735 4945 2917 4986 nonne
2940 4946 3040 4988 vos
3067 4909 3192 4992 ante
3236 4921 3485 4982 Dominum
3516 4909 3694 5001 ηθδωῗῗ

2347 5036 2466 5076 sum
2485 4984 2562 5074 ‘30»
2599 4984 2740 5076 Hinc
2782 5030 2867 5078 est
2911 5021 3060 5099 quod
3112 5020 3250 5076 idem
3276 4984 3702 5099 thalamusunofilf’

2345 5111 2401 5166 in
2430 5110 2672 5183 longum,
2701 5118 2757 5166 et
2781 5127 2891 5167 uno
2930 5091 3143 5169 calamo
3170 5113 3222 5169 in
3252 5110 3401 5165 latum
3425 5091 3703 5183 dion“er

2343 5176 2648 5277 Longitudo
2670 5206 2870 5277 quippe
2899 5207 2967 5262 ad
2993 5204 3422 5278 longanimitatem

2343 5272 2600 5373 pertinet,
2655 5272 2711 5356 et
2766 5272 2997 5360 latitudo
3053 5272 3121 5359 ad
3165 5292 3517 5379 amplitudinem

2346 5359 2737 5466 :l‘antum'ergo
2767 5396 3138 5468 unusquisque
3166 5359 3405 5448 thalamus
3438 5359 3705 5468 ιιεώειίιξ

2346 5487 2555 5555 tudine,
2583 5452 2847 5560 quantum
2877 5452 3015 5547 et‘in
3038 5452 3326 5546 Jlatitudine
3364 5452 3707 5588 hauriam

2342 5580 2468 5650 quia
2499 5554 2655 5647 mens
2686 5580 2896 5637 cmlesti
2920 5579 3185 5639 desiderio
3212 5580 3435 5634 succensa
3452 5554 3707 5680 qufnfzm;

2343 5644 2598 5727 habuerit
2627 5672 2694 5726 ad
2725 5672 3089 5743 colligendum
3118 5667 3410 5744 proximum,
3437 5644 3639 5744 ωυῐδωθξ

2345 5762 2717 5831 ganimitatem
2742 5726 2980 5839 exhibet
2995 5726 3459 5837 ve‘xspectandum
3477 5726 3708 5839 magis:

2343 5804 2540 5913 :ienter
2559 5842 2742 5929 portat
2765 5826 2951 5913 moras
2978 5804 3333 5931 longitudinis,
3356 5840 3431 5916 qui
3468 5848 3513 5891 se
3544 5827 3583 5883 in
3614 5804 3701 5886 Ρωίθ
