3908 6356
134 351 218 410 90l
1021 343 1372 403 COMMENT.
1414 341 1484 400 ΙΝ
1521 338 1980 398 EZECHIELEM.
2015 367 2086 382 -—
2121 334 2248 396 LIB.
2291 339 2430 397 XIV.

3264 340 3372 402 90%

131 472 368 526 trinsecus
408 467 532 537 quia
578 481 678 537 per
726 464 902 521 lucem
957 478 1078 535 qua:
1134 473 1254 534 post
1311 469 1517 531 septem
1565 459 1683 513 dies
1709 463 1762 522 Α
1786 465 1841 513 et
1880 471 1946 510 ex
1981 456 2245 524 superiori
2285 464 2438 524 parte
2483 459 2666 523 patres
2703 461 2830 511 ante
2857 453 3051 524 legem,
3087 463 3272 526 patres
3310 458 3371 520 in

127 566 361 635 sequitur,
403 562 628 616 latitudo
680 561 834 615 nobis
889 558 1210 614 aeternitatis
1254 556 1511 624 aperitur.
1575 552 1681 607 Sed

126 673 268 712 neum
314 657 375 710 ad
418 655 560 710 illam
600 654 746 708 Venit
792 653 894 707 nisi
935 651 1028 720 qui
1077 651 1166 704 hic
1208 648 1549 703 dilectionem
1587 645 1680 699 Dei

122 764 183 804 ac
212 747 422 818 proximi
467 746 658 800 devota
705 751 885 798 mente
929 742 1184 796 tenuerit.
1220 738 1373 795 Unde
1417 746 1471 792 et
1497 736 1673 792 subdi-

122 850 230 893 tur:
259 857 274 888 ε
301 839 361 892 Et
381 836 612 892 frontem
632 833 968 904 ejusduobus
999 831 1248 888 cubitis.)
1281 827 1454 883 Frons
1480 827 1680 882 etenim

116 940 272 998 portae
326 939 406 984 est
451 915 652 983 bonum
699 915 953 981 meritum
997 925 1122 979 vitae
1170 920 1470 993 praesentis.
1527 917 1683 973 Sicut

115 1021 247 1075 enim
291 1018 609 1074 vestibulum
659 1017 988 1071 intrinsecus
1029 1023 1231 1069 (eterna
1274 1011 1491 1080 requies
1520 1008 1682 1064 debet

113 1111 337 1182 intelligi,
374 1112 450 1166 ita
486 1126 583 1181 per
623 1109 854 1163 frontem
890 1115 1056 1178 portae
1097 1120 1319 1162 necesse
1373 1112 1456 1158 est
1503 1101 1680 1171 quali-

112 1213 265 1258 tatem
291 1204 512 1259 visibilis
538 1205 664 1257 vitai
713 1201 934 1272 signari.
966 1200 1137 1255 Frons
1183 1213 1313 1268 ergo
1335 1204 1503 1267 portae
1544 1196 1677 1248 duo-

109 1295 212 1350 bus
230 1295 414 1350 cubitis
444 1301 790 1350 mensuratur
818 1311 830 1345 :
861 1292 986 1362 quia
1011 1290 1255 1360 quisquis
1298 1288 1386 1343 hic
1431 1286 1676 1340 dilectio-

104 1402 225 1440 nem
249 1387 332 1444 Dei
354 1400 416 1439 ac
429 1384 661 1454 proximi
687 1395 903 1438 servare
927 1380 1210 1443 studuerit,
1242 1380 1356 1448 ipse
1386 1377 1451 1430 ad
1466 1377 1680 1430 aeterni-

104 1479 229 1532 tatis
243 1478 428 1532 atrium
441 1475 719 1546 pertingit.
745 1475 866 1528 Vita
897 1473 1062 1543 igitur
1086 1479 1270 1526 nostra
1288 1477 1347 1522 ut
1372 1467 1582 1521 duobus
1608 1466 1679 1522 sit

102 1569 288 1623 cubitis
301 1574 626 1630 mensurata,
647 1566 790 1620 tendi
809 1565 1050 1634 quotidie
1077 1579 1172 1632 per
1185 1563 1282 1617 cha
1292 1561 1333 1614 ri
1341 1568 1506 1614 tatem
1520 1558 1677 1613 debet

106 1661 159 1714 in
203 1676 430 1717 amorem
481 1659 575 1714 Bel
625 1657 784 1714 simul
831 1666 887 1713 et
924 1655 1176 1728 proximi.
1233 1653 1347 1709 Non
1398 1659 1482 1707 est
1527 1650 1675 1706 enim

104 1753 332 1808 Charitas
387 1768 517 1807 vera
587 1751 630 1806 si
697 1751 874 1804 minus
917 1763 948 1802 a
993 1747 1198 1802 duobus
1237 1745 1435 1801 cubitis
1482 1743 1670 1798 habet.

1786 550 1923 620 lege,
1971 557 2133 617 atque
2179 548 2247 600 ad
2275 557 2578 602 extremum
2627 547 2916 615 prophetas
2963 548 3170 613 habuit,
3214 559 3270 604 et
3299 564 3370 606 ex

1783 639 2068 710 posteriori
2125 638 2307 692 ﬁdeles
2352 655 2418 692 ex
2465 637 2726 701 l-lebrazis,
2782 637 2968 695 ﬁdeles
3008 656 3073 695 ex
3120 643 3395 711 gentibus.

1785 748 1849 787 ac
1873 732 2215 802 postmodum
2245 731 2591 786 Hebraeorum
2623 746 2812 785 omnes
2839 733 3096 802 reliquias
3133 734 3370 803 collegit,

1784 825 2059 880 orientalis
2095 824 2181 878 via
2233 832 2344 879 tres
2382 824 2509 878 hinc
2537 831 2592 876 et
2621 831 2732 877 tres
2789 824 2914 878 inde
2960 825 3222 881 thalamos
3276 827 3374 881 ha-

1783 917 1914 972 bere
1959 924 2310 971 memoratur.
2383 915 2490 969 Sed
2546 916 2650 969 hoc
2697 930 2912 984 quoque
2966 932 3074 982 non
3120 917 3374 973 inconve-

1783 1009 1999 1064 nienter
2023 1010 2354 1078 accepimus,
2385 1009 2429 1063 si
2465 1017 2578 1063 tres
2619 1023 2740 1064 esse
2774 1009 2994 1064 ordines
3021 1011 3256 1068 ﬁdelium
3291 1013 3374 1067 di-

1782 1116 1990 1156 camus.
2048 1099 2174 1153 Sive
2226 1114 2462 1168 namque
2491 1099 2547 1152 in
2598 1099 2790 1165 veteri,
2837 1115 2931 1155 seu
2962 1101 3015 1154 in
3044 1118 3186 1156 novo
3210 1111 3375 1158 testa-

1783 1198 1984 1244 mento.
2032 1189 2186 1244 Alius
2229 1198 2315 1244 est
2361 1189 2494 1243 ordo
2531 1191 2966 1260 prazdicantium,
3009 1191 3148 1247 alius
3195 1194 3370 1248 conti-

1782 1285 2048 1344 nantium,
2077 1291 2239 1351 atque
2288 1281 2429 1336 alius
2481 1282 2746 1336 bonorum
2787 1282 3076 1354 coniugum
3129 1283 3371 1355 (Ezech.

1782 1377 1915 1445 xw).
1967 1374 2119 1432 Unde
2175 1382 2231 1428 et
2281 1373 2420 1428 idem
2476 1373 2744 1444 Propheta
2797 1375 2851 1434 in
2903 1376 3168 1446 superiori
3221 1386 3376 1446 parte

1783 1477 1895 1522 tres
1922 1468 2070 1522 viros
2095 1466 2356 1522 liberatos
2383 1467 2533 1531 vidit,
2568 1467 2700 1531 Noe,
2733 1467 2898 1522 David
2945 1478 2999 1523 et
3020 1467 3150 1523 Job:
3177 1471 3229 1524 in
3255 1471 3376 1540 qui-

1779 1560 1880 1615 bus
1916 1559 2167 1613 videlicet
2232 1559 2403 1612 tribus
2447 1559 2855 1628 przedicatores,
2899 1561 3241 1616 continentes
3289 1569 3372 1615 at-

1779 1667 1884 1721 que
1941 1651 2209 1722 conjugati
2258 1651 2453 1721 signati
2491 1661 2638 1706 sunt.
2700 1652 2836 1707 Nam
2907 1651 3020 1708 Noe
3094 1669 3273 1708 arcam
3319 1654 3375 1708 in

1778 1746 1940 1800 undis
2007 1745 2178 1809 rexit;
2222 1753 2384 1812 atque
2428 1744 2548 1799 ideo
2606 1743 2831 1813 ﬁguram
2873 1753 3144 1799 rectorum
3186 1746 3373 1800 tenuit.

173 1844 332 1898 Porro
357 1843 578 1898 thalami
609 1849 776 1912 porta:
803 1839 869 1894 ad
890 1839 1034 1892 viam
1060 1835 1379 1891 orientalem
1413 1842 1523 1888 tres
1546 1832 1674 1887 hinc
1703 1827 1753 1890 Β
1781 1834 1966 1892 Daniel
2006 1843 2062 1891 et
2094 1835 2152 1888 in
2180 1833 2300 1890 aula
2343 1835 2490 1904 regia
2541 1835 2881 1906 abstinentia:
2923 1836 3137 1894 deditus
3167 1836 3284 1900 fuit,
3323 1846 3378 1892 et

101 1942 156 1988 et
195 1943 296 1988 tres
332 1933 454 1987 inde
481 1939 535 1987 et
565 1945 819 1986 mensura
853 1943 960 1982 una
988 1928 1170 1982 trium.
1204 1925 1448 1998 (Hieron.
1474 1922 1495 1994 )
1526 1923 1671 1978 Tha-

98 2023 221 2077 lami
265 2038 474 2092 quoque
520 2012 576 2077 et
608 2021 855 2078 cubicula
903 2036 1023 2089 qua:
1051 2028 1211 2076 erant
1265 2021 1333 2075 ad
1375 2023 1518 2076 viam
1548 2037 1674 2091 por-

97 2123 166 2170 tae
187 2115 471 2177 orientalis,
505 2129 604 2184 pro
635 2115 830 2184 quibus
874 2111 1225 2183 Septuaginta
1257 2113 1378 2167 elau
1405 2114 1670 2179 scribunt,

93 2214 204 2260 tres
248 2214 400 2260 erant
451 2206 579 2260 hinc
624 2213 678 2259 et
717 2213 828 2259 tres
873 2204 1017 2269 inde,
1070 2219 1337 2262 mensurae
1381 2206 1558 2271 unius,
1618 2206 1673 2261 id

89 2306 198 2359 est,
249 2296 452 2350 calamo
493 2312 618 2359 uno,
651 2296 742 2365 qui
779 2309 873 2350 sex
906 2295 1086 2349 cubita
1134 2304 1190 2349 et
1229 2311 1395 2354 unum
1433 2295 1672 2364 palmum

88 2387 332 2441 habebat.
381 2387 495 2441 Uno
523 2386 730 2440 calamo
770 2387 825 2439 in
853 2385 1090 2455 longum,
1133 2393 1186 2446 et
1215 2401 1324 2441 uno
1366 2386 1574 2440 calamo
1615 2387 1672 2440 in

87 2477 273 2539 latum,
304 2487 357 2530 et
410 2477 550 2530 inter
594 2476 860 2530 thalamos
897 2477 1134 2544 quinque
1177 2476 1408 2530 cubitos.
1462 2476 1539 2530 Ne
1569 2477 1667 2548 igi-

85 2577 178 2622 tur
213 2576 522 2638 putaremus
562 2567 696 2622 duos
742 2582 866 2621 esse
918 2575 1127 2620 tantum
1180 2567 1436 2632 calamos,
1486 2577 1672 2623 ternos

76 2676 152 2714 ex
195 2669 419 2728 utraque
469 2666 622 2728 porta
672 2657 890 2726 posuit,
949 2665 1007 2710 ut
1051 2657 1323 2710 senarium
1376 2673 1666 2711 numerum

74 2750 476 2810 demonstraret
507 2765 519 2802 :
546 2747 640 2816 qui
673 2755 730 2801 et
756 2746 812 2800 in
841 2746 1048 2817 hydriis
1078 2746 1340 2816 evangelii
1380 2747 1667 2812 indicatur,

72 2839 136 2892 in
176 2839 368 2907 quibus
405 2853 559 2907 aqua:
587 2836 642 2890 in
663 2837 788 2901 vina
815 2844 1038 2894 mutatae
1072 2846 1219 2902 sunt,
1243 2845 1297 2890 et
1327 2837 1566 2904 quotidie
1588 2837 1673 2907 ju-

71 2935 223 2990 daiei
247 2934 433 2989 latices
463 2941 770 3000 vertuntur,
811 2940 867 2987 et
907 2933 1090 2988 vinum
1134 2931 1276 3000 quod
1317 2931 1550 2986 laetiﬁcat
1577 2947 1673 2986 cor

72 3027 340 3093 hominis,
371 3041 438 3086 ex
467 3025 670 3081 Christi
700 3039 896 3079 cruore
920 3025 982 3077 ﬁt
1033 3023 1262 3078 dulcius.
1282 3021 1457 3093 (Greg.
1485 3021 1506 3094 )
1531 3023 1674 3089 Quid

69 3118 325 3185 thalami,
368 3117 498 3187 quid
540 3117 626 3172 via
655 3116 936 3171 orientalis
976 3116 1238 3186 designet,
1275 3116 1389 3185 jam
1423 3115 1672 3185 superius

64 3211 334 3276 diximus,
386 3227 488 3267 nec
527 3210 788 3281 replicare
819 3226 885 3265 ea
916 3210 1076 3264 latius
1112 3209 1474 3264 necessarium
1515 3219 1673 3279 puta-

61 3319 218 3358 mus.
270 3300 378 3358 Sed
432 3302 782 3371 quaerendum
833 3302 990 3355 nobis
1047 3309 1171 3355 est:
1215 3300 1342 3368 quid
1391 3307 1473 3354 est
1529 3300 1673 3367 quod

59 3396 299 3462 dicitur,
338 3414 358 3447 ι
388 3404 499 3451 tres
527 3395 654 3448 hinc
691 3401 748 3449 et
794 3403 903 3448 tres
942 3393 1102 3446 inde?
1133 3411 1150 3442 ι
1188 3390 1434 3446 Thalami
1473 3390 1672 3459 quippe

54 3485 227 3556 juxta
285 3485 430 3538 viam
479 3484 820 3547 orientalem,
855 3490 980 3536 sunt
1030 3483 1192 3536 corda
1237 3481 1565 3536 ferventium
1615 3481 1672 3534 in

76 3592 278 3632 amore
312 3577 430 3631 Dei.
454 3576 518 3652 Et
545 3576 656 3631 sive
683 3575 736 3630 hi
763 3576 852 3646 qui
875 3576 1033 3630 electi
1076 3578 1128 3629 in
1154 3585 1478 3630 testamento
1503 3577 1672 3630 veteri

59 3668 318 3733 fuerunt,
358 3668 475 3722 sive
501 3667 557 3721 hi
585 3667 676 3736 qui
707 3667 759 3720 in
795 3674 1116 3722 testamento
1145 3681 1284 3720 novo
1327 3667 1496 3720 secuti
1525 3674 1669 3719 sunt.

60 3757 344 3812 Nimirum
394 3765 607 3818 constat
652 3757 776 3826 quia
820 3771 1010 3811 omnes
1059 3771 1126 3810 ex
1170 3771 1355 3810 amore
1394 3755 1673 3809 Trinitatis

62 3845 300 3900 accensi
354 3853 500 3899 sunt.
559 3845 744 3913 Neque
777 3845 920 3898 enim
969 3860 1096 3899 vere
1141 3844 1312 3898 Deum
1363 3843 1669 3914 diligerent,

58 3937 110 3990 si
161 3933 413 4002 ejusdem
458 3934 740 3998 Trinitatis
779 3950 900 4002 qua:
947 3935 1086 3993 Deus
1129 3942 1230 3996 est,
1284 3934 1513 4004 gratiam
1563 3950 1673 3988 non

57 4027 436 4094 accepissent.
472 4025 631 4080 Juxta
664 4025 806 4081 viam
848 4040 977 4092 ergo
1013 4025 1333 4082 orientalem
1367 4034 1476 4080 tres
1523 4026 1671 4091 hinc,

54 4127 118 4174 et
150 4128 268 4172 tres
314 4118 440 4174 inde
486 4125 612 4171 sunt
653 4116 912 4172 thalami:
948 4117 1075 4183 quia
1118 4117 1245 4170 dum
1289 4116 1433 4176 inter
1463 4126 1674 4173 veteres

53 4219 117 4262 et
169 4223 349 4262 novos
409 4216 590 4276 patres
638 4207 899 4264 Dominus
944 4207 1217 4267 innarnari
1267 4207 1517 4276 dignatus
1568 4216 1672 4272 est,

54 4299 226 4368 quasi
277 4299 334 4350 in
368 4298 544 4351 medio
579 4297 933 4359 thalamorum
972 4298 1057 4352 via
1086 4298 1366 4359 orientalis
1407 4299 1670 4366 apparuit,

53 4387 193 4456 quia
231 4385 463 4440 thalami
496 4387 564 4450 ad
609 4401 789 4440 veram
833 4385 1065 4455 speciem
1096 4403 1162 4448 ex
1224 4387 1504 4442 Trinitatis
1549 4396 1676 4442 sunt

53 4474 386 4543 cognitione
411 4474 671 4529 decorati.
709 4474 802 4528 Sin
838 4491 964 4530 vero
1005 4477 1073 4530 ad
1101 4477 1329 4534 virtutes
1352 4478 1668 4542 electorum,

53 4567 326 4632 minutiem
371 4581 654 4630 numerum
705 4565 1027 4634 referamus,
1061 4576 1170 4630 tres
1227 4576 1351 4632 sunt
1409 4569 1669 4633 virtutes,

53 4656 180 4707 sine
215 4654 425 4724 quibus
473 4656 519 4710 is
563 4655 657 4724 qui
706 4656 908 4725 aliquid
940 4659 1152 4728 operari
1197 4659 1306 4728 jam
1337 4667 1534 4728 potest,
1567 4659 1675 4714 sal-

53 4749 174 4797 vari
230 4760 346 4800 non
399 4754 592 4816 potest,
638 4747 904 4814 videlicet,
945 4749 1097 4814 ﬁdes,
1136 4765 1275 4818 spes,
1317 4752 1570 4813 cbaritas.
1603 4752 1672 4808 Et

54 4833 186 4899 quin
239 4835 438 4889 eadem
475 4852 621 4906 spes,
653 4835 785 4894 ﬁdes
813 4846 868 4892 ct
917 4839 1116 4902 caritas
1156 4840 1206 4892 in
1239 4842 1474 4909 antiquis
1508 4841 1673 4909 patrL

53 4924 157 4974 bus
211 4938 344 4992 qua:
372 4924 426 4977 in
471 4925 623 4978 novis
666 4927 977 4984 doctoribus
1017 4926 1137 4994 fuit,
1168 4929 1320 4999 juxta
1353 4931 1670 4986 orientalem

53 5014 206 5066 viam
266 5023 386 5071 tres
415 5017 540 5078 hinc
584 5027 638 5072 et
671 5026 781 5072 tres
825 5019 950 5074 inde
997 5020 1218 5076 thalami
1249 5022 1665 5077 describuntur:

53 5103 137 5156 vel
195 5114 358 5161 certe
397 5107 522 5178 quia
578 5115 687 5164 tres
737 5118 954 5187 patrum
1004 5121 1245 5168 veterum
1293 5114 1670 5180 distinctiones

54 5195 314 5262 “uerunt,
367 5206 474 5262 tres
520 5214 734 5279 quoque
775 5218 1036 5268 novorum
1077 5205 1176 5270 sub
1218 5206 1389 5276 gratia
1435 5221 1670 5276 sequuns

54 5303 162 5340 .ur.
213 5289 398 5344 Vetus
421 5291 614 5370 quippe
638 5293 864 5369 populus
903 5297 1091 5362 habuit
1131 5306 1315 5366 patres
1338 5306 1464 5358 ante
1492 5297 1664 5368 legem

55 5394 112 5430 lC
145 5378 365 5444 deinde
410 5382 463 5436 in
493 5381 631 5454 lege,
660 5393 716 5448 et
743 5387 1082 5460 postmodum
1115 5390 1408 5468 prophetas
1437 5403 1450 5442 :
1485 5389 1538 5456 in
1569 5405 1665 5450 no—

53 5487 115 5526 ro
150 5481 358 5530 autem
388 5478 582 5548 populo
623 5479 774 5548 prius
823 5477 1170 5546 Hebraeorum
1212 5482 1464 5551 primitiae
1493 5483 1670 5550 credi-

54 5561 294 5636 lﬁrunt,
342 5570 684 5638 postmodum
719 5570 997 5641 plenitudo
1033 5571 1272 5644 gentium
1302 5571 1355 5626 in
1385 5571 1492 5626 ﬁde
1518 5588 1675 5639 secus

53 5668 100 5716 .a
135 5664 256 5726 est,
291 5671 363 5712 ac
394 5661 584 5720 deinde
621 5661 675 5716 in
704 5661 809 5720 ﬁne
843 5662 1026 5720 saeculi
1057 5661 1406 5732 Hebraeorum
1433 5664 1673 5734 reliquiae

53 5745 387 5820 salvantur,
419 5751 596 5824 (ﬁam.
625 5755 724 5827 xi).
752 5755 888 5830 Quia
931 5772 1064 5830 ergo
1099 5755 1406 5825 incarnatio
1434 5757 1671 5827 Domini.

1782 1929 1984 1985 idcirco
2036 1929 2200 1984 vitam
2247 1928 2640 1984 continentium
2694 1928 2948 2000 signavit.
3009 1928 3110 1985 Job
3155 1944 3283 1984 vero
3321 1929 3377 1984 in

1781 2018 2030 2089 conjugio
2069 2019 2293 2087 positus,
2328 2027 2382 2074 et
2406 2032 2593 2074 curam
2620 2019 2811 2076 domus
2848 2020 3084 2088 propria:
3111 2033 3374 2075 exercens

1779 2111 2017 2181 placuit;
2051 2126 2150 2180 per
2189 2126 2349 2179 quem
2400 2110 2558 2182 digne
2610 2111 2877 2178 becorum
2915 2111 3202 2180 coniugum
3241 2110 3376 2165 ordo

1781 2202 2064 2273 ﬁguratur.
2115 2203 2253 2268 Quia
2281 2219 2413 2273 ergo
2459 2204 2623 2258 etiam
2669 2212 2796 2258 ante
2821 2205 3137 2271 mediatoris
3177 2205 3378 2260 adven-

1780 2303 1915 2357 tum,
1939 2302 1992 2347 et
2022 2293 2426 2363 pradicatores,
2471 2302 2527 2349 et
2555 2294 2911 2360 continentes,
2964 2311 3028 2350 ac
3069 2296 3198 2356 boni
3237 2313 3375 2351 cono

1769 2380 1968 2452 jugati,
2014 2381 2250 2448 luerunt,
2305 2383 2392 2452 qui
2446 2385 2696 2442 eumdem
2741 2383 2854 2453 ejus
2900 2386 3190 2454 adventum
3232 2402 3376 2456 prim

1778 2473 2123 2539 stolarentu-r,
2177 2482 2234 2530 et
2285 2490 2478 2544 magna
2543 2475 2687 2536 hunc
2735 2476 2828 2530 siti
2877 2475 3133 2533 desiderii
3193 2476 3377 2536 videre

1779 2575 2063 2636 cuperent,
2105 2576 2159 2624 et
2189 2569 2534 2636 postmodum
2575 2568 2982 2638 praedicatores,
3030 2570 3378 2636 remittentes

1781 2671 1846 2712 ac
1879 2658 2050 2716 honos
2071 2667 2389 2729 conjugatos
2415 2661 2691 2717 cernimus
2725 2663 2980 2728 existere,
3019 2665 3110 2733 qui
3138 2663 3377 2718 iisdem.

1778 2760 1990 2820 merent
2043 2762 2286 2810 nostrum
2311 2770 2418 2809 non
2453 2753 2566 2823 jam
2613 2754 2928 2814 desiderant
2960 2755 3375 2821 incarnandum,

1781 2847 1876 2901 sed
1902 2847 1958 2899 in
1987 2843 2286 2912 majestatis
2315 2862 2425 2902 suae
2450 2847 2622 2917 gloria
2648 2849 3119 2917 contemplandum
3147 2866 3161 2901 :
3187 2848 3374 2902 orien-

1781 2937 1906 2998 talis
1958 2939 2044 2994 via
2083 2947 2200 2994 tres
2257 2939 2386 2994 hinc
2436 2948 2489 2993 et
2527 2949 2645 2996 tres
2694 2941 2819 2998 inde
2867 2942 3138 2996 thalamos
3186 2943 3373 3006 habet,

1775 3030 1930 3100 juxta
1979 3031 2281 3087 Psalmistae
2338 3048 2546 3096 vocem,
2595 3034 2687 3103 qui
2735 3037 2800 3089 de
2837 3035 3027 3090 eadem
3076 3035 3183 3096 via,
3229 3034 3376 3087 vide-

1780 3126 1909 3180 licet
1928 3135 2115 3180 nostro
2129 3125 2514 3196 Redemptum,
2549 3127 2682 3186 dicit
2710 3146 2722 3180 :
2759 3146 2778 3178 ι
2810 3127 2865 3182 lu
2899 3128 3129 3184 circuitu
3147 3126 3262 3194 ejus
3287 3136 3374 3181 ta—

1699 3186 1746 3256 C
1779 3221 2068 3282 bernacula
2091 3220 2206 3290 ejus
2237 3186 2409 3293 (Paul.
2448 3186 2602 3292 xvii).
2646 3243 2662 3274 ι
2691 3221 2800 3277 Sed
2844 3186 3192 3292 pensandum
3216 3220 3371 3274 nobis

1778 3320 1862 3366 est
1886 3311 2115 3366 sollicita
2151 3312 2449 3370 intentione
2493 3313 2635 3382 quod
2686 3312 2902 3376 dicitur,
2955 3312 3082 3380 quia
3123 3323 3375 3364 mensura

1776 3419 1884 3458 una
1943 3405 2124 3459 trium.
2173 3405 2308 3460 Cum
2354 3406 2500 3460 enim
2540 3405 2704 3476 longe
2746 3405 2816 3460 sit
2875 3420 2906 3458 a
2969 3404 3371 3459 continentibus

1777 3503 1832 3549 et
1867 3495 2174 3552 tacentibus
2217 3497 2537 3551 excellentia
2570 3497 3009 3566 prmdicatorum,
3049 3506 3103 3549 et
3137 3480 3290 3549 valde
3339 3511 3372 3549 a

1777 3588 2081 3659 conjugatis
2111 3590 2277 3644 distet
2317 3591 2610 3644 eminentia
2647 3591 3037 3644 continentium
3065 3607 3078 3643 :
3108 3590 3235 3658 quid
3265 3597 3370 3654 est,

1777 3683 1917 3750 quod
1946 3698 2048 3736 una
2079 3697 2330 3738 mensura
2367 3682 2565 3737 dicitur
2606 3683 2772 3736 trium
2800 3682 3124 3752 ?C0njngati
3153 3685 3372 3751 quippe,

1777 3774 2025 3842 quamvis
2055 3782 2110 3827 et
2139 3775 2274 3828 bene
2319 3783 2500 3845 agant.
2538 3782 2594 3829 et
2630 3774 3057 3842 omnipotentem
3099 3773 3267 3828 Deum
3295 3774 3374 3828 vi—

1778 3864 1905 3917 dere
1945 3863 2272 3928 desiderent,
2323 3865 2636 3919 domesticis
2684 3872 2864 3917 tamen
2909 3865 3056 3919 curis
3102 3879 3374 3934 occupan-

1777 3964 1884 4020 tur,
1929 3965 1981 4011 et
2012 3958 2336 4011 necessitate
2382 3967 2609 4026 cegcute
2661 3957 2712 4009 in
2744 3966 2976 4023 utroque
3007 3965 3240 4010 mentem
3293 3957 3374 4012 di-

1776 4047 1978 4102 vident.
2025 4047 2379 4101 Continentes
2405 4057 2586 4100 autem
2619 4048 2688 4100 ab
2726 4047 3028 4111 hujusmodi
3058 4047 3268 4099 actione
3290 4062 3373 4101 rc-

1777 4141 1908 4192 moti
1938 4148 2082 4202 sunt,
2116 4146 2168 4190 et
2213 4140 2542 4209 voluptatem
2566 4139 2770 4192 Tarnis
2803 4140 2965 4190 etiam
2993 4153 3021 4189 a
3065 4139 3210 4191 licito
3238 4155 3372 4193 con-

1773 4232 1922 4302 jugio
1968 4230 2286 4299 refringunt,
2337 4233 2481 4285 nulla
2512 4230 2778 4300 conjugis,
2832 4229 2976 4284 nulla
3019 4230 3250 4284 ﬁliorum
3282 4249 3373 4286 cu-

1779 4339 1862 4385 ra,
1903 4323 2061 4376 nullis
2109 4325 2285 4376 noxiis
2317 4339 2379 4377 ac
2408 4323 2712 4376 ditiicilibus
2740 4323 2815 4374 rei
2854 4322 3136 4377 ianiiliaris
3172 4322 3374 4391 cogita-

1781 4417 2016 4470 tionibus
2059 4416 2421 4485 implicantur.
2469 4415 2862 4469 Praedicutores
2892 4430 3020 4467 vero
3064 4431 3170 4467 non
3200 4414 3369 4466 solum

1698 4537 1752 4596 Β
1779 4522 1839 4561 se
1879 4521 1909 4558 a
1942 4506 2087 4560 vitiis
2133 4513 2404 4569 coercent,
2447 4506 2539 4560 sed
2589 4505 2750 4558 etiam
2797 4521 3023 4574 peccare
3073 4505 3206 4558 alios
3249 4521 3373 4572 pro-

1781 4597 1990 4661 hibent,
2029 4599 2099 4652 ad
2131 4597 2288 4652 ﬁdem
2321 4597 2543 4661 ducunt,
2590 4597 2644 4650 in
2675 4598 2854 4651 studio
2889 4598 3046 4650 bona}
3083 4614 3373 4651 conversa-

1779 4693 1943 4747 tionis
1993 4693 2287 4748 instruunt.
2347 4691 2627 4756 Quomodo
2670 4706 2798 4758 ergo
2845 4706 2950 4742 una
2991 4706 3176 4742 eorum
3219 4707 3371 4745 men-

1780 4801 1907 4838 sura
1945 4793 2048 4849 est,
2106 4798 2337 4851 quorum
2383 4781 2506 4834 vita:
2549 4780 2782 4847 qualitas
2833 4797 2935 4833 una
2975 4798 3077 4833 non
3116 4790 3216 4842 est,
3275 4783 3368 4836 sed

1781 4891 2032 4930 mensura
2062 4891 2165 4927 una
2199 4873 2361 4924 trium
2398 4881 2507 4932 est,
2546 4874 2670 4940 quia
2710 4873 2811 4926 etsi
2857 4873 2910 4925 in
2943 4873 3021 4925 eis
3051 4873 3366 4927 meritorum

1780 4983 1972 5036 magna
2006 4974 2088 5020 est
2118 4965 2421 5028 diversitas,
2455 4973 2633 5017 tamen
2665 4963 2919 5016 distantia
2966 4963 3018 5016 in
3050 4962 3154 5016 ﬁde.
3183 4963 3365 5032 inqua

1778 5058 2093 5121 tenduntur,
2138 5071 2246 5110 non
2287 5064 2387 5110 est.
2421 5053 2554 5108 Nam
2597 5054 2785 5108 eadem
2816 5055 2948 5108 ﬁdes
2977 5070 3096 5123 qtae
3124 5055 3253 5108 istos
3281 5069 3367 5108 so-

1776 5152 1907 5204 lidat
1951 5152 2002 5205 in
2036 5151 2304 5214 maximis,
2357 5147 2569 5203 illorum
2621 5147 2988 5200 inﬁrmitatem
3029 5147 3269 5201 continet
3312 5147 3364 5201 in

1772 5241 1973 5312 parvis.
2022 5242 2160 5296 Vere
2209 5249 2356 5295 certe
2418 5240 2580 5292 trium
2627 5252 2733 5290 una
2787 5252 3035 5290 mensura
3081 5245 3184 5300 est.
3237 5238 3364 5306 quia

1771 5339 1828 5394 in
1853 5337 2204 5391 retributione
2218 5335 2425 5398 ultima,
2453 5331 2699 5402 quamvis
2725 5330 2913 5385 eadem
2944 5331 3172 5402 dignitas
3189 5331 3366 5384 omni~

1773 5432 1874 5487 bus
1896 5447 2000 5487 non
2034 5433 2124 5498 sit,
2143 5447 2246 5484 una
2262 5439 2441 5483 tamen
2463 5424 2834 5480 eritomnibus
2854 5425 2962 5479 vita
2987 5415 3359 5479 beatitudinis.

1775 5517 1930 5579 Unde
1945 5531 1999 5577 et
2012 5515 2108 5592 per
2123 5520 2413 5588 scmetipsu
2425 5537 2475 5574 m
2498 5519 2759 5576 Dominus
2774 5518 2923 5575 dicit:
2942 5517 2996 5569 In
3013 5517 3171 5570 domo
3184 5515 3364 5568 Patris

1775 5614 1881 5669 mei
1917 5615 2226 5669 mansiones
2270 5615 2451 5670 multa:
2508 5621 2635 5670 sunt
2663 5613 2845 5687 (Joan.
2872 5609 3016 5680 xrv)'
3045 5610 3138 5664 sed
3181 5617 3361 5661 tamen

1776 5706 1898 5777 quia
1925 5706 1980 5760 in
2005 5705 2160 5761 vinea
2174 5705 2317 5761 ducti
2343 5713 2489 5772 sunt,
2512 5707 2760 5780 quamvis
2785 5704 3013 5760 diversis
3034 5701 3178 5757 noris
3201 5713 3364 5754 vene-

1776 5800 1904 5865 rint,
1955 5815 2122 5854 unum
2144 5799 2428 5855 denarium
2466 5808 2844 5873 perceperunt.
2895 5797 3013 5864 Qua
3049 5796 3232 5863 itaque
3269 5804 3364 5848 ra-
