3908 6356
504 327 608 386 903

1141 315 1226 378 ΒΪ
1244 321 1499 380 RABANI
1537 321 1757 379 MAURI
1794 321 2074 380 ARCHIEI

2177 313 2795 380 llOGUNTIOPERUM
2833 323 3013 381 PARS
3049 323 3111 379 ιι.

3704 316 3796 382 ω.

501 445 651 501 tione
674 439 1002 498 conveniant
1025 437 1339 493 mansiones
1365 437 1548 492 multae
1574 451 1698 492 cum
1721 451 1828 492 uno
1841 436 2083 500 denario,
2113 439 2166 499 Α
2191 451 2333 502 rum,
2362 433 2514 503 cujus
2552 433 2832 506 longitudo
2859 435 3097 491 habebat
3124 435 3389 490 tredecim
3417 435 3680 492 cubitus.
3707 435 3792 495 Po-

502 535 606 590 nisi
639 531 764 602 quia
785 530 1011 586 diversa:
1047 527 1264 598 quidem
1306 529 1589 583 beatorum
1615 527 1813 582 civium
1851 525 2082 597 dignita-

503 632 586 680 tes
614 622 808 680 erunt?
829 622 927 678 sed
960 628 1154 676 tamen
1184 635 1290 675 una
1320 620 1474 690 quies
1511 628 1727 675 aeternae
1775 619 2084 676 retributio—

502 717 623 771 nis:
649 731 775 770 nam
802 713 908 768 etsi
939 713 1122 783 dispar
1161 712 1267 768 erit
1301 712 1554 767 meritum
1581 711 1934 782 singulorum,
1976 726 2085 766 non

423 806 428 812 ’
503 807 609 862 erit
627 805 912 861 diversitas
944 804 1298 874 gaudiorum:
1324 805 1448 873 quia
1488 804 1592 859 etsi
1622 803 1761 858 alter
1789 803 1967 858 minus
1991 811 2086 857 'at-

503 915 607 969 que
634 897 771 953 alius
811 896 1040 967 amplius
1063 895 1287 962 exultat,
1317 908 1505 950 omnes
1534 903 1718 949 tamen
1740 909 1908 948 unum
1947 908 2080 962 gau-

504 992 671 1057 dium,
705 991 772 1046 de
814 989 1110 1045 conditoris
1139 988 1219 1044 sui
1259 987 1466 1043 visione
1505 986 1774 1042 laetiﬁcat.’
1794 985 1909 1041 Hoc
1942 1003 2082 1056 quo-

503 1098 607 1150 que
630 1090 714 1137 est
737 1080 852 1136 sive
876 1081 941 1135 de
964 1079 1232 1134 veteribus
1258 1092 1352 1133 seu
1393 1078 1544 1132 novis
1571 1078 1816 1147 patribus
1839 1077 2079 1131 sentien-

505 1173 631 1227 dum
657 1190 668 1225 :
707 1171 835 1242 quia
869 1170 1149 1226 orientalis
1175 1170 1261 1224 via
1285 1184 1406 1224 cum
1435 1177 1546 1223 tres
1575 1168 1701 1223 hinc
1729 1177 1784 1223 et
1817 1177 1929 1223 tres
1959 1169 2083 1224 inde

506 1263 771 1318 thalamos
799 1261 1017 1328 habeat,
1047 1275 1301 1316 mensura
1345 1275 1453 1314 una
1496 1260 1660 1313 trium
1691 1268 1793 1324 est,
1824 1259 2081 1329 quoniam

506 1353 621 1423 ipsa
647 1352 780 1408 ﬁdes
813 1362 976 1424 atque
1003 1353 1179 1422 ipsum
1209 1351 1462 1406 meritum
1490 1351 1664 1406 tenuit
1691 1350 1854 1406 corda
1880 1365 2082 1420 praece-

506 1442 768 1508 dentium,
793 1458 911 1515 quae
949 1441 1172 1512 replevit
1193 1441 1358 1497 corda
1386 1449 1744 1512 sequentium,
1773 1442 1874 1496 sub
1897 1441 2083 1496 Testa-

505 1547 684 1593 mento
713 1538 863 1595 Novo
888 1535 1186 1609 positorum
1214 1535 1352 1590 sicut
1381 1542 1434 1590 et
1460 1549 1559 1605 per
1587 1534 1812 1590 Paulum
1848 1534 2078 1588 dicitur:

507 1650 525 1681 ε
560 1631 828 1689 [labentes
847 1642 1029 1690 autem
1054 1631 1301 1691 eumdem
1342 1630 1595 1705 spiritum
1621 1629 1744 1685 ﬁdei
1771 1629 1913 1684 Sicut
1945 1631 2084 1685 Scri-

501 1732 650 1793 ptum
676 1735 779 1793 est,
807 1727 1012 1782 credidi
1037 1735 1259 1798 propter
1284 1729 1427 1798 quod
1464 1723 1674 1784 locutus
1714 1738 1856 1783 sum.
1885 1723 1953 1777 Et
1982 1738 2083 1779 nos

2188 532 2290 580 test
2316 533 2497 581 autem
2523 534 2680 594 porta
2707 525 2933 592 liminis,
2961 526 3016 580 in
3047 541 3156 596 quo
3184 534 3446 580 sacratus
3487 534 3586 580 est
3621 543 3786 582 nume-

2184 633 2278 672 rus
2316 618 2518 673 veteris
2552 625 2608 673 et
2652 619 2779 673 novi
2823 619 3193 685 instrumenti,
3241 620 3328 674 vel
3373 621 3506 689 ipse
3540 618 3784 678 Domina

2185 706 2410 779 intelligi
2450 709 2542 778 qui
2583 709 2716 765 dicit
2743 727 2756 764 :
2787 729 2805 761 ί
2833 709 2947 782 Ego
2992 725 3111 766 sum
3163 710 3370 766 ostium
3415 709 3619 782 (locu.
3665 714 3739 783 ι).
3764 733 3780 766 ι

2185 799 2282 855 Vel
2307 809 2454 855 certe
2481 816 2672 856 omnes
2699 802 2871 857 sancti
2907 816 3006 872 per
3033 818 3171 873 quos
3197 803 3562 875 ingredimur
3590 806 3663 860 ad
3701 823 3782 863 no-

2184 891 2361 947 titiam
2400 893 2517 961 Dei,
2553 910 2783 964 quorum
2833 897 3110 966 apostolus
3151 897 3357 954 Paulus
3415 897 3773 968 loquebatur:

2189 1005 2208 1036 (
2241 985 2314 1042 Os
2354 1002 2536 1042 meum
2574 997 2725 1058 patet
2753 990 2822 1046 ad
2850 1006 2970 1057 vos,
2999 1007 3033 1046 o
3058 991 3350 1058 Corinthii,
3392 993 3708 1052 dilatamini
3737 1008 3777 1052 et

2183 1092 2280 1132 vos
2304 1077 2393 1148 (II
2423 1076 2547 1133 Cor.
2575 1080 2675 1152 v1).
2707 1100 2726 1133 ι
2759 1081 3040 1138 Tredecim
3065 1093 3246 1139 autem
3286 1085 3475 1141 cubiti
3505 1099 3634 1158 post
3660 1102 3776 1146 adn»

2185 1168 2397 1222 narium
2435 1186 2720 1226 numerum
2767 1171 3030 1229 librorum
3072 1174 3244 1247 Moysi
3279 1178 3589 1232 continent
3625 1197 3772 1235 sacra-

2184 1267 2450 1326 mentum,
2477 1260 2569 1330 qui
2596 1271 2652 1314 et
2690 1262 2745 1315 in
2771 1263 3010 1333 quinque
3039 1275 3434 1322 monstrantur
3459 1271 3711 1338 panibus,
3731 1287 3768 1325 Et

2184 1345 2241 1401 in
2288 1345 2630 1404 Samaritana
2671 1350 2944 1421 Evangelii
2989 1352 3172 1426 (Joan.
3220 1359 3328 1428 1v),
3375 1373 3513 1428 quae
3558 1364 3766 1433 arguim:

2185 1438 2330 1508 quod
2352 1440 2592 1510 quinque
2627 1442 2880 1498 habuerit
2903 1445 3049 1500 viros
3091 1455 3144 1502 et
3170 1457 3396 1504 sextum
3428 1468 3602 1521 quem
3637 1465 3762 1523 puu-

2168 1527 2278 1582 bat
2319 1529 2521 1586 habere
2547 1547 2654 1586 non
2702 1532 2922 1588 habeat.
2976 1535 3045 1590 Et
3077 1545 3265 1593 tamen
3299 1549 3360 1594 et
3393 1547 3763 1599 octonarinsct

2189 1619 2469 1688 quinarius
2493 1637 2750 1679 numerus
2775 1624 2834 1678 in
2860 1641 2967 1681 uno
2999 1628 3202 1696 cubito,
3230 1630 3291 1684 id
3314 1639 3410 1686 est
3446 1633 3657 1688 decimo
3682 1648 3762 1692 ta-

2187 1710 2264 1766 tio
2295 1722 2647 1767 consumatur
2675 1729 2793 1783 qua:
2835 1715 2891 1770 in
2943 1717 3160 1775 Christo
3202 1723 3760 1793 recapitulantnrom—

500 1817 791 1883 credimus,
817 1826 1036 1890 propter
1073 1821 1217 1890 quod
1267 1827 1322 1874 et
1367 1820 1638 1889 loquimur
1656 1820 1739 1893 (II
1775 1815 1895 1876 Cor.
1927 1815 2024 1893 ιν).
2055 1842 2074 1876 ι

2183 1805 2292 1880 uia,
2334 1807 2478 1869 unde
2519 1807 2739 1875 dicitur,
2778 1817 2833 1863 et
2879 1812 3092 1868 cubitus
3143 1829 3292 1869 unus
3330 1815 3472 1872 ﬁnis
3513 1828 3759 1891 utrumque

501 1906 784 1977 Spiritales
820 1912 1018 1982 quippe
1057 1912 1134 1966 illi
1175 1920 1358 1984 patres
1407 1914 1834 1984 omnipotentem
1884 1917 2076 1983 Deum,

501 1996 822 2056 Trinitatem
854 2002 930 2056 ita
954 2017 1074 2058 esse
1102 2004 1464 2069 crediderunt,
1508 2005 1648 2060 sicut
1675 2006 1926 2061 eamdem
1957 2007 2081 2061 Tri-

501 2088 726 2145 nitatem
749 2091 876 2146 novi
895 2099 1076 2162 patres
1115 2102 1303 2164 aperte
1336 2092 1505 2149 locuti
1540 2102 1686 2149 sunt.
1731 2094 1897 2150 Isaias
1926 2111 2079 2150 nam-

501 2193 608 2250 que
650 2181 854 2237 audivit
899 2182 1140 2254 angelica
1191 2184 1405 2255 agmina
1463 2185 1520 2239 in
1562 2185 1701 2240 cmlo
1751 2185 2078 2240 clamantia:

503 2287 524 2321 ι
555 2269 810 2340 Sanctus,
832 2283 1071 2340 sanctus,
1112 2283 1334 2331 sanctus
1373 2277 1634 2332 Dominus
1674 2277 1818 2333 Deus
1854 2279 2082 2333 sabaoth

497 2361 632 2435 (Ita.
670 2364 768 2438 vr).
797 2384 816 2418 ι
851 2365 922 2422 Ut
942 2367 1086 2422 enim
1116 2383 1476 2438 personarum
1502 2369 1717 2424 trinitas
1743 2379 2079 2426 monstrare-

499 2461 604 2523 tur,
639 2455 800 2513 tertio
829 2465 1051 2514 sanctus
1075 2458 1293 2525 dicitur,
1342 2460 1436 2514 sed
1459 2475 1568 2513 una
1612 2473 1735 2515 esse
1779 2461 2081 2516 substantia

418 2599 423 2602 .
498 2547 755 2604 trinitatis
794 2558 1052 2621 appareat
1093 2567 1202 2606 non
1232 2551 1446 2607 Domini
1486 2551 1734 2620 sabaoth,
1774 2554 1870 2608 sed
1894 2553 2080 2609 Domi-

498 2654 601 2694 nus
623 2641 851 2696 sabaoth
888 2656 1012 2698 esse
1038 2642 1376 2713 perhibetur.
1405 2642 1560 2710 Quod
1578 2643 1747 2700 David
1775 2661 1990 2716 quoque
2010 2647 2083 2702 si-

499 2732 703 2790 utiliter
726 2736 983 2801 sentiens,
1013 2736 1090 2790 ait
1113 2756 1128 2794 ε
1157 2756 1174 2788 ‹
1200 2737 1496 2794 Benedicat
1520 2755 1620 2797 nos
1639 2741 1783 2796 Deus
1811 2742 1957 2798 Deus
1987 2759 2083 2800 no-

497 2831 629 2891 ster,
679 2825 964 2882 benedicat
1003 2842 1102 2883 nos
1148 2829 1291 2884 Deus
1325 2827 1498 2899 (Psal.
1542 2830 1710 2903 mm).
1743 2851 1764 2884 ›
1811 2831 1914 2898 Qui
1959 2847 2082 2888 cum

498 2917 658 2973 tertio
686 2918 910 2976 dixisset
936 2920 1132 2989 Deum,
1159 2931 1220 2977 ut
1245 2939 1412 2978 unum
1437 2925 1581 2980 hunc
1603 2941 1725 2981 esse
1752 2928 2078 2996 ostenderet,

506 3023 524 3056 ι
555 3014 613 3060 et
639 3015 882 3064 metuant
919 3025 1044 3066 eum
1069 3027 1257 3068 omnes
1295 3014 1431 3070 ﬁnes
1462 3025 1638 3071 terrae.
1677 3037 1696 3068 i
1727 3017 1925 3074 Paulus
1948 3034 2081 3088 quo-

497 3112 603 3166 que
642 3097 900 3170 loquitur,
956 3101 1141 3158 dicens
1175 3121 1188 3158 :
1220 3123 1238 3156 ι
1266 3104 1532 3171 Quoniam
1599 3121 1666 3162 ex
1717 3107 1835 3178 ipso
1880 3118 1937 3164 et
1979 3124 2079 3181 per

2187 1904 2310 1957 dum
2341 1913 2398 1958 ct
2425 1905 2593 1960 Vetus
2633 1916 2686 1960 et
2732 1897 2938 1962 Novum
2983 1903 3409 1961 Testamentum
3443 1910 3756 1972 una

2183 2008 2439 2049 mensura
2491 1996 2886 2066 complectitur.
2941 1986 3144 2069 (Gr-eg.)
3208 1997 3389 2055 Multa
3443 2005 3754 2074 superinsde

2183 2096 2352 2156 portae
2394 2088 2788 2160 signiﬁcatione
2813 2091 2927 2162 jam
2960 2090 3218 2157 diximus,
3253 2094 3363 2150 sed
3404 2112 3582 2152 unum
3611 2107 3754 2154 terra:

2184 2180 2386 2250 aliquid
2433 2184 2709 2252 debemus,
2737 2196 2793 2241 et
2835 2187 2978 2256 quod
3009 2185 3185 2258 possit
3219 2194 3278 2240 et
3325 2197 3542 2244 caetera
3579 2189 3754 2246 lectoris

2182 2271 2467 2340 prudentia
2510 2283 2800 2342 penetrare
2825 2295 2837 2330 :
2862 2277 3076 2333 Dictum
3113 2275 3328 2350 quippe
3385 2286 3503 2342 est,
3539 2293 3630 2348 per
3660 2296 3752 2348 par-

2183 2369 2298 2416 tam
2323 2377 2533 2419 sacram
2562 2350 2904 2437 Scripturam
2930 2385 3090 2438 posse
3133 2368 3398 2442 ﬁgurari.
3431 2369 3547 2430 Sed
3580 2372 3664 2425 bu:
3683 2389 3750 2425 ne-

2182 2453 2267 2508 bis
2306 2455 2466 2509 modo
2509 2454 2780 2514 laboriose
2819 2460 3216 2518 discutiendum
3255 2476 3373 2531 est,
3423 2483 3533 2522 cur
3567 2463 3748 2524 latitudo

2183 2541 2385 2599 liminis
2411 2552 2582 2615 portae
2611 2549 2798 2603 decem
2827 2543 3044 2617 cubitis,
3080 2561 3136 2607 et
3178 2553 3491 2626 longitudo
3542 2560 3750 2614 tredecim

2183 2644 2546 2690 mensuratur.
2585 2637 2702 2694 Hoc
2741 2648 2922 2696 autem
2969 2642 3087 2698 loco
3129 2643 3431 2714 longitudo
3460 2659 3631 2718 porta:
3665 2651 3754 2702 alti-

2183 2725 2311 2780 tudo
2335 2727 2551 2781 dicitur.
2578 2727 2731 2784 Sicut
2758 2747 2857 2786 nos
2883 2731 3054 2804 longa:
3083 2737 3314 2789 statura:
3335 2737 3605 2806 dicimus,
3630 2756 3756 2808 qua

2183 2816 2353 2871 altum
2377 2817 2641 2874 videmus.
2674 2819 2808 2875 Nam
2850 2822 3128 2894 longitudo
3161 2835 3349 2894 portae
3381 2828 3499 2882 dici
3539 2829 3597 2883 in
3622 2839 3758 2884 tum»

2184 2922 2397 2962 versum
2424 2924 2531 2964 non
2563 2919 2764 2981 potest,
2793 2911 2946 2981 cujus
2971 2913 3203 2970 latitudo
3230 2932 3338 2985 per
3365 2917 3569 2975 decem
3608 2922 3770 2977 cubita-

2183 2999 2609 3056 demonstratur.
2639 3003 2778 3069 Quid
2803 3020 2933 3075 ergo
2955 3005 3182 3062 latitudo
3214 3007 3434 3066 liminis
3457 3023 3647 3082 parte,
3673 3015 3758 3069 nisi

2181 3089 2267 3146 lex
2297 3090 2626 3148 Testamenti
2659 3095 2867 3151 Veteris
2900 3096 3032 3164 fuit;
3067 3108 3122 3152 et
3149 3099 3444 3171 longitudo
3477 3115 3642 3174 porta:
3669 3106 3761 3160 nisi

499 3184 676 3257 ipsum
701 3196 756 3244 et
784 3190 838 3244 in
887 3190 1006 3261 ipso
1051 3201 1180 3248 sum
1223 3197 1404 3250 omnia
1432 3194 1605 3267 (Rom.
1640 3198 1738 3270 χι),
1768 3218 1787 3249 ,
1823 3215 1888 3254 ex
1936 3200 2077 3270 ipso,
2107 3185 2151 3248 C
2183 3183 2726 3252 gratia‘Testamenti
2747 3185 2914 3251 Novi;
2943 3189 3068 3258 quia
3093 3190 3361 3248 videlicet
3389 3193 3762 3264 δωρεαί-εδει-

499 3278 750 3336 videlicet
779 3296 848 3336 ex
877 3292 1062 3353 patre;
1090 3301 1190 3357 per
1214 3286 1410 3358 ipsum,
1432 3287 1538 3344 hoc
1563 3297 1646 3344 est
1664 3304 1763 3360 per
1790 3290 1991 3358 ﬁlium;
2022 3293 2079 3348 in

497 3371 616 3440 ipso
645 3380 845 3440 autem,
893 3375 997 3430 hoc
1031 3383 1116 3431 est
1162 3377 1217 3432 in
1246 3377 1454 3448 Spiritu
1492 3373 1699 3435 sancto.
1746 3380 1918 3448 Quem
1946 3399 2078 3454 ergo

498 3461 674 3531 ipsum
706 3463 923 3517 tertium
949 3465 1198 3533 dixisset,
1243 3469 1509 3539 adjunxit,
1551 3471 1654 3540 ipsi
1683 3471 1853 3540 gloria
1881 3473 1936 3526 in
1973 3489 2075 3528 sae-

496 3552 618 3607 cula
641 3554 962 3611 saeculorum
987 3573 1166 3615 amen.
1211 3559 1314 3627 Qui
1340 3562 1487 3616 enim
1513 3577 1620 3616 non
1644 3561 1776 3617 dicit
1800 3564 1950 3633 ipsis,
1983 3567 2078 3621 sed

495 3644 621 3714 ipsi,
647 3646 872 3703 dicendo
911 3655 995 3705 ter
1034 3651 1234 3720 ipsum,
1259 3653 1506 3709 distinxit
1533 3670 1829 3725 personas:
1855 3667 1909 3714 et
1948 3659 2077 3714 sub-

491 3734 765 3808 jungendo
806 3738 908 3810 ipsi
937 3740 1128 3811 gloria,
1165 3757 1277 3796 non
1311 3742 1493 3798 divisit
1530 3745 1906 3801 substantiam.
1939 3747 2076 3816 Quia

495 3827 676 3896 itaque
700 3843 807 3883 una
835 3838 919 3885 est
954 3840 1199 3886 veterum
1245 3847 1310 3888 ac
1356 3848 1617 3889 novorum
1663 3846 1875 3906 patrum
1916 3838 2072 3908 ﬁdes,

494 3929 639 3974 recte
676 3920 1038 3977 thalamorum
1084 3923 1408 3980 describitur
1439 3943 1698 3984 mensura
1738 3947 1844 3988 una
1885 3932 2072 3998 trium.

493 4009 637 4078 quod
662 4009 843 4064 verbis
863 4016 985 4072 aliis
1009 4017 1323 4091 replicatur,
1362 4035 1488 4084 cum
1519 4027 1783 4088 subditur.

570 4127 587 4159 ‹
619 4109 685 4162 Ει
730 4125 981 4167 mensura
1027 4130 1129 4168 una
1173 4114 1433 4173 frontium
1463 4135 1530 4175 ex
1574 4130 1804 4193 utraque
1844 4133 2016 4194 parte.
2045 4145 2065 4178 ι

496 4195 698 4269 (Greg.)
729 4200 811 4257 Ex
837 4211 1064 4273 utraque
1094 4207 1293 4263 ctenim
1323 4219 1478 4280 parte
1506 4221 1594 4268 est
1635 4229 1890 4270 mensura
1927 4216 2072 4272 fron-

496 4287 624 4340 tium
651 4305 665 4353 ;
701 4291 825 4357 quia
851 4302 1033 4361 patres
1054 4298 1222 4351 nostri
1239 4298 1322 4353 vel
1341 4301 1495 4370 prius
1518 4301 1744 4357 aVeteri
1763 4305 1849 4360 vel
1875 4322 2017 4362 nunc
2037 4322 2070 4362 a

493 4373 641 4429 Novo
683 4378 1027 4438 Testamento
1064 4387 1342 4444 venientes
1387 4391 1444 4444 in
1471 4408 1577 4446 una
1625 4395 1935 4452 mediatoris
1961 4398 2066 4455 ﬁde

492 4469 840 4536 conveniunt,
870 4473 995 4541 quia
1022 4489 1118 4543 pro
1158 4492 1226 4532 eo
1273 4482 1418 4548 quod
1447 4482 1716 4538 charitate
1745 4486 2062 4558 pleni'sunt,

491 4572 711 4612 carnem
735 4561 1058 4618 abstinentia
1089 4566 1330 4635 domant,
1369 4573 1534 4627 corda
1561 4576 1893 4632 audientium
1931 4595 2070 4649 prae-

492 4647 778 4706 dicationis
805 4652 1007 4709 lumine
1052 4656 1346 4726 illustrant,
1386 4661 1540 4732 signa
1582 4663 1807 4731 faciunt,
1840 4647 2068 4736 virtutes

489 4751 800 4810 operantur.
827 4743 932 4801 Per
951 4747 1054 4803 hoc
1079 4750 1221 4819 quod
1253 4765 1442 4807 eorum
1463 4753 1602 4808 bona
1639 4755 1794 4813 nobis
1815 4757 1964 4814 foras
1985 4761 2068 4814 in-

489 4839 812 4900 notescunt,
867 4851 974 4892 non
1023 4838 1294 4896 immerito
1361 4844 1526 4915 hujus
1569 4845 1808 4904 caelestis
1853 4850 2066 4906 aedilicii

486 4919 696 4978 frontes
734 4933 998 4980 vocantur
1025 4946 1035 4978 :
1061 4942 1224 4984 omne
1253 4931 1398 4986 enim
1429 4935 1571 5003 quod
1597 4952 1740 4992 nunc
1785 4939 1840 4993 in
1878 4949 2067 5009 aperto

487 5013 792 5069 ostenditur
815 5013 967 5072 frons
1005 5026 1107 5083 est,
1145 5026 1205 5073 ut
1242 5019 1373 5074 illud
1401 5023 1470 5077 sit
1498 5027 1821 5084 vestibulum
1847 5031 2061 5088 aediﬁcii

481 5106 635 5174 quod
667 5107 822 5162 nobis
842 5107 1071 5166 interius
1089 5121 1423 5169 reservatur.
1449 5115 1703 5188 Sequitur
1727 5139 1740 5175 :

566 5218 586 5250 ‹
619 5199 688 5253 Ει
713 5216 931 5257 mensus
957 5211 1044 5258 est
1070 5204 1409 5262 latitudinem
1451 5209 1650 5266 liminis
1674 5223 1848 5282 portae
1874 5216 2060 5272 decem

499 5306 518 5340 ι
555 5289 880 5359 cubitorum,
921 5301 978 5348 et
1013 5293 1401 5366 longitudinem
1438 5307 1608 5368 portze
1635 5303 1892 5359 tredecim
1916 5305 2063 5361 cubi-

494 5399 513 5432 ‹
551 5389 747 5435 torum.
781 5401 801 5434 ι
834 5382 1100 5459 (Ηὶενοη.)
1133 5387 1347 5444 Mensus
1367 5397 1451 5445 est
1486 5405 1698 5462 quoque
1726 5393 2061 5451 latitudinem

489 5467 691 5526 liminis
737 5482 906 5542 porta:
949 5475 1134 5532 decem
1172 5479 1478 5536 cubitorum
1527 5481 1620 5550 qui
1659 5482 1930 5551 perfectus
1981 5494 2066 5540 est

491 5576 770 5631 numerus,
811 5576 864 5622 et
892 5567 978 5624 vel
1032 5568 1285 5642 decalogo
1319 5572 1681 5640 contineatur,
1711 5573 1797 5628 vel
1833 5589 2062 5646 evange-

476 5652 684 5711 liorum
735 5667 968 5727 quatuor
1006 5670 1347 5716 sacramento
1394 5663 1490 5734 qui
1531 5663 1600 5718 ab
1647 5678 1755 5719 uno
1800 5664 2064 5736 incipiens

490 5747 564 5804 ita
591 5752 657 5806 ad
689 5761 918 5823 quatuor
937 5754 1186 5822 pervenit
1208 5764 1269 5809 ut
1311 5755 1594 5822 denarium
1623 5758 1846 5832 impleat
1873 5777 2062 5821 nume-

2181 3289 2277 3327 cra
2322 3271 2449 3327 dum
2478 3289 2576 3344 per
2607 3274 3011 3332 Testamentum
3058 3277 3232 3337 Vetus
3277 3284 3494 3338 crimina
3535 3301 3756 3356 operum

2181 3363 2532 3431 compescuit,
2563 3365 2682 3419 dari
2723 3367 2959 3423 decimas
2982 3372 3264 3442 praecepit,
3300 3375 3458 3442 quasi
3479 3391 3576 3445 per
3617 3392 3762 3431 man-

2183 3453 2309 3507 data
2339 3453 2564 3508 humilia
2608 3455 2663 3510 in
2711 3457 2912 3514 liminis
2953 3459 3242 3517 latitudine
3262 3465 3470 3533 jacuit.
3515 3466 3626 3523 Sed
3654 3470 3757 3524 dum

2177 3559 2274 3612 per
2305 3543 2709 3602 Testamentum
2748 3547 2956 3605 Novum
2991 3553 3361 3623 cogitationes
3399 3575 3607 3628 pravas
3632 3575 3757 3616 euer-

2179 3637 2311 3704 cuit,
2363 3639 2663 3708 derelinqui
2709 3643 2893 3699 omnia
2919 3652 2974 3699 et
3024 3661 3121 3715 pro
3163 3648 3279 3705 Deo
3312 3652 3499 3707 vitam
3548 3655 3757 3724 corpori.s

2171 3726 2334 3796 jussit
2371 3744 2494 3784 cum
2518 3733 2771 3799 praesenti
2802 3734 2998 3790 saeculo
3032 3737 3258 3810 despici,
3300 3744 3479 3810 quasi
3503 3754 3662 3816 porta
3683 3761 3753 3798 ω-

2176 3826 2288 3872 stra
2347 3819 2402 3873 in
2466 3820 2813 3892 longitudinis
2883 3827 3166 3884 altitudine
3227 3835 3508 3888 surrexit.
3586 3835 3753 3890 Mirum

2174 3924 2376 3994 Quippe
2410 3924 2683 3998 pulsu:le
2714 3917 3014 3979 .lsraelitico
3060 3925 3256 3993 populo
3291 3940 3405 3994 per
3449 3928 3635 3999 legem
3657 3930 3758 3983 data

2178 4023 2306 4070 sunt
2330 4034 2342 4068 :
2371 4018 2509 4073 unde
2536 4027 2592 4074 et
2619 4019 2793 4075 eidem
2835 4022 3031 4090 populo
3060 4021 3271 4094 Moyses
3297 4018 3360 4072 in
3404 4036 3615 4096 campo
3638 4024 3759 4078 locu-

2177 4121 2263 4168 tus
2299 4122 2405 4168 est.
2443 4114 2650 4170 Altiora
2693 4116 2956 4173 Dominus
3008 4120 3212 4175 sanctis
3268 4124 3558 4190 apostolis
3598 4123 3756 4177 dedit:

2174 4203 2316 4258 unde
2367 4213 2424 4260 et
2465 4205 2685 4261 eosdem
2735 4208 3002 4263 mandatis
3060 4210 3182 4264 vita:
3229 4211 3285 4264 in
3346 4223 3554 4269 monte
3606 4214 3760 4268 domn

2176 4295 2391 4367 (Matth.
2416 4298 2492 4368 v).
2527 4299 2665 4354 Dum
2688 4315 2819 4356 vero
2868 4301 3197 4372 Redemptor
3215 4313 3416 4359 noster
3453 4322 3569 4376 per
3611 4308 3757 4363 Eran-

2173 4389 2371 4458 gelium
2421 4391 2552 4446 dicit
2579 4407 2592 4445 z
2623 4409 2643 4442 ι
2678 4390 2854 4448 Nolite
2885 4403 3077 4464 putare
3112 4397 3379 4465 quoniam
3410 4401 3546 4454 veni
3579 4401 3755 4455 solvere

2171 4477 2343 4548 legem
2384 4488 2477 4534 aut
2504 4481 2827 4550 prophetas,
2877 4498 2984 4538 non
3009 4485 3132 4540 veni
3177 4487 3418 4553 solvere,
3470 4493 3579 4546 sed
3621 4492 3756 4545 adin-

2171 4567 2318 4638 plere
2346 4569 2557 4642 (Ibid.).
2589 4591 2609 4624 ι
2653 4572 2958 4642 Adimplere
3002 4575 3176 4646 legem
3207 4589 3442 4634 venerat
3505 4583 3606 4652 qui

2165 4656 2389 4726 justitia:
2435 4661 2669 4730 gratiam
2712 4664 2918 4720 addidit
2952 4669 3061 4734 :jut
3102 4670 3248 4737 quod
3296 4670 3396 4725 illa
3433 4673 3674 4742 jubebat
3712 4676 3752 4724 in

2172 4749 2430 4818 minimis,
2459 4751 2576 4822 ipse
2601 4754 2791 4824 perﬁci
2825 4757 3105 4828 adjuvaret
3139 4761 3196 4814 in
3239 4765 3484 4820 summis
3511 4783 3530 4821 :
3553 4779 3610 4822 et
3639 4767 3756 4836 quod

2171 4841 2261 4896 illa
2289 4845 2578 4901 coercebat
2616 4848 2684 4901 ab
2715 4863 2896 4919 opere,
2941 4853 3054 4922 ipse
3083 4869 3359 4913 resecaret
3389 4875 3424 4913 a
3451 4864 3650 4916 corde.
3690 4861 3756 4914 la—

2172 4940 2381 4996 tellecta
2409 4956 2542 5024 ergo
2567 4943 2672 5003 .lex
2699 4960 2819 5015 quae
2850 4945 2905 4999 in
2947 4945 3227 5004 latitudine
3264 4949 3471 5020 jacuit,
3511 4955 3571 5008 in
3599 4955 3758 5008 altitu-

2171 5032 2294 5087 dine
2330 5035 2587 5090 surrexit.
2635 5036 2753 5105 ipsa
2780 5036 2925 5090 cnim
2963 5036 3062 5091 Dei
3089 5039 3326 5109 cognitio
3353 5056 3489 5112 quae
3536 5046 3672 5116 apud
3705 5043 3758 5094 ii-

2167 5123 2277 5178 lam
2304 5123 2358 5177 in
2384 5126 2718 5194 spiritalibus
2745 5129 2990 5199 patribus
3015 5128 3136 5197 fuit,
3163 5139 3294 5185 nota
3322 5135 3489 5190 omni
3523 5136 3757 5191 ﬂebam-

2167 5228 2290 5268 rum
2332 5216 2533 5285 populo
2571 5233 2679 5274 non
2729 5217 2831 5274 fuit
2870 5235 3040 5274 :nam
3087 5222 3536 5293 omnipotentem
3582 5227 3758 5281 Deum.

2168 5311 2417 5359 sanctam
2444 5307 2695 5363 videlicet
2723 5307 3062 5376 Trinitatem,
3094 5326 3219 5367 cum
3246 5316 3547 5384 propheta:
3577 5315 3762 5387 prati—

2168 5405 2378 5465 carent,
2416 5400 2649 5470 populus
2697 5401 2979 5473 ignorabat
3004 5421 3016 5458 :
3039 5403 3212 5460 solum
3246 5406 3600 5478 Decalogum
3633 5419 3768 5462 tene

2166 5486 2262 5542 bat
2281 5487 2337 5542 in
2366 5487 2560 5559 legem,
2601 5491 2763 5546 ﬁdem
2791 5491 3070 5551 Trinitatis
3097 5494 3372 5553 nesciens.
3415 5496 3772 5554 Mensuretnr

2165 5594 2296 5647 ergo
2322 5577 2553 5636 latitudo
2589 5581 2791 5637 liminis
2814 5593 2984 5654 portae
3027 5586 3214 5642 decem
3252 5587 3478 5652 cubitis,
3514 5587 3657 5658 quia
3689 5585 3775 5640 du-

2164 5688 2261 5729 rus
2293 5673 2380 5729 ille
2401 5675 2631 5746 populus
2673 5678 3026 5735 subtilitatem
3064 5679 3186 5736 ﬁdei
3216 5681 3503 5752 ignorans,
3537 5679 3778 5735 mnda-

2165 5765 2236 5822 tis
2285 5768 2557 5826 serviebat
2601 5770 2863 5843 decalogi.
2916 5772 3257 5831 Mensuretur
3301 5789 3438 5830 vero
3479 5770 3776 5846 longitudo
