3908 6356
110 313 216 370 905

1029 306 1383 391 sortimur.
1420 301 2090 391 1N,autemanimi.:.7
2127 304 2434 389 Lm..x1v,
2486 348 2527 373 _

3273 303 3383 383 906

109 426 285 490 porta:
311 419 573 478 tredecim
601 417 821 487 cubitis,
854 419 983 489 quia
1009 432 1106 490 per
1131 384 1536 497 Testamentum
1585 411 1688 505 Ναί
1801 413 1930 505 tiam
1951 382 2354 505 apprchendere
2374 382 2685 486 potuerunt.
2718 417 2876 477 Ccrtc
2896 418 3185 505 Psalmista
3206 421 3343 481 dicit
3360 386 3391 477 ε¹

112 527 244 567 vum
273 511 328 566 in
362 511 523 568 corde
554 510 728 566 ﬁdelis
753 510 932 581 populi
961 524 1125 580 super
1166 507 1422 562 mandata
1453 503 1695 575 decalogi

114 616 239 672 qua:
266 601 446 656 verius
472 601 708 657 custodit
748 600 984 672 cognitio
1026 597 1307 653 Trinitatis
1328 597 1522 662 crevit,
1548 603 1604 653 et
1629 610 1695 651 eo

114 691 369 746 mandata
412 690 547 761 legis
579 689 824 763 perfecit,
866 704 974 760 quo
1014 687 1336 743 Trinitatem
1377 701 1498 743 esse
1522 686 1698 741 omni-

113 787 393 851 potentem
414 780 702 837 Dominum
729 778 979 835 credidit.
1010 777 1115 834 Ubi
1142 786 1196 833 et
1221 777 1371 833 credi
1408 775 1698 835 rationabi-

112 869 242 927 liter
284 879 495 941 potest,
545 887 644 927 cur
688 871 849 926 istam
898 868 1235 924 latitudinem
1282 868 1484 923 liminis
1527 875 1698 938 portas

114 974 280 1031 quam
309 978 471 1033 supra
504 962 734 1027 dixerat,
760 976 870 1016 uno
896 960 1106 1017 calamo
1141 958 1445 1015 mensurari
1472 957 1697 1013 inferius

113 1050 392 1120 subjunxit
413 1054 557 1123 quod
577 1053 765 1108 decem
799 1051 996 1107 cubitis
1017 1058 1380 1117 mensuretur,
1405 1065 1471 1106 ac
1504 1049 1699 1105 deinde

115 1145 366 1201 subditur
391 1186 407 1213 ,
462 1145 606 1216 quod
649 1145 926 1216 longitudo
962 1153 1132 1215 portse
1190 1146 1448 1201 tredecim
1472 1214 1477 1219 α
1501 1144 1699 1200 cubitis

111 1246 481 1294 mensuretur.
524 1237 677 1294 Unus
721 1238 921 1293 etenim
961 1237 1202 1293 calamus
1237 1236 1351 1307 jam
1383 1238 1525 1292 sicut
1557 1252 1700 1309 saepe

115 1330 325 1386 dictum
362 1339 466 1399 est,
514 1347 608 1389 sex
635 1332 864 1400 cubitos,
905 1341 962 1388 et
1002 1333 1238 1403 palmum
1278 1334 1480 1390 habet:
1511 1334 1699 1389 decem

110 1435 252 1476 vero
277 1421 441 1477 cubiti
456 1420 571 1491 jam
596 1437 903 1478 mensuram
944 1439 1099 1479 suam
1139 1438 1300 1495 super
1322 1423 1593 1479 calamum
1622 1431 1701 1479 te-

114 1519 281 1578 nent;
312 1512 572 1568 tredecim
596 1527 726 1569 vero
745 1512 977 1582 amplius
1002 1528 1166 1582 quam
1202 1514 1408 1569 decem.
1440 1511 1580 1580 Quid
1618 1518 1702 1567 est

115 1616 248 1674 ergo
280 1603 423 1674 quod
450 1604 603 1674 prius
647 1604 704 1659 in
732 1620 840 1660 uno
881 1605 1091 1661 calamo
1118 1604 1286 1661 limen
1314 1611 1506 1677 portas,
1544 1612 1697 1674 post-

118 1693 339 1748 modum
368 1692 596 1750 latitudo
636 1692 752 1764 ejus
797 1694 984 1750 decem
1025 1695 1239 1761 cubitis,
1280 1694 1351 1750 ad
1395 1702 1701 1750 extremum

1803 523 1820 555 α
1859 502 2136 571 Quomodo
2174 505 2337 561 dilexi
2380 506 2554 577 legem
2600 516 2771 577 tuam,
2829 502 3076 577 Domine,
3123 520 3237 569 tota
3291 512 3379 568 die

1797 597 2073 667 meditatio
2099 612 2220 653 mea
2248 605 2333 653 cst
2363 596 2536 681 (Psnl.
2561 601 2782 671 cxvm);
2810 621 2834 675 ¹›
2876 591 3038 675 atque
3060 602 3375 681 subjungi.;

1804 706 1821 739 ι
1852 687 2025 759 Super
2039 704 2226 767 omnes
2244 689 2502 746 docentes
2523 705 2611 746 me
2632 691 2891 759 intellexi,
2919 685 3046 763 quia
3073 694 3379 767 testimonia

1799 789 1890 836 tua
1920 766 2346 857 meditatioimea
2381 791 2467 837 est
2490 823 2506 850 ,
2538 802 2556 834 ›
2586 768 2645 839 et
2671 784 2904 839 iterum:
2935 804 2953 836 ι
2990 785 3165 857 Super
3197 786 3376 863 senio—
3466 820 3473 825 ι

1798 888 1887 928 res
1917 873 2176 929 intellexi.
2208 894 2226 925 ι
2260 873 2360 941 Qui
2404 889 2533 946 ergo
2569 875 2740 947 legem
2787 878 3036 934 meditari
3084 894 3144 935 se
3171 895 3380 939 memo-

1799 972 1904 1030 rat,
1927 971 1982 1019 et
2008 978 2170 1034 super
2190 979 2379 1021 onmes
2413 966 2671 1023 docentes
2711 982 2834 1023 esse
2864 983 2927 1024 ac
2960 970 3204 1027 seniores
3226 970 3384 1026 intel—

1798 1052 1997 1109 lexisse
2035 1062 2284 1120 testatur,
2315 1056 2441 1125 quia
2489 1057 2725 1115 divinam
2758 1051 3059 1115 scientiam
3097 1061 3382 1131 plusquam
3424 1058 3432 1075 ⁸

1792 1144 2012 1225 Moyses
2028 1155 2314 1215 acceperat
2334 1146 2667 1202 manifestat.
2692 1149 2975 1216 Quomodo
2999 1158 3183 1206 autem
3201 1159 3385 1207 osten-
3420 1198 3429 1208 .

1801 1236 1933 1291 siori
1972 1252 2159 1292 sumus
2206 1237 2333 1306 quia
2382 1235 2503 1307 plus
2553 1239 2725 1294 sancti
2767 1239 2995 1309 apostoli
3042 1239 3221 1296 edocti
3258 1247 3387 1295 sunt

1802 1342 1963 1398 quam
1990 1327 2298 1397 prophetae?
2335 1327 2491 1383 Certe
2532 1327 2746 1384 Veritas
2793 1328 2963 1384 dicit:
2997 1349 3014 1381 ι
3050 1328 3199 1385 Multi
3230 1343 3388 1401 reges

1801 1426 1859 1474 et
1882 1419 2155 1489 propheta:
2180 1418 2467 1474 voluerunt
2501 1419 2686 1474 videre
2712 1434 2831 1490 quae
2856 1418 3073 1486 videtis,
3101 1427 3285 1476 etnon
3306 1417 3391 1475 vi-

1802 1508 2038 1565 derunt:
2084 1517 2140 1563 et
2183 1509 2372 1564 audire
2413 1524 2533 1580 quae
2569 1509 2792 1575 auditis,
2842 1518 2898 1565 et
2948 1525 3056 1565 non
3098 1509 3389 1565 audierunt

1806 1598 1958 1670 (Luc.
1980 1598 2061 1670 x).
2095 1617 2115 1649 ι
2147 1596 2274 1681 Plus
2304 1614 2433 1670 ergo
2462 1615 2625 1669 quam
2673 1600 2950 1670 prophetae
2979 1600 3165 1655 divina
3211 1602 3387 1657 scicn-

1811 1691 1882 1745 tia
1926 1697 2212 1746 noverunt.
2242 1689 2379 1758 Quia
2417 1691 2561 1760 quod
2602 1691 2679 1746 illi
2721 1691 2835 1747 solo
2883 1691 3077 1762 spiritu
3110 1691 3385 1760 viderunt,

118 1798 336 1854 quoque
377 1783 656 1856 longitudo
691 1793 862 1855 portae
900 1785 1160 1865 tredecim
1198 1793 1567 1853 mensuratur,
1598 1785 1704 1841 nisi
1732 1768 1783 1828 Β
1809 1780 1912 1850 ipsi
1935 1781 2099 1836 etiam
2128 1783 2484 1854 corporaliter
2514 1783 2788 1838 videbant.
2825 1783 3049 1854 Impleta
3079 1792 3165 1839 est
3208 1783 3394 1865 itaque

118 1872 265 1944 quod
313 1874 485 1930 sancti
530 1884 715 1947 patres
762 1891 899 1947 quos
942 1863 1051 1949 peri
1095 1891 1306 1933 sacram
1368 1876 1704 1948 Scripturam

120 1975 245 2021 ante
272 1965 445 2038 legem
472 1966 638 2025 fuisse
672 1967 1069 2041 cognoscimus,
1098 1984 1267 2025 unum
1290 1968 1509 2040 quidem
1531 1968 1706 2026 omni-

118 2064 395 2127 potentem
425 2059 617 2127 Deum,
663 2066 908 2116 sanctam
953 2059 1208 2116 videlicet
1233 2058 1554 2115 Trinitatem
1583 2073 1705 2115 esse

119 2149 430 2203 noverunt?
469 2151 564 2205 sed
591 2151 835 2206 eamdem
875 2150 1197 2207 Trinitatem
1248 2166 1411 2222 quam
1441 2164 1706 2222 cognove-

120 2248 267 2307 rant,
301 2248 488 2312 aperte
515 2242 738 2299 minime
764 2243 1214 2313 praedicaverunt,
1239 2242 1334 2314 qui
1364 2243 1484 2315 ejus
1505 2241 1708 2311 jussio—

118 2328 282 2385 nibus
313 2330 648 2399 obedientes,
695 2341 751 2387 et
778 2331 904 2387 vita:
945 2332 1267 2387 munditiam
1293 2341 1703 2398 conservantes,

120 2420 276 2489 quasi
307 2419 364 2475 in
387 2435 484 2476 sex
523 2421 722 2477 cubitis
761 2420 955 2477 calami
983 2421 1293 2479 habuerunt
1317 2421 1707 2493 perfectionem

121 2510 323 2580 operis,
349 2518 407 2566 et
433 2525 574 2582 saepe
600 2510 818 2583 angelos
845 2511 1088 2567 videntes
1127 2513 1439 2569 habuerunt
1467 2513 1707 2583 palmum

119 2599 610 2670 contemplationis.
652 2600 792 2656 Data
818 2609 1003 2656 autem
1039 2600 1191 2657 rudis
1237 2601 1327 2661 ille
1355 2601 1708 2658 Hebraeorum

116 2689 349 2761 populus
379 2690 631 2747 mandata
670 2689 915 2762 decalogi
944 2699 1431 2747 servare‘conatus
1464 2699 1567 2756 est,
1611 2692 1708 2748 sed

116 2789 305 2836 tamen
334 2780 401 2836 de
425 2780 736 2853 cognitione
769 2789 973 2837 sanctae
1002 2782 1290 2859 Trinitatis
1329 2783 1575 2840 eruditus
1601 2799 1709 2840 non

116 2879 227 2928 est.
274 2872 343 2927 Et
364 2872 612 2943 quamvis
640 2874 784 2930 hanc
824 2872 1096 2943 spiritales
1131 2881 1318 2944 patres
1343 2874 1585 2944 perfecte
1620 2889 1710 2930 co-

116 2964 457 3036 gnovissent,
495 2964 788 3021 multitudo
836 2972 1017 3020 tamen
1060 2981 1255 3038 magna
1281 2982 1565 3039 synagogas
1610 2982 1712 3023 nec

118 3056 366 3113 invenire
406 3055 726 3128 mysterium
770 3055 1057 3111 Trinitatis
1091 3057 1288 3127 potuit,
1341 3072 1444 3112 nec
1470 3073 1712 3128 quaerere

117 3146 300 3201 scivit.
330 3118 753 3218 Superveniente
778 3153 962 3201 autem
981 3118 1157 3217 gratia
1182 3118 1284 3216 per
1303 3118 1712 3203 Testamentum
1742 3118 1788 3181 (δ

118 3237 333 3293 Novum
373 3239 550 3294 omnis
592 3237 767 3294 ﬁdelis
796 3237 1025 3309 populus
1055 3253 1223 3295 unum
1268 3239 1438 3294 Deum
1471 3238 1711 3296 Trinita-

119 3339 235 3385 tem
266 3345 387 3386 esse
414 3330 688 3402 cognovit,
715 3338 771 3386 et
789 3330 1043 3386 virtutem
1068 3330 1312 3402 decalogi
1334 3331 1391 3385 in
1414 3329 1534 3400 ejus
1556 3332 1712 3403 agni-

121 3421 275 3477 tione
305 3422 613 3491 complevit.
640 3420 800 3476 Prius
818 3437 949 3492 ergo
978 3422 1144 3477 limen
1167 3432 1340 3492 porta:
1367 3433 1716 3482 mensuretur

119 3512 339 3570 calamo
367 3528 499 3579 uno,
527 3512 875 3583 postmodum
920 3513 1149 3569 latitudo
1189 3515 1307 3585 ejus
1336 3516 1521 3572 decem
1559 3516 1713 3572 cubi-

120 3606 224 3670 tis,
247 3612 408 3674 atque
436 3602 506 3658 ad
547 3610 851 3659 extremum
879 3590 1158 3674 longitudo
1185 3611 1357 3673 porta:
1384 3604 1584 3660 cubitis
1605 3614 1717 3661 tre-

122 3696 306 3757 decim
332 3713 345 3749 :
369 3694 495 3765 quia
514 3702 567 3750 et
608 3694 812 3750 sanctis
840 3694 1086 3765 patribus
1111 3703 1239 3772 ante
1261 3695 1435 3767 legem
1459 3697 1636 3752 activa
1659 3704 1718 3753 et

123 3786 545 3857 contemplativa
573 3786 686 3840 vita
714 3800 823 3841 non
849 3785 1040 3852 defuit,
1075 3795 1131 3843 et
1166 3787 1269 3843 sub
1296 3782 1433 3859 legis
1462 3789 1720 3861 decalogo

125 3880 359 3950 populus
406 3879 601 3935 divinae
642 3880 961 3935 substantia:
1003 3882 1323 3951 mysterium
1366 3882 1619 3938 nesciens
1663 3882 1719 3937 in

129 3972 510 4026 mandatorum
530 3969 816 4025 latitudine
844 3969 1104 4036 servivit;
1139 3978 1197 4026 et
1244 3986 1387 4025 nunc
1418 3974 1519 4028 sub
1546 3973 1722 4043 gratia

128 4060 414 4117 custoditis
449 4060 633 4115 verius
678 4058 919 4130 decalogi
968 4061 1276 4129 praeceptis,
1308 4062 1486 4116 omnis
1514 4062 1607 4132 qui
1653 4062 1723 4117 ad

130 4150 299 4206 ﬁdem
327 4150 560 4216 venerit,
594 4156 799 4205 sanctae
829 4148 1112 4205 Trinitatis
1155 4158 1497 4206 sacramenta
1525 4166 1725 4222 cogno-

130 4240 256 4298 scit.
286 4238 408 4308 Qua
436 4239 493 4294 in
516 4254 583 4318 re
600 4239 709 4295 hoc
729 4252 945 4310 quoque
966 4238 1124 4295 nobis
1148 4239 1431 4296 sciendum
1453 4248 1559 4308 est,
1580 4242 1726 4313 quod

1810 1887 1873 1928 ea
1893 1887 2014 1943 quae
2049 1873 2299 1943 superius
2328 1873 2580 1941 diximus,
2615 1874 2851 1929 Danielis
2892 1874 3182 1940 sententia,
3218 1892 3237 1925 ‹
3265 1874 3393 1944 quia

1806 1962 2215 2033 pertransibunt
2242 1962 2483 2034 plurimi,
2522 1971 2581 2020 et
2629 1962 2909 2034 multiplex
2947 1962 3052 2017 erit
3086 1963 3335 2017 scientia.
3366 1948 3387 2016 ὸ

1807 2053 2058 2112 Mensura
2104 2070 2234 2126 ergo
2288 2055 2483 2111 calami
2520 2055 2613 2126 qui
2658 2063 2743 2110 est
2791 2069 2885 2110 sex
2938 2055 3245 2110 cubitorum
3271 2095 3286 2120 ,
3340 2061 3398 2110 et

1805 2144 1986 2216 palmo
2014 2145 2244 2201 ducatur
2266 2146 2335 2201 ad
2368 2146 2583 2201 cubitos
2611 2146 2821 2211 decem,
2847 2155 2904 2201 et
2923 2159 3177 2200 mensura
3204 2145 3393 2200 decem

1809 2236 2116 2291 cubitorum
2154 2237 2223 2292 ad
2272 2243 2578 2291 extremum
2622 2247 2810 2307 surgat
2836 2237 2893 2290 in
2930 2235 3189 2291 tredecim
3219 2253 3234 2289 :
3266 2233 3396 2304 quia

1808 2335 2012 2396 quanto
2053 2323 2288 2382 mundus
2315 2326 2387 2381 ad
2411 2327 2813 2382 extremitatem
2839 2327 3074 2392 ducitur,
3116 2332 3269 2380 tanto
3291 2339 3394 2381 no-

1808 2418 1894 2475 bis
1922 2426 2141 2474 :eternae
2174 2419 2353 2474 aditus
2380 2418 2587 2490 largius
2616 2420 2877 2489 aperitur.
2907 2417 3167 2489 Sequitur
3191 2435 3204 2472 :

1887 2530 1905 2563 ‹
1944 2511 2012 2566 Et
2058 2512 2359 2583 marginem
2423 2521 2548 2567 ante
2607 2511 2872 2567 thalamos
2923 2510 3091 2567 cubiti
3138 2511 3335 2566 unius.
3372 2530 3392 2564 ι

1812 2600 2016 2675 (Greg.)
2046 2601 2200 2658 Sicut
2246 2616 2390 2672 suape
2428 2601 2684 2667 diximus,
2729 2602 2951 2657 thalami
3005 2602 3170 2657 corda
3202 2602 3402 2658 electo-

1812 2706 1936 2746 rum
1979 2697 2128 2758 sunt,
2164 2691 2552 2761 omnipotentis
2579 2690 2676 2745 Dei
2721 2704 2909 2745 amore
2948 2689 3233 2745 ierventia.
3260 2688 3402 2758 Quid

1813 2798 1911 2854 per
1937 2782 2238 2853 marginem
2275 2791 2402 2839 ante
2433 2782 2702 2838 thalamos
2743 2781 2849 2837 nisi
2874 2781 3009 2837 ﬁdes
3037 2781 3405 2852 exprimitur?

1814 2876 1940 2945 quia
1974 2876 2080 2930 nisi
2111 2876 2264 2946 prius
2294 2877 2413 2945 ipsa
2445 2882 2715 2938 teneatur,
2737 2873 2886 2929 nullo
2910 2874 3070 2930 modo
3090 2874 3159 2929 ad
3185 2874 3406 2945 spirita-

1816 2968 1922 3022 lem
1946 2981 2186 3022 amorem
2226 2966 2573 3037 pertingitur.
2623 2965 2741 3021 Non
2776 2965 2922 3020 enim
2951 2965 3191 3021 charitas
3217 2963 3404 3031 ﬁdem,

1820 3061 1915 3116 sed
1962 3060 2095 3114 ﬁdes
2135 3060 2456 3114 charitatem
2506 3057 2991 3128 praeceditmemo
3027 3057 3173 3112 enim
3225 3064 3410 3127 potest

1820 3164 2006 3204 amare
2030 3150 2170 3218 quod
2212 3165 2320 3204 non
2351 3148 2662 3203 crediderit.
2703 3146 2888 3215 Margo
2917 3147 3102 3217 itaque
3147 3155 3232 3203 est
3279 3155 3409 3203 ante

1817 3241 2106 3305 thalamos,
2135 3241 2270 3296 ﬁdes
2311 3248 2436 3295 ante
2486 3240 2737 3296 ardorem
2760 3238 3070 3305 charitatis,
3100 3239 3226 3310 quia
3266 3238 3411 3295 sicut

1818 3333 2023 3389 dictum
2059 3340 2162 3396 est,
2194 3332 2299 3387 nisi
2338 3347 2405 3387 ea
2445 3346 2566 3402 quas
2601 3330 2758 3386 audis
2801 3329 3122 3395 credideris,
3160 3330 3229 3384 ad
3259 3343 3413 3385 amo-

1818 3439 1937 3480 rem
1990 3438 2180 3479 eorum
2222 3437 2343 3492 quae
2390 3420 2629 3477 audieris
2685 3419 2994 3475 nullatenus
3028 3418 3409 3476 inﬁammaris.

1821 3513 1929 3570 Sed
1970 3529 2159 3583 margo
2203 3519 2330 3568 ante
2372 3511 2642 3567 thalamos
2692 3510 2860 3566 cubiti
2886 3511 3047 3566 unius
3078 3509 3243 3580 :quia
3272 3516 3413 3579 tunc
3484 3507 3490 3513 ’

1820 3605 1956 3662 ﬁdes
2016 3604 2179 3659 corda
2237 3602 2572 3658 audientium
2641 3602 2752 3656 Deo
2803 3601 2859 3655 in
2917 3615 3103 3683 amore
3151 3600 3412 3673 copulat,
3506 3643 3511 3647 .

1822 3695 2038 3766 quando
2060 3708 2160 3764 per
2189 3707 2406 3748 errores
2434 3701 2491 3748 et
2518 3691 2810 3748 schismata
2836 3690 3008 3746 divisa
3047 3706 3156 3746 non
3191 3701 3296 3758 est,
3319 3694 3417 3749 sed

1822 3785 1879 3840 in
1905 3784 2115 3840 unitate
2141 3783 2422 3854 perdurat,
2452 3790 2513 3837 ut
2542 3781 2793 3838 videlicet
2838 3795 3025 3853 margo
3062 3780 3223 3837 unius
3244 3781 3415 3837 cubiti

1822 3874 2095 3931 audientis
2119 3873 2362 3928 animum
2386 3872 2454 3928 ad
2489 3872 2787 3928 thalamum
2816 3870 3079 3942 perducat
3104 3889 3117 3926 :
3145 3870 3274 3943 quia
3298 3886 3416 3930 cm-

1822 3966 1973 4022 lestis
2014 3964 2199 4035 sponsi
2236 3964 2472 4033 speciem
2515 3977 2679 4033 quam
2724 3962 2813 4018 hic
2856 3964 3134 4032 prmdieat,
3176 3970 3420 4033 postmo-

1825 4060 1952 4114 dum
1994 4059 2050 4113 in
2100 4056 2416 4112 coelestibus
2460 4055 2818 4110 demonstrat.
2848 4054 3003 4109 Unde
3037 4063 3092 4109 et
3124 4053 3261 4109 bene
3288 4053 3417 4111 sub-

1826 4148 1972 4203 ditur
2008 4166 2021 4201 :

1902 4260 1921 4294 ι
1947 4239 2018 4295 Et
2064 4239 2279 4295 cubitus
2329 4252 2475 4292 unus
2530 4234 2656 4290 ﬁnis
2711 4242 3025 4305 utrumque.
3057 4255 3076 4286 ι
3113 4234 3420 4306 Utrumque

128 4345 235 4403 per
259 4330 594 4386 incrementa
612 4337 921 4399 temporum
946 4329 1117 4384 erevit
1147 4330 1376 4386 scientia
1398 4331 1725 4402 spiritalium
1827 4339 2008 4386 autem
2035 4329 2234 4384 dicitur
2261 4342 2325 4381 ac
2355 4326 2417 4402 si
2440 4325 2654 4381 dicatur
2691 4333 3066 4395 utrorumque.
3098 4323 3203 4380 Per
3236 4323 3423 4380 latitu-

127 4428 349 4493 patrum
382 4417 543 4490 :plus
570 4432 804 4488 namque
826 4417 1039 4489 Moyses
1069 4432 1232 4488 quam
1271 4418 1571 4487 Abraham,
1605 4420 1727 4492 plus
1750 4455 1805 4515 Β
1830 4422 2012 4478 dinem
2052 4418 2252 4489 quippe
2279 4415 2484 4471 liminis
2523 4425 2579 4470 et
2615 4414 3007 4507 longitudinem
3032 4422 3226 4485 porta,
3254 4413 3425 4471 Vetus

126 4509 411 4582 propheta:
432 4524 596 4581 quam
625 4508 856 4583 Moyses,
888 4509 1010 4581 plus
1038 4510 1272 4581 apostoli
1302 4525 1465 4581 quam
1491 4514 1723 4583 prophe-
1750 4502 1799 4515 “’
1829 4529 1896 4570 ac
1917 4512 2128 4569 Novum
2167 4508 2578 4565 Testamentum
2613 4508 2850 4563 diximus
2876 4502 3172 4579 designari.
3214 4507 3297 4565 Ad
3326 4524 3424 4565 ex-

130 4608 203 4655 ta:
232 4599 289 4655 in
324 4599 712 4671 omnipotentis
736 4599 835 4655 Dei
854 4600 1083 4656 scientia
1118 4600 1317 4657 eruditi
1340 4611 1487 4658 sunt.
1518 4602 1722 4671 Fallor,
1829 4616 2064 4663 tremum
2100 4617 2231 4658 vero
2278 4603 2498 4657 additur
2537 4601 2683 4671 quod
2728 4602 2945 4656 cubitus
2985 4617 3125 4657 unus
3171 4602 3243 4656 sit
3294 4602 3421 4659 ﬁnis

129 4690 181 4747 si
219 4690 335 4746 haec
378 4689 497 4761 ipsa
524 4688 805 4760 Scriptura
833 4704 943 4746 non
969 4690 1213 4762 loquitur
1241 4692 1406 4765 (Dan.
1448 4694 1572 4768 xu),
1601 4712 1726 4767 per-
1832 4707 2159 4765 utrumque:
2182 4694 2309 4764 quia
2334 4693 2584 4748 videlicet
2604 4691 3015 4747 Testamentum
3038 4691 3229 4759 Vetus,
3252 4707 3422 4751 unum

133 4780 447 4837 transibunt
485 4779 706 4852 plurimi
743 4788 801 4836 et
841 4779 1129 4852 multiplex
1172 4782 1281 4838 erit
1330 4783 1576 4840 scientia.
1619 4785 1727 4842 Sed
1832 4788 1993 4843 nobis
2030 4785 2386 4840 mediatorem
2413 4782 2511 4837 Dei
2533 4790 2591 4837 et
2616 4781 3213 4847 hominumnuntiavit,
3239 4790 3296 4837 ct
3321 4782 3425 4838 Te-

132 4873 256 4928 haec
279 4872 470 4928 eadem
498 4880 623 4943 qua!
648 4873 716 4928 de
740 4870 1039 4938 Abraham,
1077 4881 1133 4928 et
1173 4873 1479 4943 prophetis,
1505 4888 1564 4931 et
1599 4890 1729 4947 apo-
1834 4884 2162 4935 stamentum
2191 4873 2401 4929 Novum
2425 4872 2675 4928 eumdem
2707 4871 2863 4928 nobis
2886 4872 3104 4927 nuntiat
3129 4871 3187 4927 in
3219 4878 3425 4928 aeterna

132 4961 293 5019 stolis
319 4961 577 5029 diximus,
606 4976 676 5018 ex
711 4961 953 5032 ejusdem
979 4961 1277 5034 Scriptum
1303 4965 1484 5022 verbis
1518 4966 1564 5022 si
1606 4983 1730 5038 pos-

132 5068 326 5110 sumus
367 5043 735 5111 ostendamus.
767 5053 900 5121 Quis
949 5054 1097 5110 enim
1143 5055 1353 5112 nesciat
1392 5057 1518 5128 quia
1556 5057 1733 5115 Abra-

133 5147 267 5203 ham
311 5160 439 5202 cum
474 5145 587 5202 Deo
633 5144 844 5202 locutus
889 5146 1013 5202 est?
1073 5155 1131 5203 et
1172 5154 1356 5204 tamen
1402 5150 1472 5204 ad
1513 5150 1731 5223 Moysen

135 5234 402 5293 Dominus
459 5235 626 5292 dicit:
659 5254 679 5288 ι
706 5236 822 5307 Ego
867 5250 988 5291 sum
1046 5237 1190 5293 Deus
1236 5238 1531 5309 Abraham,
1590 5242 1733 5297 Deus

136 5328 311 5398 lsasc,
338 5338 395 5388 et
434 5330 579 5387 Deus
613 5329 800 5396 Iacob,
829 5339 885 5387 et
905 5346 1104 5388 nomen
1134 5326 1332 5390 meum
1352 5334 1583 5405 Adonai,
1620 5352 1730 5393 non

137 5425 382 5484 iudicavi
429 5426 509 5482 eis
548 5424 749 5497 (Exod.
792 5424 892 5497 vi).
926 5445 945 5479 ι
996 5426 1300 5507 Ecceplus
1346 5428 1517 5504 Moysi
1564 5447 1729 5503 quam

140 5520 377 5578 Abrahte
414 5522 745 5587 innotuerat,
781 5519 876 5591 qui
919 5518 1051 5575 illud
1087 5520 1154 5600 de
1196 5530 1256 5576 se
1285 5520 1455 5594 Moysi
1505 5525 1728 5592 indicat,

144 5612 292 5683 quod
318 5627 378 5669 se
407 5612 638 5667 Abrahae
681 5625 789 5668 non
818 5612 1089 5669 indicasse
1128 5614 1411 5669 narrabat.
1440 5611 1509 5677 Si
1550 5617 1733 5672 videa-

143 5718 272 5760 mus
301 5703 347 5759 si
386 5703 661 5774 propheta:
687 5703 811 5773 plus
846 5718 1008 5774 quam
1036 5702 1249 5776 Moyses
1277 5705 1513 5762 divinam
1555 5708 1732 5764 scien-

478 5798 754 5859 Pa'rnoc.
801 5795 936 5863 cx.
1278 5806 1281 5811 ‘

1837 4971 2084 5030 claritate
2108 4958 2417 5033 venturum,
2438 4980 2600 5037 quem
2620 4963 2736 5034 jam
2760 4980 2858 5036 pro
2875 4965 3045 5029 nobis
3070 4965 3426 5035 cognovimus

1837 5067 2201 5121 incarnatum.
2233 5059 2459 5143 Cubitus
2499 5074 2628 5130 ergo
2657 5073 2798 5115 unus
2821 5057 2959 5130 [ﬁnis
2978 5065 3273 5129 utrumque
3294 5066 3380 5114 est
3406 5052 3422 5114 :

1838 5158 1965 5230 quia
1992 5164 2049 5213 et
2090 5168 2253 5226 quem
2297 5152 2387 5209 lex
2423 5151 2676 5221 praedixit
2721 5150 2778 5206 in
2826 5163 2993 5205 carne
3036 5148 3326 5219 apparuit:
3371 5157 3429 5205 et

1810 5250 1956 5320 .ipse
1982 5259 2144 5316 quem
2182 5258 2327 5311 nunc
2366 5242 2776 5298 Testamentum
2824 5237 3033 5294 Novum
3084 5236 3326 5309 loquitur
3368 5240 3424 5295 in

1841 5338 2013 5411 gloria
2051 5333 2353 5406 maiestatis
2380 5333 2695 5404 apparebit:
2728 5338 2785 5387 et
2828 5338 2957 5385 tunc
2982 5324 3273 5400 utrumque
3300 5326 3427 5385 ﬁnis

1816 5431 1947 5501 erit
1971 5446 2093 5487 cum
2119 5428 2268 5484 visus
2297 5429 2351 5482 in
2377 5425 2674 5483 divinitatis
2695 5440 2808 5481 sua:
2825 5424 3064 5496 potentia
3092 5423 3274 5480 omnia
3304 5430 3426 5492 qua:

1841 5529 1969 5578 sunt
2005 5520 2263 5595 praedicta
2282 5517 2663 5587 compleverit.
2715 5515 2989 5587 Scriptum
3033 5529 3269 5585 namque
3299 5522 3420 5568 est:

1820 5637 1864 5669 .r
1893 5616 2046 5671 Finis
2092 5612 2229 5683 legis
2273 5608 2522 5668 Christus
2564 5609 2631 5662 ad
2673 5608 2939 5677 justitiam
2988 5602 3424 5663 omni'crcdcnti

1842 5707 2015 5779 (Rom.
2052 5706 2145 5779 x);
2177 5714 2213 5755 ι’
2239 5700 2363 5760 ﬁnis
2400 5698 2652 5762 videlicet
2707 5716 2812 5757 non
2857 5699 2951 5770 qui
2997 5698 3285 5763 consumit,
3329 5696 3425 5751 sed

2402 5872 2437 5909 Α
