3908 6356
532 333 638 388 907

1163 325 1226 381 Β.
1265 319 1523 381 RABANI
1559 317 1782 378 MAURI
1818 311 2484 374 ARCHIEP.LMOGUNT.
2523 311 2812 371 OPERUM
2849 305 3028 368 PARS
3067 310 3134 366 ll.

527 443 620 514 qui
645 440 879 513 perlicit.
905 435 1058 494 Tunc
1088 437 1287 493 etenim
1327 435 1499 507 legem
1529 432 1780 504 perfecit,
1811 445 1930 485 cum
1967 429 2110 483 sicut
2134 432 2184 492 Α
2210 427 2352 491 bilis,
2407 428 2459 480 in
2510 434 2701 480 natura
2745 433 2930 480 nostra
2971 421 3359 494 comprehendi
3402 417 3688 493 dignatus
3725 433 3811 490 est,

524 534 610 588 lex
644 531 971 602 praedixerat
1013 528 1329 582 incarnatus
1379 523 1646 594 apparuit.
1699 520 1807 576 Sed
1840 521 2012 574 adhuc
2042 520 2108 573 de

523 622 640 691 ejus
665 619 872 688 judicio
918 617 1087 672 multa
1138 613 1347 670 Novum
1396 613 1800 668 Testamentum
1848 610 2103 678 loquitur.

522 713 714 768 Adhuc
755 709 923 766 multa
968 709 1034 763 de
1076 720 1243 778 regno
1286 705 1430 760 illius
1475 712 1681 767 narrat,
1715 717 1834 772 quae
1876 701 2106 755 necdum

523 803 768 859 videmus
791 799 1032 870 impleta.
1065 797 1204 852 Ecce
1239 794 1478 866 quotidie
1507 793 1854 862 Evangelium
1889 791 2104 861 legitur,

527 903 754 949 ventura
779 892 891 946 vita
921 888 1268 961 praedicatur.
1309 886 1457 940 Tunc
1485 899 1613 954 ergo
1633 885 1739 938 erit
1761 891 1815 936 et
1842 881 1977 936 Novi
2000 881 2105 936 Te-

523 984 780 1041 stamenti
805 983 950 1049 linis,
985 996 1108 1037 cum
1129 994 1190 1034 ea
1217 993 1335 1049 quae
1361 978 1426 1033 de
1451 993 1509 1032 se
1547 974 1815 1047 promisit,
1847 973 2106 1043 impleve-

523 1077 615 1130 rit.
650 1074 866 1129 Finitur
889 1085 1020 1127 vero
1047 1069 1449 1126 Testamentum
1484 1065 1690 1120 Novum
1721 1065 1862 1134 quod
1888 1064 2106 1134 perﬁci-

527 1174 618 1220 tur
647 1179 810 1219 :nam
859 1177 983 1217 cum
1027 1161 1142 1230 ipse
1175 1159 1241 1214 de
1289 1173 1394 1227 quo
1447 1157 1688 1226 loquitur
1729 1155 1880 1208 visus
1922 1151 2106 1216 fuerit,

525 1255 764 1325 ejusdem
789 1251 1124 1308 Testamenti
1149 1249 1312 1304 verba
1343 1249 1648 1304 cessabunt.
1679 1247 1897 1301 Dicatur
1927 1245 2110 1312 itaque

525 1344 594 1400 de
640 1343 826 1398 limine
853 1350 910 1396 et
948 1349 1124 1411 porta,
1159 1357 1177 1390 ‹
1210 1347 1265 1393 ct
1304 1338 1518 1393 cubitus
1554 1351 1694 1390 unus
1733 1333 1858 1388 linis
1894 1339 2106 1387 utrum-

521 1449 646 1504 que.
680 1453 698 1487 ι
731 1433 867 1501 Quia
908 1447 1028 1487 cum
1075 1449 1094 1482 ι
1121 1445 1263 1486 unus
1291 1430 1556 1484 mediator
1594 1427 1687 1482 Dei
1736 1434 1789 1481 et
1829 1425 2110 1480 hominum

520 1525 684 1581 homo
718 1523 874 1579 Jesus
923 1521 1174 1578 Christus
1197 1521 1249 1592 (I
1275 1519 1407 1574 Tim.
1438 1520 1498 1590 ιι)
1530 1540 1548 1571 ι
1585 1519 1638 1572 in
1681 1516 1964 1586 majestate
2009 1528 2109 1570 sua

522 1613 850 1685 apparuerit,
883 1611 1066 1667 omnia
1097 1611 1381 1681 utriusque
1411 1608 1743 1664 Testamenti
1772 1622 1892 1677 quae
1914 1605 2110 1676 prtedi-

520 1714 608 1760 cta
642 1711 696 1759 et
739 1703 1007 1773 promissa
1042 1711 1170 1756 sunt
1215 1701 1520 1772 complevit.
1570 1697 1666 1754 Sin
1713 1711 1843 1754 vero
1877 1705 2109 1768 utraque

2214 533 2276 572 ac
2307 516 2562 587 ﬂagellari
2592 530 2610 566 :
2636 517 2763 585 quia
2814 517 2918 571 nisi
2967 515 3060 584 qui
3088 523 3207 570 erat
3236 515 3632 583 omnipotens,
3684 513 3808 566 inir-

2211 609 2415 662 mitatis
2445 614 2644 661 nostra
2671 615 2919 660 naturam
2945 608 3267 677 susciperet,
3295 619 3603 675 nunquam
3633 620 3731 658 nos
3756 607 3804 659 ad

2212 711 2321 750 suae
2345 695 2676 752 fortitudinis
2704 697 3000 765 potentiam
3027 696 3358 752 sublevaret.
3397 695 3476 750 Ut
3509 710 3648 764 ergo
3670 694 3802 752 fatis:

2211 802 2346 858 opus
2373 803 2551 852 suum,
2580 787 2811 841 alienum
2837 801 2972 855 opus
2995 785 3133 855 ejus,
3182 794 3237 840 et
3283 793 3347 840 ut
3394 792 3671 853 operetur

2213 893 2392 944 suum,
2414 879 2759 950 peregrinqu
2783 885 2866 932 cst
2893 892 3027 948 opus
3074 877 3190 947 ejus
3219 877 3288 932 ab
3341 891 3435 942 eo,
3468 878 3610 945 quia
3646 878 3793 930 incar-

2211 979 2375 1025 natus
2395 969 2538 1024 Deus
2569 977 2631 1023 ut
2657 984 2758 1023 nos
2803 969 2870 1023 ad
2904 983 3057 1024 suam
3081 967 3362 1037 justitiam
3397 963 3704 1037 colligeret,
3733 969 3791 1022 di-

2212 1071 2408 1130 gnatus
2425 1074 2524 1130 pro
2551 1057 2710 1114 nobis
2739 1067 2822 1113 est
2861 1067 3116 1128 tanquam
3146 1069 3421 1128 peccator
3449 1057 3628 1111 homo
3658 1074 3789 1127 Tapu-

2210 1149 2334 1216 lari,
2374 1158 2430 1203 et
2476 1148 2710 1203 alienum
2760 1163 2896 1218 opus
2934 1148 3084 1214 fecit,
3133 1157 3193 1202 ut
3240 1148 3468 1203 faceret
3505 1150 3789 1217 proprium-

2213 1240 2339 1310 quia
2369 1253 2466 1310 per
2488 1239 2591 1294 hoc
2619 1239 2764 1308 quod
2793 1239 3073 1293 intirmans
3104 1239 3248 1292 mala
3299 1249 3511 1292 nostra
3553 1240 3786 1293 sustinsit.

2212 1345 2312 1386 nos
2333 1331 2426 1399 qui
2463 1337 2715 1383 creatura
2765 1328 2908 1384 illius
2954 1341 3162 1393 sumus,
3215 1329 3285 1383 ad
3331 1328 3687 1383 fortitudinis
3711 1344 3788 1382 se:

2211 1424 2443 1496 gloriam
2463 1423 2737 1493 perduxit.

2289 1533 2309 1566 ι
2341 1513 2586 1570 Thalami
2635 1523 2814 1568 autem
2871 1528 2966 1568 sex
3013 1513 3332 1569 cubitorum
3383 1521 3563 1567 erant
3607 1513 3716 1567 h’mc
3751 1530 3787 1567 et

2217 1620 2240 1657 η
2271 1605 2418 1660 inde.
2449 1623 2469 1654 ν
2507 1603 2778 1675 (meram)
2807 1603 2912 1664 Sex
2941 1605 3254 1659 cubitorum
3289 1613 3467 1658 erant
3496 1620 3567 1658 ex
3607 1615 3780 1673 unus?

2212 1698 2369 1763 parte
2396 1693 2542 1760 quod
2573 1693 2773 1746 dicitur
2808 1693 2932 1747 hinc
2958 1700 3014 1746 et
3043 1693 3168 1747 inde
3192 1710 3204 1744 :
3231 1702 3290 1747 et
3339 1707 3694 1761 nequaquam
3715 1695 3782 1747 ta-

517 1798 623 1852 hoc
647 1797 768 1852 loco
790 1797 1092 1867 marginem
1121 1810 1185 1850 ac
1208 1795 1472 1849 thalamos
1497 1801 1780 1857 memorat,
1807 1807 1982 1862 neque
2004 1793 2099 1848 hoc

2211 1782 2413 1836 hebant
2437 1782 2673 1852 palmum
2705 1796 2806 1836 nec
2828 1783 3115 1847 rationem,
3143 1784 3392 1852 desuper
3413 1783 3679 1842 additam,
3699 1799 3784 1851 qn

519 1891 588 1944 ab
624 1889 728 1944 hac
775 1888 1044 1943 sententia
1092 1889 1368 1942 abhorret.
1399 1886 1535 1953 Quia
1568 1901 1688 1939 cum
1719 1900 1912 1956 magna
1943 1884 2110 1953 maje-

519 1987 634 2032 stas
662 1975 1040 2045 Redemptoris
1067 1976 1243 2029 nostri
1281 1975 1436 2029 nobis
1464 1973 1628 2028 fuerit
1655 1982 1892 2039 ostensa,
1923 1973 2110 2028 linitur

518 2067 677 2122 ﬁdes.
707 2065 840 2121 Cum
863 2064 974 2133 jam
1013 2065 1236 2134 cmperit
1264 2065 1448 2120 videre
1479 2065 1642 2120 homo
1669 2067 1810 2136 quod
1856 2067 2105 2133 credidit,

517 2165 574 2210 et
606 2156 672 2209 ad
711 2154 874 2209 linem
921 2169 1075 2208 suum
1103 2153 1427 2223 perveniunt
1475 2153 1725 2220 thalami,
1782 2156 1908 2224 quia
1945 2155 2107 2210 corda

489 2242 760 2297 Jldelium
789 2241 1288 2312 incomparabiliter
1334 2241 1490 2311 longe
1540 2257 1705 2311 quam
1754 2241 1915 2316 modo
1958 2254 2104 2311 sunt,

519 2333 572 2386 in
603 2345 789 2387 amore
817 2331 957 2386 illius
992 2329 1364 2400 perﬁciuntur.
1397 2330 1624 2387 Cubitus
1651 2347 1779 2402 ergo
1807 2349 1945 2388 unus
1984 2333 2108 2390 linis

519 2435 810 2495 utrumque
839 2433 941 2490 est,
973 2424 1102 2494 quia
1132 2424 1294 2479 unius
1323 2423 1535 2479 Domini
1567 2433 1621 2478 et
1649 2409 1944 2481 Salvatoris
1969 2427 2106 2482 visio

515 2515 573 2569 in
611 2515 798 2569 electis
839 2514 951 2568 suis
995 2514 1155 2568 tidem
1208 2513 1349 2579 linit,
1397 2523 1451 2568 et
1498 2515 1819 2570 charitatem
1872 2517 2102 2588 perficit.

515 2603 877 2660 Considerare
908 2604 1040 2659 libet
1087 2605 1179 2674 qui
1224 2619 1327 2659 nos
1376 2619 1563 2661 sumus
1588 2608 1714 2678 quia
1757 2609 1861 2663 ista
1899 2618 2101 2665 tracta-

517 2708 658 2747 mus.
689 2692 850 2747 Certe
897 2707 964 2746 ex
1011 2693 1302 2763 gentilibus
1331 2695 1603 2762 venimus,
1655 2707 1803 2754 certe
1847 2710 2104 2770 parentes

515 2783 685 2838 nostri
713 2781 980 2853 lignorum
1011 2799 1076 2837 ac
1119 2784 1353 2853 lapidum
1386 2785 1622 2842 cultores
1665 2787 1908 2842 fuerunt.
1949 2788 2106 2844 Unde

514 2889 645 2946 ergo
670 2875 774 2930 hoc
824 2876 978 2931 nobis
1016 2885 1076 2929 ut
1108 2890 1174 2930 ea
1211 2890 1331 2946 quae
1366 2894 1512 2933 nunc
1537 2895 1710 2950 usque
1755 2881 1967 2938 Hebraei
2010 2897 2102 2937 ne-

511 2966 710 3032 sciunt,
757 2965 1061 3022 Ezechielis
1107 2968 1382 3038 prophetae
1415 2977 1524 3024 tam
1581 2971 1848 3042 profunda
1895 2982 2103 3045 myste-

511 3058 594 3112 ria
639 3059 938 3113 rimsmur?
969 3059 1205 3130 Agamus
1231 3075 1360 3130 ergo
1387 3063 1593 3132 gratias
1635 3064 1727 3118 uni
1766 3065 1857 3135 qui
1907 3074 2103 3122 cuncta

2213 1879 2536 1942 praesentem
2561 1875 3024 1928 conversationem
3053 1875 3123 1928 ad
3146 1873 3398 1929 futuram
3436 1875 3783 1929 heminam

2215 1975 2560 2033 provooa'ret,
2591 1965 2686 2019 sed
2711 1973 2923 2018 tantum
2959 1973 3062 2020 sex
3090 1967 3300 2021 cubita.
3335 1965 3514 2022 Unde
3543 1966 3778 2034 sequitur

2291 2077 2311 2108 ‹
2349 2058 2416 2113 Et
2442 2067 2666 2113 menSus
2693 2066 2772 2112 est
2805 2061 3018 2128 portam
3044 2067 3073 2113 a
3105 2067 3253 2114 tecto
3291 2060 3539 2114 thalami
3570 2064 3778 2127 nequis:

2220 2169 2241 2202 ι
2275 2159 2475 2205 tectum
2508 2151 2626 2206 sive
2651 2152 2918 2220 parietem
2943 2152 3082 2222 ejus.
3119 2170 3138 2204 ι
3173 2151 3244 2206 Et
3273 2153 3504 2207 invenit
3533 2149 3776 2204 lalituzlizis

2213 2241 2406 2310 viginti
2433 2249 2494 2296 et
2519 2241 2760 2311 quinque
2802 2242 2981 2296 cubita
3007 2242 3179 2310 quiet
3205 2241 3334 2311 ipse
3375 2255 3664 2304 annuens,
3687 2240 3775 2292 lim

2213 2331 2452 2401 quadrua
2484 2331 2570 2393 sit,
2609 2339 2788 2384 tamen
2823 2331 3057 2385 refertur
3085 2333 3152 2384 ad
3182 2343 3413 2387 sensus.
3461 2331 3523 2386 Si
3545 2332 3776 2399 enimet»

2212 2434 2313 2476 nos
2339 2419 2549 2474 cubitus
2583 2426 2772 2474 contra
2803 2434 2861 2474 se
2882 2420 3173 2488 quinquies
3213 2420 3606 2480 ordinaberis,

2211 2527 2361 2566 mum
2389 2512 2636 2582 quintum
2693 2524 2979 2567 numerum
3016 2512 3235 2578 eilicies,
3273 2515 3373 2583 qui
3431 2522 3524 2568 est
3568 2515 3682 2567 Mr
3711 2521 3773 2566 te

2210 2611 2360 2657 ctum
2385 2604 2754 2658 thalamorum
2779 2611 2836 2658 et
2867 2611 3071 2658 tectum
3098 2611 3195 2657 :et
3241 2613 3445 2658 tamen
3471 2614 3734 2672 utrumque
3751 2617 3773 2656 ε

2210 2697 2435 2768 regione
2462 2696 2546 2751 sui
2573 2695 2811 2766 posittmi
2835 2712 2864 2749 a
2884 2695 3117 2751 summis
3137 2694 3404 2764 partibus
3437 2695 3605 2749 habet
3622 2696 3770 2749 σω

2212 2798 2406 2844 contra
2433 2788 2654 2843 ostium.
2699 2787 2825 2843 llaec
2867 2803 2978 2844 non
3024 2789 3217 2843 frivola
3245 2790 3562 2844 videantur
3589 2803 3692 2844 esse.
3723 2789 3774 2841 ir-

2212 2879 2374 2945 ctori,
2418 2877 2548 2933 licet
2574 2887 2629 2933 et
2661 2879 2794 2933 mihi
2839 2880 2941 2950 ipsi
2986 2881 3131 2936 dicta
3176 2880 3545 2955 displiceant,
3583 2880 3777 2936 senatus

2205 2980 2299 3022 me
2329 2968 2575 3023 clausam
2597 2969 2816 3038 pulsare
2848 2969 3072 3038 januam
3099 2988 3110 3022 ε
3133 2971 3235 3025 sed
3271 2971 3512 3040 legenda
3569 2985 3679 3026 mm
3709 2985 3775 3025 re

2205 3059 2300 3113 nia
2347 3067 2509 3124 sunt;
2569 3059 2807 3128 alioquin
2861 3060 3010 3130 potui
3061 3059 3394 3130 simpliciter
3447 3063 3777 3133 ignorantiam

508 3162 630 3217 quae
658 3147 725 3204 de
749 3163 814 3204 eo
842 3151 898 3204 in
928 3165 1086 3206 sacro
1129 3152 1344 3222 eloquio
1383 3153 1586 3223 scripta
1620 3166 1765 3221 sunt,
1794 3171 1956 3226 opere
1993 3157 2098 3212 im—
2129 3165 2176 3230 α
2207 3148 2490 3214 conﬁteri,
2536 3156 2592 3204 εἰ
2634 3161 2803 3203 σωηθ
2845 3148 3222 3206 Studiosorum
3267 3163 3558 3221 amputare
3595 3152 3781 3206 άθεὶιίεε

508 3238 675 3309 pievit
701 3254 717 3293 :
741 3248 796 3295 et
833 3257 955 3311 qua:
986 3242 1208 3314 intelligi
1257 3244 1438 3298 audita
1483 3260 1587 3298 non
1616 3254 1927 3316 potuerunt,
1979 3251 2097 3305 visa

485 3331 896 3399 (penderentur.
924 3333 999 3387 lbi
1025 3333 1224 3404 quippe
1278 3335 1607 3401 iucarnatio,
1657 3335 1734 3392 ibi
1778 3338 1980 3407 passio,
2017 3340 2098 3395 ibi

509 3434 676 3486 mors,
708 3422 783 3476 ibi
809 3425 1159 3490 resurrectio,
1199 3425 1274 3480 ibi
1311 3429 1562 3483 ascensio
1590 3429 1734 3486 illius
1754 3433 2094 3492 fcontinetu‘r.

509 3507 620 3564 Sed
648 3512 768 3580 quis
793 3520 1037 3567 nostrum
1065 3513 1185 3569 haec
1209 3514 1389 3570 audita
1416 3518 1681 3583 crederet,
1712 3520 1814 3576 nisi
1843 3520 1984 3577 facta
2009 3539 2100 3579 co-

510 3602 802 3672 gnovisset.
857 3602 1140 3674 Sigpatum
1186 3618 1314 3676 ergo
1362 3607 1561 3663 librum
1604 3609 1743 3666 sicut
1771 3611 1827 3666 in
1876 3611 2099 3671 Joannis

508 3692 828 3763 Apocalypsi
859 3694 1056 3765 legitur
1079 3696 1262 3767 (Apoc.
1293 3698 1371 3770 v),
1405 3713 1565 3768 quem
1592 3703 1804 3772 aperire
1834 3712 1890 3758 et
1917 3704 2099 3775 legere

509 3781 688 3835 nullus
721 3791 955 3851 poterat,
999 3783 1083 3838 leo
1106 3785 1172 3840 de
1200 3786 1344 3840 tri-bu
1366 3785 1502 3842 Juda
1530 3791 1764 3860 aperuit,
1793 3793 1884 3862 qui
1915 3796 2098 3850 omnia

509 3869 628 3940 ejus
651 3872 806 3927 nobis
836 3875 1092 3943 mysteria
1117 3875 1171 3930 in
1199 3891 1292 3932 sua
1332 3882 1731 3938 resurrectione
1757 3897 1822 3939 ac
1845 3885 2098 3955 passione

506 3962 762 4036 patefecit
788 3983 800 4019 :
825 3973 881 4020 et
909 3981 1006 4036 per
1039 3967 1144 4022 hoc
1179 3970 1321 4038 quod
1366 3970 1697 4028 infirmitatis
1724 3983 1925 4030 nosme
1955 3975 2096 4030 mala

504 4055 749 4126 pertulit,
783 4073 893 4111 suae
919 4058 1072 4113 nobis
1096 4061 1352 4128 potentia:
1380 4076 1444 4116 ac
1475 4062 1736 4119 claritatis
1769 4066 1912 4120 bona
1946 4079 2099 4120 mon-

507 4148 722 4204 stravit.
755 4149 894 4205 Caro
937 4151 1082 4205 enim
1128 4151 1304 4208 factus
1347 4161 1407 4207 ut
1436 4169 1535 4210 nos
1581 4156 1852 4226 spiritales
1892 4156 2098 4213 faceret

503 4239 738 4310 benigne
773 4241 1067 4298 inclinatus
1111 4253 1196 4298 est
1225 4249 1284 4298 ut
1319 4245 1547 4312 levaret,
1589 4249 1721 4303 exiit
1754 4257 1815 4303 ut
1848 4249 2093 4306 introdu-

509 4342 679 4389 ceret.
711 4335 955 4391 Visibiiis
999 4338 1273 4407 apparuit,
1304 4346 1366 4392 ut
1407 4339 1701 4394 invisibilia
1741 4351 2091 4398 monstraret.

509 4422 745 4494 Flagella
766 4426 1009 4494 pertulit,
1034 4435 1096 4480 ut
1140 4437 1378 4483 sanaret.
1406 4429 1705 4499 Opprobria
1732 4441 1785 4486 et
1816 4433 2098 4491 irrisiones

2202 3240 2367 3293 rium.
2397 3237 2550 3294 Sicut
2587 3240 2734 3296 enim
2759 3255 2790 3293 a
2819 3239 3058 3310 perfecta
3091 3243 3330 3312 scientia
3359 3243 3543 3312 procul
3576 3258 3776 3305 sumus,

2195 3330 2430 3385 lenioris
2457 3330 2631 3400 culpa:
2660 3329 2994 3384 arbitramur
3031 3331 3231 3386 saltem
3269 3346 3447 3403 parum
3471 3348 3643 3402 quam
3676 3347 3784 3386 om-

2197 3419 2334 3474 nino
2361 3419 2498 3474 nihil
2525 3419 2727 3475 dicere.
2758 3417 2964 3492 (Greg.)
3003 3421 3326 3476 Memoratis
3350 3424 3608 3492 superius
3638 3423 3778 3477 thala-

2201 3512 2308 3568 mis
2353 3513 2616 3584 propheta
2660 3513 2936 3585 subjungit
2961 3532 2973 3568 :
3003 3532 3022 3566 ‹
3055 3515 3308 3569 Thalami
3356 3532 3461 3570 sex
3505 3517 3776 3571 cubitum

2203 3614 2363 3662 erant
2386 3607 2514 3663 hinc
2540 3615 2596 3662 et
2625 3607 2770 3662 inde.
2803 3627 2823 3661 ι
2855 3607 2971 3675 Qua
2995 3608 3051 3663 in
3075 3623 3136 3664 re
3157 3625 3362 3681 magna
3392 3610 3564 3664 nobis
3589 3610 3773 3680 quasue

2195 3707 2513 3770 generatur,
2541 3715 2641 3754 cur
2670 3701 2919 3768 superius
2951 3699 3248 3755 thalamum
3273 3717 3398 3756 uno
3423 3702 3644 3757 calamo
3663 3716 3774 3763 nea-

2199 3798 2450 3847 suratum
2479 3791 2619 3846 dixit
2653 3810 2666 3845 :
2694 3807 2855 3862 quem
2889 3792 3140 3848 videlicet
3185 3795 3482 3850 calamum
3535 3811 3628 3851 sex
3655 3794 3769 3849 cni-

2201 3889 2310 3950 tos,
2360 3892 2416 3938 et
2455 3883 2697 3955 palmum
2751 3883 2954 3940 habere
2995 3872 3294 3956 perhibuit,
3354 3895 3541 3959 atque
3592 3887 3770 3943 inferias

2201 3975 2476 4030 thalamus
2525 3989 2623 4030 sex
2677 3975 3014 4031 solummodo
3057 3977 3185 4032 dicit
3216 3979 3428 4034 cubitis
3485 3980 3770 4035 mensaan

2199 4064 2262 4119 Si
2291 4064 2436 4120 enim
2483 4079 2590 4120 non
2637 4065 2867 4131 calamo,
2903 4067 3000 4121 sed
3049 4081 3141 4123 sex
3197 4068 3412 4125 cubitis
3459 4080 3771 4128 mensuram:

2189 4155 2432 4227 palmus,
2467 4157 2618 4213 deest
2641 4159 2732 4228 qui
2763 4159 3008 4229 superius
3047 4161 3101 4214 in
3132 4175 3403 4217 mensura
3435 4165 3644 4219 calami
3673 4165 3772 4219 ἂαμ

2201 4248 2366 4302 batur
2390 4249 2601 4304 adesse.
2641 4248 2749 4304 Sed
2791 4250 2838 4304 si
2867 4250 3086 4304 thalami
3119 4259 3248 4306 sunt
3281 4267 3500 4309 sensus
3537 4267 3769 4327 atqueat»

2201 4337 2495 4408 gitationes
2529 4338 2768 4394 ﬁdelium
2799 4340 2853 4394 in
2883 4341 3078 4411 quibus
3100 4350 3267 4397 castae
3293 4346 3518 4401 anima:
3550 4346 3767 4402 conditori

2203 4443 2302 4486 suo
2333 4431 2390 4485 in
2420 4445 2606 4486 amore
2625 4432 2943 4504 junguntur,
2973 4441 3026 4488 et
3057 4449 3154 4503 per
3179 4450 3276 4490 sex
3301 4437 3547 4495 cubitos
3577 4442 3767 4513 perte-ru

508 4513 785 4606 sustinuit,
814 4523 876 4606 ut
900 4515 969 4568 ab
1001 4516 1289 4586 opprobrio
1318 4527 1523 4574 aeterno
1552 4519 1824 4589 liberaret,
1849 4534 2096 4581 mortuus
2123 4515 2175 4574 D
2200 4523 2584 4595 operatio,.per
2602 4524 2837 4594 palmum
2857 4541 2989 4582 vero
3013 4527 3285 4583 inchoatio
3315 4533 3768 4606 contemptum

509 4611 613 4671 est,
644 4611 705 4658 ut
726 4603 1044 4662 viviticaret.
1079 4607 1317 4678 Agamus
1339 4623 1469 4682 ergo
1500 4611 1702 4682 gratias
1724 4613 2018 4670 viviﬁcanti
2043 4627 2095 4672 ct

505 4699 741 4760 mortuo,
792 4703 847 4750 et
891 4695 1016 4751 ideo
1063 4698 1294 4766 amplius
1331 4699 1624 4756 viviticanti
1673 4701 1801 4772 quia
1857 4714 2090 4763 mortuo.

508 4779 665 4837 Unde
693 4789 752 4836 et
790 4782 929 4839 bene
973 4785 1209 4840 salutem
1235 4795 1478 4844 nostram
1521 4799 1575 4846 et
1612 4794 1920 4862 passionem
1951 4796 2094 4855 illius

504 4869 675 4927 Isaias
704 4873 1098 4943 contemplatus
1126 4877 1235 4929 ait:
1264 4895 1282 4926 ‹
1313 4875 1384 4932 Ut
1412 4878 1575 4934 faciat
1595 4895 1729 4952 opus
1757 4898 1934 4950 suum,
1967 4886 2096 4942 alie-

507 4977 639 5018 num
659 4976 796 5034 opus
823 4963 943 5031 ejus
973 4981 988 5017 :
1011 4974 1071 5019 ut
1097 4975 1351 5034 operetur
1369 4984 1504 5039 opus
1529 4987 1707 5039 suum,
1742 4977 2091 5045 peregrinum

507 5060 593 5108 est
618 5065 756 5122 opus
777 5050 900 5120 eius
924 5055 992 5108 ab
1015 5068 1086 5110 eo
1111 5053 1249 5126 (ha.
1289 5059 1504 5130 xxviii).
1535 5079 1554 5113 ι
1586 5062 1731 5133 Opus
1751 5066 1953 5120 etenim
1995 5067 2093 5122 Dei

509 5149 613 5205 est,
643 5141 854 5197 extimas
877 5157 1013 5211 quas
1046 5145 1252 5199 ereavit
1276 5147 1552 5220 colligere,
1602 5155 1670 5208 ad
1713 5165 1930 5212 aeterna:
1956 5157 2092 5213 lucis

510 5231 705 5302 gaudia
732 5247 1009 5291 revocare.
1053 5235 1339 5308 Flagellari
1366 5251 1547 5298 autem
1575 5253 1738 5316 atque
1779 5250 1952 5318 sputis
1983 5249 2090 5305 illi-

509 5318 642 5387 ulri,
669 5320 933 5395 crocitigi,
964 5326 1100 5381 mori
1129 5341 1194 5383 ac
1219 5329 1454 5400 sepeliri,
1480 5348 1590 5388 non
1619 5335 1722 5390 hoc
1751 5337 1807 5391 in
1835 5354 1934 5393 sua
1956 5341 2087 5394 sub-

511 5409 712 5465 stantia
736 5425 871 5483 opus
914 5413 1006 5469 Dei
1053 5425 1156 5485 est,
1187 5420 1282 5475 sed
1320 5435 1457 5490 opus
1503 5423 1738 5481 hominis
1764 5431 2085 5499 peccatoris,

512 5501 607 5574 qui
632 5501 749 5558 hanc
771 5507 952 5561 omnia
999 5511 1197 5566 meruit
1225 5527 1323 5582 per
1361 5523 1665 5585 peccatum,
1700 5536 1721 5569 ‹
1749 5521 1843 5575 sed
1865 5531 2088 5590 peccata

508 5601 699 5650 nostra
727 5595 842 5666 ipse
865 5599 1087 5666 pertulit
1128 5602 1185 5657 in
1219 5618 1447 5674 corpore
1476 5621 1574 5661 suo
1600 5623 1761 5678 super
1795 5609 1996 5683 lignum
2025 5631 2038 5668 :
2063 5633 2081 5666 ι

513 5694 568 5738 et
593 5688 682 5757 qui
713 5689 766 5744 in
797 5698 990 5744 natura
1024 5707 1119 5747 sua
1152 5703 1336 5750 manet
1369 5711 1587 5770 semper
1630 5701 2086 5773 incomprehensi-

2197 4613 2548 4682 exprimitur,
2597 4622 2797 4671 sancta:
2852 4617 3172 4672 universalis
3223 4617 3509 4677 Ecclesia:
3558 4624 3769 4679 debeam

2198 4705 2440 4760 membra
2472 4707 2818 4776 conspicere;
2861 4713 2915 4763 et
2955 4708 3114 4764 citius
3154 4710 3484 4769 invenimus
3511 4719 3642 4786 quia
3683 4722 3769 4770 sat

2197 4793 2252 4847 in
2285 4809 2346 4848 ea
2381 4795 2601 4849 thalami
2637 4813 2746 4852 uno
2774 4797 2985 4853 calamo
3012 4818 3023 4854 :
3051 4809 3105 4855 et
3135 4810 3262 4855 sunt
3292 4803 3398 4858 alii
3447 4822 3554 4862 sex
3584 4815 3770 4863 tantun-

2191 4883 2356 4938 modo
2383 4886 2581 4940 cubitis
2625 4890 2941 4944 mmsurati.
2974 4889 3109 4946 Nam
3137 4893 3324 4949 ﬁdeles
3359 4898 3602 4966 quidam
3633 4901 3768 4956 omni.

2193 4984 2472 5046 potentem
2519 4978 2689 5036 Deum
2722 4982 2796 5036 ita
2831 4991 3036 5051 amant,
3081 4993 3141 5040 ut
3183 4988 3323 5042 etin
3361 5004 3548 5062 opere
3588 4991 3766 5064 pedem

2197 5067 2324 5134 sint,
2357 5077 2412 5124 et
2450 5072 2900 5143 contemplatione
2940 5079 3204 5146 suspensi.
3251 5077 3318 5140 Hi
3348 5083 3622 5156 profecto
3661 5083 3772 5140 cala-

2192 5177 2343 5218 mum
2387 5163 2441 5218 in
2506 5179 2760 5221 mensura
2813 5169 3015 5225 habent
3063 5189 3075 5224 :
3127 5170 3253 5241 quia
3309 5161 3372 5228 et
3443 5192 3555 5232 sex
3599 5176 3772 5235 cuius;

2195 5256 2526 5327 operationis
2559 5299 2574 5326 ,
2630 5268 2684 5312 et
2753 5259 2990 5330 palmum
3067 5264 3571 5335 contemplationis
3639 5266 3774 5344 μεμίξ-

2193 5345 2342 5401 dent.
2405 5346 2637 5414 Quidam
2682 5363 2814 5405 vero
2864 5353 3287 5423 omnipotentem
3341 5358 3588 5427 quidem
3643 5359 3776 5413 Deus:

2193 5437 2461 5509 diligunt,
2529 5446 2585 5494 et
2635 5440 2862 5512 perfecti
2940 5443 2994 5497 in
3071 5444 3228 5499 bonis
3294 5447 3578 5516 operibus
3652 5461 3782 5504 cur

2192 5540 2425 5598 centur,
2482 5531 2580 5587 sed
2637 5542 2816 5589 tamen
2872 5535 3223 5612 contemplari
3283 5537 3405 5608 ejus
3464 5540 3784 5613 ωθεηῑιῖιῶν

2192 5633 2316 5673 nem
2367 5619 2631 5677 subtiliuri
2679 5623 2949 5679 intellectu
2993 5625 3262 5681 nesciunt.
3319 5627 3538 5685 Amant
3593 5639 3786 5691 autem,

2192 5709 2287 5764 sed
2325 5709 2637 5782 investigari
2681 5714 2870 5786 gaudia
2915 5715 3033 5786 ejus
3073 5715 3333 5774 claritatis
3394 5722 3686 5791 ignorant.
3731 5717 3788 5773 Hi
