3908 6356
71 377 157 434 θορ
948 356 1303 423 conum.
1344 354 1416 415 nv
1441 319 1909 413 namss.
1944 333 2018 393 LI
2050 349 2184 407 Lm.
2224 348 2344 406 xv.
3190 347 3295 404 sto

71 498 225 562 itaque
250 505 336 547 sex
378 487 588 546 eubitos
621 483 846 551 habent,
882 490 939 536 et
971 478 1210 552 palmum
1255 490 1364 532 non
1390 474 1611 562 habent,
1639 470 1695 533 Α
1716 464 1975 562 Iudaicus
1997 461 2491 537 populus,secutus
2514 467 2601 518 est
2620 456 2937 533 gentilis.Et
2957 455 3083 529 quia
3109 461 3299 515 omnes

71 548 182 656 μιῙέ
203 581 247 637 ei
269 571 378 651 ja'm
398 571 499 650 per
520 588 761 634 amorem
774 548 951 645 juncti
973 548 1122 633 sunt,
1148 566 1241 623 sed
1268 579 1335 620 ex
1362 561 1611 619 cbntem-
1713 556 1895 625 electi,
1909 556 2024 612 sive
2037 556 2127 627 qui
2142 555 2204 610 in
2225 553 2409 610 Iudaea
2430 566 2551 608 esse
2569 558 2879 623 potuerunt,
2897 551 3013 606 sive
3036 548 3128 619 qui
3154 563 3302 607 nunc

71 640 567 745 natione-disiuncti.
593 640 905 735 Quirtavmen
945 656 1191 737 thalami,
1230 661 1353 727 post
1381 666 1617 709 comme—
1713 644 2026 706 inEcclesia
2043 646 2306 711 existunt,
2322 643 2677 700 mediatorem
2690 640 2788 697 Dei
2806 650 2863 697 et
2883 640 3164 698 hominum
3175 654 3301 698 cre-

72 732 396 821 morationem
430 754 597 814 cubiti
618 732 783 812 unius
811 751 941 807 hinc
966 757 1022 804 et
1050 734 1177 803 inde
1223 760 1345 801 esse
1371 741 1618 799 referun-
1716 740 1993 806 diderunt,
2021 744 2077 793 et
2103 736 2332 793 credunt
2359 735 2452 807 qui
2486 742 2749 806 praeeunt,
2786 741 2840 788 et
2862 732 2954 804 qui
2979 739 3304 804 sequuntur,

71 874 159 921 .ur,
182 852 299 924 quia
328 848 576 906 videlicet
597 847 652 901 in
672 858 859 901 arnore
881 837 1133 895 Auctoris
1162 851 1225 891 ac
1241 830 1619 903 Redemptoris
1715 830 1973 889 Hosanna
1995 829 2302 887 clamabant
2332 846 2345 883 :
2374 827 2630 885 Hosanna
2678 830 2859 911 autem
2891 824 3057 879 latina
3098 823 3301 894 lingua,

72 903 215 1001 mostri
245 941 424 999 ﬁdeles
464 939 658 995 animae
685 952 753 991 ex
778 932 1002 991 Judaioo
1048 928 1243 1003 populo
1280 934 1336 983 et
1379 943 1445 982 ex
1492 941 1619 1000 gen-
1718 924 2001 981 salva'nos
2031 920 2248 977 dicitur.
2278 919 2361 974 Ab
2402 919 2521 990 ipso
2562 916 2707 974 enim
2749 903 2980 972 salutem
3011 922 3067 971 et
3095 914 3306 987 priores

72 1038 237 1091 ,ilitatc
255 1037 633 1091 convenerunt.
656 1024 811 1085 Unde
837 1032 892 1080 et
906 1023 1049 1079 idem
1075 1020 1402 1091 Redemptor
1413 1024 1618 1083 noster,
1719 1016 2068 1089 quaesierunt,
2086 1022 2142 1070 et
2164 1019 2460 1089 praesentes
2479 1016 2749 1081 quaerunt,
2773 1015 2829 1064 et
2844 1006 3189 1064 benedictum
3211 1007 3304 1079 qui

72 1143 169 1180 :tlm
196 1124 350 1180 asello
390 1121 605 1186 sedens,
638 1116 940 1174 Ierusalem
970 1113 1231 1179 tenderet,
1278 1109 1417 1167 sicut
1444 1106 1622 1165 Evan-
1718 1108 1866 1191 venit
1903 1107 1960 1162 in
1987 1104 2206 1162 nomine
2238 1102 2453 1161 Domini
2483 1101 2829 1158 conﬁtentur.
2877 1097 3127 1154 Thalami
3176 1111 3311 1170 ergo

71 1217 232 1287 gelista
260 1221 483 1271 testatur
512 1230 525 1265 :
563 1228 582 1262 ι
617 1207 769 1269 Multi
811 1206 1133 1263 vestimenta
1176 1216 1273 1257 sua
1313 1204 1623 1256 straverunt
1721 1186 1841 1270 ejus
1880 1194 2008 1252 hinc
2036 1202 2091 1249 et
2116 1194 2241 1249 inde
2270 1199 2396 1249 sunt
2424 1211 2438 1248 :
2472 1189 2597 1262 quia
2624 1190 2789 1245 corda
2818 1188 3118 1243 amantium
3146 1186 3309 1241 ﬁdem

73 1276 105 1362 ξι
130 1307 232 1371 via,
259 1304 344 1360 alii
371 1311 551 1359 autem
598 1299 814 1354 frondes
839 1295 1119 1352 caedebant
1150 1293 1215 1349 de
1245 1290 1532 1347 arboribus
1566 1295 1622 1344 et
1721 1304 1841 1364 quae
1862 1286 1918 1344 in
1944 1286 2037 1342 illo
2064 1294 2167 1353 est,
2199 1292 2255 1341 et
2281 1299 2310 1338 a
2334 1282 2515 1355 priore
2537 1289 2694 1354 parte
2716 1279 2924 1346 saeculi,
2948 1286 3003 1335 et
3033 1279 3101 1333 ab
3121 1276 3313 1333 ultima

71 1396 353 1452 .ternebant
376 1393 431 1448 in
459 1393 543 1447 via
585 1408 599 1445 :
633 1396 686 1445 et
714 1387 803 1459 qui
822 1385 1091 1458 praeibam
1119 1391 1175 1440 et
1202 1382 1294 1455 qui
1321 1380 1622 1452 sequeban-
1719 1371 2200 1459 bomplectuntur‘:
2236 1399 2255 1432 ‹
2299 1379 2368 1435 Et
2398 1392 2619 1435 mensus
2651 1384 2755 1444 est,
2796 1374 2991 1446 inquit,
3028 1379 3247 1447 partem
3281 1384 3313 1424 a

72 1505 160 1553 ur,
200 1485 521 1549 clamabant,
557 1480 797 1537 dicentes
827 1496 839 1533 :
864 1477 1133 1540 Hosanna,
1167 1472 1483 1530 benedictus
1528 1470 1621 1541 qui

72 1576 198 1633 renit
241 1574 293 1631 in
332 1571 552 1629 nomine
594 1568 808 1626 Domini
863 1565 1080 1640 (Matth.
1125 1563 1275 1635 ut).
1313 1581 1332 1615 ι
1370 1557 1621 1616 Salvator

71 1667 245 1722 :tenim
291 1670 474 1720 noster
528 1660 694 1719 asello
749 1658 979 1724 sedens,
1050 1652 1350 1710 Jerusalem
1408 1649 1619 1717 tendit,

71 1757 262 1830 [nando
288 1752 710 1823 uniuscujusque
735 1750 908 1807 ﬁdelis
928 1747 1164 1803 animam
1188 1759 1406 1818 regens,
1431 1741 1623 1800 videli-

1722 1449 1869 1532 ιοριᾶ
1902 1472 2128 1531 thalami
2141 1449 2327 1542 'usque
2349 1469 2418 1525 ad
2442 1474 2643 1524 tectum
2672 1465 2787 1537 ejus
2813 1462 3098 1519 latitudine
3122 1458 3314 1532 viginti

1722 1572 1780 1621 et
1806 1563 2047 1637 quinque
2073 1559 2402 1618 cubitorum.
2446 1577 2464 1610 ›
2502 1555 2660 1628 Saepe
2681 1554 2795 1625 jam
2834 1554 3067 1609 diximus
3095 1559 3313 1622 portam

1723 1655 1907 1723 ﬁdem,
1938 1662 1992 1713 et
2032 1667 2134 1725 per
2168 1650 2416 1706 eamdem
2464 1646 2627 1703 ﬁdem
2676 1646 2852 1717 ipsum
2879 1646 3194 1698 creatorem'
3218 1650 3317 1697 n0-

1724 1754 1901 1806 Strum
1927 1743 2284 1802 mediatorem
2312 1738 2407 1795 Dei
2447 1746 2503 1794 et
2527 1735 2807 1792 hominum
2827 1730 3011 1789 Jesum
3041 1730 3317 1787 Christum

71 1858 137 1905 :et
158 1847 453 1919 iumentum
480 1858 656 1907 suum,
688 1841 755 1897 ad
776 1839 926 1912 pacis
958 1837 1161 1893 intimae
1180 1835 1444 1892 visionem
1473 1834 1620 1890 ducit
1646 1839 1696 1901 Β
1720 1852 1883 1912 posse
1906 1834 2132 1909 signari,
2148 1833 2275 1904 quia
2307 1847 2408 1902 per
2432 1829 2593 1886 ﬁdem
2614 1827 2808 1901 quae‘in
2840 1840 2906 1880 eo
2935 1831 3040 1893 est,
3065 1821 3320 1877 introitus

72 1945 368 2004 umentum;
391 1934 541 1992 sedet
560 1932 745 1999 etiam,
779 1946 901 1988 cum
924 1937 1123 2010 sancta:
1142 1926 1396 1985 Ecclesiae
1414 1924 1628 1982 univer-

71 2029 235 2084 saliter
260 2024 771 2100 praesidet,eamque
788 2022 845 2078 in
865 2034 1110 2092 supernae
1130 2018 1279 2090 pacis
1302 2016 1629 2073 desiderium

71 2121 312 2177 tccendit.
327 2118 478 2174 Multi
501 2124 682 2173 autem
693 2114 1016 2171 vestimenta
1041 2125 1137 2167 sua
1171 2109 1229 2164 in
1248 2108 1335 2164 via
1358 2114 1624 2172 sternunt,

71 2214 183 2289 [uia
222 2223 446 2280 corpora
484 2223 580 2263 sua
621 2220 718 2275 per
751 2202 1132 2261 abstinentiam
1175 2199 1448 2263 edomant,
1490 2201 1553 2251 ut
1576 2191 1629 2250 ei

76 2286 164 2365 ter
186 2303 252 2358 ad
284 2308 517 2357 mentem
544 2304 758 2369 parent,
793 2294 879 2350 vel
908 2291 1156 2363 exempla
1182 2291 1325 2347 bona
1353 2286 1627 2358 sequenti-

71 2410 160 2454 )us
184 2393 473 2465 praebeant.
507 2388 613 2445 Alii
653 2394 834 2442 autem
861 2381 1079 2438 frondes
1111 2379 1197 2434 vel
1238 2393 1421 2434 ramos
1446 2376 1511 2433 de
1536 2390 1629 2432 ar-

71 2487 275 2545 )oribus
300 2481 510 2537 caedunt
534 2486 589 2534 et
628 2483 877 2533 sternunt
906 2474 963 2529 in
985 2472 1109 2527 via:
1153 2469 1279 2541 quia
1311 2470 1365 2524 in
1390 2468 1634 2524 doctrina

71 2575 299 2634 veritatis
323 2573 488 2628 verba
534 2578 697 2640 atque
744 2564 1045 2623 sententias
1081 2563 1304 2617 Patrum
1342 2574 1409 2615 ex
1448 2574 1635 2616 eorum

71 2666 270 2738 tloquio
296 2668 613 2732 excerpunt,
638 2660 819 2715 ethtec
836 2657 893 2712 in
917 2656 1005 2710 via
1027 2653 1121 2710 Dei
1153 2652 1220 2708 ad
1238 2651 1498 2706 auditoris
1521 2647 1638 2703 ani-

72 2773 206 2813 mum
220 2752 483 2810 venientis
504 2747 693 2806 humili
707 2744 1089 2820 praedicatione
1110 2742 1463 2799 submittunt:
1491 2739 1635 2811 quod

71 2848 266 2922 ndigni
290 2860 503 2918 quoque
539 2852 595 2900 et
620 2856 720 2898 nos
750 2839 910 2896 modo
938 2837 1185 2893 facimus.
1216 2834 1352 2891 Nam
1382 2850 1505 2890 cum
1528 2832 1634 2887 Pa-

71 2954 202 2995 .rum
214 2936 505 2996 sententias
523 2934 581 2990 in
600 2946 852 2988 sermone
874 2924 1269 2985 exhortationis
1284 2925 1631 2989 assumimus,

71 3029 280 3088 frondes
302 3028 369 3085 de
401 3025 686 3083 arboribus
720 3021 997 3087 caedimus,
1026 3027 1087 3075 ut
1114 3016 1218 3075 has
1262 3018 1317 3073 in
1350 3014 1434 3073 via
1461 3012 1634 3069 omni-

71 3122 293 3181 >otentis
317 3118 532 3177 Domini
552 3127 877 3173 sternamus.
912 3111 1022 3168 Sed
1052 3111 1144 3181 qui
1172 3108 1440 3181 praeibam
1468 3114 1522 3161 et
1542 3104 1636 3176 qui

1728 1903 1800 1989 ad
1818 1903 1985 1987 vitam
2012 1934 2182 1999 patet.
2227 1925 2336 1982 Sed
2368 1923 2533 1980 etiam
2580 1920 2919 1989 Scripturam
2948 1903 3163 1973 sacram
3198 1927 3320 1983 quas

1726 2021 1887 2078 nobis
1918 2018 2173 2078 eamdem
2223 2016 2396 2088 ipsam
2452 2012 2617 2068 ﬁdem
2646 2003 3116 2078 inlicdemptoris
3147 2001 3321 2059 nostri

1726 2111 2061 2171 intellectum
2090 2107 2285 2180 aperit,
2316 2120 2427 2161 non
2447 2101 2721 2160 immerito
2746 2106 2961 2171 portam
2992 2093 3320 2164 accepimus.

1731 2203 1870 2273 Quia
1911 2218 1978 2261 ea
2001 2208 2063 2257 ut
2078 2180 2303 2273 oportet
2328 2196 2569 2270 cognita,
2601 2194 2670 2251 ad
2695 2190 3043 2263 intelligenda
3087 2184 3324 2242 visibilia

1729 2296 1998 2355 intramus
2034 2312 2049 2348 :
2088 2291 2256 2350 Porta
2287 2305 2524 2363 quoque,
2568 2288 2621 2343 id
2649 2295 2755 2354 est,
2802 2297 3020 2342 sacrum
3048 2279 3322 2351 eloquium

1730 2386 1899 2445 habet
1926 2390 2151 2450 tectum,
2181 2382 2311 2454 quia
2352 2380 2588 2437 necdum
2630 2376 2812 2435 omnia
2839 2382 3130 2447 penetrare
3168 2369 3325 2426 intel-

1730 2473 1874 2532 lectu
1898 2488 2192 2545 possumus
2214 2473 2281 2528 de
2310 2470 2624 2527 ctelestibus
2644 2467 2915 2523 audimus.
2966 2462 3155 2519 Restat
3174 2474 3324 2532 ergo,

1732 2578 1797 2626 ut
1816 2568 1874 2623 in
1897 2567 1984 2624 his
2006 2581 2129 2639 qua:
2163 2563 2537 2636 intelligimus,
2573 2561 2628 2616 in
2653 2559 2900 2631 profectu
2930 2554 3171 2626 quotidie
3194 2551 3327 2607 cha-

1732 2659 1914 2719 ritatis
1942 2658 2302 2716 ambulemus.
2332 2655 2403 2711 Et
2422 2652 2670 2725 quamvis
2698 2651 2754 2707 in
2791 2648 2946 2705 nobis
2968 2643 3201 2719 proximi
3231 2658 3328 2697 no-

1726 2753 1838 2812 stri
1880 2768 1989 2809 non
2034 2750 2254 2806 videant
2276 2754 2537 2820 quantum
2567 2743 2857 2814 diligantur
2883 2755 2914 2795 a
2944 2739 3131 2804 nobis,
3165 2744 3331 2807 atque

1730 2843 1794 2902 in
1819 2857 1976 2900 sacro
1999 2840 2243 2911 eloquio,
2289 2854 2352 2895 ea
2381 2852 2501 2908 quae
2536 2837 2767 2891 necdum
2794 2831 3177 2903 intelligimus,
3225 2827 3327 2883 hu-

1726 2934 1939 2994 militer
1978 2946 2322 2995 veneramur,
2350 2930 2406 2985 in
2431 2928 2519 2983 his
2544 2936 2725 2982 tamen
2751 2924 2816 2980 ad
2837 2940 2959 2993 qua:
2985 2918 3331 2990 intelligendo

1734 3024 2084 3100 pervenimus
2105 3063 2122 3091 ,
2154 3020 2383 3078 dilatare
2428 3034 2527 3091 per
2566 3016 2763 3072 bonam
2818 3012 3187 3100 operationem
3239 3008 3334 3063 de-

1736 3098 1932 3173 bemus
1965 3112 2088 3170 :De
2129 3126 2237 3185 quo
2274 3111 2335 3167 in
2369 3107 2619 3181 sequenti
2658 3106 2800 3162 libro
2838 3102 3049 3176 plenius
3094 3098 3329 3156 dissere-

71 3214 443 3286 sequebantur,
466 3209 776 3269 clamabant
807 3205 1061 3262 Hosanna
1084 3216 1100 3255 :
1123 3194 1409 3257 Praecessit
1437 3195 1638 3269 quippe
1667 3193 1717 3260 C
1743 3221 1888 3264 ωυε,

71 3353 3323 3411 Ww—M

980 3526 1296 3611 LIBER
1364 3524 1822 3611 DECIMUS
1890 3519 2391 3619 QUINTUS.

456 3749 810 3827 SEQUITUR
854 3746 1083 3809 CAPUT
1130 3746 1249 3806 XL.

142 3872 160 3905 ι
191 3851 261 3909 Et
287 3865 508 3907 mensus
535 3856 617 3905 est
636 3857 856 3921 portam
896 3862 927 3901 a
957 3850 1103 3901 tecto
1127 3840 1350 3901 thalami
1376 3854 1553 3913 usque
1577 3839 1647 3894 ad

71 3966 84 4001 ι
119 3952 323 4001 tectum
351 3941 468 4011 ejus
493 3940 831 3995 latitudinem
867 3934 1057 4008 viginti
1083 3941 1137 3990 et
1161 3933 1400 4003 quinque
1440 3931 1651 3986 cubito-

71 4056 85 4091 ι
122 4051 267 4091 rum.
292 4054 311 4087 ι
338 4031 543 4106 (Gr-eg.)
557 4030 805 4102 Quinque
822 4028 967 4085 enim
981 4028 1161 4083 carnis
1174 4025 1421 4081 sensibus
1439 4022 1650 4095 praediti

71 4141 277 4193 sumus,
298 4122 571 4187 videlicet,
591 4122 730 4184 visu,
769 4126 949 4192 gustu,
985 4116 1207 4183 olfactu,
1246 4114 1456 4182 auditu,
1491 4121 1653 4183 atque

71 4222 240 4270 tactu.
286 4210 437 4269 Idem
464 4226 595 4267 vero
635 4210 914 4282 quinarius
955 4223 1054 4280 per
1089 4205 1439 4278 semetipsum
1470 4201 1653 4258 multi-

1744 3763 1895 3823 enim
1916 3761 2038 3821 ideo
2054 3757 2316 3831 indigenti
2343 3756 2475 3813 dare
2490 3769 2696 3828 panem
2722 3753 2938 3822 metuit,
2960 3770 3029 3810 ne
3049 3753 3152 3811 sibi
3175 3753 3335 3824 desit,

1749 3853 1929 3911 adhuc
1951 3852 2011 3908 in
2041 3850 2290 3919 angustia
2320 3848 2533 3904 timoris
2566 3853 2669 3904 est.
2715 3845 2971 3916 Quisquis
3019 3846 3139 3903 ideo
3166 3846 3333 3903 vesti-

1745 3951 1993 4003 mentum
2019 3940 2219 4010 algeuti
2244 3955 2354 3995 non
2381 3938 2635 4010 porrigit,
2667 3937 2792 4006 quia
2825 3939 2929 3994 hoc
2965 3936 3112 3993 solus
3135 3935 3338 3992 habere

1746 4033 2102 4104 concupiscit,
2134 4031 2313 4087 adhuc
2340 4031 2566 4091 tenacia:
2595 4043 2707 4083 suae
2728 4027 2980 4098 angustia
3009 4034 3335 4083 coarctatur.

1749 4127 2007 4198 Quisquis
2046 4125 2170 4182 ideo
2206 4125 2409 4181 bonum
2436 4138 2547 4178 non
2588 4122 2734 4192 agit;
2784 4122 2913 4191 quia
2940 4129 3127 4190 tepore
3171 4119 3357 4175 animi.

1749 4217 2031 4291 pigrescit,
2064 4215 2181 4287 ipse
2204 4214 2261 4271 ei
2280 4230 2419 4270 suus
2457 4222 2614 4284 tepor
2634 4213 2887 4285 angustia
2913 4220 3016 4269 est.
3046 4211 3340 4282 Respicere

71 4304 328 4375 plicatus,
359 4305 426 4359 ad
448 4303 763 4359 vicesimum
790 4310 845 4357 et
871 4301 1117 4373 quintum
1143 4313 1429 4357 numerum
1458 4296 1650 4371 surgit.
1661 4322 1721 4386 δ
1754 4319 1938 4366 eum
1984 4308 2223 4379 mem,
2279 4304 2541 4363 mare
2592 4320 2832 4375 precem,
2883 4304 3071 4375 largiri
3118 4304 3338 4374 stipem,

71 4394 298 4466 Dperari
335 4402 514 4450 autem
549 4393 802 4465 quiddam
841 4392 1085 4449 exterius
1128 4390 1195 4448 de
1224 4391 1495 4448 mandatis
1535 4405 1651 4447 οω-
1684 4470 1711 4473 ᾃ
1756 4402 2004 4473 premere
2024 4399 2424 4466 defensionem,
2447 4408 2611 4469 atque
2631 4412 2731 4468 pro
2759 4397 3002 4468 ejusdem
3029 4395 3344 4453 defensione

71 4488 301 4546 testibus
321 4486 438 4547 sive
456 4486 577 4545 istis
600 4485 876 4559 corporeis
892 4485 1133 4558 quinque
1153 4484 1407 4545 sensibus
1431 4499 1543 4541 non
1561 4499 1657 4540 va-
1672 4470 1730 4532 Ι)
1753 4470 2024 4568 βυροιήε,
2060 4493 2406 4553 amen-mntis
2459 4490 2747 4562 mea
2796 4488 3110 4546 inimicitias
3130 4503 3243 4544 non
3274 4489 3343 4544 ti-

71 4586 262 4627 Lemus.
286 4571 390 4626 His
412 4571 608 4642 quippe
635 4571 829 4629 ofﬁciis
858 4575 970 4630 suis
990 4575 1155 4645 judex
1182 4576 1399 4632 animus
1426 4577 1654 4634 interius
1748 4603 1933 4654 mene,
1979 4600 2179 4658 magna
2209 4586 2410 4643 mentis
2436 4582 2670 4640 latitudo
2698 4591 2808 4640 est.
2840 4581 3184 4637 Mensuretur
3209 4587 3341 4649 ergo

71 4661 348 4769 ῗῗέδδίάθίι
369 4672 432 4769 ξι
458 4663 586 4734 quid
611 4663 853 4769 ξδιίξπξυε
882 4680 1045 4769 aegre
1066 4666 1212 4736 iuste
1238 4667 1319 4724 vel
1347 4668 1656 4727 misericor-
1748 4676 1896 4733 inter
1914 4676 2220 4733 thalamum
2245 4683 2303 4731 et
2327 4681 2543 4745 ponam
2561 4688 2627 4729 ea
2660 4687 2788 4740 qua:
2812 4666 3095 4737 interiacet
3114 4668 3341 4723 latitudo

71 4757 211 4815 diter
231 4756 444 4829 possit,
478 4756 630 4828 quasi
664 4757 871 4815 eisdem
908 4757 1100 4817 otiiciis
1124 4761 1563 4818 renuntiantibus
1591 4775 1656 4818 ac
1752 4767 1955 4822 cubitis
2004 4765 2197 4837 viginti
2232 4772 2294 4819 et
2334 4763 2603 4833 quinque;
2640 4761 2769 4830 quia
2812 4760 2868 4815 in
2906 4758 3179 4814 exteriore
3212 4771 3342 4815 sen-

71 4845 503 4903 ieservientibus
531 4847 794 4917 agnoscit.
843 4846 975 4905 Cum
1006 4863 1136 4921 ergo
1179 4850 1372 4908 timore
1410 4852 1658 4923 omnipo—

71 4937 237 4992 tentis
266 4935 485 4992 Domini
507 4936 721 4991 animus
750 4935 1025 5008 impletur,
1059 4953 1281 4995 necesse
1309 4946 1394 4996 est
1420 4947 1479 4995 ut
1500 4940 1658 5011 quin-

71 5043 174 5098 que
234 5028 410 5083 nostri
458 5042 649 5083 sensus
699 5029 856 5084 nobis
902 5028 1047 5085 velut
1097 5029 1341 5101 subjecta
1386 5031 1562 5089 ofﬁcia
1599 5033 1659 5089 in

71 5122 274 5175 bonam
313 5119 684 5189 operationem
725 5117 1053 5186 deserviant,
1098 5137 1202 5192 per
1229 5137 1366 5193 quos
1409 5139 1532 5180 cum
1566 5124 1660 5181 ali-

71 5209 199 5279 quid
228 5223 395 5282 agere
423 5208 847 5266 misericorditer
871 5211 1217 5282 casperimus,
1248 5212 1369 5284 plus
1394 5229 1455 5271 se
1483 5215 1658 5285 quoti-

71 5300 154 5358 die
183 5302 308 5373 ipsa
334 5302 706 5360 misericordia
728 5304 926 5375 aperit,
945 5312 1003 5362 et
1026 5307 1187 5377 quasi
1204 5307 1360 5363 sinus
1378 5304 1509 5364 boni
1526 5322 1657 5379 ope-

1752 4871 1911 4915 suum
1935 4831 2253 4926 operatione
2278 4831 2541 4924 probatur
2581 4861 2637 4908 et
2679 4849 3024 4922 cognoscitur
3051 4864 3173 4919 quae
3203 4831 3344 4904 invi-

1748 4948 1935 5007 θίὺὶιίει
1955 4947 2309 5005 instruamus.
2334 4944 2400 5001 Si
2424 4945 2590 5016 igitur
2610 4943 2714 5001 hoc
2741 4943 2798 5000 in
2838 4943 2977 5009 loco,
3000 4948 3064 4998 ut
3089 4939 3345 5011 ιιι-ωὰὶιί-

1754 5053 1899 5104 me.
1952 5045 2108 5108 porta
2150 5035 2434 5107 Seeiptura
2465 5049 2624 5093 saera
2668 5034 2953 5106 accipitur,
2992 5030 3340 5103 quaerendum

1750 5124 3344 5198 estquidper-tectnNIhdami,quidpersentumportaa

1750 5220 2025 5291 signetur.
2053 5217 2164 5279 Sed
2191 5218 2358 5277 habet
2388 5217 2666 5277 thtﬂamus
2702 5226 2913 5273 tectum
2938 5230 2956 5270 ε
2995 5214 3123 5285 quia
3157 5219 3344 5284 operta

1754 5318 2016 5367 sumens
2046 5307 2370 5374 amantium,
2394 5317 2453 5369 et
2474 5309 2549 5365 ad
2576 5309 2682 5365 hoc
2708 5306 2892 5362 fervor
2919 5305 3124 5362 amoris
3150 5304 3206 5360 in
3251 5317 3345 5358 oo-

71 5393 147 5499 ris
173 5394 461 5499 expandit:
490 5393 743 5499 Quinque
791 5396 957 5468 igitur
997 5411 1192 5454 sensus
1235 5399 1639 5470 multiplicanuu

1758 5404 1907 5467 pulto
1924 5412 2039 5463 ω..
2068 5403 2248 5460 Habet
2270 5414 2491 5474 qquuo
2517 5410 2573 5458 es
2600 5410 2758 5472 porta
2786 5407 3017 5466 tectum,
3042 5399 3172 5480 quia
3200 5396 3346 5453 Scri-

71 5488 122 5543 in
161 5502 251 5555 se,
275 5488 408 5544 dum
437 5488 540 5546 hoc
567 5490 710 5560 quod
730 5502 830 5561 per
858 5489 1009 5558 ipsos
1032 5491 1231 5559 agitur,
1260 5491 1318 5547 in
1342 5492 1491 5549 bono
1525 5506 1661 5561 qun-
1758 5504 1885 5553 tura
1911 5510 2075 5553 aera
2100 5502 2217 5551 tota
2245 5493 2472 5564 quidem
2491 5499 2722 5561 propter
2754 5506 2858 5546 nos
2878 5491 3084 5560 scripta
3110 5498 3213 5549 est,
3240 5486 3341 5544 sed

71 5580 212 5683 ψιίῆ
241 5594 414 5651 opere
439 5580 1291 5683 mererememulliplicatur.
1327 5581 1479 5683 nime
1505 5592 1562 5683 et
1584 5582 1662 5636 ια-
1761 5599 1872 5643 non
1904 5593 2012 5643 tota
2040 5584 2359 5655 intelligitur
2393 5598 2424 5636 a
2463 5582 2642 5637 nobis.
2665 5579 2829 5635 Multa
2860 5567 3055 5651 quippe
3074 5580 3127 5633 in
3158 5576 3247 5632 illa
3271 5575 3345 5633 ita

71 5672 415 5774 ίίιξιάφβδεθ
445 5672 650 5774 iisin-ti
689 5681 745 5729 et
1066 5673 1370 5728 cubiturum
1424 5674 1658 5731 dicitur:
1764 5684 1952 5746 aperta
1980 5683 2143 5739 sunt,
2192 5681 2251 5730 ut
2302 5678 2529 5742 pascant
2578 5670 2852 5741 parvulos.
2908 5669 3164 5737 Quaedam
3216 5678 3343 5718 vero

71 5763 202 5832 quia
241 5763 411 5818 timor
439 5764 662 5819 tenacia:
681 5773 736 5819 et
768 5764 977 5835 pigrido
1003 5773 1231 5836 angusta
1274 5772 1376 5821 est.
1410 5764 1664 5837 Quisquis
1766 5766 2169 5822 obscurioribus
2194 5764 2498 5829 sententiis,
2532 5773 2590 5817 ut
2617 5773 2908 5818 exerceant
2934 5761 3121 5823 fortes,
3156 5765 3343 5829 quate-
3400 5778 3405 5785 ν
