3908 6356
567 279 661 332 on
1195 273 1257 326 Β.
1298 269 1548 326 uABANt
1588 225 1802 324 uiuat
1843 265 2126 322 ARCHIEF

2225 265 2505 330 lOC-UNT.
2546 263 2831 321 OPERUM
2868 261 3047 317 PARS
3084 261 3150 316 ll.
3739 263 3822 318 9B

563 403 666 442 nus
695 400 818 439 cum
846 384 1027 439 labore
1055 382 1325 437 intellecta
1369 383 1488 452 plus
1511 390 1667 452 grata
1711 381 1838 435 sint.
1868 378 2131 434 Nonnulla
2159 381 2210 438 Λ
2237 378 2340 432 mel
2365 379 2419 432 in
2451 379 2558 432 Deo
2582 386 2636 430 et
2661 377 2904 446 proximo
2931 376 3300 444 concupimus,
3327 389 3522 445 usque
3544 375 3618 430 ad

560 487 739 530 autem
776 475 848 529 ita
889 477 942 528 in
988 490 1053 528 ea
1100 473 1280 528 clausa
1315 482 1439 527 sunt
1463 513 1477 536 ,
1532 480 1594 526 ut
1639 472 1767 524 dum
1816 485 1880 524 ea
1913 485 2021 524 non
2052 470 2130 523 in-
2235 483 2352 522 sum
2404 467 2552 536 regni
2581 468 2836 521 debemus
2881 481 3042 521 omne
3067 467 3210 535 quod
3239 481 3553 535 possumus
3588 469 3813 536 multipli-

547 566 853 634 ttelligitnus
901 552 1254 637 agnoscentes
1308 563 1519 616 infirma
1575 569 1774 616 nostra:
1833 559 2128 622 caecitatis,

513 657 626 710 ω
697 646 1050 708 humilitatem
1109 653 1282 722 magis
1358 667 1520 722 quam
1594 651 1662 705 ad
1727 649 2132 719 intelligentiam

509 772 518 780 --
557 745 918 816 protieiat‘nus.
969 743 1106 797 Sunt
1154 744 1297 796 enim
1358 737 1601 811 quzedam
1642 756 1762 809 qua:
1797 741 1870 794 ita
1907 739 1974 792 de
2023 751 2132 793 cm-

518 833 522 898 ξ
557 835 780 890 lestibus
803 825 1135 902 loquuntur,
1157 842 1216 887 ut
1245 833 1372 887 solis
1410 832 1513 886 illis
1553 831 1797 899 supernis
1839 829 2046 884 civibus
2078 829 2132 882 in

553 927 728 996 patria
771 939 867 978 sua
895 922 1303 992 persistentibus
1328 927 1581 990 pateant:
1616 919 1951 988 necdumque
1978 917 2132 971 nobis

520 1075 522 1077 ,
555 1012 1024 1084 peregrinantibus
1075 1019 1399 1064 reserentur.
1451 1008 1583 1063 Nam
1609 1009 1654 1063 si
1693 1009 1815 1078 quis
1840 1008 1907 1062 ad
1943 1007 2132 1061 urbem

505 1124 512 1131 ι
560 1103 886 1172 incognitam
918 1116 1144 1172 porgens
1164 1101 1333 1154 multa
1361 1102 1424 1154 de
1450 1100 1539 1154 illa
1563 1100 1615 1156 in
1647 1099 1733 1153 via
1762 1099 1962 1164 audiat,
1987 1112 2133 1168 qua:-

517 1257 520 1260 ,
560 1193 682 1246 dam
723 1191 935 1260 quidem
962 1205 1028 1244 ex
1057 1192 1267 1244 ratione
1293 1190 1514 1264 colligit,
1553 1189 1795 1258 qumdam
1835 1203 1964 1242 vero
2006 1187 2131 1244 auia

558 1281 783 1335 necdum
806 1280 972 1344 videt,
999 1279 1144 1334 nullo
1167 1281 1325 1334 modo
1354 1279 1634 1350 cognoscit
1657 1297 1670 1332 :
1693 1279 1793 1348 ipsi
1815 1293 1961 1341 vero,
1987 1277 2133 1332 cives

558 1370 652 1440 qui
679 1370 732 1424 in
761 1384 824 1424 ca
873 1377 1018 1434 sunt,
1051 1376 1105 1423 et
1137 1384 1256 1437 qua:
1304 1370 1370 1423 de
1400 1369 1489 1423 illa
1535 1375 1798 1434 tacentur,
1824 1368 2029 1432 vident,
2076 1373 2132 1421 et

559 1476 679 1529 quae
701 1460 766 1514 dc
794 1458 878 1512 illa
905 1459 1154 1513 dicuntur
1183 1459 1506 1530 intelligunt.
1540 1459 1650 1514 Nos
1689 1460 1850 1529 igitur
1875 1459 2050 1514 adhuc
2071 1460 2130 1513 in

557 1549 646 1602 via
675 1563 882 1612 sumus,
918 1548 1085 1602 multa
1144 1549 1211 1603 de
1257 1549 1344 1601 illa
1393 1548 1597 1604 caelesti
1636 1549 1813 1618 patria
1862 1549 2128 1612 audimus,

555 1643 656 1699 alia
679 1644 789 1713 jam
813 1658 910 1713 per
945 1644 1190 1714 spiritum
1221 1653 1275 1697 et
1303 1643 1567 1696 rationem
1594 1641 1962 1710 intelligimus,
1986 1655 2133 1708 qua:-

2236 558 2372 612 citer
2400 567 2560 626 atque
2598 558 2931 612 incessanter
2955 557 3193 626 operari.
3220 558 3263 610 Α
3300 567 3462 611 tecto
3499 557 3690 626 itaque
3718 562 3808 616 tha-

2233 647 2383 710 lami,
2415 661 2586 716 usque
2617 646 2684 700 ad
2731 653 2930 699 tectum
2960 653 3148 715 portae,
3190 660 3396 714 magna
3443 645 3689 701 latitudo
3712 663 3805 704 est:

2232 737 2360 804 quia
2397 751 2464 789 ex
2493 735 2665 804 gratia
2691 750 2796 804 qua
2825 735 3138 790 inchoamus
3174 737 3356 791 Deum
3387 736 3646 806 diligere,
3673 755 3802 808 mea:

2233 828 2301 881 ad
2325 827 2497 896 ipsam
2524 826 2884 892 dilectionem,
2910 842 3031 895 qua:
3053 827 3209 882 nobis
3239 827 3461 881 aditum
3489 827 3717 882 cmlestis
3734 847 3801 885 re

2233 916 2323 984 gni
2348 915 2538 984 aperit,
2565 915 2822 970 debemus
2847 916 3203 988 nosmetipsos
3233 917 3288 970 in
3325 931 3544 984 magna

2231 1020 2452 1074 operum
2487 1007 2699 1059 actione
2719 1005 2969 1072 dilatare,
3019 1007 3248 1061 adversa
3286 1008 3585 1076 patienter
3609 1015 3790 1078 perget

2203 1091 2462 1166 benigne
2505 1096 2734 1150 libenter
2764 1097 3102 1166 impendere,
3151 1098 3302 1168 ipsos
3351 1099 3536 1152 etiam
3580 1115 3705 1168 quos
3729 1118 3789 1169 pa»

2233 1185 2398 1240 timur
2423 1202 2626 1251 amare,
2655 1186 2838 1241 habita
2867 1187 3127 1252 tribuere,
3174 1202 3284 1243 non
3337 1188 3542 1242 habita
3593 1206 3690 1245 non
3714 1207 3790 1244 1r..-

2232 1276 2349 1330 bire
2381 1294 2392 1329 :
2430 1277 2708 1345 proximos
2738 1278 2880 1332 sicut
2929 1277 3290 1348 nosmetipsos
3321 1278 3573 1349 diligere
3608 1300 3620 1332 :
3648 1297 3786 1336 enim

2234 1366 2396 1432 bona,
2445 1377 2631 1422 nostra
2682 1368 2938 1431 credere;
2976 1382 3165 1423 eorum
3214 1369 3369 1423 mala
3425 1372 3782 1440 quasipropria

2233 1456 2448 1513 deﬂere.
2488 1459 2544 1512 ln
2590 1458 2685 1512 tali
2718 1473 2846 1528 ergo
2888 1467 3068 1513 mente
3114 1475 3315 1530 magna
3351 1460 3602 1514 latitudo
3634 1472 3718 1526 est,
3751 1466 3785 1515 ὴ

2233 1564 2337 1617 qua
2368 1547 2612 1619 angustia
2637 1549 2881 1603 odiorum
2907 1565 3014 1604 non
3054 1557 3138 1604 est
3165 1566 3181 1602 :
3214 1564 3392 1618 quam
3425 1550 3670 1618 profecto
3698 1551 3786 1604 lati-

2233 1638 2472 1693 tudinem
2501 1652 2568 1693 ex
2605 1639 2702 1692 Dei
2731 1647 2786 1693 et
2822 1639 3051 1708 proximi
3081 1654 3270 1695 amore
3320 1642 3694 1708 concepimus,
3720 1657 3786 1709 per

553 1735 679 1790 dam
699 1751 830 1791 vero
859 1749 964 1790 non
1003 1733 1272 1789 intellecta
1299 1747 1640 1787 veneramur.
1671 1731 1824 1786 Unde
1847 1738 1902 1784 et
1939 1732 2004 1785 de
2031 1744 2127 1784 eo-
2155 1728 2208 1793 Β
2229 1743 2385 1783 sacra
2416 1728 2670 1782 mandata
2697 1728 3066 1798 cognovimus.
3100 1727 3239 1782 Nam
3268 1737 3327 1782 et
3365 1729 3528 1798 ipsos
3558 1729 3785 1784 latitudo:

551 1824 673 1879 dem
704 1837 860 1878 sacro
883 1821 1096 1891 eloquio
1122 1822 1382 1890 scriptum
1403 1828 1521 1874 est:
1553 1838 1572 1870 ‹
1603 1819 1908 1873 Extendens
1932 1818 2128 1873 coelum

510 1900 528 1978 ί
554 1913 695 1967 sicut
720 1911 938 1980 pellem,
966 1909 1058 1979 qui
1093 1909 1228 1979 tegis
1256 1910 1308 1962 in
1339 1908 1492 1978 aquis
1519 1907 1794 1977 superiora
1816 1905 1931 1975 ejus
1954 1905 2124 1976 (Psal.

555 2003 691 2070 Clll).
725 2023 742 2054 ι
769 2001 977 2056 Caelum
1025 1988 1222 2069 quippe
1265 1999 1407 2054 sicut
1438 1998 1594 2069 pellis
1621 1997 1926 2053 extenditur
1961 2015 1973 2049 :
2003 1995 2130 2064 quia

553 2111 652 2164 per
679 2109 773 2149 ora
802 2092 1110 2146 mortalium
1143 2089 1423 2160 Scriptura
1451 2105 1605 2144 sacra
1649 2088 1802 2144 nobis
1826 2086 2124 2158 expositio-

529 2186 710 2249 nibus
740 2183 1058 2254 explicatur.
1083 2183 1188 2237 Sed
1218 2191 1341 2236 sunt
1363 2197 1515 2250 aqua:
1537 2181 1592 2234 in
1632 2180 1792 2245 cmlo,
1821 2179 2128 2249 superiores

551 2275 802 2332 videlicet
835 2273 1236 2337 multitudines,
1291 2273 1344 2326 id
1385 2279 1488 2335 est,
1535 2270 1845 2341 angelorum
1889 2269 2125 2340 agmina,

553 2368 607 2430 in
640 2366 833 2436 quibus
861 2363 1095 2433 ejusdem
1121 2363 1240 2417 cccli
1266 2369 1520 2432 teguntur
1552 2361 1851 2429 superiora.
1879 2361 2012 2425 Quia
2039 2374 2124 2424 ea,

550 2474 668 2527 qua:
691 2459 742 2512 in
776 2473 931 2512 sacro
957 2455 1168 2523 eloquio
1196 2454 1386 2506 altiora
1417 2463 1471 2507 et
1495 2451 1809 2506 obscuriora
1857 2458 2002 2513 sunt,
2035 2465 2127 2503 an-

551 2547 736 2616 gelicis
756 2545 1090 2599 solummodo
1126 2543 1405 2611 spiritibus
1433 2549 1650 2609 patent,
1686 2549 1742 2595 et
1769 2540 1922 2594 nobis
1953 2541 2129 2594 adhuc

554 2639 823 2707 incognita
857 2637 1173 2706 perdurant.
1206 2634 1377 2687 liabet
1405 2649 1533 2704 ergo
1582 2633 1852 2689 thalamus
1902 2643 2123 2698 tectum,

553 2731 675 2800 quia
723 2731 896 2783 nescit
949 2729 1122 2783 adhuc
1173 2729 1448 2796 proximus
1515 2736 1774 2797 quantum
1832 2738 2046 2783 amatur
2094 2743 2126 2783 a

550 2822 815 2890 proximo.
857 2820 1018 2875 Porta
1075 2835 1284 2889 quoque
1306 2859 1318 2886 ,
1352 2820 1403 2873 id
1459 2828 1574 2884 est,
1610 2836 1822 2874 sacrum
1853 2820 2125 2889 eloquium

545 2913 712 2976 habet
750 2919 971 2976 tectum,
1003 2911 1126 2980 quia
1160 2911 1384 2964 necdum
1417 2910 1613 2982 omnia
1647 2918 1930 2979 penetrare
1966 2909 2124 2963 intel-

549 2993 692 3064 lectu
713 3015 994 3070 possumus
1010 3017 1128 3069 quae
1152 3000 1480 3053 intrinsecus
1503 3000 1728 3070 largitas
1749 3001 2006 3058 bonitatis
2031 3001 2126 3056 ha-

546 3092 756 3148 beatur.
779 3091 914 3146 Nam
947 3091 1201 3160 quidquid
1221 3089 1332 3159 jam
1355 3091 1420 3144 de
1447 3090 1726 3159 Scriptura
1753 3106 1908 3146 sacra
1928 3091 2129 3146 didico-
2155 3085 2199 3146 C

545 3183 643 3248 ris,
656 3189 711 3236 et
728 3196 888 3250 quam
907 3180 1210 3249 proximum
1230 3180 1425 3234 tacitus
1445 3195 1612 3244 ames,
1628 3183 1681 3235 in
1704 3181 1794 3235 lati
1803 3181 1983 3236 tudine
1999 3181 2125 3236 boni

547 3275 727 3344 operis
773 3273 1032 3328 ostendis.
1083 3264 1273 3327 Pateat
1315 3274 1502 3343 itaque
1546 3273 1735 3344 viginti
1781 3282 1836 3328 et
1890 3275 2126 3343 quinque

549 3364 746 3420 cubitis
766 3363 991 3417 latitudo
1014 3364 1154 3417 inter
1178 3364 1471 3417 thalamum
1495 3371 1551 3417 et
1578 3372 1789 3432 portam
1835 3382 1848 3417 :
1891 3365 2014 3432 quia
2047 3365 2128 3418 in-

550 3468 632 3526 ter
652 3458 972 3512 charitatem
993 3466 1047 3512 et
1085 3458 1385 3521 scientiam,
1415 3460 1568 3512 testis
1591 3465 1675 3512 est
1698 3458 1836 3511 bona
1861 3458 2123 3526 operatio.

550 3549 680 3616 Qua:
710 3548 754 3602 si
784 3547 1014 3601 fortasse
1038 3547 1290 3612 defuerit,
1335 3545 1579 3616 profectu
1622 3555 1827 3602 certum
1865 3555 1979 3611 est,
2027 3561 2129 3601 nec

549 3639 870 3708 cognovisse
891 3646 944 3690 te
974 3638 1158 3701 Deum,
1189 3653 1289 3694 nec
1321 3637 1545 3707 diligere
1587 3638 1910 3706 proximum,
1942 3636 1992 3690 id
2022 3645 2124 3701 est,

548 3745 649 3784 nec
670 3737 881 3798 portam
912 3729 1052 3782 sacri
1081 3728 1302 3797 eloquii,
1335 3743 1435 3782 nec
1483 3727 1682 3780 amoris
1709 3728 2003 3781 thalamum
2030 3729 2128 3781 ha-

549 3821 696 3873 bere.
730 3820 798 3872 Et
828 3819 1118 3874 notandum
1160 3815 1301 3888 quod
1329 3834 1359 3872 a
1395 3826 1538 3872 tecto
1569 3819 1810 3883 thalami,
1857 3835 2027 3889 usque
2059 3819 2127 3873 ad

547 3917 747 3964 tectum
773 3921 941 3979 portae
964 3911 1160 3965 dicitur
1181 3920 1586 3965 mensuratum:
1619 3925 1715 3981 per
1747 3925 1812 3965 ea
1832 3911 1976 3965 enim
2008 3925 2128 3981 quae
2191 3915 2197 3983 ί
2229 3936 2353 3990 dum
2385 3935 2763 4005 perducam“.
2797 3911 3005 3989 οξιίυηι
3054 3948 3182 4003 ergo
3228 3942 3431 3987 conm,
3491 3911 3680 3988 05mm
3715 3945 3782 3988 es.”

550 4000 703 4055 nobis
729 4001 780 4055 in
804 4017 961 4056 sacra
983 4000 1262 4070 Scriptura
1289 4009 1542 4070 cooperta
1571 4010 1716 4066 sunt,
1739 4009 1925 4055 nostra
1945 4001 2126 4055 humi-

547 4091 671 4146 litas
692 4094 1040 4163 approbatur.
1080 4093 1212 4158 Quia
1243 4094 1503 4163 quidquid
1528 4093 1582 4147 in
1617 4093 1707 4147 illa
1732 4108 1842 4147 non
1869 4092 2124 4162 intelligi-

545 4199 685 4248 mus,
712 4200 816 4238 non
842 4183 1072 4254 superbe
1093 4185 1511 4254 reprehendere,
1543 4184 1638 4239 sed
1666 4183 1917 4239 venerari
1944 4183 2125 4237 humi-

546 4270 671 4324 liter
695 4273 971 4326 debemus.
994 4271 1040 4326 Α
1062 4280 1205 4327 tecto
1231 4289 1360 4342 ergo
1386 4273 1606 4328 thalami
1633 4288 1805 4342 usque
1835 4273 1903 4328 ad
1927 4280 2125 4327 tectum

547 4368 714 4428 portae
740 4361 810 4413 sit
833 4376 1025 4430 magna
1051 4360 1308 4425 latitudo;
1342 4371 1398 4416 et
1422 4363 1488 4415 ab
1511 4362 1736 4416 occultis
1767 4371 1965 4416 nostra:
1989 4363 2122 4416 eha-
2195 4380 2198 4382 ‘
2230 4360 2596 4453 cojlsidemre’
2641 4388 2739 4442 sed
2767 4360 3112 4457 néquaquam
3158 4387 3414 4442 valemus
3444 4405 3465 4443 ε
3501 4397 3660 4459 atque
3695 4389 3780 4453 ΞΝ

549 4449 728 4487 vitalia
795 4459 1018 4487 mmmam-
1069 4453 1375 4487 ηιρηνςηηιηη
1428 4467 1599 4487 Ima-nn
1650 4455 1714 4487 ..Α
1767 4427 2205 4487 ιπεηιῖιςιηίοηιῘ)
2251 4477 2339 4487 ......
2415 4476 2446 4487 .,
2665 4477 2685 4487 -
2727 4477 2754 4487 ,.
2837 4484 2844 4487 _
2995 4476 3006 4487 .
3171 4476 3185 4487 .
3405 4479 3418 4487 .

501 4480 504 4483 -
549 4449 729 4504 ritatis
795 4459 1018 4522 propter
1069 4453 1378 4522 proximum
1428 4467 1600 4523 usque
1649 4455 1718 4508 ad
1767 4455 2124 4510 humilitatem

549 4543 789 4599 scientiae
830 4552 1049 4613 propter
1087 4544 1280 4609 Deum,
1310 4544 1364 4598 in
1395 4552 1654 4614 quantum
1699 4546 2046 4616 intelligimus
2073 4553 2129 4600 et

548 4631 788 4687 valemus
818 4632 956 4687 bona
983 4647 1198 4704 semper
1226 4647 1534 4703 operemur.
1574 4633 1760 4690 Potest
1785 4636 1948 4689 etiam
1970 4643 2126 4705 porta

549 4727 664 4796 ipsa
688 4725 800 4796 jam
851 4727 1026 4781 aditus
1065 4727 1217 4797 regni
1255 4727 1494 4782 celestis
1541 4727 1763 4798 intelligi
1797 4744 1810 4781 :
1858 4737 1914 4783 et
1961 4727 2127 4782 habet

548 4819 691 4870 nunc
720 4815 987 4871 thalamus
1017 4825 1238 4881 tectum,
1278 4816 1620 4888 habet'porta
1647 4828 1870 4874 tectum.
1909 4818 2046 4885 Quia
2070 4825 2126 4872 et

544 4916 748 4978 quanta
781 4907 850 4961 sit
874 4905 1059 4962 nostra
1080 4909 1320 4963 charitas
1351 4908 1410 4964 in
1428 4911 1537 4966 Deo
1558 4921 1614 4967 et
1632 4914 1878 4982 proximo
1902 4929 2011 4968 non
2033 4928 2125 4967 co-

547 4997 826 5067 gnoscitur
859 5014 871 5047 :
904 5006 959 5049 et
979 4998 1198 5064 quando
1234 5000 1299 5053 de
1329 5001 1428 5056 hoc
1457 5004 1652 5058 saeculo
1681 5006 1748 5059 ad
1767 5013 1982 5060 aeternae
2002 5005 2124 5059 vita:

548 5087 790 5153 requiem
814 5084 1217 5141 introducamur
1242 5090 1536 5159 ignoratur.
1555 5092 1778 5163 Semper
1802 5096 1945 5150 enim
1970 5096 2124 5151 nobis

547 5175 808 5230 Conditor
835 5185 1015 5230 noster
1041 5179 1182 5233 diem
1226 5182 1414 5235 mortis
1442 5191 1639 5239 nostrae
1669 5186 1998 5256 incognitum
2024 5201 2121 5242 vo-

500 5291 502 5294 ν
549 5265 647 5319 luit
674 5286 684 5319 :
719 5277 776 5320 ut
805 5268 929 5323 dum
973 5284 1186 5341 semper
1215 5273 1508 5344 ignoratur,
1533 5291 1745 5347 semper
1783 5295 1903 5334 esse
1933 5280 2122 5349 proxi-

551 5372 671 5409 mus
710 5359 1004 5436 credatur:
1046 5369 1102 5415 et
1152 5371 1301 5417 tanto
1348 5363 1577 5434 quisque
1626 5366 1921 5422 ferventior
1963 5369 2033 5423 sit
2066 5369 2121 5424 in

549 5447 899 5514 operatione,
951 5461 1150 5518 quanto
1194 5462 1249 5506 et
1300 5453 1538 5508 incertus
1587 5463 1671 5509 est
1711 5455 1777 5509 de
1815 5457 2117 5512 vocatione.

559 5533 708 5590 lintle
738 5547 790 5592 et
813 5539 1035 5594 latitudo
1063 5544 1251 5612 viginti
1284 5554 1336 5598 et
1360 5545 1595 5614 quinque
1618 5547 1920 5601 cubitorum
1949 5563 1979 5600 a
2006 5548 2120 5602 tha—

549 5628 692 5680 lamo
715 5630 779 5683 ad
805 5641 1010 5699 portam
1041 5635 1310 5690 tenditur:
1337 5637 1458 5705 quia
1489 5637 1811 5692 charitatem
1835 5653 1994 5707 quam
2031 5653 2118 5694 se-

2230 1818 2421 1890 viginti
2459 1827 2513 1873 et
2537 1819 2778 1888 quinque
2801 1819 3012 1874 cubitos
3053 1832 3161 1873 non
3190 1819 3655 1873 inconvenienter
3676 1821 3785 1873 istd-

2227 1911 2464 1981 ligimus,
2494 1912 2539 1965 si
2567 1927 2659 1967 eos
2678 1910 2830 1979 juxta
2859 1927 3074 1967 sacrum
3100 1911 3394 1982 eloquium
3437 1912 3697 1966 discutere
3715 1930 3780 1966 rs-

2204 2003 2406 2058 limus.
2441 2002 2544 2058 Sex
2570 2005 2715 2058 enim
2748 2003 2950 2058 cubitis
2999 2011 3354 2057 mensuratos
3393 2002 3660 2056 thalamos
3681 2005 3782 2056 ὤκει

2228 2103 2344 2160 rat;
2375 2102 2428 2148 et
2454 2102 2606 2148 sexto
2653 2093 2739 2147 die
2774 2093 2936 2148 homo
2979 2102 3064 2148 est
3093 2093 3378 2156 conditus,
3416 2108 3596 2162 eoque
3619 2093 3780 2147 dicib-

2227 2190 2404 2242 minus
2435 2187 2725 2256 perfecisse
2744 2201 2908 2254 opera
2951 2201 3047 2240 sua
3078 2185 3448 2240 describitur.
3483 2183 3634 2238 Unde
3658 2186 3774 2237 etin

2206 2272 2325 2349 pro
2353 2275 2686 2347 perfectione
2723 2276 2846 2346 poni
2901 2276 3146 2330 senarius
3177 2275 3343 2340 solet,
3391 2285 3455 2329 et
3476 2277 3601 2345 quia
3622 2290 3776 2328 om

2204 2361 2592 2438 "operationem
2621 2369 2820 2421 bonam
2851 2380 2947 2435 per
2972 2374 3206 2434 quatuor
3235 2367 3433 2421 sancti
3465 2365 3710 2436 Evangelii
3729 2365 3776 2417 ἓ-

2200 2461 2354 2515 ‘bros
2403 2459 2756 2530 agnovimus:
2789 2458 2834 2511 si
2866 2472 2961 2512 sex
2990 2465 3182 2526 quater
3225 2457 3524 2520 ducimus,
3553 2458 3611 2509 ad
3638 2457 3778 2525 rizirai

2227 2561 2282 2606 et
2330 2561 2563 2620 quatuor
2607 2550 2972 2620 pervenimus.
3018 2547 3116 2602 Cui
3165 2563 3370 2602 monas
3429 2548 3657 2608 additur,
3689 2549 3775 2615 qn?

2199 2635 2369 2696 unus
2419 2649 2504 2697 est
2554 2657 2652 2711 per
2700 2655 2863 2709 quem
2914 2653 3102 2694 omnes
3156 2639 3304 2695 bene
3361 2649 3674 2709 opeiantur.
3718 2638 3777 2688 Vz-

2227 2732 2362 2802 ginti
2388 2747 2518 2802 ergo
2565 2740 2619 2786 et
2674 2731 2912 2802 quinque
2958 2730 3155 2786 cubitis
3209 2731 3460 2784 latitudo
3511 2731 3622 2784 lure
3662 2730 3782 2797 crre-

2225 2823 2339 2877 cari
2367 2823 2552 2878 debuit
2586 2842 2596 2876 :
2642 2823 2768 2892 quia
2793 2823 2970 2876 omnis
3003 2823 3142 2876 bona
3185 2822 3448 2891 operatio
3475 2837 3576 2891 per
3607 2829 3783 2890 quam

2227 2915 2400 2970 sancti
2423 2914 2722 2983 Evangelii,
2750 2922 2811 2967 ut
2831 2913 3084 2978 diximus,
3111 2913 3283 2968 libros
3311 2914 3650 2984 agnoscitur,
3685 2925 3727 2966 et
3747 2913 3784 2965 in

2227 3005 2386 3060 unius
2411 3004 2506 3060 Dei
2537 3005 2843 3074 cognitione
2881 3012 2936 3058 et
2965 3002 3315 3058 confessione
3364 3004 3686 3075 completur.
3711 3003 3784 3058 Sc-

2231 3101 2419 3170 quitur
2449 3119 2462 3152 :

2304 3229 2323 3261 ι
2359 3211 2427 3265 Ει
2469 3212 2667 3266 ostium
2715 3220 2904 3265 contra
2953 3210 3175 3264 ostium.
3214 3228 3232 3261 ι
3269 3209 3379 3265 Hoc
3411 3210 3550 3273 loco,
3586 3203 3794 3274 eontra,

2230 3317 2337 3357 non
2378 3302 2447 3356 ad
2479 3301 2863 3356 adversitatem
2888 3299 3126 3370 ponitur,
3177 3301 3276 3354 sed
3315 3301 3378 3354 ad
3403 3299 3790 3354 rectitudinem.

2229 3395 2437 3452 Ostium
2485 3394 2627 3448 enim
2667 3400 2859 3447 contra
2892 3393 3088 3446 ostium
3118 3400 3246 3446 est:
3288 3407 3417 3447 cum
3443 3400 3601 3446 recto
3628 3393 3787 3445 nm

2229 3484 2296 3540 ab
2320 3483 2590 3538 exteriore
2613 3481 2680 3535 ad
2701 3481 3016 3535 interiorem
3043 3481 3251 3546 aditum
3274 3480 3627 3549 pervenitur.
3647 3478 3696 3532 in
3715 3494 3784 3532 ce-

2229 3574 2467 3647 gnitione
2488 3588 2616 3628 vero
2648 3572 3034 3640 omnipotentis
3075 3572 3169 3628 Dei
3207 3573 3464 3643 primum
3507 3572 3689 3627 ostium
3713 3586 3782 3624 aa-

2229 3675 2420 3731 strum,
2452 3664 2586 3718 ﬁdes
2631 3672 2734 3719 est.
2781 3661 3087 3718 Secundum
3129 3679 3284 3729 vero,
3327 3666 3557 3734 species
3601 3662 3783 3717 inlusa!

2228 3769 2392 3822 quam
2445 3768 2543 3823 per
2596 3752 2756 3808 fidem
2807 3752 3129 3808 ambulando
3189 3755 3586 3822 pervenimus.
3635 3753 3680 3807 la
3711 3754 3782 3812 hat

2229 3846 2428 3901 etenim
2452 3845 2565 3899 vita
2607 3845 2749 3900 hanc
2785 3845 3134 3915 ingredimur,
3184 3854 3247 3898 ut
3273 3845 3353 3899 ad
3385 3846 3550 3899 illam
3601 3855 3781 3914 ρίιειω-

2229 4025 2351 4092 quia
2381 4040 2477 4094 per
2500 4025 2704 4078 aditum
2736 4023 2858 4078 fidei
2891 4024 3132 4093 aperitur
3158 4023 3344 4076 aditus
3368 4024 3612 4077 visionis

2228 4116 2350 4183 quis
2375 4131 2506 4169 vero
2543 4125 2772 4183 utraque
2810 4115 2926 4169 huic
2959 4115 3097 4168 ostia
3126 4115 3178 4167 in
3229 4114 3337 4168 hac
3372 4117 3496 4169 vita
3529 4117 3652 4170 velit
3685 4113 3782 4167 aeti-

2225 4220 2376 4274 pere,
2398 4222 2571 4276 neque
2591 4207 2694 4260 hoc
2721 4221 2749 4258 a
2774 4205 2974 4260 salubri
2995 4205 3357 4275 intelligentia
3387 4209 3671 4262 abhorret.
3691 4205 3778 4258 Su

2228 4314 2368 4367 saepe
2397 4297 2644 4350 volumus
2665 4295 3051 4364 omnipotentis
3078 4295 3172 4350 Dei
3198 4305 3466 4350 naturam
3514 4296 3779 4352 invisibiles

2235 4476 2634 4533 difficultatibus
2661 4477 2884 4548 fatigata
2922 4476 3099 4530 anima
3122 4476 3186 4530 ad
3217 4479 3593 4547 semetipsam
3617 4476 3780 4532 remis

2234 4567 2442 4636 sibique
2468 4567 2534 4621 de
2555 4581 2612 4620 se
2649 4567 2765 4636 ipsa
2803 4566 3003 4636 gradus
3025 4566 3410 4620 ascensionum
3457 4566 3621 4630 facit,
3644 4577 3690 4619 ut
3711 4565 3782 4632 pri-

2234 4671 2383 4710 mum
2418 4656 2765 4725 semetipsam
2795 4656 2839 4710 si
2866 4654 3010 4708 valet
3051 4655 3385 4721 consideret,
3425 4664 3489 4711 et
3522 4667 3648 4711 tunc

2232 4754 2482 4799 naturam
2502 4759 2622 4814 quae
2646 4759 2806 4814 super
2843 4745 3014 4813 ipsam
3041 4753 3144 4809 est,
3166 4743 3220 4797 in
3249 4757 3536 4813 quantum
3579 4742 3780 4817 potasti;

2230 4831 2536 4904 investiget.
2568 4834 2675 4888 Sed
2703 4850 2854 4889 mens
2891 4843 3092 4899 nostra,
3119 4835 3165 4889 si
3199 4837 3253 4889 in
3281 4837 3614 4892 carnalibus
3647 4839 3782 4902 mg;—

2230 4925 2387 4980 nibus
2415 4924 2576 4978 fuerit
2601 4939 2806 4993 sparsa,
2831 4940 3166 4994 nequaquam
3193 4927 3278 4980 vel
3310 4943 3378 4981 se
3405 4929 3496 4982 vel
3523 4931 3781 4984 animatu-

2230 5023 2405 5070 turam
2429 5015 2774 5070 considerare
2800 5015 2995 5098 sufﬁcit
3033 5032 3046 5069 :
3071 5017 3196 5086 quia
3233 5033 3334 5086 per
3359 5030 3506 5088 quot
3547 5020 3782 5091 agitatio-

2230 5121 2326 5160 nes
2358 5105 2592 5168 ducitur,
2623 5106 2774 5174 quasi
2804 5121 2902 5175 per
2947 5115 3027 5160 tot
3068 5106 3349 5162 obstacula
3397 5122 3661 5164 caicatur.
3697 5108 3779 5161 Pri-

2228 5211 2349 5251 mus
2369 5211 2498 5267 ergo
2526 5196 2724 5266 gradus
2761 5206 2863 5262 est,
2892 5207 2952 5251 ut
2979 5213 3036 5252 se
3064 5197 3133 5252 ad
3153 5213 3211 5253 se
3240 5198 3491 5270 colligat.

2225 5288 2286 5334 ut
2313 5281 2493 5335 videat
2517 5280 2696 5348 qualis
2725 5289 2808 5335 est
2832 5281 2973 5350 quod
3019 5281 3251 5351 colligat.
3279 5281 3535 5348 Tertius,
3564 5297 3624 5339 ut

2182 5379 2185 5381 '
2228 5369 2571 5438 semetipsam
2620 5378 2833 5439 surgat,
2865 5385 2931 5425 ac
2977 5385 3036 5424 se
3087 5370 3551 5439 contemplationi
3597 5372 3790 5427 amoris

2227 5457 2510 5512 invisibilis
2555 5459 2880 5513 intendendo
2927 5457 3194 5527 subjiciat,
3234 5459 3331 5513 sed
3375 5477 3438 5516 se
3465 5463 3541 5517 ad
3575 5479 3634 5517 se
3679 5461 3790 5516 nuis:

2182 5572 2187 5576 -
2230 5546 2388 5600 modo
2421 5546 2642 5617 colligit.
2679 5548 2778 5601 nisi
2830 5549 3077 5603 didicerit
3124 5558 3475 5605 terrenarum
3512 5561 3683 5621 atque
3707 5566 3790 5604 ar-

2187 5675 2190 5678 .
2227 5637 2440 5692 testium
2469 5639 2760 5705 imaginum
2781 5641 3154 5709 phantasmata
3175 5641 3245 5695 ab
3265 5642 3430 5697 oculo
3451 5646 3661 5698 mentis
3677 5656 3796 5698 con-
