3908 6356
140 352 224 407 915

994 350 1338 406 COMMENT.
1381 353 1445 406 IN
1483 345 1930 406 EZECHIELEM.
1971 341 2036 388 4-
2074 350 2202 406 LIB.
2247 351 2358 407 XV.

3211 357 3315 413 9M

137 479 316 534 pcsccre
362 483 372 517 :
407 464 659 534 quidquid
708 464 772 517 de
826 464 963 528 visu,
1022 464 1280 534 quidquid
1319 464 1384 518 de
1436 464 1640 529 auditu,
1672 469 1724 524 Α
1747 459 1925 514 calore
1956 459 2127 514 lutum
2148 461 2303 514 durat
2330 468 2384 514 et
2409 472 2589 514 ceram
2611 459 2799 530 liquat.
2828 463 2934 519 Sed
2964 463 3316 529 fortassehoc

135 555 345 623 quidquid
375 555 435 609 de
480 555 730 618 odoratu,
775 553 1031 623 quidquid
1078 555 1144 608 de
1191 563 1340 608 tactu
1393 562 1447 607 et
1483 561 1643 623 gustu

130 659 346 713 corporeo
375 645 682 715 cogitationi
721 643 834 713 ejus
854 645 1170 709 occurrerit,
1200 659 1454 714 respuere
1484 653 1646 714 atque

130 735 327 801 calcare,
354 745 612 805 quatenus
639 737 796 792 talem
819 752 877 792 se
905 745 1112 815 quaerat
1140 738 1304 802 intus,
1335 738 1508 807 qualis
1529 737 1645 793 sine

127 825 228 881 istis
243 835 326 882 est.
360 827 486 882 Nam
522 828 635 883 hzec
663 829 877 897 quando
924 830 1152 900 cogitat,
1201 830 1355 899 quasi
1384 830 1645 899 quasdam

124 916 310 969 umbras
336 930 612 985 corporum
649 916 915 972 introrsus
964 927 1172 973 versat.
1209 917 1484 988 Abigenda
1517 934 1645 988 ergo

122 1014 229 1062 sunt
252 1007 408 1062 omnia
433 1022 594 1060 manu
625 996 964 1062 discretionis
989 1011 1055 1064 ab
1083 1009 1253 1064 oculis
1273 1011 1486 1074 mentis,
1515 1024 1646 1079 qua-

120 1105 253 1150 tenus
281 1096 420 1151 talem
443 1111 502 1151 se
522 1097 699 1150 anima
721 1098 1044 1162 consideret,
1069 1099 1243 1168 qualis
1266 1100 1364 1154 sub
1395 1099 1527 1166 Deo,
1551 1115 1642 1154 su-

113 1202 201 1256 per
217 1204 384 1257 corpus
406 1196 588 1245 creata
625 1199 740 1255 est;
769 1199 829 1244 ut
853 1207 880 1243 a
908 1191 1183 1259 superiore
1206 1191 1493 1256 viviﬁeata,
1517 1191 1646 1246 vivi-

113 1279 223 1332 ticet
251 1279 455 1334 inferius
494 1280 635 1347 quod
682 1280 1060 1334 administrat:
1093 1296 1213 1351 quac
1257 1291 1312 1334 et
1339 1281 1418 1336 sic
1468 1281 1644 1336 infusa

107 1379 203 1435 cst,
232 1379 284 1424 ut
317 1385 412 1424 non
441 1386 538 1439 per
567 1370 931 1425 membrorum
975 1381 1160 1440 partes
1200 1372 1442 1441 partibus
1470 1373 1540 1426 sit
1565 1372 1646 1426 di-

105 1461 238 1527 visa;
266 1477 373 1514 nam
400 1461 452 1514 in
492 1462 730 1531 quolibet
755 1463 871 1517 loco
900 1479 1022 1533 pars
1049 1466 1291 1537 corporis
1321 1466 1366 1519 si
1411 1465 1645 1534 percuti-

106 1557 204 1615 tur,
231 1559 325 1604 tota
359 1550 516 1605 dolet.
547 1550 681 1606 Miro
715 1553 895 1606 autem
925 1555 1082 1608 modo
1111 1570 1212 1608 una
1249 1555 1541 1624 eademque
1567 1555 1645 1608 vi-

103 1638 376 1693 viﬁcatione
405 1641 661 1695 membris
694 1641 1009 1711 praesidens,
1051 1658 1171 1697 cum
1203 1644 1316 1712 ipsa
1355 1660 1450 1713 per
1493 1651 1645 1698 natu-

104 1745 208 1782 ram
231 1745 324 1784 non
347 1728 553 1784 diversa
596 1731 684 1797 sit,
708 1748 804 1802 per
831 1748 1026 1801 corpus
1051 1740 1230 1787 tamen
1270 1735 1380 1804 agit
1408 1735 1639 1790 diversa.

1744 551 1797 605 in
1849 559 2036 605 natura
2076 550 2173 605 luti
2199 551 2283 606 vel
2327 567 2466 606 cera:
2494 558 2598 616 est,
2636 569 2743 608 non
2789 555 2843 609 in
2883 555 2997 624 ipsa
3035 555 3166 611 solis
3195 557 3316 611 sub-

1745 641 1962 705 stantia,
1991 655 2110 710 qua:
2131 641 2185 694 in
2213 641 2422 718 naturis
2441 641 2690 707 diversis,
2719 643 2930 700 diversa
2952 646 3165 701 videtur
3189 660 3316 716 ope—

1745 731 1874 785 rari.
1932 728 2280 802 Omnipotens
2311 740 2492 788 autem
2533 733 2675 788 Deus
2719 734 2776 787 in
2820 737 3110 808 semetipso
3156 738 3318 794 habet

1745 824 1860 878 sine
1889 815 2259 879 immutatione
2298 825 2578 880 mutabilia
2608 826 2922 898 disponere,
2949 829 3065 884 sive
3093 829 3314 884 diversi.

1748 924 1856 970 tate
1875 915 1958 971 sui
1987 915 2197 970 diversa
2243 931 2422 986 agere,
2455 918 2568 971 sive
2613 917 3001 988 cogitationum
3047 919 3319 974 vicissitu-

1743 1007 1868 1062 dine
1895 1009 2173 1063 dissimilia
2220 1010 2456 1064 formare
2486 1009 2639 1079 longe
2665 1009 3016 1074 dissimiliter,
3061 1017 3319 1078 operatur

1744 1097 2024 1152 dissimilia
2067 1114 2341 1168 nunquam
2368 1099 2469 1152 sibi
2514 1099 2788 1154 dissimilis
2815 1099 2957 1153 Deus
2993 1097 3086 1168 qui
3107 1106 3174 1169 et
3200 1098 3319 1153 ubi-

1745 1202 1848 1256 que
1875 1197 1977 1252 cst,
1995 1189 2263 1257 etubique
2287 1197 2431 1243 totus
2461 1198 2564 1243 est.
2595 1190 2685 1242 Ait
2711 1190 2887 1243 enim:
2911 1206 2928 1238 ε
2949 1187 3158 1243 Caelum
3184 1187 3320 1243 mihi
3405 1245 3411 1251 ,

1745 1276 1898 1331 sedes
1932 1287 2032 1341 est,
2066 1286 2210 1332 terra
2260 1287 2440 1333 autem
2495 1278 2786 1333 scabellum
2821 1265 3016 1348 pedum
3052 1293 3318 1354 meorum

1745 1367 1880 1438 (Isa.
1913 1369 2080 1438 vat).
2111 1369 2177 1422 Et
2203 1369 2268 1424 de
2318 1370 2433 1440 ipso
2462 1371 2719 1437 scriptum
2772 1377 2857 1424 est
2909 1369 3034 1438 quia
3067 1389 3084 1418 ι
3122 1369 3318 1424 caelum

1744 1458 1962 1512 metitur
2005 1459 2201 1527 palmo,
2249 1467 2304 1513 et
2356 1467 2558 1514 terram
2607 1459 2809 1529 pugillo
2851 1458 3124 1514 concludit
3165 1458 3317 1529 (Iaa.

1743 1548 1866 1619 xc).
1903 1569 1920 1600 ι
1958 1550 2033 1602 Ex
2060 1565 2164 1603 uua
2212 1567 2270 1606 re
2321 1551 2660 1605 considerare
2711 1565 2931 1605 necesse
2954 1557 3058 1614 est,
3107 1550 3232 1619 quia
3271 1548 3322 1605 is

1745 1637 1835 1705 qui
1872 1637 2010 1691 culo
2037 1638 2182 1692 velut
2215 1639 2328 1693 sedi
2355 1641 2626 1709 praesidet,
2658 1647 2895 1708 superet
2924 1639 3068 1693 intus
3095 1646 3179 1694 est
3219 1655 3233 1691 :
3265 1646 3324 1694 et

1745 1730 1837 1798 qui
1860 1729 2053 1784 cmlum
2076 1731 2275 1800 palmo,
2306 1741 2363 1785 et
2386 1739 2584 1785 terram
2615 1732 2817 1801 pugillo
2845 1731 3136 1796 concludit,
3167 1738 3320 1785 exte-

97 1819 205 1888 lpsa
228 1819 405 1889 quippe
432 1829 515 1874 est
545 1836 663 1888 qua:
704 1838 800 1891 per
821 1822 1006 1876 oculos
1034 1823 1186 1889 vidit,
1220 1839 1314 1894 per
1342 1840 1501 1879 aures
1545 1840 1640 1879 au.-
1666 1814 1713 1872 B
1744 1820 1877 1884 rius,
1905 1821 2154 1890 superius
2177 1829 2232 1876 ct
2265 1820 2488 1877 inferius
2515 1830 2618 1876 est.
2653 1822 2723 1877 Ut
2751 1837 2879 1893 ergo
2909 1822 3172 1877 indicaret
3204 1835 3322 1876 om-

96 1908 187 1974 dit,
213 1922 300 1977 per
329 1924 482 1964 nares
523 1911 798 1977 odoratur,
822 1928 920 1981 per
947 1928 1008 1967 os
1035 1923 1244 1984 gustat,
1277 1930 1374 1985 per
1403 1917 1644 1972 membra

92 2000 257 2052 omnia
281 2001 475 2070 tangit:
497 2011 554 2057 et
581 2005 865 2074 tangendo,
891 2005 1010 2061 lene
1031 2007 1098 2060 ab
1122 2023 1315 2077 aspero
1338 2009 1596 2064 discernit
1624 2028 1636 2064 :

90 2099 140 2144 et
166 2107 276 2145 cum
307 2099 410 2146 tam
465 2094 676 2148 diversa
716 2106 972 2166 Operatur
1015 2115 1109 2168 per
1137 2116 1346 2165 sensus,
1390 2117 1499 2156 non
1528 2104 1643 2158 haec

87 2180 305 2245 diversa,
327 2181 418 2236 sed
448 2199 551 2236 una
573 2185 658 2238 illa
689 2185 741 2238 in
767 2203 872 2255 qua
899 2197 1079 2242 creata
1107 2198 1188 2244 est
1215 2191 1424 2245 ratione
1467 2193 1644 2261 dispo-

83 2275 176 2328 nit.
202 2274 325 2329 Cum
365 2293 490 2346 ergo
513 2278 742 2346 seipsam
790 2280 902 2334 sive
932 2281 1254 2350 imaginibus
1282 2284 1526 2352 corporis
1551 2299 1642 2338 co-

81 2364 226 2434 gitat,
244 2365 414 2417 anima
432 2366 543 2434 jam
568 2368 800 2436 primum
821 2370 1018 2423 ostium
1044 2371 1290 2436 intravit;
1324 2374 1416 2426 sed
1445 2373 1512 2427 ab
1540 2374 1640 2428 hoc

79 2454 214 2509 ostio
244 2455 307 2508 ad
343 2455 486 2510 aliud
542 2457 796 2525 tenditur,
828 2468 888 2513 ut
918 2459 983 2514 de
1031 2472 1224 2515 natura
1255 2463 1639 2532 omnipotentis

74 2543 172 2597 Dei
200 2542 390 2612 aliquid
437 2546 850 2615 contempletur.
883 2548 1078 2604 Anima
1108 2551 1288 2619 itaque
1317 2552 1370 2604 in
1414 2567 1643 2622 corpore

72 2636 183 2689 vita
212 2644 290 2690 est
324 2638 521 2692 carnis.
555 2639 698 2694 Deus
741 2655 870 2694 vero
896 2641 987 2710 qui
1035 2642 1274 2697 vivificat
1301 2645 1479 2698 omnia
1529 2640 1641 2700 vita

67 2736 158 2781 est
183 2727 496 2782 animarum.
533 2727 590 2783 Si
630 2731 793 2800 igitur
821 2740 987 2788 tantae
1023 2743 1107 2788 est
1148 2737 1554 2806 magnitudinis,
1582 2749 1642 2794 ut

62 2817 443 2885 comprehendi
482 2834 586 2873 non
627 2821 798 2890 possit
817 2822 928 2876 vita
956 2824 1246 2891 viviﬁcata,
1279 2827 1401 2895 quis
1431 2829 1638 2884 intelle-

61 2916 160 2962 ctu
183 2910 632 2978 comprehendere
656 2912 850 2979 valeat,
869 2924 1084 2983 quanta:
1111 2916 1410 2986 majestatis
1437 2922 1508 2975 sit
1529 2923 1640 2977 vita

57 2997 360 3053 vivificaris.
400 2998 505 3054 Sed
530 3002 633 3057 hoc
673 3003 847 3073 ipsum
877 2992 1219 3064 considerare
1249 3018 1410 3080 atque
1440 3013 1642 3069 discer-

57 3085 324 3154 nerejam
351 3097 436 3144 est
464 3090 802 3162 aliquatenus
842 3095 1066 3152 intrare.
1091 3098 1227 3165 Quia
1250 3116 1317 3155 ex
1353 3117 1450 3156 sua
1495 3103 1642 3157 :esti-

57 3178 297 3234 matione
323 3181 503 3234 anima
551 3159 754 3253 colligit
781 3185 909 3262 quid
942 3186 1010 3242 de
1034 3159 1504 3262 incircumscripto
1533 3193 1641 3262 spi-
1669 3159 1712 3222 Ο

57 3269 168 3322 ritu
219 3271 447 3336 sentiat,
494 3286 614 3341 qua:
654 3274 1270 3346 incomprehensibiliter
1316 3282 1474 3352 regit,
1522 3297 1641 3351 quae

57 3361 675 3430 incomprehensibiliter
695 3366 916 3421 ereavit.
948 3367 1205 3426 Conditor
1227 3372 1425 3425 etenim
1457 3381 1642 3428 noster

57 3447 214 3516 longe
257 3449 754 3519 incomparabiliter
797 3463 1062 3510 creatura:
1104 3473 1216 3513 suae
1264 3461 1535 3529 prresidet,
1587 3470 1642 3517 et

57 3535 304 3607 [utetiam
321 3547 576 3610 operatur
597 3549 658 3595 ut
677 3542 807 3608 sint,
822 3559 922 3599 nec
943 3553 1122 3601 tamen
1145 3548 1350 3603 vivant.
1384 3549 1640 3617 Quaedam

57 3645 186 3685 vero
217 3640 278 3685 ut
300 3631 412 3686 sint
442 3639 496 3687 et
517 3633 728 3701 vivant,
766 3650 864 3690 nec
894 3645 1073 3692 tamen
1104 3639 1410 3696 discernere
1440 3643 1642 3713 aliquid

57 3721 114 3774 le
158 3721 270 3776 vita
298 3722 535 3778 valeant.
560 3722 813 3790 Quaedam
836 3736 1014 3783 autem
1049 3737 1106 3784 ut
1132 3731 1242 3786 sint
1270 3731 1450 3787 vivant
1478 3743 1643 3805 atque

57 3809 392 3869 liscernant.
419 3813 487 3870 Et
511 3826 766 3886 Operatus
794 3835 932 3874 unus
957 3823 1162 3889 omnia,
1194 3824 1287 3878 sed
1317 3825 1371 3879 in
1395 3827 1642 3883 omnibus

57 3918 154 3958 non
186 3905 403 3961 divisus
437 3924 449 3960 :
479 3917 562 3961 est
606 3910 751 3963 enim
790 3925 920 3966 vere
954 3928 1218 3980 summus,
1267 3925 1322 3970 et
1365 3933 1642 3986 nunquam

58 3997 146 4054 ibi
177 3999 491 4056 dissimilis.
539 4002 733 4058 Anima
759 4005 860 4059 etsi
900 4022 998 4076 per
1038 4017 1287 4062 naturam
1327 4010 1642 4081 sibimetipsi

57 4090 264 4146 liversa
281 4102 412 4147 non
432 4103 534 4158 est,
565 4110 662 4163 per
687 4097 1066 4165 cogitationem
1098 4108 1277 4154 tamen
1300 4100 1511 4156 diversa
1537 4111 1641 4157 est.

57 4182 115 4235 io
143 4182 305 4236 enim
350 4186 611 4239 momenti
639 4186 748 4240 ictu
775 4203 882 4257 quo
922 4191 988 4244 de
1037 4191 1153 4244 visu
1182 4192 1404 4262 cogitat,
1440 4194 1505 4250 de
1550 4211 1642 4250 au~

57 4271 156 4324 litu
185 4271 443 4342 cogitare
465 4273 798 4331 obliviscitur
825 4292 840 4330 :
863 4288 917 4333 et
940 4295 1004 4334 eo
1024 4283 1281 4335 momenti
1313 4282 1419 4336 ictu
1443 4298 1549 4352 quo
1575 4284 1643 4339 de

60 4359 230 4412 uditu
259 4361 355 4414 vel
384 4372 540 4433 gustu
590 4367 904 4445 cogitat,de
936 4371 1160 4424 odoratu
1191 4370 1271 4423 vel
1306 4380 1454 4426 tactu
1493 4373 1642 4444 cogi-

1745 1910 1994 1979 nipotens
2052 1908 2194 1966 Deus
2244 1913 2556 1968 interiorem
2615 1929 2672 1966 se
2707 1927 2856 1979 esse,
2896 1922 2950 1968 et
2986 1914 3320 1983 superiorem

1744 1998 2013 2065 omnibus,
2045 1999 2241 2054 coelum
2270 2000 2372 2055 sibi
2394 2001 2509 2056 sedi
2529 2017 2650 2056 esse
2673 2002 2944 2072 perhibuit
2975 2021 2987 2055 :
3020 2008 3078 2055 ut
3103 2016 3232 2056 vero
3259 2015 3320 2054 se

1743 2090 2052 2145 ostenderet
2079 2092 2259 2144 omnia
2287 2092 2655 2156 circumdare,
2688 2093 2881 2149 caelum
2913 2094 3091 2148 metiri
3119 2092 3318 2162 palmo,

1742 2187 1798 2233 et
1827 2187 2025 2234 terram
2049 2197 2106 2236 se
2131 2182 2325 2237 asserit
2352 2181 2553 2252 pugillo
2581 2183 2920 2238 concludere.
2947 2183 3065 2252 Ipse
3083 2190 3166 2237 est
3189 2197 3320 2252 ergo

1743 2269 1966 2325 interior
1993 2280 2049 2326 et
2084 2274 2342 2339 exterior,
2387 2275 2500 2344 ipse
2550 2275 2774 2329 inferior
2816 2285 2869 2330 et
2915 2276 3203 2345 superior:
3236 2288 3332 2353 re-g

1743 2361 1914 2430 gendo
1939 2364 2204 2432 superior,
2227 2365 2491 2431 portando
2515 2365 2767 2430 inferior;
2793 2367 3047 2436 rcplendo
3069 2367 3318 2432 interior,

1742 2448 2127 2505 eireumdando
2155 2453 2406 2508 exterior.
2438 2454 2633 2523 Sicque
2658 2464 2742 2509 est
2769 2455 2932 2521 intus,
2952 2465 3011 2510 ut
3036 2465 3188 2511 extra
3210 2456 3280 2511 sit
3303 2475 3316 2510 :

1741 2543 1821 2598 sic
1853 2545 2152 2600 circumdat
2198 2555 2258 2601 ut
2285 2557 2547 2617 penetret.
2583 2548 2674 2604 Sic
2719 2550 2971 2619 praesidet
3012 2559 3070 2605 ut
3104 2559 3317 2620 portet:

1741 2635 1819 2690 sic
1839 2644 2019 2705 portat
2046 2644 2105 2690 ut
2145 2637 2450 2706 praesideat.
2495 2637 2627 2693 Cum
2654 2654 2782 2708 ergo
2812 2639 3085 2695 sublevata
3121 2643 3190 2696 ad
3231 2656 3335 2696 se-_

1741 2723 1913 2794 ipsam
1939 2727 2116 2780 anima
2167 2741 2322 2782 suum
2353 2728 2626 2782 modulum
2659 2739 2712 2784 et
2761 2729 3046 2801 intelligit,
3096 2739 3151 2786 et
3192 2731 3320 2800 quia

1740 2816 2040 2885 corporalia
2073 2818 2257 2872 omnia
2284 2819 2630 2873 transcendat
2665 2820 2926 2890 agnoscit,
2958 2829 3122 2890 atque
3146 2822 3214 2876 ab
3238 2822 3320 2875 in-

1742 2907 1961 2962 tellectu
1988 2922 2086 2961 suo
2121 2922 2179 2962 se
2203 2908 2271 2962 ad
2317 2910 2554 2964 auctoris
2595 2909 2925 2964 intellectum
2962 2911 3151 2976 tendit,
3189 2911 3319 2980 quid

1732 2998 1844 3068 jam
1869 3001 1984 3055 hazc
2009 3001 2115 3055 nisi
2141 3003 2361 3068 ostium,
2383 3003 2526 3072 quod
2551 3011 2633 3058 est
2655 3012 2843 3059 contra
2864 3004 3063 3061 ostium
3093 3005 3322 3074 aspicit?

1747 3089 1897 3145 Unde
1927 3099 1982 3146 et
2005 3092 2213 3146 auctori
2235 3093 2476 3147 omnium
2507 3093 2775 3162 Propheta
2801 3095 2970 3150 dicit:
3007 3113 3026 3146 ι
3064 3094 3324 3149 Mirabilis

1745 3180 1887 3236 facta
1910 3193 1993 3238 est
2022 3183 2244 3238 scientia
2277 3193 2367 3238 tua
2395 3200 2459 3238 ex
2489 3201 2576 3240 me
2602 3182 2773 3257 (Psal.
2817 3185 3101 3258 cxxxvm).
3140 3205 3159 3238 ι
3185 3185 3321 3252 Quia

1745 3271 2138 3340 quantumlibet
2163 3273 2474 3339 intenderit,
2497 3289 2595 3330 nec
2618 3276 2964 3345 semetipsam
2993 3277 3172 3332 anima
3202 3293 3323 3346 per~

1745 3360 1884 3416 fecte
1913 3361 2108 3417 sufﬁcit
2136 3375 2418 3433 penetrare
2450 3384 2462 3419 :
2494 3374 2694 3435 quanto
2723 3367 2892 3436 magis
2935 3367 3078 3422 illius
3109 3369 3322 3437 magni-

1745 3455 1986 3508 tudinem
2015 3456 2107 3525 qui
2152 3457 2325 3526 potuit
2351 3467 2405 3512 et
2448 3458 2680 3513 animam
2707 3460 2973 3514 condere?
2995 3460 3237 3529 Cumque
3265 3460 3320 3514 in

1745 3543 1982 3598 scientia:
2011 3544 2105 3600 Dei
2152 3547 2424 3602 intellectu
2456 3549 2726 3604 laboraret
2767 3549 3069 3606 lassescens
3098 3566 3162 3606 ac
3189 3549 3319 3605 deli-

1745 3632 1894 3687 ciens
1942 3633 2196 3688 subdidit.
2237 3635 2552 3691 Confortata
2595 3648 2678 3693 est
2716 3654 2816 3693 nec
2862 3647 3052 3708 potero
3082 3639 3148 3694 ad
3175 3654 3315 3693 eam.

1746 3723 1856 3778 Sed
1881 3741 2005 3780 cum
2032 3736 2289 3782 conantes
2329 3738 2488 3798 atque
2518 3731 2798 3785 tendentes
2833 3730 3087 3800 quiddam
3109 3729 3224 3802 jam
3254 3730 3321 3785 de

1745 3814 2000 3870 invisibili
2024 3827 2213 3871 natura
2241 3818 2551 3889 conspicere
2576 3819 2860 3886 lassamur,
2885 3823 3316 3885 reverberamur,

1746 3904 2056 3973 repellimur
2087 3921 2102 3960 :
2135 3907 2238 3961 etsi
2285 3908 2542 3962 interiora
2570 3919 2854 3977 penetrare
2876 3926 2984 3964 non
3009 3927 3318 3981 possumus,

1747 4005 1922 4052 tamen
1939 3997 2052 4066 jam
2069 4000 2137 4054 ab
2157 4001 2412 4055 exteriori
2433 4002 2571 4056 ostio
2595 4003 2823 4056 interius
2843 4005 3038 4057 ostium
3055 4006 3315 4059 videmus.

1743 4087 1861 4158 Ipse
1888 4090 2032 4143 enim
2057 4091 2504 4146 considerationis
2520 4092 2671 4146 labor
2695 4093 2890 4146 ostium
2913 4103 2993 4148 est
3026 4096 3117 4164 qui
3142 4104 3322 4148 osten-

1746 4177 1825 4233 dit
1846 4177 2048 4247 aliquid
2073 4194 2140 4233 ex
2168 4194 2234 4234 eo
2260 4181 2402 4250 quod
2427 4181 2575 4236 intus
2600 4188 2704 4246 est,
2729 4181 2832 4236 etsi
2864 4183 3039 4237 adhuc
3078 4182 3220 4253 quod
3242 4182 3324 4237 in-

1745 4267 2020 4336 grediendi
2046 4277 2286 4334 potestas
2314 4286 2418 4324 non
2453 4279 2554 4326 est.
3151 4267 3155 4270 ’

1765 4395 1778 4400 ί
1823 4401 1841 4432 ‹
1872 4382 1941 4436 Et
1991 4381 2118 4437 fecit
2174 4383 2380 4439 frontes
2424 4379 2522 4455 per
2545 4386 2823 4458 sexaginta
2874 4385 3118 4454 cubitos,
3172 4397 3226 4442 et
3254 4387 3323 4442 ad

57 4465 150 4505 ire
178 4466 299 4564 Iron
327 4454 590 4522 praevalet
631 4469 645 4509 :
673 4457 798 4525 quia
823 4474 920 4527 per
946 4459 1296 4516 intentionem
1321 4471 1376 4516 et
1418 4464 1644 4520 oblivio-
1666 4503 1722 4564 Ι)
1753 4489 1772 4522 ι
1805 4470 2038 4527 frontem
2085 4472 2285 4528 atrium
2330 4454 2499 4544 porta:
2538 4454 2773 4546 undique
2812 4492 2908 4545 per
2932 4478 3240 4541 circuitum,
3267 4488 3322 4533 ct

57 4557 154 4596 em
206 4542 276 4598 ﬁt
310 4559 532 4615 semper
573 4548 892 4621 sibimetipsi
922 4552 1218 4620 dissimilis,
1249 4564 1307 4608 ut
1347 4573 1488 4613 nunc
1515 4559 1639 4624 hoc,

57 4650 91 4687 u
101 4649 177 4689 nc
199 4633 344 4688 illud
370 4637 698 4706 cogitatione
721 4648 922 4696 teneat.
938 4642 1288 4712 Omnipotens
1302 4654 1483 4701 autem
1499 4650 1641 4704 Deus

57 4725 156 4779 uia
189 4719 536 4797 sibimetipsi
566 4731 841 4788 dissimilis
863 4749 971 4788 non
1012 4745 1112 4800 est,
1159 4751 1224 4790 ea
1252 4738 1451 4794 virtute
1475 4740 1640 4808 videt,

57 4832 131 4869 ua
156 4819 333 4872 audit
361 4820 582 4887 omnia;
611 4837 676 4877 ea
703 4824 900 4880 virtute
921 4836 1089 4892 creat,
1126 4843 1231 4896 qua
1262 4829 1466 4884 indicat
1493 4845 1644 4887 crea-

57 4922 214 4961 Iram
231 4908 388 4978 ejus.
406 4910 546 4981 Ergo
575 4923 629 4967 et
649 4914 831 4970 videre
849 4916 1007 4970 simul
1037 4919 1240 4984 omnia,
1258 4919 1643 4976 administrare

57 5005 97 5049 η
149 5012 169 5050 :
221 5009 284 5054 et
337 5001 723 5060 administrare
770 5009 1101 5077 conspicere.
1153 5010 1271 5065 Alia
1322 5013 1645 5083 cogitatione

63 5097 201 5144 stos
255 5091 532 5161 adjuvat,
590 5104 752 5167 atque
805 5099 910 5153 alia
955 5101 1180 5170 injustos
1241 5095 1645 5160 damnat.'Sed

58 5194 122 5232 ia
157 5179 385 5236 eadem
416 5199 510 5238 sex
548 5194 754 5241 naturae
791 5189 1077 5258 singularis
1107 5193 1210 5248 sibi
1239 5180 1451 5263 semper
1474 5183 1665 5250 indis?

57 5271 227 5327 milis
261 5273 563 5348 dissimilia
589 5267 842 5348 disponit.
872 5281 982 5336 Cur
1012 5279 1198 5340 autem
1217 5286 1323 5342 hoc
1358 5286 1424 5340 de
1456 5297 1644 5356 poten-

57 5377 78 5413 ι
109 5365 424 5420 creatoris
458 5366 805 5436 admiremur,
840 5372 965 5440 quia
991 5374 1208 5430 virtutis
1233 5377 1350 5446 ejus
1392 5379 1642 5449 vestigia,

98 5455 164 5509 in
202 5466 488 5514 creatura
527 5462 908 5532 conspicimus.
960 5464 1164 5520 Natura
1214 5470 1410 5538 quippe
1447 5470 1544 5525 luti
1590 5479 1646 5527 et

63 5564 157 5604 ra:
187 5549 440 5607 diversa
471 5562 554 5608 est
584 5571 598 5608 :
625 5555 754 5610 solis
772 5571 903 5634 veno
926 5558 1108 5612 radius
1137 5576 1243 5614 non
1267 5569 1351 5616 est
1375 5562 1640 5620 diversus.

58 5679 60 5687 .
89 5647 316 5695 tamen
352 5657 484 5698 cum
507 5633 751 5703 diversus
784 5664 892 5704 non
924 5650 1014 5715 sit,
1050 5651 1263 5705 diversa
1289 5663 1417 5707 sunt
1437 5669 1557 5723 qua:
1586 5657 1638 5710 in

57 5738 125 5787 to
158 5740 486 5801 operatur,
518 5744 573 5790 et
621 5752 746 5792 cera
787 5740 956 5810 :quia
1003 5756 1110 5796 uno
1158 5741 1346 5797 eodem
1391 5745 1470 5798 sui
1505 5745 1642 5814 ignis

1751 4579 1772 4612 ‹
1808 4570 1932 4617 ante
1960 4562 2152 4618 faciem
2200 4572 2369 4634 porta:
2397 4580 2517 4636 qua:
2563 4567 2899 4636 pertingebat
2945 4583 3116 4637 usque
3143 4569 3210 4622 ad
3242 4569 3322 4622 fa-

1752 4669 1770 4703 ι
1807 4653 1946 4708 ciem
1971 4655 2220 4710 vestibuli
2248 4663 2418 4725 portae
2445 4657 2718 4710 interioris
2744 4657 3134 4727 quinquaginta
3165 4658 3318 4713 cubi-

1754 4757 1773 4793 ι
1805 4751 1913 4808 tos,
1944 4753 2000 4797 et
2018 4743 2284 4799 fenestras
2310 4745 2555 4814 obliquas
2587 4745 2640 4798 in
2671 4737 2940 4810 thalamis,
2971 4755 3026 4802 et
3047 4748 3102 4802 in
3131 4746 3322 4803 fronti-

1753 4823 1907 4887 c'bus
1955 4847 2144 4888 eorum
2167 4849 2285 4903 quae
2333 4843 2488 4888 erant
2536 4835 2678 4890 intra
2719 4845 2932 4906 portam
2966 4839 3199 4908 undique
3225 4854 3324 4910 per

1753 4941 1774 4976 ι
1809 4923 2115 4978 circuitum.
2175 4923 2435 4980 Similiter
2458 4934 2634 4981 autem
2658 4937 2816 4983 erant
2857 4936 2910 4983 et
2945 4929 3000 4983 in
3038 4930 3319 4986 vestibulis

1752 5032 1770 5064 σ
1808 5013 2061 5070 fenestrae
2085 5031 2183 5085 per
2210 5030 2400 5088 gyrum
2450 5018 2793 5084 intrinsecus,
2845 5029 2900 5074 et
2954 5030 3078 5076 ante
3111 5021 3318 5078 frontes

1752 5124 1772 5156 ι
1807 5105 2018 5175 pictura
2057 5107 2377 5176 palmarum.
2416 5127 2434 5160 ι
2467 5107 2736 5180 (Πίενοη.)
2770 5109 2906 5165 Puto
2949 5120 3128 5167 autem
3178 5114 3321 5168 inter

1746 5209 1959 5249 murum
2005 5197 2184 5266 templi
2225 5197 2559 5254 extrinsecus
2603 5213 2701 5268 per
2730 5199 3018 5266 circuitum
3064 5212 3118 5277 et
3147 5204 3318 5274 ipsam

1746 5284 1914 5338 zedem
1939 5285 1995 5340 in
2024 5287 2185 5352 atrio,
2215 5287 2316 5344 hoc
2335 5298 2420 5344 est
2439 5289 2491 5342 in
2520 5289 2713 5354 medio,
2738 5289 2985 5359 quadam
3007 5290 3172 5349 fuisse
3196 5311 3321 5365 pro-

1747 5383 1867 5446 pter
1892 5384 2141 5430 ornatum
2160 5378 2334 5448 posita
2352 5418 2368 5444 ,
2400 5393 2519 5448 quae
2551 5377 2906 5450 Symmachus
2934 5381 3322 5453 interpretatur
3345 5432 3348 5436 .

1745 5467 2186 5534 circumstantias,
2233 5469 2285 5524 id
2314 5479 2415 5536 est,
2456 5471 2652 5524 stantia
2687 5472 2951 5540 quaadam,
2983 5482 3040 5528 et
3066 5475 3132 5531 de
3163 5485 3322 5534 terra:

1747 5564 1860 5619 solo
1882 5573 2060 5620 erecta
2093 5565 2149 5618 in
2177 5565 2404 5621 sublime
2429 5606 2443 5630 ,
2492 5575 2546 5619 et
2575 5566 2690 5620 haec
2717 5569 2991 5638 sexaginta
3015 5572 3319 5636 cubitorum

1747 5657 1988 5710 obtinere
2051 5657 2301 5726 spatium.
2391 5657 2733 5728 Rursumque
2793 5659 3191 5729 egredientibus
3251 5662 3318 5716 de
3389 5661 3396 5667 ’

1746 5754 1898 5814 porta
1929 5746 2170 5801 interiori
2201 5747 2269 5802 ad
2300 5745 2493 5802 faciem
2516 5748 2783 5814 vestibuli,
2813 5750 2959 5818 quod
2994 5749 3318 5819 respiciebat
