3908 6356
525 320 626 376 915

1159 315 1220 368 Β.
1263 311 1514 369 RABANI
1557 311 1777 369 MAURI
1816 311 2140 371 ARClllEP.
2182 313 2492 372 MOGUNT.
2531 311 2820 370 OPERUM
2855 311 3035 368 PARS
3071 312 3136 366 ll.
3749 310 3830 362 9k?

514 436 730 501 portam
759 426 1090 482 exteriorem
1134 423 1521 494 quinquaginta
1549 419 1760 476 cubitos
1801 420 2101 476 obtinuisse
2127 430 2180 491 Α
2205 423 2384 479 decies
2434 424 2596 478 ducta
2648 424 2704 477 in
2757 422 3166 492 sexagenarium
3207 433 3538 476 numerum
3597 432 3822 487 surgunt

517 520 696 575 locum
743 517 799 572 in
847 515 1044 587 quibus
1084 513 1332 569 fenestrae
1377 520 1532 566 erant
1573 509 1824 580 obliquae,
1854 523 1990 579 quas
2017 522 2105 565 se-

441 590 475 684 }
516 608 800 681 ptuaginta
848 605 1195 662 absconditas
1219 645 1236 670 ,
1286 601 1643 675 Symmachus
1677 602 1873 672 topica:
1923 608 2101 656 vocat.

513 697 586 756 Et
610 699 695 754 ha
735 697 988 753 fenesme
1028 702 1184 752 erant
1208 694 1266 750 in
1294 693 1567 758 thalamis,
1598 692 1701 747 hoc
1727 699 1830 757 est,
1859 691 1917 747 in
1954 691 2102 747 cubi-

513 791 651 848 culis
677 787 904 860 sirrguiis
930 796 985 844 et
1034 787 1352 858 porticibus,
1406 801 1526 858 quae
1564 792 1688 841 ante
1713 784 1961 840 cubicula
1984 792 2103 839 ten-

514 881 804 946 debantur,
834 879 1140 935 obtinentes
1161 876 1374 934 cubitos
1394 874 1806 947 quinquaginta.
1860 873 1989 941 Quae
2022 872 2104 930 fe-

512 984 712 1032 nestrae
733 975 967 1046 obliqua:
981 973 1095 1029 sive
1106 971 1285 1042 topice
1296 970 1499 1026 idcirco
1515 985 1546 1024 a
1558 967 1769 1039 sagittis
1785 963 2104 1022 vocabulum

513 1072 871 1137 perceperunt
895 1106 910 1132 ,
960 1063 1104 1135 quod
1148 1063 1318 1118 instar
1365 1060 1689 1132 sagittarum
1731 1065 2018 1128 angustum
2050 1056 2106 1110 in

515 1157 658 1213 aedes
678 1157 862 1214 lumen
889 1157 1204 1221 immittant,
1231 1161 1287 1210 et
1309 1153 1635 1208 intrinsecus
1659 1149 1973 1215 dilatentur,
1997 1164 2107 1203 om—

516 1251 715 1320 niaque
770 1265 868 1320 per
942 1249 1228 1304 circuitum
1288 1247 1447 1317 plena
1511 1251 1666 1299 erant
1737 1239 2105 1311 hujuscemodi

516 1339 791 1398 fenestris.
849 1339 916 1396 Et
955 1349 1081 1395 autc
1123 1341 1360 1404 frontes,
1415 1337 1618 1406 inquit,
1664 1335 1972 1406 porticuum
2020 1332 2103 1404 pi-

517 1439 672 1486 ctura
714 1431 828 1486 sive
855 1431 1109 1486 caelatura
1153 1429 1454 1499 palmarum
1490 1443 1503 1480 :
1529 1441 1626 1496 per
1655 1439 1775 1494 quae
1804 1422 2106 1478 ostenditur

518 1521 572 1574 in
596 1520 820 1576 introitu
858 1530 1063 1592 portae,
1105 1519 1396 1589 statimque
1427 1515 1851 1588 ingredientibus
1890 1527 2103 1567 murum

516 1613 792 1685 sexaginta
840 1629 1129 1669 occurrere
1173 1613 1375 1676 cubita,
1427 1627 1549 1667 cum
1580 1609 1744 1665 variis
1771 1607 2105 1665 ornamentis

516 1720 634 1774 quae
660 1705 971 1762 referuntur
1005 1706 1071 1760 ad
1099 1705 1462 1760 conditionem
1500 1701 1685 1757 mundi
1719 1719 1732 1755 :
1778 1707 1832 1753 ut
1857 1716 1923 1754 ex
1954 1713 2105 1753 crea-

2212 524 2359 570 recte
2406 530 2503 586 per
2550 513 2831 585 sexaginta
2875 514 3089 570 cubitos
3121 513 3398 568 bonorum
3439 525 3714 579 operum
3738 527 3823 581 pa:-

2208 603 2372 660 fectio
2413 605 2742 675 designatur.
2801 603 2954 671 Quod
2993 613 3183 675 aperte
3227 604 3400 660 etiam
3459 601 3758 658 Dominus
3787 608 3820 660 ὴ

2206 698 2497 772 Evangelia
2528 699 2804 771 designat;
2837 699 2927 769 qui
2970 714 3092 755 cum
3127 697 3480 768 parabolam
3522 697 3821 753 senm

2207 800 2525 861 exponeret,
2555 791 2689 845 dixit
2716 810 2728 846 :
2752 789 2912 845 Aliud
2936 790 3133 846 cecidit
3171 790 3226 845 in
3257 797 3502 844 terram
3539 788 3766 852 bonan,
3787 804 3820 843 ει

2207 884 2632 941 dahatfructum
2663 883 3044 939 ascendentem
3092 890 3148 938 et
3190 890 3582 936 crescentem
3609 881 3818 936 ιοιδὲ-

2207 978 2363 1033 rebat
2386 993 2552 1032 unum
2581 976 2827 1047 triginta,
2865 990 3031 1030 unum
3059 974 3372 1043 sexaginta,
3409 979 3486 1027 et
3519 988 3702 1026 unum
3721 990 3813 1030 a-

2207 1076 2341 1125 tum.
2370 1069 2600 1125 Fructus
2627 1068 2829 1125 etenim
2853 1077 3012 1124 terra:
3039 1069 3196 1124 bona:
3227 1067 3482 1138 triginta
3509 1065 3704 1129 afen.
3874 1065 3875 1138 ξ

2208 1177 2361 1216 mens
2399 1160 2794 1230 perfectionem
2819 1159 2964 1225 ﬁdei,
3011 1174 3130 1231 qua:
3153 1165 3241 1216 est
3267 1157 3331 1213 in
3362 1156 3700 1220 Trinitate,
3723 1174 3808 1211 era-

2208 1254 2434 1325 cepcrit.
2459 1252 2753 1323 Sexaginta
2770 1252 2946 1319 allert,
2967 1268 3092 1308 cum
3116 1251 3274 1306 bona:
3300 1250 3450 1306 vitae
3467 1263 3656 1318 opera
3678 1253 3806 1318 pes-t2-

2209 1354 2293 1399 cta
2323 1345 2628 1415 protulerit.
2689 1345 2920 1401 Centum
2956 1359 3084 1399 vero
3125 1341 3316 1407 affert,
3346 1356 3499 1396 cum
3533 1341 3610 1395 ad
3637 1351 3800 1395 mter:

2208 1435 2333 1489 vita:
2370 1435 2879 1505 contemplationem
2917 1434 3228 1506 profecerit.
3279 1432 3558 1488 Sinistra
3588 1435 3802 1486 eain-i-

2209 1533 2323 1579 stra
2370 1532 2452 1580 est
2491 1535 2738 1595 prmsens’
2774 1525 2884 1578 vita
2927 1543 2938 1577 :
2979 1524 3206 1579 dextera
3240 1539 3408 1586 vero,
3434 1523 3567 1576 vita
3602 1533 3796 1576 ventu:

2207 1614 2276 1670 Et
2296 1625 2440 1670 recte
2463 1632 2561 1685 per
2601 1617 2970 1672 centenarium
2993 1631 3278 1671 numerum
3306 1624 3558 1669 aeterna:
3584 1617 3799 1668 vitam

2211 1704 2484 1773 templatio
2511 1703 2824 1775 designatur
2852 1707 3005 1774 :quia
3027 1721 3149 1760 cum
3162 1713 3290 1775 post
3322 1704 3580 1774 triginta
3606 1720 3670 1757 ac
3687 1721 3794 1759 sua

517 1796 654 1852 turis
683 1795 907 1851 Creator
933 1795 1284 1866 intelligatur.
1318 1793 1386 1848 Et
1423 1793 1605 1848 omnia
1628 1790 1819 1846 ordine
1845 1797 1899 1845 et
1927 1787 2094 1843 ratio-
2126 1789 2176 1848 B
2201 1793 2349 1866 ginta
2393 1796 2460 1849 ad
2488 1797 2841 1851 centesimum
2891 1811 3174 1852 numerum
3231 1797 3632 1865 computando
3657 1811 3795 1865 per-ir»

517 1903 584 1941 ne
611 1887 884 1942 currentia
911 1886 1200 1941 ostendant
1225 1884 1410 1940 mundi
1442 1883 1782 1948 varietatem,
1822 1879 1913 1951 qui
1961 1878 2102 1951 apud

517 1975 735 2033 Graecos
762 1978 971 2047 κόσμος,
997 1978 1064 2031 ab
1091 1986 1286 2032 ornatu
1318 1991 1515 2032 nomen
1550 1975 1790 2045 accepit,
1837 1979 1891 2028 et
1926 1973 1979 2026 in
2008 1987 2102 2027 sex

519 2067 706 2124 diebus
735 2069 908 2125 factus
933 2078 1018 2124 est
1037 2111 1054 2135 ,
1106 2077 1165 2123 ut
1209 2084 1307 2139 per
1332 2068 1570 2139 singulos
1597 2065 1713 2121 dies
1740 2063 1954 2120 decadaa
1988 2063 2104 2118 sin-

519 2161 655 2232 gula:
685 2171 1065 2231 supputentur,
1098 2177 1256 2231 quem
1289 2159 1591 2231 perfectum
1618 2174 1903 2214 numerum
1943 2172 2104 2227 supra

518 2254 770 2310 diximus.
805 2253 933 2311 Post
962 2257 1078 2310 haec
1109 2256 1536 2326 ingredientibus
1563 2255 1717 2309 nobis
1745 2254 1940 2308 atrium
1966 2253 2108 2307 inte-

519 2344 633 2398 rius
659 2356 954 2400 occurrunt
978 2355 1102 2401 ante
1126 2346 1300 2414 ipsum
1329 2344 1653 2400 vestibulum
1689 2354 1859 2413 porta:
1883 2343 2108 2398 interio-

520 2435 596 2489 ris
626 2435 845 2490 thalami
870 2451 992 2490 cum
1021 2436 1254 2506 obliquis
1284 2435 1556 2490 fenestris.
1586 2433 1984 2504 Quinquaginta
2011 2448 2107 2488 cu-

521 2524 755 2580 bitorum
808 2533 997 2582 tenent
1046 2526 1303 2596 spatium,
1362 2525 1454 2594 qui
1517 2533 1571 2578 et
1618 2523 1732 2593 ipse
1757 2532 2001 2580 sacratus
2027 2531 2112 2580 est

522 2633 800 2674 numerus.
851 2619 918 2673 Et
946 2626 1070 2688 post
1099 2629 1305 2686 septem
1333 2615 1702 2672 hebdomadas
1728 2616 1918 2686 plenas
1951 2616 2108 2672 festi-

523 2713 706 2769 vitatis
751 2720 805 2768 et
844 2711 1067 2784 gaudii,
1117 2711 1373 2768 ocdoadis
1412 2710 1585 2780 prima
1616 2708 1805 2779 incipit
1833 2710 1968 2775 dies,
1993 2725 2114 2780 quae

523 2812 606 2860 est
651 2801 1188 2862 resurrectioniuet
1239 2801 1534 2861 introducit
1585 2815 1686 2858 nos
1738 2802 1806 2855 ad
1857 2800 2112 2856 viciniam

524 2895 727 2968 templi.
765 2895 898 2954 Cum
925 2897 1070 2952 enim
1101 2896 1282 2953 omnia
1308 2895 1629 2962 fecerimus,
1674 2904 1894 2966 agentes
1917 2893 2119 2963 prioris

523 2991 728 3045 erroris
774 2989 1152 3060 pteniteutiam
1180 3031 1195 3055 ,
1247 2999 1376 3044 tunc
1416 2987 1580 3042 vicini
1605 2994 1659 3042 et
1693 2984 1927 3058 proximi
1957 2983 2118 3038 cilici-

522 3095 646 3136 mur
685 3081 795 3136 Deo
822 3121 836 3146 ,
886 3089 947 3135 ut
990 3081 1043 3136 in
1086 3079 1348 3136 exteriori
1392 3079 1530 3134 atrio
1571 3079 1814 3133 notitiam
1841 3075 2117 3134 Creatoris

2207 1886 2406 1952 nimus,
2446 1887 2584 1942 idem
2618 1889 2963 1942 centenarias
2989 1889 3047 1943 in
3083 1889 3384 1942 dexteram
3420 1888 3650 1941 transit.
3679 1887 3792 1941 Et

2208 1986 2370 2047 atque
2398 1979 2641 2048 Operatio
2669 1980 2844 2034 adhuc
2870 1980 2925 2034 in
2974 1978 3192 2034 sinistra
3222 1988 3340 2044 est,
3375 1980 3516 2048 quia
3547 1980 3639 2033 hic
3663 1981 3786 2033 aa:
3874 1978 3875 2048 Ὺ

2208 2070 2388 2144 positi,
2412 2079 2468 2125 et
2489 2071 2759 2126 credimus
2780 2071 2925 2140 quod
2945 2086 3052 2125 non
3071 2071 3362 2135 videmus,
3375 2080 3438 2125 et
3457 2085 3735 2139 opera-Ir
3751 2083 3787 2123 rt
3874 2105 3875 2138 ξ

2212 2162 2516 2217 videamus.
2579 2161 2712 2216 Cum
2758 2178 2888 2217 vero
2914 2161 3022 2231 jam
3061 2176 3121 2216 se
3151 2161 3386 2216 animus
3421 2162 3480 2214 in
3499 2161 3786 2228 contempt}
3874 2171 3875 2224 ἲ

2216 2251 2362 2306 tione
2411 2261 2626 2305 mternre
2669 2253 2792 2306 vita:
2830 2251 3193 2321 suspenderit,
3246 2251 3423 2320 quasi
3450 2252 3518 2304 ad
3549 2253 3784 2305 deka

2211 2359 2433 2398 manum
2464 2351 2747 2412 computus
2773 2343 3039 2413 pervenit.
3090 2342 3256 2398 Fecit
3283 2343 3485 2410 itaque
3503 2342 3784 2411 frontcspu

2213 2435 2493 2506 sexaginta
2525 2435 2768 2501 cubitos;
2813 2435 2940 2503 quia
2967 2434 3110 2489 enim
3139 2449 3242 2505 per
3277 2434 3684 2506 sexagenum
3703 2449 3788 2486 nu-

2214 2541 2423 2581 merum
2452 2524 2740 2596 perfectio,
2775 2526 2906 2594 quid
2929 2541 3027 2596 per
3059 2525 3278 2582 frontes
3562 2527 3666 2580 nisi
3686 2524 3784 2594 ipsa
3874 2539 3875 2596 ξ

2216 2632 2379 2687 opera
2404 2617 2776 2688 designantur,
2802 2632 2922 2686 qua:
2951 2618 3193 2672 exterius
3221 2617 3525 2672 videntur?
3549 2616 3781 2671 Plautin-

2219 2708 2382 2764 tionis
2425 2708 2570 2762 enim
2622 2707 2843 2763 verbum
2877 2708 3140 2777 proximis
3190 2707 3778 2772 tribueremuﬁnuu

2218 2799 2605 2865 esurientibus,
2647 2799 3083 2869 vestimentaque
3119 2799 3452 2870 algentibus
3479 2802 3779 2867 (largam
3874 2789 3875 2792 “

2217 2892 2360 2946 bono
2411 2905 2576 2961 opere
2617 2891 2890 2961 patienter
2929 2891 3158 2946 adversa
3183 2890 3504 2956 sustinere,
3532 2888 3776 2959 quidsit

2220 2999 2381 3053 quam
2413 2981 2619 3038 frontes
2644 2991 2770 3039 sunt
2794 2982 3007 3038 aediﬁcii
3039 2982 3325 3038 caelestis?
3355 2982 3510 3048 Qui:
3534 2981 3776 3052 pulchrit-

2222 3076 2289 3130 do
2319 3091 2544 3145 operum
2574 3076 2907 3131 exteriorum
2936 3083 3097 3130 ornat
3120 3074 3514 3130 habitaculum
3535 3071 3774 3140 D6,!“

524 3177 903 3225 creaturarum
951 3170 1084 3225 ordo
1128 3185 1228 3225 nos
1271 3171 1461 3224 doceat
1493 3178 1655 3238 atque
1690 3167 2013 3230 constantia,
2059 3173 2116 3221 et
2142 3163 2395 3224 Cadhuc
2442 3165 2572 3220 latet
2617 3166 2964 3221 intrinsecus.
3041 3165 3152 3220 Sed
3193 3165 3322 3222 ista:
3363 3164 3589 3220 ίιωιε
3629 3165 3774 3219 halat

524 3259 584 3314 in
608 3259 877 3327 interiori,
891 3274 1052 3314 verus
1065 3258 1339 3324 Jubilzeus,
1357 3259 1410 3312 in
1433 3275 1539 3329 quo
1565 3259 1748 3312 omnia
1765 3257 1921 3312 nobis
1935 3257 2116 3311 debita

528 3349 912 3414 dimittuntur,
960 3351 1194 3406 instruat
1245 3352 1543 3424 θεολογίαν,
1599 3358 1654 3405 et
1694 3351 2004 3405 introducat
2048 3346 2114 3402 ad

525 3451 713 3500 sancta
739 3452 1069 3500 sanctorum.
1127 3443 1433 3498 Notandum
1461 3457 1676 3512 quoque
1703 3442 1848 3511 quod
1882 3441 2118 3495 interius

528 3534 730 3588 atrium
777 3533 962 3604 plures
1022 3531 1291 3589 fenestras
1344 3533 1572 3596 habeat,
1629 3548 1737 3588 non
1785 3531 2020 3588 directas
2062 3540 2120 3586 et

528 3626 763 3697 aequales
786 3668 802 3695 ,
855 3626 948 3683 sed
993 3627 1242 3697 obliquas
1287 3635 1342 3682 et
1387 3635 1646 3698 angustas
1673 3627 1935 3691 exterius,
1968 3634 2025 3680 et
2058 3641 2120 3682 se

528 3717 858 3775 intrinsecus
907 3717 1228 3783 dilatantes,
1263 3726 1321 3771 ut
1368 3733 1466 3786 per
1507 3732 1678 3788 parva
1705 3717 2120 3787 quazdamfora-

530 3810 678 3864 mina
706 3810 976 3881 possimus
1007 3810 1074 3864 ad
1120 3809 1375 3864 interiora
1403 3817 1720 3880 penetrare,
1750 3816 1806 3863 et
1831 3810 1899 3863 ad
1925 3809 2117 3864 claris-

531 3899 655 3955 simi
685 3899 921 3965 luminis,
951 3899 1094 3970 quod
1130 3907 1378 3956 versatur
1403 3899 1460 3954 in
1487 3898 1708 3968 templo,
1730 3897 2120 3970 plenitudinem

529 3991 835 4062 pervenire.
879 3990 1121 4060 Denique
1141 3999 1264 4062 post
1283 3990 1626 4061 septuaginta
1654 3997 1711 4044 et
1734 3988 2127 4060 quinquaginta.

531 4083 746 4138 cubitos
791 4089 844 4139 et
875 4082 1161 4150 thalamos,
1212 4090 1268 4137 et
1317 4083 1580 4154 porticus,
1627 4090 1681 4137 et
1719 4081 1926 4136 frontes
1953 4082 2124 4152 porti—

533 4188 717 4243 cuum,
747 4181 803 4229 et
833 4173 1100 4231 fenestras
1129 4173 1392 4244 plurimas
1411 4214 1430 4238 ,
1473 4189 1572 4246 per
1604 4173 1892 4230 circuitum
1915 4171 2124 4243 palma-

535 4283 678 4333 rum,
728 4269 884 4324 nobis
933 4268 1190 4324 caelatura
1234 4268 1319 4323 vel
1345 4270 1558 4338 pictura
1582 4276 1939 4333 monstratur,
1970 4274 2029 4322 ut
2057 4266 2124 4321 de

535 4358 738 4412 mundo
778 4359 1062 4413 victoriam
1104 4361 1444 4428 possidentes
1487 4360 1632 4431 digni
1682 4358 1978 4415 eﬂiciamur
2010 4357 2125 4428 pal-

539 4459 660 4499 mas
695 4445 882 4498 videre
912 4445 1193 4499 virtutum.
1220 4445 1518 4516 Sequitur:
1571 4469 1586 4498 ι
1617 4447 1686 4502 Et
1725 4448 1872 4515 fecit,
1925 4448 2120 4517 inquit,

2220 3258 2419 3313 atrium
2448 3257 2687 3326 undique
2732 3272 2831 3327 per
2859 3255 3174 3323 circuitum,
3213 3255 3349 3324 quia
3396 3255 3460 3310 in
3505 3256 3611 3311 hoc
3634 3267 3774 3322 nauli

2220 3357 2346 3409 sunt
2372 3365 2555 3421 opera,
2593 3349 2641 3403 si
2670 3349 2787 3403 haec
2826 3349 2880 3402 in
2921 3356 3103 3404 mente
3130 3347 3332 3404 dilatat
3358 3348 3664 3418 amplitudo
3684 3345 3774 3398 ch-

2221 3441 2419 3498 ritatis.
2457 3441 2534 3497 De
2571 3440 2840 3496 charitate
2869 3439 3074 3509 quippe
3104 3439 3373 3509 scripturn
3423 3447 3542 3502 est,
3576 3457 3597 3489 ι
3633 3436 3772 3490 Ia-

2221 3535 2537 3590 mandatum
2569 3540 2722 3587 tuum
2749 3531 2933 3587 nimis.
2967 3549 2986 3584 ι
3012 3529 3234 3584 Αιιὶιιιίιο
3265 3542 3408 3599 θεοῦ
3433 3538 3574 3585 ante
3593 3527 3772 3582 fru—

2221 3635 2327 3692 est,
2365 3627 2419 3682 id
2447 3633 2548 3689 est,
2581 3624 2637 3678 in
2662 3623 2994 3696 perfectione
3020 3622 3204 3693 operis
3230 3621 3479 3677 latitudo

2221 3719 2290 3775 Et
2309 3718 2604 3773 notandum
2625 3716 2767 3787 quod
2797 3716 3012 3780 dicitur,
3050 3734 3069 3766 ι
3089 3713 3333 3784 undique
3348 3711 3775 3783 parcimus.

2222 3817 2285 3865 ut
2313 3807 2565 3864 videlicet
2613 3808 2776 3863 homo
2802 3821 2900 3878 per
2935 3820 3096 3863 omne
3125 3805 3272 3876 quod
3291 3806 3412 3877 agit
3437 3819 3656 3876 εει-φα
3675 3800 3776 3856 si

2224 3900 2510 3958 charitatis
2548 3899 2902 3970 amplitudine
2945 3898 3162 3963 dilatet,
3207 3913 3279 3953 ne
3332 3898 3488 3952 hunc
3531 3906 3629 3951 aut
3660 3897 3778 3948 in!

2225 3999 2319 4047 aut
2359 3990 2484 4047 odia
2530 3997 2841 4061 angustent.
2898 3987 2960 4045 Si
2996 3989 3120 4058 quis
3155 3988 3305 4044 enim
3334 3988 3408 4042 de
3429 3984 3782 4043 verum»

2225 4081 2435 4153 quitur,
2467 4089 2526 4136 et
2561 4080 2886 4136 charitatcm
2913 4095 3078 4150 quam
3108 4079 3376 4149 pradicat
3417 4078 3479 4134 in
3513 4085 3781 4132 neuter-

2227 4182 2432 4240 servat,
2449 4173 2666 4228 aediﬁcii
2686 4171 2928 4228 frontem
2958 4172 3141 4235 habet,
3171 4171 3268 4226 sed
3290 4169 3504 4224 atrium
3523 4165 3779 4222 anteit-

2227 4273 2337 4320 tem
2380 4279 2489 4319 non
2536 4262 2718 4318 habet.
2779 4261 2836 4317 Si
2867 4262 2990 4332 quis
3008 4261 3416 4331 eleemmynam

2227 4354 2478 4427 largitur,
2542 4362 2596 4408 et
2630 4368 2729 4423 per
2775 4353 2918 4406 hanc
2970 4349 3204 4406 fortasse
3244 4347 3774 4406 incedentem
3874 4353 3875 4356 “

2230 4462 2331 4503 nec
2377 4462 2446 4502 ex
2483 4445 2746 4500 cbaritate
2788 4443 3022 4514 proximi
3062 4442 3265 4513 impiae
3300 4443 3590 4506 mm,
3637 4439 3776 4494 de:

538 4532 747 4589 frontes
775 4548 873 4605 per
893 4535 1172 4606 sexaginta
1198 4515 1408 4591 cubitos
1436 4575 1450 4601 ,
1492 4543 1546 4591 et
1568 4537 1636 4591 ad
1668 4535 1899 4592 frontem
1923 4515 2122 4592 atrium
2149 4515 2212 4574 Β
2227 4555 2324 4611 per
2357 4538 2645 4594 elationem
2690 4537 2909 4592 tacitam
2953 4534 3166 4591 extollit
3183 4572 3202 4600 ,
3245 4533 3500 4588 frontem
3520 4529 3772 4603 quidni

537 4633 710 4697 portae
738 4623 977 4696 undique
998 4639 1096 4696 per
1121 4624 1428 4682 circuitum.
1459 4643 1479 4678 ι
1516 4623 1780 4698 (Gregor.)
1832 4625 1988 4696 Saepe
2008 4625 2120 4698 jam

539 4715 773 4774 diximus
819 4717 1033 4772 senario
1080 4729 1308 4774 numero
1354 4715 1741 4788 perfectionem
1789 4716 1914 4773 boni
1942 4718 2123 4788 operis

539 4807 812 4879 designari
847 4826 862 4863 :
897 4823 1003 4864 non
1048 4809 1179 4864 illud
1229 4816 1540 4880 sequentes,
1585 4807 1728 4881 quod
1766 4811 1946 4866 conati
1996 4818 2123 4864 sunt

539 4901 701 4972 hujus
727 4897 907 4957 saeculi
936 4899 1206 4969 sapientes
1235 4909 1508 4967 astruere,
1537 4901 1776 4957 dicentes
1805 4901 2007 4957 idcirco
2032 4916 2119 4957 se-

540 4993 753 5048 narium
782 5005 1071 5046 uumerum
1115 5004 1234 5044 esse
1279 4989 1601 5060 perfectum,
1644 4993 1769 5062 quia
1813 5008 1909 5048 suo
1932 4991 2124 5047 ordine

543 5093 858 5138 numeratus
893 5079 1210 5151 perﬁcitur:
1247 5087 1305 5134 ut
1346 5096 1467 5136 cum
1510 5097 1670 5148 unus,
1722 5081 1847 5148 duo,
1889 5088 2019 5145 tres,
2045 5081 2126 5136 di-

549 5180 765 5236 cuntur,
785 5170 1032 5226 senarius
1054 5183 1312 5226 numerus
1334 5170 1621 5241 impleatur
1646 5188 1658 5223 :
1685 5169 1769 5226 vel
1795 5171 1922 5240 quia
1949 5170 2002 5226 in
2032 5171 2124 5226 tri-

547 5263 650 5317 bus
676 5262 921 5332 partibus
940 5260 1215 5328 dividitur,
1238 5260 1292 5317 id
1313 5270 1396 5318 est
1414 5269 1587 5329 sexta,
1617 5263 1774 5318 tertia
1795 5269 1850 5318 et
1876 5262 2120 5332 dimidia,

489 5337 494 5346 ’
550 5354 795 5410 videlicet
821 5354 875 5409 in
905 5368 1032 5421 uno,
1065 5355 1272 5410 duobus
1295 5363 1349 5410 et
1377 5355 1580 5422 tribus;
1607 5355 1700 5410 sed
1728 5353 1933 5410 idcirco
1961 5370 2121 5411 sena-

552 5447 693 5504 rium
738 5460 1018 5502 numerum
1056 5446 1284 5502 dicimus
1305 5460 1428 5502 esse
1452 5443 1772 5516 perfectum,
1798 5445 1944 5515 quia,
1987 5447 2128 5504 sicut

549 5540 712 5612 paulo
733 5549 856 5595 ante
879 5537 1079 5596 dictum
1101 5545 1202 5606 est,
1234 5546 1387 5595 sexto
1412 5539 1499 5594 die
1519 5535 1747 5609 perfecit
1774 5537 1917 5594 Deus
1945 5542 2124 5598 omnia

550 5648 713 5702 opera
756 5645 872 5684 sua.
924 5627 1188 5698 Quoniam
1232 5645 1361 5685 vero
1399 5629 1670 5701 peccatori
1715 5630 1920 5686 homini
1953 5633 2125 5705 legem

552 5724 718 5791 dedit,
748 5736 869 5794 quae
895 5719 953 5776 in
981 5721 1164 5777 decem
1190 5721 1475 5793 praeceptis
1505 5721 1774 5795 adscripta
1807 5733 1915 5790 est,
1945 5735 1994 5780 et
2030 5743 2123 5784 sex

2229 4630 2458 4686 aedilicio
2501 4627 2739 4684 ostendit
2755 4667 2772 4693 ,
2817 4627 2913 4683 sed
2932 4624 3092 4696 juxta
3116 4624 3360 4681 frontem
3380 4624 3589 4679 atrium
3608 4636 3706 4678 α
3721 4618 3773 4670 ιι

2230 4720 2325 4775 cit.
2356 4719 2414 4774 Si
2457 4719 2578 4789 quis
2604 4719 2780 4774 illatas
2803 4736 2833 4773 a
2853 4719 3102 4789 proximo
3126 4715 3502 4773 contumelias
3523 4715 3722 4772 tabat.
3737 4717 3774 4764 α

2228 4811 2370 4866 male
2409 4807 2621 4878 objecta
2672 4810 2867 4864 tacitus
2907 4818 3134 4880 portat,
3182 4823 3386 4876 magna
3425 4817 3521 4863 ut
3562 4803 3772 4878 pini!

2229 4919 2396 4976 quam
2419 4903 2798 4968 demonstrat;
2829 4903 2925 4957 sed
2965 4903 3014 4958 si
3047 4901 3289 4958 dolorem
3314 4901 3378 4955 in
3405 4901 3576 4957 corde
3595 4898 3775 4958 Ilo-b.-

2227 4994 2396 5060 beat,
2443 4994 2491 5048 si
2532 4993 2735 5047 lucrari
2781 4992 2852 5046 ad
2897 4990 3348 5062 tranquillitath
3389 4984 3776 5046 W

2228 5085 2393 5140 etiam
2443 5083 2620 5155 ipsum
2651 5082 2743 5152 qui
2782 5082 2926 5138 male
2965 5088 3298 5146 excesserat,
3327 5091 3568 5151 quant.
3611 5074 3776 5133 bini

2225 5175 2545 5246 patientiam
2589 5174 2836 5231 exterius
2856 5173 3140 5239 adhibens,
3166 5173 3314 5228 intus
3366 5171 3610 5228 dolore-
3645 5173 3776 5224 uti.

2229 5281 2334 5322 nec
2377 5273 2524 5322 amat
2565 5280 2691 5321 eum
2739 5281 2900 5336 quem
2940 5265 3200 5332 sustinet,
3223 5263 3392 5321 habet
3419 5264 3635 5334 quid.
3665 5260 3782 5316 fru-

2231 5367 2344 5416 tem
2371 5361 2426 5416 in
2450 5359 2700 5427 aedilicio,
2730 5359 2824 5415 sed
2851 5367 2976 5414 ante
2993 5357 3232 5414 frontem
3244 5357 3456 5414 att-itm
3483 5373 3598 5413 nn
3615 5355 3778 5410 ωας

2233 5452 2361 5523 quia
2403 5452 2452 5508 is
2503 5452 2597 5522 qui
2643 5467 2700 5506 se
2727 5451 2988 5523 angustia:
3014 5448 3262 5506 odiorum
3285 5447 3552 5512 subdidit.
3577 5443 3784 5517 μίαν

2235 5545 2518 5599 charitatis
2556 5542 2899 5597 latitudinem
2949 5540 3150 5596 amisit.
3215 5537 3353 5593 Nam
3398 5539 3554 5594 sicut
3581 5538 3784 5602 insue-

2234 5635 2376 5689 riore
2404 5643 2556 5704 parte
2593 5631 2708 5702 jam
2734 5633 2988 5700 diximus,
3033 5631 3294 5702 patientia
3327 5645 3459 5685 vera
3481 5641 3590 5692 eat,
3613 5642 3726 5697 φη
3743 5631 3784 5674 εί

2231 5727 2408 5796 ipsum
2439 5732 2581 5780 amat
2611 5739 2767 5794 quem
2812 5732 3022 5796 portat;
3052 5738 3180 5780 nam
3208 5721 3470 5788 tolerare,
3489 5720 3592 5778 sed
3613 5719 3786 5775 risu.
