3908 6356
99 355 174 411 H7
980 347 1332 408 COMMENT.
1373 345 1443 402 lN
1480 342 1939 403 EZECHIELEM.
1980 379 2051 389 —
2089 350 2218 405 LIB.
2263 349 2380 407 xv.
3213 333 3328 403 "91‘s

100 479 177 517 Ion
200 467 281 517 est
302 460 473 517 virtus
498 460 950 527 mansuetudinis,
981 462 1076 518 sed
1097 461 1459 517 velamentum
1486 458 1632 515 furo-
1660 455 1717 518 Α
1739 458 2017 533 ligentiam
2046 483 2058 519 :
2088 465 2331 522 charitas
2380 464 2437 521 in
2485 465 2643 531 atrio,
2697 465 2823 536 quia
2874 472 3110 520 mentem
3137 461 3331 518 dilatat

97 554 167 607 is.
204 551 266 607 Et
286 551 576 610 notandum
614 552 757 629 quod
794 553 899 608 hoc
919 552 1093 624 ipsum
1125 552 1326 608 atrium
1352 559 1523 625 portae
1552 548 1634 607 di-
1739 554 1796 621 in
1819 568 2063 612 amorem
2097 574 2113 610 :
2150 556 2362 628 spe‘si‘in
2403 556 2522 613 loco
2561 556 2959 629 quinquaginta
3000 553 3367 647 describiturt

97 643 228 696 :itltt‘.
267 639 427 701 Porta
472 647 660 697 nostra
706 641 905 712 quippe
944 647 1028 697 est
1057 642 1236 697 aditus
1267 640 1333 696 ad
1359 652 1636 711 regnum:
1739 646 1957 715 cubitis,
1985 649 2111 721 quia
2136 663 2234 721 per
2262 648 2528 706 desideria
2550 656 2715 721 atque
2759 649 2995 721 suspiﬁg
3034 639 3364 739 introducit}

97 736 321 793 StDeum
339 752 405 794 ac
424 736 733 813 proximum
759 751 966 804 amare,
989 737 1104 815 jam
1131 737 1200 792 ad
1224 735 1525 806 ingressum
1552 746 1637 791 re—
1741 740 1991 805 animum,
2037 740 2105 796 ad
2155 749 2366 798 secreta
2411 738 2606 813 gaudia
2639 740 2878 811 quietis:
2913 741 2981 797 de
3004 752 3111 810 qua
3149 735 3334 808 Quiete

95 829 157 897 ςιιί
202 837 282 887 est
331 829 571 886 tendere.
629 824 688 884 lu
729 835 989 898 quantum
1025 828 1171 883 enim
1211 827 1441 905 quisque
1470 832 1638 893 amat,
1741 829 1844 887 etsi
1860 830 2034 887 adhuc
2052 830 2191 887 Sicut
2212 840 2296 888 est
2316 831 2567 888 veritatis
2586 831 3201 894 lumeunoneemimus,
3220 826 3333 898 iam

95 938 127 979 η
176 930 377 979 tantum
425 919 493 983 ad
538 918 842 993 ingressum
890 919 1235 999 propinquat.
1290 918 1349 973 in
1379 925 1641 988 quantum
1745 929 1930 978 tamen
1946 936 2044 1003 per
2068 923 2235 979 rimas
2259 922 2629 996 inteiiigentiar
2653 921 2862 994 aliquid
2879 920 3146 978 videmus.
3172 919 3328 978 Unde

95 1027 196 1071 'ero
245 1026 423 1068 amare
478 1010 733 1087 negligit,
784 1009 837 1065 in
887 1016 1095 1074 tantum
1142 1008 1352 1083 ingredi
1381 1012 1637 1065 recusat:
1744 1020 1800 1069 et
1847 1013 1938 1069 hic
1979 1010 2272 1073 subditur:
2312 1028 2334 1065 ‹
2364 1014 2434 1069 Et
2477 1014 2744 1070 fenestras
2785 1011 3037 1082 obliquas
3078 1012 3135 1066 in
3155 1012 3329 1066 thala-

95 1106 193 1177 [uia
218 1120 315 1161 nec
347 1103 527 1162 studet
555 1103 739 1161 videre
766 1103 910 1174 quod
950 1102 1171 1176 appetit.
1211 1094 1363 1165 Tunc
1390 1116 1519 1173 ergo
1548 1098 1642 1156 ha—
1745 1104 1872 1163 mis.
1915 1126 1933 1158 ι
1978 1105 2037 1160 ln
2065 1105 2321 1162 fenestris
2352 1105 2591 1176 obliquis
2615 1118 2744 1176 pars
2766 1100 2880 1170 illa,
2918 1114 3018 1173 per
3043 1116 3209 1172 quam
3243 1100 3326 1155 lu—

93 1213 254 1254 »emus
281 1196 476 1255 atrium
508 1203 697 1269 portae,
723 1194 935 1267 quando
962 1210 1029 1250 ex
1051 1190 1337 1255 latitudine
1360 1188 1643 1253 charitatis
1746 1210 1871 1253 men
1922 1194 2111 1261 intrat,
2164 1204 2393 1269 angusta
2450 1205 2553 1263 est,
2613 1196 2707 1252 sed
2749 1208 2879 1266 pars
2936 1194 3164 1250 interior
3209 1206 3330 1264 quae

94 1287 137 1343 ,d
170 1302 453 1360 supernam
492 1288 661 1342 vitam
688 1328 704 1353 ,
750 1300 914 1361 quam
953 1287 1128 1342 adhuc
1153 1286 1465 1356 contingere
1491 1284 1645 1340 mini-
1747 1284 1929 1341 lumen
1952 1287 2179 1358 suscipit
2222 1286 2329 1342 lata
2350 1329 2365 1355 ,
2421 1287 2546 1360 quia
2577 1294 2788 1342 mentes
2823 1284 3326 1355 contemplantium,

93 1391 157 1430 ne
184 1392 484 1448 possumus,
511 1376 625 1449 jam
650 1389 748 1449 per
777 1376 1104 1432 desiderium
1134 1376 1419 1431 intramus.
1457 1374 1645 1446 Itaque
1698 1442 1701 1447 Γ
1747 1375 1995 1444 quamvis
2024 1372 2228 1446 aliquid
2256 1377 2491 1432 tenuiter
2523 1376 2590 1433 de
2622 1390 2754 1431 vero
2781 1375 2986 1431 lumine
3012 1374 3250 1441 videant,
3273 1375 3327 1429 in

94 1483 192 1521 :um
246 1467 443 1527 bonum
494 1484 629 1539 opus
655 1484 785 1542 erga
818 1468 1127 1540 proximum
1156 1469 1356 1541 agitur,
1385 1471 1646 1527 restatut
1748 1471 2051 1541 semetipsis
2118 1478 2298 1526 tamen
2355 1485 2551 1543 magna
2614 1468 2968 1539 amplitudine
3014 1468 3332 1524 dilatantur.

91 1555 305 1629 :jusdem
344 1557 473 1613 boni
514 1559 695 1631 operis
736 1559 968 1615 intentio
1021 1560 1395 1624 discernatur,
1445 1558 1491 1614 si
1535 1572 1643 1613 non
1748 1558 1879 1627 Quae
1902 1559 2153 1617 videlicet
2189 1568 2245 1616 et
2275 1562 2388 1633 ipsa
2418 1577 2539 1632 qum
2579 1560 2918 1632 conspiciunt
2948 1573 3141 1629 capere
3163 1572 3335 1629 pauca

91 1648 345 1705 traesentis
392 1649 582 1719 gratia
630 1650 1042 1707 retributionem
1081 1651 1313 1721 quaerit,
1356 1649 1449 1705 sed
1493 1662 1645 1721 spem
1736 1651 1839 1707 vix
1874 1662 2120 1723 possunt.
2162 1652 2429 1722 Exiguum
2455 1653 2613 1708 valde
2645 1660 2747 1718 est,
2772 1653 2916 1723 quod
2936 1652 3006 1706 de
3027 1650 3335 1707 aeternitate

91 1757 220 1797 nam
266 1742 477 1797 animus
518 1743 590 1798 ad
626 1741 860 1798 futuram
896 1742 1312 1815 promissionem
1360 1741 1551 1808 tendit,
1582 1746 1645 1795 ut
1670 1807 1717 1815 _
1750 1742 2164 1813 contemplantis
2192 1743 2417 1809 vident,
2475 1743 2568 1797 sed
2597 1758 2664 1798 ex
2710 1743 2827 1814 ipso
2871 1741 3069 1812 exiguo
3120 1738 3335 1793 laxatur

89 1848 136 1891 εχ
161 1832 538 1903 temporalibus
563 1842 788 1900 :eterna,
817 1807 1143 1892 ett-terrenis
1173 1833 1416 1893 coelestia
1440 1840 1639 1904 speret.
1670 1807 1722 1869 Β
1749 1833 1898 1891 sinus
1920 1835 2185 1893 mentium
2205 1834 2259 1888 in
2295 1841 2643 1905 augmentum
2664 1832 2894 1888 fervoris
2916 1838 2970 1887 et
2998 1831 3200 1885 amoris
3233 1845 3247 1883 :
3280 1836 3341 1885 et

89 1918 205 1989 ipes
243 1920 384 1974 enim
426 1920 732 1978 caelestium
758 1930 995 1978 mentem
1022 1921 1234 1991 solidat,
1266 1938 1337 1983 ne
1366 1922 1639 1978 concutia-
1748 1923 1873 1979 inde
1901 1922 2041 1995 apud
2090 1937 2147 1977 se
2196 1922 2388 1993 amplae
2432 1921 2599 1985 fiunt,
2624 1922 2767 1976 unde
2791 1918 2861 1975 ad
2885 1935 2947 1974 se
2976 1919 3222 1974 veritatis
3254 1916 3340 1975 lup

89 2025 155 2062 ur
180 2007 428 2067 ﬂuctibus
463 2013 789 2069 tumuituum
819 2021 1179 2069 terrenorum.
1234 2013 1312 2069 De
1332 2029 1438 2089 qua
1466 2023 1522 2069 et
1546 2029 1643 2085 per
1747 2027 1874 2069 men
1908 2012 2061 2084 quasi
2087 2027 2186 2084 per
2208 2012 2485 2082 angustias
2522 2011 2831 2066 admittunt.
2866 2009 2997 2076 Quae
3019 2004 3337 2081 magnitudo

89 2098 285 2155 ’aulum
319 2100 516 2156 dicitur
551 2120 565 2157 :
602 2122 621 2154 ι
650 2102 824 2171 Quam
870 2105 1011 2160 sicut
1039 2104 1330 2160 anchoram
1382 2105 1645 2162 habemus
1747 2107 2239 2178 contemplationis,
2265 2107 2393 2178 quia
2419 2106 2645 2161 concedi
2672 2104 2886 2160 nonnisi
2909 2102 3219 2158 amantibus
3239 2114 3333 2172 po-

88 2189 259 2245 minize
303 2198 475 2249 tutam
514 2191 617 2257 fac,
667 2193 878 2248 firmam
925 2202 981 2251 et
1008 2195 1347 2252 incedentem
1373 2210 1542 2267 usque
1574 2197 1644 2254 ad
1747 2208 1873 2266 test,
1906 2200 1963 2255 in
1995 2199 2248 2257 thalamis
2284 2198 2516 2270 obliquae
2541 2197 2791 2253 fenestra:
2816 2208 2938 2252 esse
2960 2194 3333 2266 perhibentur,

87 2280 319 2335 uteriora
347 2282 650 2343 velaminis.
672 2300 692 2335 ι
710 2281 786 2341 De
806 2286 1001 2359 quibus
1027 2286 1376 2344 interioribus
1398 2288 1486 2344 hic
1516 2302 1644 2361 quo-
1745 2291 1834 2347 vel
1866 2292 1920 2348 in
1944 2291 2032 2346 his
2069 2306 2190 2361 quae
2231 2288 2386 2359 juxta
2414 2288 2680 2345 thalamos
2710 2302 2818 2343 non
2837 2285 2950 2356 jam
2979 2285 3337 2341 extrinsecus.

87 2384 168 2440 [ue
193 2368 564 2443 subjungitur:
594 2393 611 2424 ι
639 2373 706 2428 Εῑ
734 2382 859 2429 ante
896 2374 1087 2431 faciem
1134 2385 1321 2447 portae,
1368 2392 1487 2448 quae
1518 2393 1645 2450 per-
1746 2382 1841 2441 sed
1864 2396 1984 2437 esse
2011 2380 2338 2436 intrinsecus
2355 2378 2623 2435 dicuntur.
2666 2377 2801 2432 Nam
2829 2377 2901 2457 de
2929 2375 3120 2431 iisdem
3151 2373 3335 2429 fenes-

88 2460 302 2533 ingebat
332 2477 502 2532 usque
542 2461 609 2518 ad
636 2462 829 2520 faciem
862 2464 1110 2521 vestibuli
1149 2474 1320 2536 porta:
1368 2467 1644 2526 interioris
1747 2473 1848 2529 tris
1895 2472 2185 2529 subditur:
2242 2491 2260 2523 ι
2297 2471 2366 2526 Et
2406 2471 2462 2526 in
2492 2470 2761 2526 frontibus
2793 2482 2982 2524 eorum
3021 2481 3141 2537 qua:
3187 2472 3345 2521 erant

85 2551 451 2622 [uinquaginta
485 2552 715 2610 cubitus.
748 2574 767 2607 ι
810 2554 921 2611 Hoc
944 2557 1088 2626 quod
1128 2559 1230 2614 hoc
1272 2558 1391 2615 loco
1421 2559 1639 2627 dicitur,
1744 2561 1888 2621 intra
1904 2559 2391 2631 portam,undique
2410 2574 2508 2631 per
2535 2559 2841 2615 circuitum.
2864 2578 2885 2609 ι
2920 2557 3089 2613 Erant
3110 2555 3256 2612 enim
3282 2554 3342 2609 in

85 2660 91 2695 ι
117 2651 240 2697 ante
264 2643 457 2698 faciem
480 2654 651 2716 portae
678 2666 698 2698 ι
737 2663 844 2702 non
868 2650 1127 2716 exterior,
1160 2650 1258 2706 sed
1284 2651 1512 2707 interior
1539 2666 1638 2707 an-
1744 2654 2028 2710 thalamis:
2056 2662 2213 2709 erant
2235 2662 2290 2708 et
2313 2653 2369 2710 in
2395 2650 2662 2707 frontibus
2682 2664 2889 2715 eorum,
2912 2664 3033 2721 quae
3055 2649 3196 2704 intra
3216 2662 3343 2718 por-

87 2747 120 2785 e
149 2744 355 2803 portam
394 2732 545 2791 locus
588 2737 934 2805 describitur,
969 2740 1095 2795 dum
1125 2755 1298 2812 usque
1338 2743 1406 2798 ad
1444 2741 1640 2799 faciem
1745 2749 1859 2798 tam
1895 2741 2133 2812 undique
2160 2756 2256 2813 per
2286 2742 2573 2796 circuitum
2601 2740 2817 2796 fuerant
2841 2744 3150 2795 constructa
3175 2754 3188 2790 :
3212 2738 3343 2807 quia

83 2822 315 2877 restibuli
373 2832 545 2893 portae
602 2825 877 2883 interioris
934 2831 1244 2901 pertingere
1300 2832 1637 2902 perhibetur.
1744 2832 1837 2904 qui
1852 2834 2301 2898 corintushabet,
2316 2833 2431 2903 ipse
2446 2848 2658 2903 quoque
2674 2832 2856 2887 lumen
2871 2828 3343 2901 contemplationis

83 2910 220 2971 Jnde
263 2921 319 2968 et
359 2915 500 2969 idem
553 2916 704 2972 locus
750 2919 1139 2991 quinquaginta
1198 2923 1394 2979 cubitis
1443 2924 1643 2980 dicitur
1745 2918 2279 2991 suscipit.Namquia
2295 2917 3343 2987 adhueexterioraimmoderatiuscogi-

83 3011 425 3059 nensuratus.
456 3005 561 3060 Per
583 3009 1101 3086 quinquagenarium
1122 3014 1318 3086 quippe
1330 3028 1636 3083 numerum,
1743 3016 1886 3075 tant,
1902 3025 2021 3081 quae
2036 3009 2144 3065 sint
2159 3010 2225 3065 de
2244 3016 2449 3065 aeterno
2470 3009 2672 3064 lumine
2690 3010 2841 3063 rimae
2867 3006 3340 3076 contemplationis

83 3095 283 3163 'equies
327 3106 529 3152 aeterna
575 3099 841 3170 signatur.
897 3100 1072 3159 Habet
1113 3105 1259 3159 enim
1299 3106 1639 3176 septenarius
1671 3154 1714 3176 η
1748 3097 2017 3169 ignorant.
2040 3098 2227 3169 Neque
2256 3100 2402 3154 enim
2428 3114 2549 3153 cum
2581 3112 2965 3168 corporearum
2989 3111 3170 3151 rerum
3199 3097 3340 3150 ima-

82 3199 324 3241 lumerus
365 3186 750 3257 perfectionem
796 3205 980 3259 suam,
1026 3193 1153 3262 quia
1196 3208 1260 3249 eo
1298 3196 1406 3261 die,
1433 3196 1645 3252 dierum
1670 3183 1716 3215 υ
1747 3189 1964 3263 ginibus
1991 3189 2079 3243 illa
2109 3203 2167 3244 se
2193 3188 2395 3244 inlusio
2422 3189 2754 3259 incorporea),
2779 3186 2916 3242 lucis
2944 3186 3176 3259 capitur,
3212 3183 3340 3255 quia

82 3289 326 3331 numerus
374 3285 459 3333 est
505 3280 824 3350 completus,
875 3290 929 3338 et
978 3296 1075 3354 per
1110 3284 1281 3356 legem
1307 3286 1565 3342 sabbata;
1588 3287 1645 3343 in
1749 3279 1876 3335 dum
1923 3279 2035 3335 sola
2071 3279 2304 3335 visibilia
2352 3280 2691 3351 cogitantur,
2731 3277 2914 3332 iumen
2951 3274 3225 3331 invisibile
3270 3273 3342 3329 ad

81 3367 312 3436 requiem
354 3368 516 3424 datus
539 3379 643 3425 est.
685 3371 803 3440 ipse
826 3380 1008 3428 autem
1041 3375 1382 3444 septenarius
1422 3391 1519 3448 per
1560 3393 1647 3434 se.
1746 3380 1985 3427 mentem
2011 3386 2118 3427 non
2142 3371 2465 3427 admittitur.
2492 3370 2601 3427 Sed
2622 3368 2867 3441 quisquis
2886 3367 3078 3423 lumini
3099 3372 3343 3422 eontem-

82 3458 362 3527 netipsum
404 3459 793 3531 multiplicatus
838 3465 907 3519 ad
950 3467 1304 3536 quadraginta
1357 3476 1412 3523 et
1451 3482 1647 3525 novem
1747 3463 2003 3536 plationis
2030 3466 2281 3532 intendit,
2310 3479 2504 3521 curare
2534 3479 2863 3538 magnopere
2892 3461 3075 3527 debet,
3114 3469 3344 3516 utmett-

82 3544 306 3603 lucitur.
346 3546 446 3605 Cui
474 3551 520 3606 si
544 3567 735 3609 monas
765 3554 1003 3621 additur,
1034 3556 1101 3611 ad
1127 3558 1649 3630 quinquagenarium

81 3654 357 3694 iumerum
389 3643 742 3713 pervenitur:
785 3646 912 3716 quia
959 3647 1136 3702 omnis
1163 3657 1349 3704 nostra
1385 3649 1648 3723 perfectio

89 3727 298 3813 nillius
348 3730 509 3786 unius
557 3734 1008 3804 contemplatione
1047 3738 1172 3804 erit,
1213 3738 1267 3793 in
1312 3738 1466 3808 cujus
1491 3741 1648 3798 nobis

81 3817 283 3874 visione
300 3815 417 3887 jam
434 3822 612 3877 minus
641 3824 844 3894 aiiquid
871 3826 1062 3883 salutis
1099 3837 1155 3883 et
1175 3830 1353 3899 gaudii
1384 3845 1491 3886 non
1521 3833 1643 3887 erit.

81 3910 207 3966 Elinc
257 3913 425 3968 etiam
472 3911 749 3983 Jubilzeus,
791 3918 968 3984 idest,
1017 3935 1141 3975 ann.
1167 3922 1556 3997 quinquaginta
1590 3925 1650 3980 in

82 4003 314 4073 requiem
366 4004 526 4060 datus
571 4014 673 4071 est,
705 4007 831 4076 quia
876 4009 1121 4078 quisquis
1173 4012 1242 4065 ad
1262 4013 1650 4083 omnipotentis

1750 3565 1861 3613 tem
1912 3572 2127 3629 semper
2163 3558 2219 3613 in
2264 3558 2570 3615 humilitate
2610 3557 2884 3613 custodiat
2914 3572 2931 3610 :
2966 3564 3247 3625 nunquam
3281 3562 3344 3609 se

1750 3648 1817 3713 de
1868 3649 2044 3720 gratia
2084 3663 2191 3719 qua
2245 3647 2564 3713 infunditur,
2615 3644 2873 3711 extollat,
2913 3653 2969 3700 et
3014 3644 3163 3717 ipsas
3217 3654 3339 3716 quc

1750 3744 1962 3796 mentes
1992 3737 2474 3810 contemplantium
2501 3739 2743 3810 signant,
2768 3736 2957 3813 quales
2978 3735 3089 3792 sint
3107 3733 3342 3804 obliqua:

1752 3824 2006 3887 fenestrae
2036 3830 2362 3888 consideret.
2419 3828 2525 3886 Per
2562 3829 2810 3901 obliquas
2849 3827 3049 3887 etenim
3074 3826 3344 3885 fenestras

1748 3916 1937 3977 lumen
1961 3918 2151 3991 intrat,
2178 3929 2235 3975 et
2256 3917 2344 3973 fur
2366 3934 2472 3974 non
2499 3920 2685 3983 intrat,
2717 3920 2843 3988 quia
2869 3919 2926 3976 hi
2953 3918 3044 3988 qui
3072 3918 3185 3973 veri
3218 3931 3339 3989 spe.

1752 4009 2030 4066 culatores
2056 4016 2219 4074 sunt,
2256 4024 2471 4082 semper
2508 4023 2726 4065 sensum
2754 4009 2807 4062 in
2834 4008 3135 4064 humilitate
3164 4007 3345 4079 depri-

81 4092 162 4148 Dei
197 4096 393 4164 gaudia
436 4105 638 4153 :eterna
682 4100 1010 4169 pervenerit,
1047 4101 1287 4157 laborem
1307 4110 1365 4157 et
1390 4105 1650 4175 gemitum
1752 4106 1933 4164 mult,
1958 4106 2119 4169 atque
2150 4100 2218 4156 ad
2246 4114 2432 4155 eorum
2463 4107 2675 4154 mentes
2705 4098 3059 4171 intelligentia
3088 4106 3337 4154 contem-

82 4196 178 4235 ion
233 4184 475 4243 habebit.
533 4184 838 4242 Notandum
874 4205 1029 4256 vero,
1080 4192 1224 4262 quod
1269 4191 1418 4248 locus
1442 4194 1537 4264 qui
1557 4195 1652 4251 de.
1752 4185 2010 4263 plationis
2054 4188 2254 4256 intrat,
2304 4189 2398 4245 sed
2432 4190 2694 4261 iactantia
2721 4189 2971 4245 elationis
3009 4204 3116 4245 non
3145 4190 3336 4245 intrat.

81 4272 334 4330 scribitur
368 4290 466 4351 per
511 4275 902 4349 quinquaginta
941 4281 1152 4337 cubitos
1179 4282 1329 4337 tendi
1356 4283 1425 4337 ad
1454 4282 1649 4341 faciem
1754 4274 1821 4330 Et
1840 4285 2031 4348 patent
2059 4278 2245 4351 itaque
2280 4278 2533 4336 fenestrae
2575 4287 2631 4334 et
2662 4280 2884 4335 munitae
2918 4288 3044 4335 sunt
3074 4298 3086 4333 :
3122 4281 3251 4352 quia
3284 4293 3344 4337 et

81 4364 325 4423 vestibuli
381 4372 553 4438 porta:
614 4369 888 4427 interioris
933 4373 1243 4451 pertingere
1292 4384 1645 4431 memoratur.

81 4450 184 4509 Non
202 4469 335 4529 ergo
364 4456 465 4513 hoc
494 4457 613 4514 loco
662 4450 947 4530 Propheta
978 4461 1091 4534 jam
1118 4464 1295 4534 ipsum
1323 4466 1647 4525 vestibulum

81 4550 240 4619 tortae
284 4545 589 4613 interioris,
646 4548 741 4605 sed
771 4551 948 4608 locum
969 4554 1220 4623 interius,
1254 4556 1347 4628 qui
1379 4558 1550 4615 tendit
1579 4558 1647 4614 ad

81 4635 396 4693 uestibulum
448 4646 617 4710 porta:
669 4640 943 4698 interioris
983 4654 1203 4713 narrat;
1246 4662 1344 4719 per
1372 4662 1534 4719 quem
1562 4649 1645 4705 lo-

81 4741 189 4781 :um
244 4729 457 4803 utique,
488 4731 628 4788 sicut
679 4732 934 4801 diximus,
984 4751 1107 4809 spes
1148 4746 1333 4794 nostra
1355 4739 1645 4811 signatur;

81 4834 206 4889 luat,
255 4821 385 4878 dum
439 4831 698 4879 aeternam
741 4826 985 4897 requiem
1038 4830 1260 4903 quaerit,
1309 4841 1549 4891 mentem
1579 4832 1649 4892 ad

81 4909 391 4968 testibulum
434 4922 604 4984 portae
631 4915 905 4973 interioris
924 4917 1092 4974 ducit.
1136 4919 1251 4975 Hoc
1270 4919 1448 4993 ipsum
1474 4923 1644 4991 enim,

81 5001 211 5089 [ιιοά
248 5002 616 5063 desideramus
644 5007 1077 5081 ccelestia,_quod
1116 5011 1183 5066 ad
1207 5012 1474 5082 promissa
1508 5030 1643 5089 gau—

81 5088 150 5144 iia
171 5091 514 5163 suspiramus
537 5135 553 5162 ,
599 5098 741 5167 quod
763 5105 980 5153 aeternae
1024 5100 1150 5159 vita:
1179 5103 1421 5173 requiem
1450 5088 1647 5175 quaeri-

81 5195 206 5247 nus,
239 5180 355 5271 jam
394 5185 462 5240 ad
493 5185 769 5245 interioris
802 5190 1053 5248 vestibuli
1082 5190 1277 5250 faciem
1310 5196 1643 5271 propinqua-

81 5285 203 5325 nus.
247 5270 505 5345 Signetur
527 5291 657 5350 ergo
700 5294 799 5351 per
846 5290 1057 5353 portam
1107 5283 1264 5352 fides,
1310 5301 1409 5358 per
1446 5270 1644 5348 atrium

81 5362 304 5420 :haritas
341 5385 353 5421 :
403 5382 499 5441 per
544 5368 725 5426 locum
761 5387 891 5429 vero
917 5376 1011 5444 qui
1051 5377 1121 5431 ad
1169 5376 1363 5434 faciem
1390 5380 1642 5439 vestibuli

81 5462 231 5509 μοι-ωε
279 5456 558 5515 interioris
602 5461 969 5534 propinquat,
1024 5465 1285 5538 ﬁguretur
1335 5486 1480 5539 spes,
1526 5473 1645 5533 sine

81 5546 259 5617 [uibus
284 5547 457 5606 tribus
483 5550 771 5610 virtutibus
790 5555 1035 5626 quisquis
1056 5554 1171 5626 jam
1200 5559 1277 5613 uti
1313 5561 1521 5616 ratione
1546 5578 1643 5633 po-

81 5644 184 5703 est,
211 5636 422 5711 ingredi
462 5641 532 5697 ad
568 5643 788 5700 caeleste
814 5645 1103 5704 mdiﬁcium
1137 5664 1242 5704 non
1272 5659 1471 5719 potest.
1530 5653 1638 5711 Ha-

81 5733 259 5783 ieatur
292 5744 422 5806 ergo
449 5729 581 5792 ﬁdes
608 5734 665 5795 in
695 5746 874 5811 porta,
903 5740 1031 5815 quia
1058 5740 1354 5801 introducit
1387 5744 1456 5803 ad
1490 5747 1645 5807 intel-

1755 4375 1942 4438 aperta
1972 4369 2139 4425 estin
2179 4369 2453 4429 mentibus
2492 4384 2682 4425 eorum
2733 4369 2929 4442 gratia.
2976 4384 3083 4441 qua
3120 4367 3340 4440 replen-

1755 4464 1866 4525 tur,
1890 4466 1946 4514 et
1980 4468 2160 4517 tamen
2190 4461 2257 4517 ad
2294 4476 2353 4515 se
2398 4460 2767 4517 adversarium
2797 4460 3003 4532 ingredi
3034 4460 3131 4532 per
3155 4475 3343 4532 super-

1752 4546 1901 4604 biam
1944 4563 2052 4603 non
2098 4550 2443 4619 permittunt.
2512 4549 2816 4605 Notandum
2848 4565 3000 4617 vero,
3026 4550 3167 4621 quod
3194 4549 3341 4611 intra

1751 4647 1967 4715 portam
2019 4642 2256 4713 undique
2309 4657 2409 4715 per
2466 4641 2755 4698 circuitum
2811 4640 3079 4699 fenestra:
3110 4640 3343 4723 obliquae

1753 4742 1874 4784 esse
1906 4738 2299 4785 memorantur.
2340 4729 2458 4784 Non
2498 4730 2641 4787 enim
2677 4728 3146 4801 contemplationis
3165 4729 3341 4802 gratia

1753 4818 1981 4872 summis
2005 4818 2190 4885 datur,
2220 4826 2277 4874 et
2302 4817 2542 4872 minimis
2562 4832 2669 4873 non
2693 4817 2851 4877 datur
2877 4837 2889 4872 :
2915 4818 3008 4875 sed
3030 4832 3173 4892 smpe
3197 4818 3343 4877 hanc

1752 4906 1983 4970 summi,
2036 4920 2179 4979 saepe
2228 4906 2474 4974 minimi,
2524 4908 2720 4985 saepius
2769 4910 2995 4977 remoti,
3048 4909 3339 4983 aliquando

1752 4995 1915 5051 etiam
1940 4995 2211 5069 conjugati
2239 4997 2564 5070 percipiunt.
2616 4994 2674 5055 Si
2704 5016 2835 5075 ergo
2864 5000 3067 5056 nullum
3092 5010 3179 5059 est
3210 5002 3341 5059 ﬁde.-

1752 5084 1883 5143 lium
1922 5086 2186 5155 cilicium,
2233 5104 2266 5144 a
2314 5104 2422 5165 quo
2463 5090 2634 5161 possit
2662 5092 2836 5163 gratia
2862 5093 3338 5166 contemplationis

1751 5177 1967 5235 excludi
1992 5221 2007 5244 ,
2057 5181 2302 5252 quisquis
2329 5196 2425 5239 cor
2448 5182 2595 5239 intus
2635 5184 2833 5250 habet,
2867 5184 3123 5242 illustrari
3166 5186 3336 5244 etiam

1752 5269 1953 5327 lumine
1991 5273 2465 5344 contemplationis
2505 5283 2718 5345 potest:
2750 5277 2877 5349 quia
2920 5277 3063 5332 intra
3117 5288 3332 5350 portam

1751 5362 1989 5433 undique
2017 5378 2113 5433 per
2147 5365 2435 5421 circuitum
2465 5363 2717 5421 fenestrae
2750 5366 2982 5437 obliqua:
3007 5376 3335 5425 constructae

1750 5465 1871 5511 sunt
1902 5498 1916 5520 ,
1966 5467 2025 5511 ut
2069 5473 2228 5514 nemo
2258 5458 2324 5513 de
2354 5458 2457 5513 hac
2482 5459 2657 5531 gratia
2678 5460 2834 5531 quasi
2863 5459 2929 5515 de
2956 5460 3335 5534 singularitate

1749 5549 2028 5621 glorietur.
2060 5549 2249 5606 Nullus
2268 5566 2327 5607 se
2351 5551 2550 5607 donum
2579 5549 2694 5605 veri
2725 5549 2946 5607 luminis
2975 5553 3206 5609 aestimet
3239 5554 3334 5627 ha-

1747 5640 1878 5695 bere
1918 5640 2186 5709 privatum
2220 5657 2233 5692 :
2278 5638 2404 5708 quia
2451 5638 2507 5693 in
2556 5653 2622 5694 eo
2656 5638 2801 5709 quod
2827 5653 2888 5695 se
2916 5639 3119 5694 habere
3145 5638 3332 5709 praeci-

1747 5746 1911 5805 puum
1930 5737 2108 5802 putat,
2139 5744 2281 5801 saepe
2300 5728 2440 5786 alter
2463 5734 2546 5787 est
2566 5727 2750 5800 ditior,
2779 5744 2943 5805 quem
2963 5728 3163 5787 habere
3184 5728 3329 5803 apud

2928 5832 3004 5854 -..ἰ-δ
