3908 6356
528 399 751 453 θιθιη

1146 396 1207 449 Β.
1249 393 1501 449 MBAN!
1538 392 1757 449 MAURI
1792 389 2112 445 ARCHIEP.
2150 385 2458 443 MOGUNT.
2500 380 2783 439 OPERUM
2819 376 2997 437 PARS
3032 379 3094 435 ll.

530 512 594 562 se
629 505 753 559 boni
793 502 997 574 aliquid
1038 517 1148 558 non
1170 511 1344 573 putat.
1395 502 1666 559 Undehie
1692 515 1906 570 quoque
1928 498 2105 554 adhuc
2128 500 2185 559 Λ
2206 496 2388 555 facere
2407 534 2424 561 ,
2468 493 2708 564 leprosos
2752 492 3036 557 mundare,
3088 490 3355 546 dzemcnia
3386 484 3637 558 ejicere,
3669 495 3796 541 tactu

532 603 656 665 apte
674 592 1016 665 subiungitur
1041 611 1055 646 :
1077 612 1096 644 ι
1118 591 1384 648 Similiter
1406 600 1588 647 autem
1614 598 1770 647 erant
1789 599 1846 645 et
1865 589 1922 643 in
1942 585 2110 663 vesti—g

530 686 673 743 bulis
707 686 955 741 fenestra:
996 698 1094 755 per
1139 699 1330 755 gyrum
1378 682 1721 737 intrinsecus.
1770 700 1789 732 ι
1812 678 2105 747 Postquam

529 777 668 835 dixit
694 794 715 829 ‹
740 774 1011 832 fenestras
1036 776 1094 831 in
1118 774 1411 840 frontibus,
1439 792 1459 827 ι
1508 771 1751 841 adiungit
1794 787 1813 820 ι
1840 768 2107 824 fenestras

527 870 584 926 in
618 866 901 935 vestibulis
936 882 1035 937 per
1058 880 1250 937 gyrum
1281 864 1626 919 intrinsecus.
1654 880 1673 914 ι
1717 859 1857 927 Quia
1885 874 1992 913 non
2019 872 2106 912 sc-

524 942 640 1015 ium
665 959 775 1013 alta
813 964 1016 1013 sancta:
1035 954 1295 1011 Ecclesiae
1326 953 1590 1017 membra,
1615 966 1736 1022 quae
1763 949 2108 1021 proeminent

524 1046 727 1105 habent
756 1044 1224 1115 contemplationis
1249 1043 1500 1114 gratiam,
1539 1041 1633 1097 sed
1654 1041 1976 1111 plerumque
2001 1037 2106 1092 hoc

526 1139 729 1196 donum
748 1136 911 1191 etiam
948 1135 1038 1189 illa
1081 1133 1324 1191 membra
1352 1131 1679 1204 percipiunt,
1724 1145 1844 1202 qua:
1864 1129 1967 1184 etsi
1989 1127 2106 1197 jam

525 1240 625 1300 per
670 1225 1000 1282 desiderium
1047 1226 1114 1280 ad
1163 1240 1376 1280 summa
1423 1225 1688 1289 emicant,
1718 1232 1901 1277 tamen
1930 1220 2107 1275 adhuc

523 1333 622 1391 per
648 1316 883 1373 cilicium
908 1318 964 1372 in
1002 1317 1112 1371 imo
1131 1315 1334 1385 iacent.
1384 1315 1497 1371 Nisi
1528 1316 1675 1371 enim
1697 1323 1751 1371 et
1788 1315 1875 1369 his
1900 1315 1993 1383 qui
2014 1314 2105 1369 de-

522 1410 695 1481 ispecti
716 1409 987 1475 videntur,
1022 1408 1365 1478 omnipotens
1389 1408 1532 1462 Deus
1559 1406 1739 1462 lumen
1771 1404 2107 1474 contempla-

522 1503 687 1557 tionis
707 1500 1033 1566 infunderct,
1058 1499 1308 1555 fenestra:
1327 1501 1383 1554 in
1401 1499 1685 1555 vestibulis
1714 1513 1822 1553 non
1850 1497 2101 1553 fuissent.

520 1590 777 1651 Videmus
803 1595 984 1664 itaque
1012 1591 1148 1647 alios
1177 1592 1233 1646 in
1262 1591 1487 1646 summis
1529 1589 1663 1645 locis
1688 1598 1889 1644 sanctae
1918 1588 2105 1644 Eccle-

519 1686 615 1743 sia:
665 1685 988 1741 constitutos
1030 1683 1139 1738 alta
1177 1683 1243 1738 de
1282 1682 1593 1738 coelestibus
1622 1681 1796 1751 loqui;
1828 1681 1965 1735 miro
1990 1689 2104 1737 stu-

519 1775 611 1831 dio
648 1776 702 1830 in
749 1782 1010 1844 quantum
1062 1772 1328 1828 illustrata
1377 1786 1530 1826 mens
1584 1769 1808 1835 sullicit,
1860 1786 2104 1841 superna:

2203 588 2551 664 aegritudines
2574 600 2862 656 corporum
2883 584 3090 657 fugare,
3117 582 3426 654 prophetia:
3445 579 3662 650 spiritu
3682 591 3797 633 vel-

2204 689 2326 736 tura
2350 680 2662 751 praedicere.
2711 679 2917 734 Cuncta
2963 679 3147 748 itaque
3189 676 3311 731 hzec
3338 671 3600 729 necdum
3622 667 3796 738 pain:

2203 780 2351 837 sunt,
2380 769 2477 826 sed
2503 769 2677 825 adhuc
2725 767 2937 839 pictura
2971 767 3327 840 palmaruma
3362 761 3519 817 Nam
3560 760 3683 815 hac
3710 758 3795 814 a5-

2205 846 2421 932 quando
2456 860 2655 916 dantur
2697 868 2753 914 et
2787 859 3063 930 reprobis;
3106 858 3251 913 unde
3297 869 3408 926 per
3450 848 3792 920 Evangelia-

2206 953 2418 1008 Veritas
2442 950 2575 1007 dicit
2610 948 2762 1022 (Luc.
2788 949 2910 1022 xm)
2936 968 2952 1005 :
2990 970 3009 1002 ι
3036 949 3189 1004 Multi
3235 947 3434 1003 (licuit
3461 942 3613 999 mihi
3645 939 3793 995 inim

2204 1028 2314 1111 'die,
2339 1043 2585 1109 Domine,
2616 1042 2841 1099 Domine
2861 1083 2879 1109 ,
2899 1057 3077 1099 nonne
3100 1042 3154 1095 in
3186 1038 3424 1096 nomine
3447 1044 3558 1092 tuo
3584 1034 3792 1105 prophe-

2213 1136 2479 1198 tavimus;
2509 1141 2566 1189 et
2601 1134 2658 1188 in
2678 1133 2898 1189 nomine
2922 1141 3016 1188 tuo
3037 1130 3303 1188 daemonia
3329 1128 3654 1200 eiecimus;
3680 1133 3729 1182 et
3746 1124 3789 1183 il

2205 1234 2301 1297 tuo
2321 1223 2541 1280 nomine
2574 1224 2816 1279 virtutes
2859 1211 3057 1278 multas
3074 1220 3349 1278 fecimus?
3378 1219 3452 1274 Et
3490 1225 3635 1272 tunc
3650 1215 3786 1272 ced-

2205 1317 2360 1373 tebcr
2401 1316 2506 1372 illis
2542 1318 2671 1387 quia
2714 1332 2989 1387 nunquam
3016 1316 3146 1372 novi
3185 1329 3288 1371 vos
3313 1328 3335 1368 :
3368 1311 3787 1368 discediteane

2204 1408 2299 1477 qui
2337 1409 2640 1479 operamini
2694 1409 3054 1479 iniquitatem.
3085 1427 3125 1474 ι,
3165 1407 3355 1464 Unum
3418 1419 3570 1459 vero
3614 1403 3787 1473 sim

2205 1496 2483 1554 electionis
2526 1507 2610 1554 est
2658 1497 2903 1573 soliditas
2941 1496 3225 1553 charitatis
3246 1537 3264 1561 ,
3329 1495 3495 1551 sicut
3564 1493 3788 1561 scriptu

2205 1596 2292 1644 est
2316 1606 2328 1641 :
2367 1607 2386 1639 ‹
2413 1579 2472 1642 In
2498 1586 2603 1644 hoc
2627 1587 2831 1642 scietur
2853 1587 2980 1658 quia
3005 1587 3115 1641 mei
3145 1583 3414 1655 discipuli
3448 1582 3597 1638 estis
3613 1623 3631 1645 ,
3657 1581 3696 1636 si
3722 1579 3784 1633 ὥ-

2205 1679 2492 1735 lectionem
2516 1679 2815 1735 habueritis
2864 1679 3194 1733 ad'invicem
3231 1675 3437 1751 (Joan.
3474 1674 3628 1744 xm).
3649 1694 3667 1727 ι
3693 1672 3786 1726 hc

2208 1778 2387 1825 autem
2437 1770 2696 1825 miracula
2724 1785 2850 1825 cum
2873 1769 3031 1825 electi
3064 1767 3292 1833 faciant,
3336 1766 3522 1837 longe
3550 1764 3787 1820 dissimi-

519 1866 708 1936 patriae
736 1872 946 1919 secreta
978 1862 1186 1917 rimari.
1233 1862 1509 1917 Fenestrte
1545 1869 1671 1915 sunt
1711 1862 1765 1915 in
1799 1861 2090 1916 frontibus.
2122 1854 2169 1912 B
2199 1868 2283 1916 ter
2309 1875 2340 1915 a
2367 1859 2608 1931 reprobis
2636 1859 2859 1916 faciunt.
2888 1858 3025 1928 Quia
3053 1860 3197 1930 quod
3224 1856 3401 1914 electi
3429 1872 3507 1912 ex
3540 1855 3786 1917 σιω-ἣδε,

523 1951 632 2007 Alii
675 1966 806 2008 vero
844 1952 901 2006 in
935 1958 1139 2006 sanctae
1183 1950 1424 2005 ecclesia:
1463 1950 1586 2005 sinu
1633 1952 2006 2016 continentur,
2046 1959 2103 2006 et

523 2043 767 2113 despecti
798 2042 1050 2098 humanis
1089 2040 1261 2098 oculis
1290 2042 1565 2107 videntur,
1611 2041 1706 2097 sed
1741 2042 1883 2113 apud
1930 2057 1988 2097 se
2013 2056 2101 2097 sa-

519 2134 736 2206 pientiae
765 2133 957 2190 studiis
982 2140 1177 2188 vacant
1214 2151 1226 2186 :
1258 2131 1327 2187 ad
1365 2131 1609 2186 cmlestia
1638 2131 1893 2187 anhelant
1915 2142 2097 2202 atque,

517 2224 576 2280 in
601 2232 862 2294 quantum
891 2223 1207 2294 praevalent,
1231 2238 1352 2293 quae
1378 2222 1487 2278 sint
1527 2222 1722 2293 gaudia
1748 2230 1950 2278 aaterna
1972 2237 2101 2278 con-

514 2315 780 2372 siderant.
820 2314 1095 2371 Fenestrae
1122 2317 1308 2385 itaque
1325 2315 1559 2386 obliquae
1584 2325 1711 2371 sunt
1737 2333 1751 2370 :
1777 2318 1872 2371 sed
1916 2317 1972 2371 in
2014 2316 2098 2372 his

518 2408 601 2465 sol
646 2424 754 2463 non
799 2415 901 2463 est.
949 2408 1094 2463 Bene
1134 2416 1313 2463 autem
1360 2408 1561 2463 dicitur
1592 2425 1683 2478 per
1707 2425 1891 2478 gyrum
1922 2423 1941 2460 :
1971 2409 2099 2478 quia

513 2501 695 2556 omnis
740 2501 1018 2571 inquisitio
1068 2502 1402 2556 secretarum
1456 2513 1640 2553 rerum
1688 2513 1877 2570 gyrum
1910 2497 2096 2567 habet,

514 2592 645 2649 dum
672 2594 726 2648 in
767 2593 1096 2663 cogitatione
1120 2608 1217 2648 sua
1239 2592 1370 2647 dicit
1411 2590 1624 2647 animus
1649 2608 1661 2644 :
1690 2589 1926 2647 Putasne
1953 2590 2098 2647 hoc?

515 2691 750 2750 putasne
785 2681 915 2735 illud
963 2682 1083 2735 est?
1125 2682 1292 2749 Quasi
1342 2681 1538 2736 circuit
1583 2690 1642 2735 ut
1682 2679 1925 2737 inveniat
1953 2680 2097 2751 quod
2134 2698 2141 2701 ‘

510 2770 732 2840 ‘quaerit.
770 2768 868 2823 Cui
898 2784 1020 2822 cum
1043 2770 1564 2841 incircumscriptum
1596 2770 1778 2826 lumen
1812 2785 2097 2841 erumpere

518 2860 572 2914 in
599 2860 873 2929 agnitione
897 2860 1142 2930 cmperit,
1170 2860 1325 2931 quasi
1371 2874 1470 2931 per
1496 2860 1770 2930 obliquam
1798 2859 2095 2916 fenestram

519 2950 702 3004 radius
726 2950 973 3005 veritatis
1000 2950 1165 3005 venit.
1209 2949 1300 3005 Sic
1333 2950 1533 3020 quippe
1570 2950 1626 3005 in
1645 2948 2096 3019 contemplatione

508 3046 702 3093 nostra
723 3039 893 3093 multa
913 3039 1330 3110 cogitationibus
1353 3040 1737 3095 circumeundo
1754 3038 2091 3109 perﬁcimus:

512 3128 655 3185 sicut
676 3128 921 3198 exempla
949 3129 1214 3184 bonorum
1244 3143 1386 3199 saepe
1415 3128 1724 3199 quaerimus,
1755 3135 1816 3183 ut
1842 3127 1898 3183 in
1926 3126 2093 3183 mori-

2204 1953 2309 2009 hcc
2345 1953 2563 2023 reprobi
2605 1952 2822 2008 student
2862 1967 3022 2024 agere
3062 1967 3161 2024 per
3201 1950 3528 2006 elationem
3556 1966 3573 2000 :
3600 1946 3785 2002 εαιείξα

2203 2047 2328 2102 dem
2353 2045 2542 2103 electis
2569 2054 2625 2102 et
2645 2046 2760 2117 ipsa
2781 2045 2917 2100 mira
2946 2058 3069 2114 quas
3090 2058 3190 2114 per
3205 2040 3571 2097 charitatem
3597 2038 3780 2099 tam

2199 2158 2308 2198 non
2331 2141 2446 2211 jam
2490 2141 2686 2213 palma:
2712 2149 2862 2205 sunt,
2902 2138 2999 2195 sed
3026 2137 3205 2193 adhuc
3231 2136 3472 2206 pictura
3498 2132 3783 2203 palm

2207 2231 2335 2302 quia
2363 2229 2435 2287 de
2456 2230 2537 2286 eis
2557 2229 2694 2286 foris
2721 2228 3047 2294 ostenditur,
3080 2224 3274 2296 quales
3297 2222 3465 2294 apud
3490 2221 3785 2290 omnipota-

2206 2331 2316 2377 tem
2370 2320 2659 2376 Dominum
2694 2320 2838 2374 intus
2882 2318 3205 2373 habeantur.
3260 2312 3349 2369 Ibi
3383 2319 3584 2366 autem
3606 2306 3781 2379 ἀδμ-

2198 2428 2287 2491 ma
2320 2416 2443 2480 erit,
2477 2414 2570 2469 ubi
2608 2413 2724 2484 jam
2751 2412 2944 2468 mortis
2996 2401 3297 2467 contentio
3329 2423 3459 2462 non
3513 2404 3641 2461 erit.
3681 2402 3781 2457 Μ

2194 2507 2520 2583 praedicator
2579 2504 2828 2577 egregius
2890 2511 3018 2559 tunc
3073 2499 3291 2571 aspexit
3336 2498 3598 2569 palmam
3630 2500 3783 2549 man

2195 2597 2536 2654 vincentibus
2564 2596 2702 2660 dari,
2733 2591 3347 2674 cum'resurrecticnem
3380 2587 3645 2659 praevidit
3672 2599 3783 2639 mur

2195 2696 2411 2767 tuorum
2452 2685 2571 2741 fieri
2608 2676 2747 2742 sicut
2772 2684 2942 2740 dicit:
2979 2682 3246 2753 «Oportet
3271 2679 3437 2734 enim
3468 2674 3782 2746 corruptiﬁ

2195 2782 2303 2837 hoc
2332 2781 2562 2837 induere
2598 2779 3077 2850 incorruptionem,
3108 2784 3166 2832 et
3189 2775 3438 2831 mortale
3468 2775 3579 2829 hoc
3601 2773 3784 2827 inibat

2194 2873 2679 2938 immortalitatem,
2729 2878 2859 2926 tunc
2896 2868 2992 2925 ﬁet
3037 2881 3220 2924 sermo
3260 2867 3360 2936 qui
3407 2865 3654 2934 scriptus
3676 2868 3781 2916 est:

2192 2963 2463 3034 Absorpta
2512 2971 2598 3020 est
2636 2976 2785 3019 mors
2836 2961 2892 3015 in
2934 2958 3186 3014 victoria.
3228 2955 3341 3012 Ubi
3378 2965 3472 3011 est
3510 2969 3678 3014 mors.
3722 2952 3786 3004 ri-

2193 3057 2366 3112 ctoria
2387 3057 2518 3111 tua?
2544 3056 2635 3112 ubi
2661 3061 2746 3111 est
2767 3052 3019 3129 stimulus
3038 3050 3204 3107 tuus!
3228 3048 3287 3121 (ι
3310 3047 3441 3105 Cor.
3469 3046 3586 3115 xv.)
3608 3066 3631 3099 ι
3662 3043 3790 3100 Tun:

2191 3160 2322 3219 ergo
2365 3146 2473 3203 erit
2507 3144 2746 3217 perfecta
2772 3142 3017 3208 victoria,
3066 3156 3194 3198 cum
3242 3152 3397 3196 mors
3439 3138 3598 3209 plac
3637 3136 3791 3193 fuerit

506 3218 1006 3309 busrproﬁciamus.
1065 3218 1202 3273 Nam
1236 3234 1358 3274 cum
1396 3217 1509 3288 jam
1549 3221 1750 3290 cogitat
1782 3219 1995 3309 animus
2016 3216 2089 3309 ad
2115 3209 2162 3273 G
2193 3209 2464 3309 λδξοφω,

517 3308 737 3363 meliora
790 3310 1020 3364 transire
1044 3349 1059 3375 ,
1096 3310 1358 3380 quidquid
1401 3309 1594 3365 melius
1634 3310 1701 3365 de
1741 3309 1863 3365 aliis
1903 3308 2092 3365 audire

516 3399 718 3470 possit,
766 3400 1005 3470 exquirit
1030 3420 1043 3455 :
1067 3418 1210 3456 nunc
1261 3400 1440 3470 hujus,
1475 3416 1620 3456 nunc
1667 3402 1839 3457 sancti
1868 3400 2093 3456 alterius

514 3490 690 3548 vitam
713 3491 959 3548 ventilat.
1017 3491 1172 3548 Unde
1210 3503 1265 3548 et
1289 3493 1492 3548 electus
1519 3492 1759 3561 quidam,
1790 3493 1883 3563 qui
1910 3493 1966 3547 in
1992 3506 2090 3547 ex-

516 3594 690 3653 panso
714 3580 837 3636 sinu
868 3590 1070 3637 sanctae
1092 3583 1354 3650 ecclesia),
1381 3598 1478 3653 per
1505 3583 1813 3639 universum
1832 3582 2093 3638 mundum

517 3656 720 3711 mentis
749 3657 935 3713 oculos
974 3658 1201 3714 miserat
1228 3659 1494 3715 bonorum
1517 3661 1687 3716 vitam
1729 3663 1800 3719 ad
1835 3663 2097 3724 imitatio-

516 3761 642 3800 nem
672 3748 982 3818 requirens,
1013 3749 1264 3805 dicebat:
1302 3770 1320 3802 ι
1354 3749 1607 3807 Circuibo
1631 3760 1689 3809 et
1717 3753 2007 3813 immolabo
2040 3759 2099 3816 in

517 3839 869 3895 tabernaculo
896 3843 1015 3913 ejus
1042 3844 1276 3899 hostiam
1297 3844 1636 3914 jubilationis
1660 3848 1835 3921 (Paul.
1873 3852 2044 3925 xxvi).
2073 3871 2094 3907 ι

512 3927 677 3995 Ecce,
701 3942 759 3983 ul.
779 3930 1085 3988 immolaret
1099 3935 1437 4004 jubilaticnis
1467 3938 1699 3995 hostiam
1726 3941 2050 4000 circumibat
2080 3962 2096 3999 :

514 4017 641 4085 quia
687 4018 790 4072 nisi
838 4021 1075 4077 animum
1120 4023 1227 4080 huc
1270 4025 1502 4097 illucque
1533 4028 1601 4083 ad
1635 4029 1901 4087 bonorum
1929 4033 2095 4107 vitam

512 4108 901 4177 exquirendum
932 4114 1191 4179 mitteret,
1226 4116 1339 4185 ipse
1374 4133 1544 4188 usque
1565 4121 1632 4176 ad
1651 4119 1989 4189 jubilaticnis
2009 4140 2097 4179 sa-

514 4197 778 4253 criﬁcium
818 4216 925 4255 non
951 4204 1279 4270 perveniret.
1310 4204 1444 4261 Cum
1466 4224 1595 4264 vero
1622 4212 1796 4267 sancti
1820 4200 1924 4267 viri
1951 4214 2095 4268 intra

512 4285 811 4343 Ecclesiam
848 4292 917 4344 ad
951 4292 1068 4347 loca
1113 4310 1322 4349 summa
1354 4298 1737 4367 perducuntur,
1766 4318 1957 4359 eorum
1982 4305 2095 4361 vita

510 4377 669 4467 quasi
700 4379 755 4432 in
770 4381 985 4446 speculo
1005 4386 1242 4451 ponitur,
1275 4397 1332 4440 ut
1358 4391 1535 4444 cuncti
1564 4392 1780 4451 videant
1810 4393 1949 4450 bona
1973 4412 2094 4467 qua:

504 4465 748 4521 debeant
773 4469 993 4524 imitari.
1027 4472 1179 4529 Unde
1209 4484 1263 4529 et
1293 4478 1472 4533 adhuc
1503 4488 1626 4550 apte
1663 4484 1943 4540 subditur:
1978 4465 2005 4538 £
2026 4488 2094 4543 Et
2117 4484 2135 4550 έ

512 4563 639 4611 ante
669 4556 873 4614 frontes
901 4561 1112 4632 pictura
1138 4564 1462 4635 palmarum.
1502 4589 1521 4620 ι
1557 4569 1698 4636 Quid
1726 4589 1822 4643 per
1854 4576 2088 4644 palmas,

509 4646 612 4707 nisi
642 4650 862 4718 praemia
893 4652 1134 4710 victoriae
1159 4657 1552 4730 designantur?
1579 4661 1713 4732 Ipsa:
1748 4666 1946 4736 quippe
1975 4668 2093 4724 dari

504 4737 749 4813 victoriae
779 4743 973 4801 solent.
998 4745 1150 4805 Unde
1169 4750 1343 4814 dehis
1365 4768 1580 4824 quoque
1601 4755 1695 4825 qui
1720 4756 1776 4811 in
1796 4760 2092 4817 certamine

505 4831 752 4900 martyrii
781 4835 1064 4905 antiquum
1095 4838 1309 4896 hostem
1341 4843 1607 4910 vicerant,
1638 4853 1694 4901 et
1712 4846 1828 4917 jam
1857 4850 2092 4907 victores

505 4919 562 4975 in
590 4922 770 4991 patria
807 4926 1134 4994 gaudebant,
1169 4931 1433 5000 scriptum
1458 4943 1577 4989 est:
1606 4954 1625 4988 ι
1660 4933 1863 4995 Palma:
1887 4939 1946 4994 in
1976 4956 2093 4996 ma-

498 5010 664 5079 nibus
706 5027 913 5081 eorum,
947 5024 1002 5071 et
1031 5016 1342 5075 clamabant
1379 5008 1753 5101 voce'magna
1800 5028 2043 5087 dicentes
2074 5045 2088 5085 :

500 5101 663 5169 Salus
685 5105 797 5160 Dec
820 5115 1024 5171 nostro,
1057 5110 1151 5177 qui
1177 5110 1329 5165 sedet
1357 5127 1520 5183 super
1547 5108 1827 5186 thronum,
1851 5129 1907 5176 et
1933 5121 2090 5193 Agno

503 5192 692 5291 (dpoc.
724 5197 844 5267 vn).
877 5216 895 5248 ι
931 5196 1145 5254 Palmas
1172 5202 1369 5272 quippe
1394 5203 1449 5291 in
1482 5207 1732 5264 manibus
1760 5192 2091 5279 habere,est

500 5289 759 5349 victorias
784 5292 838 5346 in
869 5295 1187 5363 operatione
1226 5289 1465 5356 tenuisse
1500 5343 1513 5354 .
1559 5301 1713 5372 cujus
1754 5308 2091 5377 operationis

496 5378 681 5448 palma
707 5382 781 5438 ibi
809 5383 1089 5453 tribuetur,
1113 5388 1203 5445 ubi
1218 5387 1330 5459 jam
1345 5392 1462 5448 sine
1479 5396 1781 5450 certamine
1801 5397 2084 5466 gaudetur.

499 5468 655 5526 Unde
685 5472 773 5528 hic
801 5490 906 5529 non
935 5476 1150 5545 dicitur,
1192 5472 1389 5549 palma:
1421 5493 1551 5540 ante
1575 5484 1804 5553 frontes,
1836 5487 1934 5543 sed
1956 5498 2084 5545 ante

506 5561 713 5623 frontes
730 5566 949 5636 pictura
978 5572 1301 5641 palmarum.
1330 5560 1583 5633 lbi‘enim
1611 5580 1838 5637 victoria
1871 5583 2082 5641 videbi-

498 5662 612 5719 tur,
648 5656 736 5712 ubi
770 5656 884 5760 jam
927 5662 1045 5716 sine
1072 5666 1178 5719 ﬁne
1204 5668 1547 5737 gaudebitur.
1598 5671 1733 5727 Nam
1768 5674 2089 5761 plerumque

500 5755 724 5803 sanctos
753 5750 897 5805 viros
927 5753 1218 5823 aspicimus
1247 5760 1382 5813 mira
1421 5778 1602 5831 agere,
1630 5767 1853 5822 virtutes
1889 5750 2087 5824 multas

2281 3347 2300 3381 ‹
2333 3306 2401 3383 Et
2420 3327 2606 3404 eduxit
2629 3306 2719 3382 me
2751 3326 2821 3382 ad
2846 3324 3046 3380 atrium
3068 3323 3342 3379 exterius.
3368 3319 3435 3375 Et
3466 3334 3601 3376 ecce
3628 3331 3791 3389 gazo-

2203 3435 2223 3470 ‹
2256 3416 2507 3488 phylacia
2543 3424 2601 3471 et
2635 3415 3004 3486 pavimentum
3031 3420 3270 3468 stratum
3302 3410 3480 3481 lapide
3507 3409 3572 3464 in
3600 3408 3785 3463 atria:

2202 3525 2222 3560 ι
2253 3522 2352 3579 per
2373 3507 2666 3563 circuitum
2691 3523 2705 3559 :
2732 3504 2955 3576 triginta
2973 3502 3365 3574 gazophylacia
3386 3501 3449 3556 in
3470 3501 3697 3557 circuitu
3710 3512 3785 3565 pa-

2159 3646 2170 3654 .
2201 3618 2221 3652 (
2255 3597 2951 3668 vimenti,etpavimentum
2964 3595 3021 3649 in
3034 3594 3213 3650 fronte
3226 3588 3781 3664 portarumeratiufe

2202 3711 2221 3743 ι
2256 3691 2389 3746 rius.
2405 3691 2472 3745 Et
2487 3705 2706 3745 mensus
2717 3696 2801 3745 est
2820 3686 3158 3743 latitudinem
3175 3700 3206 3739 a
3220 3684 3368 3739 facie
3386 3692 3571 3754 porta
3592 3680 3778 3737 inferior

2191 3799 2222 3858 ,ι
2264 3781 2341 3836 ris
2357 3795 2527 3850 usque
2539 3780 2606 3835 ad
2616 3777 2736 3834 fron
2743 3786 2851 3834 tem
2863 3776 2990 3833 atrii
3001 3775 3280 3831 interioris
3292 3774 3671 3833 extrinsecus.
3681 3785 3782 3825 m-

2201 3890 2222 3924 i
2259 3878 2374 3926 tum
2402 3869 2616 3925 cubitos
2648 3869 2718 3923 ad
2737 3868 3004 3923 orientem
3028 3874 3085 3921 et
3110 3864 3177 3920 ad
3206 3863 3556 3934 aquilonem.
3602 3883 3623 3914 ι
3648 3858 3775 3931 (Hi:-

2198 3958 2342 4030 ron.)
2383 3958 2480 4015 Vir
2500 3972 2631 4029 ergo
2660 3958 2749 4013 ille
2781 3956 2874 4029 qui
2906 3955 3141 4011 habebat
3166 3953 3483 4009 funiculum
3512 3962 3776 4009 ciemu-

2197 4048 2404 4103 riorum
2430 4048 2486 4103 in
2520 4063 2681 4103 manu
2717 4054 2772 4103 et
2801 4046 3066 4102 calamum
3090 4058 3387 4109 mensurae,
3420 4050 3488 4098 et
3523 4042 3694 4098 stabat
3727 4041 3771 4095 il

2198 4147 2375 4208 porta,
2409 4138 2550 4193 inter
2576 4145 2772 4192 caetera
2799 4152 2920 4207 quae
2947 4127 3221 4206 propheta:
3251 4134 3611 4190 monstrabat
3638 4148 3770 4203 θεοῦ

2197 4226 2308 4282 ctui
2331 4235 2452 4297 post
2486 4227 2683 4281 atrium
2722 4226 2997 4297 sexaginta
3022 4225 3355 4290 cubitorum,
3376 4234 3439 4279 et
3460 4224 3614 4279 aliud
3637 4222 3772 4279 resti-

2197 4317 2382 4373 bulum
2425 4326 2595 4388 portae
2641 4317 2917 4373 interioris
2951 4317 3095 4386 quod
3134 4316 3355 4371 tenebat
3398 4317 3771 4388 quinquaginta

2188 4395 2429 4475 cubitos,
2464 4407 2651 4463 eduxit
2682 4407 3001 4477 prophetam
3030 4406 3099 4462 ad
3127 4406 3330 4461 atrium
3371 4409 3645 4471 exterius,
3682 4407 3771 4461 ἐκ

2199 4506 2260 4553 ιιι
2279 4497 2335 4552 in
2351 4496 2703 4569 Septuaginta
2725 4498 3053 4563 continetur,
3077 4498 3380 4553 introduxit
3398 4500 3477 4554 ad
3498 4500 3691 4555 atrium
3709 4498 3769 4551 h-

2197 4589 2386 4645 terius.
2413 4587 2666 4659 Satisque
2692 4589 2861 4645 miror
2895 4576 3052 4661 juxta
3087 4589 3327 4645 litteram
3348 4600 3407 4645 et
3437 4590 3769 4662 Septuag'uta

2195 4678 2466 4749 quomodo
2505 4686 2628 4748 post
2662 4678 2932 4734 exteriora
2977 4679 3102 4733 atrii
3154 4680 3515 4749 septuaginta
3544 4692 3597 4735 et
3636 4679 3769 4749 qia-

2182 4764 2452 4841 quaginta
2489 4769 2700 4825 cubitos
2734 4771 2990 4835 tenentia,
3032 4770 3260 4825 interius
3279 4770 3358 4824 sit
3388 4771 3622 4837 atrium,
3648 4768 3767 4839 quod

2196 4859 2253 4915 in
2278 4858 2559 4914 latitudine
2611 4852 3175 4915 centum'cubitcrum
3224 4860 3494 4915 tendatur
3554 4862 3765 4931 spatiis:

2184 4948 2301 5027 nisi
2328 4947 2467 5003 forte
2489 4947 2646 5016 juxta
2672 4949 2928 5020 mysticos
2949 4949 3274 5016 intellectus,
3299 4960 3361 5005 et
3394 4951 3677 5021 profectus
3700 4950 3768 5005 il-

2193 5038 2548 5113 gredientium
2593 5053 2714 5107 qua:
2756 5039 3013 5095 interiora
3055 5041 3109 5095 in
3143 5040 3416 5097 doctrinis
3448 5044 3667 5105 fuerint,
3693 5042 3765 5095 la—

2193 5129 2334 5184 tiora
2356 5129 2483 5184 sint.
2507 5128 2846 5186 Introductus
2874 5139 3054 5186 autem
3080 5131 3135 5185 in
3159 5132 3362 5186 atrium
3388 5134 3647 5199 interius,
3668 5135 3765 5190 sive

2180 5219 2386 5297 ductus
2409 5219 2477 5274 ad
2503 5220 2742 5275 exterius
2762 5221 2980 5287 atrium,
2997 5230 3056 5275 ut
3076 5221 3130 5276 in
3151 5220 3425 5280 Hebraico
3446 5226 3767 5283 continent.

2192 5309 2376 5364 statim
2392 5309 2619 5365 intuitus
2640 5319 2723 5364 est
2744 5310 2958 5380 triginta
2985 5310 3246 5367 thalamos
3260 5313 3344 5368 vel
3370 5315 3769 5387 galepbylacia.

2194 5399 2259 5454 Et
2296 5407 2354 5454 ut
2377 5399 2736 5470 Symmachus
2757 5400 3252 5471 interpretatusiest
3271 5405 3528 5473 exedi-as,
3551 5423 3669 5478 qut
3686 5406 3775 5460 hl-

2190 5488 2434 5544 bitationi
2464 5488 2775 5544 chitarum
2813 5497 2973 5560 atque
3011 5493 3358 5549 sacerdotum
3386 5497 3607 5553 fuerant
3646 5510 3777 5568 pr:-

2192 5585 2411 5648 paratm,
2436 5584 2492 5632 et
2523 5577 2892 5648 pavimentum
2923 5579 3058 5634 vivis
3083 5590 3315 5639 stratum
3342 5583 3643 5656 lapidibus,
3666 5588 3777 5643 sive

2191 5666 2598 5725 intercolumnia
2638 5680 2697 5723 ut
2730 5670 3043 5726 ostendatur
3080 5672 3308 5729 interius
3335 5676 3548 5733 atrium
3576 5678 3662 5733 vel
3685 5692 3778 5734 αθ

2174 5756 2356 5814 ‘tcrius
2384 5754 2583 5815 habere
2623 5768 2745 5813 ante
2792 5758 2933 5816 fores
2972 5758 3225 5818 ordinem
3268 5763 3674 5835 columnarum,
3721 5774 3781 5827 ct
