3908 6356
89 319 175 375 921

981 311 1331 371 COMMENT.
1369 310 1436 366 IN
1474 303 1930 366 EZECHIELEM.
1966 339 2039 349 —
2073 306 2202 364 LIB.
2236 296 2332 364 XV

3198 302 3304 364 922

88 434 428 503 pavimentum
457 430 511 486 in
547 429 725 489 fronte
764 439 1063 502 portarum,
1091 430 1205 485 sive
1240 429 1478 499 porticus
1501 435 1624 497 post
1650 421 1870 493 Aquod
1898 421 2094 477 multas
2122 421 2303 491 fruges
2327 418 2553 483 laceret,
2590 427 2647 473 et
2668 417 2864 474 famem
2884 416 3086 487 judaiei
3114 411 3303 490 populi

89 536 280 596 tergum
305 531 597 595 portarum.
630 520 692 576 In
715 522 910 592 quibus
930 519 1224 592 porticibus
1252 528 1380 589 puto
1418 518 1627 574 colum-

86 631 179 672 nas
205 615 383 669 ordine
426 611 591 668 fuisse
632 611 918 682 dispositas
948 627 961 662 :
1000 618 1060 666 ut
1085 618 1210 664 ante
1248 608 1630 680 gazophylacia

84 719 255 767 essent
274 706 532 779 porticus,
558 713 616 761 et
642 705 700 759 in
730 704 995 760 frontibus
1020 703 1322 773 porticuum
1368 701 1631 757 columna

83 802 308 876 porticus
326 799 668 856 sustinentes.
698 797 1069 854 Pavimentum
1105 803 1284 850 autem
1311 795 1454 865 quod
1484 802 1628 850 stra-

84 905 191 952 tum
211 902 323 950 erat
341 891 623 963 lapidibus,
649 900 705 948 et
731 901 855 948 ante
877 891 1115 962 porticus
1138 887 1263 944 atrii
1295 888 1631 952 tendebatur,

84 990 293 1046 inferius
318 998 435 1048 erat
465 989 778 1048 ascensione
817 983 1138 1054 porticuum.
1177 990 1234 1038 et
1268 979 1511 1036 eamdem
1536 978 1633 1033 ha-

83 1080 234 1136 bebat
282 1070 667 1149 longitudinem
720 1090 884 1148 quam
941 1072 1296 1130 thalamorum
1348 1059 1632 1148 adificatio

83 1170 393 1245 possidebat.
431 1169 754 1239 Mensusque
791 1174 875 1222 est
911 1166 1053 1221 idem
1081 1163 1166 1218 vir
1192 1161 1247 1215 in
1281 1157 1433 1227 cujus
1469 1167 1633 1245 mauu

83 1244 196 1324 erat
226 1265 490 1323 funiculus
531 1272 587 1320 et
621 1262 857 1320 calamus
887 1273 921 1313 a
961 1255 1097 1312 facie
1140 1259 1311 1324 porta
1338 1244 1632 1310 inferioris,

83 1361 211 1427 sive,
228 1367 286 1414 ut
305 1356 648 1429 Septuaginta
666 1353 870 1418 volunt,
894 1345 1182 1406 exterioris
1203 1355 1373 1411 usque
1398 1337 1466 1394 ad
1490 1336 1634 1392 fron-

83 1462 187 1507 tem
241 1453 359 1507 atrii
397 1450 482 1506 vel
523 1457 693 1521 porta
717 1445 1012 1508 interioris,
1056 1449 1272 1497 centum
1315 1434 1524 1491 cubitus
1566 1430 1636 1485 ad

83 1547 352 1612 orientem,
367 1552 422 1599 et
445 1552 507 1600 ut
531 1544 588 1599 in
605 1542 870 1599 Hebraico
896 1538 1112 1603 dicitur,
1136 1543 1193 1589 et
1212 1533 1280 1587 ad
1307 1528 1630 1600 aquilonem.

83 1639 159 1695 Ex
186 1638 374 1710 quibus
388 1618 735 1707 intelligimus
757 1616 1275 1700 illud‘cvangelicum
1298 1619 1442 1691 quod
1463 1633 1495 1672 a
1517 1614 1635 1671 Sal-

83 1738 259 1786 vatore
280 1736 553 1792 narratur,
579 1724 757 1780 missa
777 1723 834 1779 in
857 1735 1044 1793 agrum
1071 1712 1327 1772 sementis
1350 1712 1405 1766 in
1435 1716 1636 1763 terram

83 1824 269 1879 bonam
289 1835 406 1891 qua
433 1817 749 1888 multiplicet
770 1813 952 1881 fruges
976 1823 1076 1880 pro
1095 1805 1356 1861 varietate
1378 1800 1639 1891 virtutum

83 1914 132 1969 in
158 1888 519 1973 tricenarium,
563 1916 619 1963 et
650 1907 707 1961 in
746 1899 1154 1973 sexagenarium
1190 1904 1247 1952 et
1269 1888 1638 1950 centenarium

83 2019 374 2069 numerum,
403 1999 563 2071 hujus
575 1998 679 2054 loci
692 1994 947 2060 vaticinio
971 1988 1293 2047 convenire:
1318 1992 1373 2039 et
1391 1982 1481 2037 hic
1495 1980 1641 2035 enim
1682 2051 1688 2057 l

83 2097 379 2169 trigesimus
392 2104 447 2150 et
461 2091 827 2163 sexagesimus
848 2095 903 2143 et
923 2083 1248 2142 centesimus
1266 2088 1523 2133 numerus
1542 2087 1641 2141 po—

83 2165 242 2255 nitur,
278 2195 338 2243 ut
363 2188 450 2242 his
478 2184 632 2255 quasi
662 2180 917 2253 gradibus
942 2176 1011 2231 ad
1035 2172 1329 2245 perfectam
1358 2165 1642 2223 scientiam

83 2279 354 2351 pervenire
379 2276 674 2339 valeamus,
706 2272 780 2327 ita
815 2269 1076 2325 duntaxat
1109 2272 1170 2318 ut
1213 2261 1281 2315 ad
1325 2256 1642 2351 interiorem

83 2343 241 2427 idem
288 2364 778 2438 quinquagenarius
816 2374 917 2415 nos
948 2355 1207 2428 perducat
1234 2361 1512 2411 numerus,
1547 2343 1641 2414 qui

83 2461 222 2517 ﬁnito
247 2467 452 2529 septem
485 2453 941 2513 hebdomadarum
968 2448 1193 2504 sabbato
1215 2443 1270 2498 in
1292 2442 1435 2497 diem
1462 2450 1642 2492 resur-

83 2553 326 2610 rectionis
353 2550 605 2623 erumpit.
634 2542 1029 2616 Gazophylacia
1074 2546 1254 2594 autem
1283 2532 1639 2623 appellantur,

83 2665 191 2721 qua
212 2649 369 2720 plena
395 2621 522 2702 sunt
545 2636 915 2713 spiritualibus
943 2631 1165 2697 divitiis,
1191 2630 1259 2688 de
1282 2626 1489 2721 quibus,
1506 2621 1643 2721 scri-

83 2715 232 2813 ptum
246 2748 333 2796 est
359 2758 373 2794 :
405 2757 424 2789 ι
466 2733 783 2805 Redemptio
820 2731 1015 2787 anima
1050 2727 1155 2782 viri
1184 2722 1417 2813 propria
1443 2715 1644 2775 divitia

83 2812 252 2907 iProv.
275 2831 420 2903 xm).
460 2848 479 2881 ι
511 2827 685 2897 Super
696 2824 895 2896 quibus
918 2828 974 2877 et
990 2818 1191 2874 Paulus
1214 2812 1491 2907 apostolus
1518 2825 1646 2907 con-

83 2901 667 2998 gratulaturdiscipulis
695 2917 827 2982 suis,
856 2913 1000 2985 quod
1017 2910 1163 2982 pleni
1183 2910 1292 2966 sint
1313 2905 1461 2963 omni
1481 2901 1645 2998 verbo

83 2992 299 3089 etiamni
328 3010 574 3068 scientia.
596 3008 744 3064 Gaza
768 3015 950 3062 autem
973 3004 1156 3074 lingua
1182 2999 1476 3055 Persarum
1505 2992 1644 3089 divi-

83 3083 159 3159 ;ia
182 3108 581 3172 nuncupantur.
617 3096 713 3152 Vel
750 3103 900 3179 certe
927 3090 1170 3156 thalami,
1210 3088 1305 3160 (Ιιιί
1342 3087 1530 3180 δι’φθθ
1670 3117 1716 3180 C

83 3200 265 3250 :untur
285 3189 612 3268 παστοφορια
646 3176 942 3244 ostendunt
969 3181 1153 3256 sponsi
1190 3177 1447 3236 adventui
1482 3175 1639 3232 cubi-

83 3284 184 3341 :ula
226 3291 530 3354 praparata
568 3295 688 3351 qua
710 3279 865 3334 fuere
894 3275 1116 3346 triginta
1148 3284 1395 3336 numero,
1424 3275 1487 3323 ut
1513 3280 1647 3336 per-g

83 3373 264 3430 'ectam
297 3380 510 3427 aetatem
533 3369 896 3426 habitantium
926 3366 1378 3422 demonstrarent.
1406 3359 1476 3413 Et
1497 3356 1644 3428 pavi-

83 3472 311 3521 nentum
342 3468 581 3518 stratum
596 3467 716 3516 erat
743 3459 940 3528 lapide,
961 3470 1030 3511 ne
1061 3454 1176 3509 luto
1200 3459 1258 3508 et
1284 3459 1430 3507 terra
1451 3457 1507 3504 et
1526 3446 1644 3518 pul-

83 3571 196 3613 vere
236 3561 581 3626 peccatorum
612 3549 971 3607 habitantium
998 3545 1366 3617 polluerentur
1390 3538 1641 3609 vestigia,

83 3649 166 3706 sed
195 3657 258 3703 ut
296 3661 460 3717 super
495 3644 647 3699 vivos
682 3641 995 3698 incederent
1020 3635 1226 3709 lapides
1252 3632 1449 3703 quibus
1475 3627 1671 3683 adiﬁ-.

83 3747 223 3796 :atur
264 3735 521 3807 templum
558 3732 673 3789 Dei.
728 3729 853 3786 Sive
887 3723 1299 3805 intercolumnia
1336 3727 1493 3777 erant
1521 3724 1647 3788 ante

83 3834 430 3890 .halamorum
446 3827 612 3894 fores,
635 3841 757 3898 qua
774 3823 1083 3894 impositum
1107 3820 1340 3897 desuper
1357 3812 1647 3871 aediﬁcium

83 3933 458 3985 sustentarent.
480 3924 607 3979 lsta
626 3927 752 3977 sunt
773 3918 1036 3977 columna
1057 3915 1127 3970 de
1152 3912 1350 3982 quibus
1373 3915 1427 3964 et
1449 3904 1648 3960 Paulus

83 4019 349 4091 ipostolus
370 4015 560 4073 scribit
583 4011 725 4084 (Gal.
756 4010 818 4081 ιι)
845 4029 859 4064 :
892 4028 911 4060 ι
945 4009 1176 4063 Dextras
1215 4001 1482 4091 dederunt
1512 3995 1648 4053 mihi

83 4090 123 4168 at
149 4110 439 4173 Bamaba,
466 4104 661 4161 Petrus
692 4109 748 4157 et
781 4098 1032 4162 Joannes,
1068 4095 1160 4165 qui
1203 4090 1522 4173 videbantur
1558 4100 1648 4141 co-

88 4215 270 4257 umna
315 4211 456 4253 esse.
494 4214 513 4247 ι
550 4193 621 4249 Et
665 4193 721 4247 in
761 4190 866 4246 alio
909 4189 1029 4244 loco
1059 4184 1110 4259 (Ι
1136 4184 1270 4239 Tim.
1300 4182 1430 4253 m):
1480 4198 1499 4232 ι
1541 4177 1647 4233 Co-

83 4488 194 4530 eum
248 4469 555 4527 columnam
603 4465 659 4518 in
706 4460 903 4535 templo
939 4459 1037 4514 Dei
1087 4457 1214 4523 mei,
1255 4463 1311 4510 et

83 4564 377 4639 :gredietur
406 4558 653 4630 amplius.

83 4637 249 4711 'ronte
275 4659 575 4723 portarum,
602 4647 670 4702 de
697 4659 804 4716 quo
826 4644 939 4713 jam
965 4640 1219 4706 diximus,
1259 4639 1374 4694 sive
1405 4637 1647 4708 porticus

84 4752 191 4800 )ost
224 4750 435 4812 tergum
455 4743 756 4808 portarum,
788 4748 906 4802 qua
934 4731 1268 4787 habitatores
1285 4727 1647 4782 thalamorum

83 4834 135 4889 ιι)
180 4829 452 4887 imbribus
502 4823 884 4887 defendebant,
917 4826 1067 4886 erat
1120 4817 1365 4872 inferius.
1423 4815 1652 4883 Semper

83 4925 214 4980 :nim
253 4934 377 4991 qua
401 4916 659 4973 inferiora
687 4921 830 4979 sunt,
877 4912 935 4967 in
975 4909 1255 4966 altioribus
1294 4908 1670 4973 collocantur,

84 5022 129 5069 ll
148 5014 218 5069 ad
240 5008 472 5083 mystica
500 5016 661 5078 atque
680 5010 892 5060 secreta
916 5010 972 5057 et
996 5001 1155 5072 plena
1183 4998 1383 5055 divitiis
1430 4998 1648 5069 spirita-

86 5102 215 5161 ibus
241 5114 475 5159 ascensu
513 5107 577 5154 et
603 5096 860 5169 gradibus
885 5093 1168 5165 pervenire
1203 5091 1494 5162 possimus.
1512 5151 1516 5154 ι
1532 5088 1655 5145 Ple-

83 5207 307 5264 rumque
342 5205 601 5246 numerus
628 5196 793 5263 atque
829 5183 1100 5257 perfectus
1124 5183 1180 5237 in
1207 5179 1652 5246 decemdecada-

83 5298 193 5339 'um
248 5294 477 5335 numero
522 5285 625 5342 est,
671 5276 763 5346 qui
796 5285 851 5331 et
892 5283 1190 5331 sementem
1233 5271 1382 5327 Isaac
1425 5277 1654 5323 centena

83 5374 233 5446 fruge
258 5369 605 5441 multiplicat.
628 5364 735 5422 Sed
754 5366 881 5436 quia
904 5366 958 5420 in
984 5374 1129 5421 terra
1149 5371 1287 5428 erat,
1311 5370 1366 5417 et
1381 5362 1557 5417 adhuc
1577 5359 1658 5415 di-

83 5484 204 5525 2ere
237 5470 454 5539 poterat
490 5480 505 5517 :
542 5480 561 5513 ι
597 5460 817 5516 Advena
847 5474 964 5514 sum
995 5472 1097 5527 ego
1118 5464 1178 5531 et
1206 5455 1542 5526 peregrinus,
1584 5451 1658 5507 si-

83 5567 169 5613 cut
215 5570 409 5613 omnes
448 5561 631 5624 patres
666 5552 769 5607 mei
797 5548 949 5621 (Gen.
995 5546 1187 5618 xxni);
1231 5567 1249 5597 ι
1286 5546 1544 5600 hordeum
1574 5558 1659 5598 se-

83 5652 227 5704 visse
274 5656 332 5703 et
378 5645 724 5701 centesimam
771 5643 979 5713 frugem
1018 5640 1309 5696 messuisse
1359 5646 1655 5713 narratur:

83 5740 324 5801 necdum
344 5735 490 5792 enim
510 5749 733 5806 granum
751 5734 917 5791 tritici
936 5739 1206 5790 mortuum
1227 5730 1401 5786 fuerat
1416 5730 1468 5784 in
1492 5738 1660 5797 terra,
1752 5786 1759 5789 ‘

1730 513 1979 569 audiendi
1999 513 2267 569 sermonis
2287 511 2383 566 Dei
2407 519 2676 566 saturarat
2706 526 2772 567 eo
2790 525 2930 581 pane
2950 512 3041 581 qui
3062 510 3130 567 de
3157 511 3300 569 calo

1731 602 2026 659 descendit.
2091 600 2318 675 (Greg.)
2369 600 2662 671 Postquam
2714 601 2781 656 de
2836 601 3305 672 contemplationis

1729 694 1904 764 gratia
1935 691 2179 761 obliquas
2211 690 2479 746 fenestras
2521 689 2800 745 insinuans
2829 690 3091 760 propheta
3130 690 3301 746 multa

1730 784 1942 840 locutus
1963 791 2066 849 est,
2096 782 2348 838 eductum
2370 796 2429 838 se
2458 781 2698 837 exterius
2720 780 2869 847 dicit,
2895 789 2948 836 et
2978 781 3305 853 gazophyla-

1730 874 1816 929 cia
1855 874 2056 929 vidisse
2107 880 2511 929 commemorat.
2566 870 2626 925 ln
2673 870 2870 939 quibus
2907 870 3308 941 gazophylaciis

1731 966 1860 1036 quid
1882 964 2026 1020 aliud
2049 979 2211 1034 quam
2239 963 2514 1019 doctorum
2554 961 2779 1017 scientia
2819 961 3161 1031 designatur?
3193 960 3301 1017 Sed

1732 1064 1882 1113 certe
1930 1056 2033 1111 hac
2072 1055 2127 1110 in
2174 1069 2235 1110 re
2267 1054 2438 1124 quari
2464 1061 2661 1123 potest,
2698 1068 2823 1108 cum
2856 1051 3106 1107 doctores
3134 1049 3306 1106 sancti
3392 1045 3403 1124 ᾖ

1733 1145 1995 1217 spiritalia
2032 1151 2191 1214 atque
2230 1152 2446 1198 terrena
2470 1143 2724 1210 doceant,
2751 1158 2849 1197 cur
2884 1141 3149 1212 propheta
3175 1142 3307 1197 edu-

1732 1245 1877 1294 ctum
1907 1253 1965 1294 se
1988 1237 2229 1293 exterius
2251 1236 2402 1301 dicit,
2433 1243 2488 1289 et
2516 1224 2896 1306 gazophyl'acia
2917 1234 3050 1290 foris
3071 1233 3308 1290 vidisse?

1735 1328 1842 1386 Sed
1875 1328 2153 1385 sciendum
2185 1337 2269 1383 est
2308 1328 2433 1398 quia
2462 1327 2565 1382 alia
2612 1334 2696 1381 est
2737 1324 3138 1396 contemplatio,
3189 1337 3310 1395 qua

1734 1426 1945 1474 tantum
1979 1419 2123 1473 videt
2150 1424 2411 1486 quantum
2452 1416 2632 1471 dicere
2677 1430 2785 1471 non
2827 1415 2968 1470 valet
3002 1432 3016 1467 :
3052 1413 3154 1468 alia
3183 1428 3312 1470 vero

1734 1508 1961 1565 scientia
2006 1515 2167 1577 atque
2200 1506 2442 1562 doctrina
2480 1521 2601 1577 quae
2642 1513 2848 1560 tantum
2874 1506 3020 1561 videt
3048 1512 3335 1575 quantum

1734 1597 2038 1666 exprimere
2051 1611 2149 1666 per
2169 1596 2407 1666 linguam
2421 1596 2608 1666 possit.
2624 1595 2683 1650 In
2698 1596 3099 1665 comparatione
3113 1595 3312 1665 quippe

1736 1686 1880 1743 illius
1902 1687 2121 1742 luminis
2150 1688 2293 1758 quod
2321 1702 2455 1743 voce
2478 1687 2709 1757 exprimi
2729 1703 2835 1742 non
2857 1696 3035 1759 potest
3053 1688 3207 1758 quasi
3234 1695 3317 1742 to-

1664 1770 1713 1829 B
1740 1786 1854 1833 tum
1879 1779 1983 1835 hoc
2006 1778 2138 1835 foris
2165 1787 2249 1834 est
2267 1778 2410 1849 quod
2438 1780 2665 1849 exprimi
2697 1794 2829 1836 voce
2851 1787 3047 1851 potest.
3079 1780 3168 1834 Ait
3209 1779 3315 1853 ita-

1740 1886 1844 1941 que
1877 1889 1889 1925 :
1923 1890 1942 1922 ι
1980 1871 2047 1926 Εῑ
2075 1872 2261 1927 eduxit
2281 1886 2368 1927 me
2397 1872 2464 1926 ad
2486 1873 2683 1928 atrium
2710 1873 2973 1938 exterius,
3003 1882 3057 1928 et
3078 1888 3207 1928 ecce
3230 1887 3318 1944 ga-

1739 1960 2049 2033 zophylacia
2081 1971 2136 2017 et
2171 1963 2538 2033 pavimentum
2576 1970 2804 2018 stratum
2830 1963 3007 2032 lapide
3033 1964 3088 2017 in
3118 1964 3316 2019 atrium

1737 2064 1836 2120 per
1858 2051 2164 2106 circuitum.
2195 2072 2213 2103 ι
2251 2051 2386 2119 Quia
2429 2066 2678 2107 sermone
2704 2050 2894 2107 Graco
2933 2050 3165 2121 phylaxe
3202 2066 3318 2106 ser-

1738 2153 1868 2193 vare
1892 2140 2111 2206 dicitur,
2138 2149 2193 2196 et
2225 2155 2370 2211 gaza
2403 2140 2584 2211 lingua
2620 2140 2837 2196 Persica
2871 2141 3069 2196 divitia
3115 2156 3318 2196 vocan-

1741 2237 1848 2295 tur,
1885 2231 2327 2304 gazophylacium
2356 2232 2506 2289 locus
2542 2232 2800 2303 appellari
2821 2232 2957 2288 solet
2982 2248 3089 2303 quo
3118 2233 3318 2289 divitia

1739 2330 2044 2376 servantur.
2086 2322 2223 2389 Quid
2253 2323 2432 2392 itaque
2455 2339 2553 2394 per
2577 2324 2957 2395 gazophylacia
2981 2324 3319 2394 designatur,

1739 2413 1866 2481 nisi,
1892 2421 1954 2468 ut
1971 2415 2335 2484 praediximus,
2364 2417 2525 2471 corda
2549 2417 2829 2472 doctorum
2852 2418 3127 2488 sapientia
3158 2427 3321 2490 atque

1740 2504 1979 2559 scientia
2018 2504 2220 2561 divitiis
2272 2506 2465 2575 plena?
2510 2506 2644 2574 Quia
2683 2505 2838 2575 juxta
2880 2508 3031 2563 Pauli
3076 2524 3265 2565 vocem
3303 2526 3319 2566 :

1748 2611 1768 2645 ‹
1802 2595 1910 2650 Alii
1939 2597 2097 2651 datur
2121 2611 2219 2667 per
2232 2595 2492 2666 Spiritum
2513 2613 2692 2654 sermo
2708 2599 3002 2669 sapientia,
3026 2601 3115 2655 alii
3139 2616 3321 2658 sermo

1742 2685 1983 2742 scientia
2028 2688 2081 2743 in
2125 2689 2317 2743 eodem
2337 2686 2538 2760 Spiritu
2562 2688 2615 2761 (I
2650 2687 2774 2744 Cor.
2809 2691 2968 2762 χιιι).
3001 2689 3142 2746 Sunt
3173 2674 3327 2746 enim

1742 2781 1959 2851 quidam
1979 2782 2071 2851 qui
2091 2796 2187 2851 per
2208 2782 2405 2837 donum
2428 2783 2635 2853 gratia,
2656 2792 2712 2839 et
2735 2784 2851 2854 ipsa
2879 2785 3186 2856 intelligunt
3199 2799 3324 2856 qua

1743 2871 1941 2942 exponi
1968 2886 2000 2924 a
2025 2871 2337 2927 doctoribus
2360 2885 2469 2926 non
2509 2872 2815 2938 audierunt,
2840 2873 2897 2928 hi
2927 2874 3178 2930 videlicet
3209 2890 3326 2931 ser-

1744 2976 1934 3016 mones
1970 2961 2247 3032 sapientia
2291 2970 2667 3032 perceperunt.
2707 2962 2776 3017 Et
2814 2970 2940 3018 sunt
2974 2964 3197 3033 quidam
3232 2962 3326 3034 qui

1743 3069 1844 3124 per
1884 3054 2203 3123 semetipsos
2246 3052 2545 3123 intelligere
2573 3053 2755 3109 audita
2792 3063 3088 3125 nequeunt,
3135 3054 3231 3110 sed
3259 3068 3325 3109 ea

1746 3162 1867 3219 qua
1892 3147 1949 3202 in
1976 3147 2376 3217 expositoribus
2397 3146 2663 3216 legerunt,
2691 3147 2930 3202 retinent
2958 3155 3121 3216 atque
3153 3146 3328 3202 scien-

1744 3249 1828 3297 ter
1856 3238 2162 3311 proferunt,
2194 3254 2314 3310 qua
2337 3238 2480 3294 lecta
2499 3238 2824 3295 didicerunt.
2857 3236 3008 3294 Unde
3036 3239 3219 3308 itaque
3236 3236 3329 3294 isti

1743 3333 1850 3390 nisi
1879 3348 2130 3389 sermone
2169 3331 2406 3387 scientia
2435 3331 2580 3401 pleni
2607 3331 2766 3387 sunt?
2790 3314 3059 3398 Quamvis
3098 3329 3211 3385 hoc-
3240 3329 3325 3384 in-

1746 3425 1911 3497 telligi
1940 3434 1995 3481 et
2009 3425 2164 3480 aliter
2196 3425 2388 3495 possit,
2411 3424 2537 3494 quia
2560 3425 2824 3495 sapientia
2853 3425 2919 3479 ad
2946 3424 3134 3488 vitam,
3158 3424 3330 3480 scien-

1746 3517 1820 3591 tia
1842 3532 1970 3572 vero
1992 3517 2230 3587 pertinet
2259 3516 2326 3571 ad
2351 3515 2673 3571 doctrinam.
2699 3514 2802 3583 Qui
2823 3515 2987 3587 igitur
3013 3517 3154 3570 bene
3191 3514 3329 3569 vivit

1745 3616 1802 3663 et
1819 3610 2114 3677 prudenter
2140 3609 2414 3679 praedicat,
2447 3608 2888 3680 gazophylacium
2916 3607 3177 3678 spiritalis
3198 3606 3329 3662 adi-

1747 3698 1854 3755 ﬁcii
1886 3708 2034 3756 recte
2080 3700 2408 3763 nominatur,
2456 3699 2583 3768 quia
2624 3700 2693 3755 ab
2729 3697 2847 3768 ejus
2872 3713 2967 3754 ore
2999 3698 3201 3754 divitia
3241 3697 3325 3752 di-

1748 3800 2095 3861 spensantur.
2138 3790 2233 3845 llis
2290 3789 2495 3844 divitiis
2533 3788 2806 3845 abundare
2847 3787 3139 3858 discipulos
3185 3786 3330 3843 idem

1748 3883 2014 3953 magister
2042 3882 2283 3953 gentium
2320 3881 2528 3935 viderat
2570 3895 2695 3935 cum
2742 3879 2957 3935 dicebat
2997 3895 3010 3931 :
3052 3898 3071 3930 ι
3124 3877 3330 3932 Divites

1750 3968 1878 4026 facti
1907 3974 2041 4026 estis
2065 3970 2121 4024 in
2148 3969 2257 4034 illo,
2297 3969 2352 4023 in
2391 3968 2537 4023 omni
2568 3969 2736 4024 verbo
2762 3976 2819 4023 et
2843 3968 2898 4022 in
2929 3966 3077 4022 omni
3104 3966 3329 4022 scientia

1750 4060 1804 4134 (1
1850 4058 1974 4114 Cor.
2020 4058 2118 4130 ι,);
2158 4080 2177 4112 ι
2212 4066 2439 4127 excepto
2476 4068 2654 4113 autem
2695 4071 2760 4112 eo
2793 4058 2936 4126 quod
2968 4057 3036 4111 ad
3070 4063 3331 4111 aeternam

1749 4140 1985 4221 patriam
2012 4151 2212 4206 divitia
2242 4149 2511 4220 spiritales
2545 4149 2768 4205 ducunt.
2790 4148 2886 4203 Est
2917 4148 2998 4202 eis
3038 4162 3069 4201 a
3100 4146 3332 4201 terrenis

1753 4240 1954 4296 divitiis
1974 4254 2169 4308 magna
2198 4240 2455 4295 distantia
2474 4278 2489 4303 ,
2523 4238 2651 4309 quia
2688 4236 2957 4308 spiritales
2986 4236 3185 4292 divitia
3209 4249 3332 4291 ero-

1751 4343 1886 4415 gata
1908 4333 2217 4404 proﬁciunt,
2245 4341 2475 4388 terrena
2498 4340 2678 4388 autem
2698 4330 2901 4387 divitia
2925 4336 3018 4385 aut
3038 4336 3333 4399 erogantur

1344 4419 1492 4509 {mlas
1535 4465 1643 4507 non
1667 4458 1722 4519 Β
1750 4435 1808 4482 et
1846 4426 2120 4494 deﬁciunt,
2159 4434 2253 4481 aut
2287 4425 2588 4482 retinentur
2632 4431 2689 4479 et
2714 4423 2875 4479 utiles
2906 4437 3016 4478 non
3049 4428 3195 4478 sunt.
3228 4419 3333 4488 Qui

687 4513 1105 4609 {ﬁgmentum
1126 4513 1255 4621 ει.έο
1274 4548 1418 4619 quod
1446 4554 1565 4602 erat
1586 4543 1644 4600 in
1667 4513 1717 4598 ί
1747 4535 1878 4591 ergo
1904 4521 2005 4575 bas
2031 4518 2088 4573 in
2125 4533 2184 4573 se
2214 4531 2374 4572 veras
2399 4515 2619 4571 divitias
2660 4513 2960 4619 continent,
2989 4520 3332 4621 recte-gazo-

1746 4613 1997 4687 phylacia
2028 4618 2312 4668 vocantur.
2340 4609 2637 4683 Et’habent
2661 4607 2778 4678 ipsa
2816 4604 3200 4678 gazophylacia
3236 4620 3333 4675 pa-

1750 4705 2047 4759 vimentum
2069 4719 2167 4774 per
2187 4701 2494 4764 circuitum,
2521 4698 2649 4769 quia
2684 4697 2764 4752 eis
2798 4697 3035 4750 adharet
3061 4710 3129 4767 ac,
3153 4695 3335 4769 subju-

1756 4804 1843 4852 eet
1885 4796 2160 4867 humilitas
2209 4793 2534 4847 auditorum.
2580 4787 2733 4855 Quod
2772 4787 3138 4862 pavimentum
3184 4802 3339 4847 recte
3438 4836 3441 4839 ,

1756 4870 1989 4961 stratum
2014 4884 2189 4953 lapide
2216 4884 2271 4937 in
2297 4880 2496 4935 atrium
2525 4878 2722 4935 dicitur
2742 4919 2757 4944 ,
2785 4878 2923 4952 quia
2951 4877 3008 4931 in
3048 4875 3334 4934 latitudine

1758 4977 2038 5034 charitatis
2053 4975 2286 5030 vicissim
2301 4973 2401 5029 sibi
2420 4970 2623 5042 juncta
2634 4978 2762 5028 sunt
2780 4970 2974 5024 anima
2993 4967 3198 5033 ﬁdeles,
3216 4981 3336 5037 qua

1758 5076 1813 5145 et
1840 5067 2045 5137 lapides
2058 5066 2394 5137 appellantur
2406 5079 2504 5134 pro
2518 5062 2830 5118 fortitudine
2853 5060 2998 5125 ﬁdei,
3012 5068 3068 5114 et
3080 5067 3264 5115 strata
3277 5058 3334 5114 in

1757 5161 2064 5232 pavimento
2085 5166 2210 5213 sunt
2230 5157 2285 5211 in
2314 5169 2569 5226 compage
2598 5151 2937 5208 humilitatis.
2964 5149 3073 5204 llas
3095 5147 3333 5221 ﬁdelium

1759 5259 1968 5308 mentes
1995 5249 2186 5305 Petrus
2231 5247 2504 5321 apostolus
2544 5246 2711 5301 fortes
2759 5244 2815 5299 in
2846 5242 2952 5298 ﬁde
2978 5246 3336 5312 conspexerat

1759 5357 1882 5398 cum
1909 5340 2159 5396 dicebat:
2189 5358 2208 5390 ι
2246 5339 2312 5394 Et
2346 5353 2444 5392 vos
2487 5344 2741 5405 tanquam
2782 5333 2987 5404 lapides
3014 5332 3122 5404 vivi
3147 5346 3334 5403 super-

1759 5430 2098 5488 adiﬁcamini
2125 5431 2315 5485 domus
2339 5426 2608 5498 spiritales
2635 5424 2689 5496 (Ι
2712 5421 2857 5480 Patr.
2882 5424 2968 5499 n).
2995 5422 3071 5478 De
3091 5424 3177 5479 his
3200 5423 3335 5494 lapio

1750 5526 1915 5589 idibus
1938 5532 2137 5579 sancta
2158 5521 2411 5578 Ecclesia
2433 5518 2693 5573 Dominus
2714 5533 2810 5588 per
2827 5516 3014 5571 Isaiam
3044 5516 3174 5571 dicit
3198 5514 3333 5587 (ha.

1747 5612 1870 5685 ,ι,ιν)
1897 5629 1911 5667 :
1940 5614 2143 5668 Ponam
2170 5611 2437 5683 jaspidem
2468 5623 2566 5679 per
2590 5606 2987 5678 propugnacula
3009 5614 3117 5668 tua,
3141 5611 3196 5676 et
3212 5618 3337 5674 por-

1763 5713 1847 5760 tas
1861 5705 2048 5760 tuasin
2064 5704 2267 5775 lapides
2284 5701 2542 5772 SClllplos,
2566 5699 2844 5756 universos
2865 5697 3123 5759 terminos
3136 5702 3257 5750 tuos
3277 5692 3335 5767 in
