3908 6356
484 348 587 408 923
1144 344 1204 399 Β.
1246 341 1499 398 RABANI
1538 339 1754 398 MAURI
1787 334 2106 393 ARCHIEP.
2149 332 2456 392 MOGUNT.
2495 331 2781 391 OPERUM
2821 330 3001 389 PARS
3038 332 3100 387 ll.
3670 329 3757 384 92(

483 464 686 537 lapides
708 461 1107 529 desiderabiles,
1143 475 1333 521 omnes
1378 458 1521 514 ﬁlios
1549 466 1668 512 tuos
1692 456 1880 512 doctos
1897 472 1926 508 a
1952 456 2057 509 Do-
2085 452 2139 513 Α
2161 464 2260 520 per
2282 448 2586 519 exemplum
2616 463 2771 503 suum
2798 446 2933 503 alios
2959 446 3026 501 ad
3049 444 3411 515 perditionem
3442 442 3765 537 trahativi-

484 534 653 610 mino.
675 552 828 620 Quod
852 567 982 622 ergo
1015 549 1182 611 Isaias
1207 550 1490 606 universos
1517 547 1771 604 Ecclesiae
1800 546 2060 601 terminos
2169 540 2396 614 gilanter
2428 554 2486 597 se
2516 549 2572 595 et
2596 539 2789 597 festiue
2822 536 3209 609 circumspicit,
3236 538 3291 592 in
3330 534 3765 607 cogitationibus

483 642 692 714 lapides
719 640 1104 703 desiderabiles
1132 640 1289 707 vidit,
1310 641 1412 697 hoc
1431 638 1680 697 Ezechiel
1700 636 2062 710 pavimentum
2166 635 2437 690 remordet
2467 633 2693 689 adducta
2718 630 3024 688 auditorum
3059 645 3280 687 suorum
3315 630 3389 684 ad
3414 627 3765 693 memoriam,

484 735 667 810 lapide
686 744 917 794 stratum
938 747 1036 805 per
1057 733 1342 793 circuitum
1368 748 1488 790 esse
1512 731 1949 805 perhibuit,quia
1978 728 2063 783 ad—
2168 727 2518 797 semetipsum
2547 724 2815 789 humiliat,
2844 731 2899 779 et
2928 724 2982 778 in
3017 723 3213 794 quibus
3240 719 3541 792 praevalet,
3576 718 3687 787 agit
3708 734 3767 773 ne

619 827 685 883 de
718 804 1116 898 gazophylaciis
1153 824 1371 881 subdit:
1409 843 1427 875 (
1465 823 1705 894 Triginta
1741 820 2065 893 gazophyla-
2156 814 2330 873 elatio
2368 816 2701 886 principetur
2728 814 2782 869 in
2804 823 3005 880 mente,
3033 829 3102 868 ne
3141 812 3469 867 dominetur
3496 810 3555 864 in
3590 824 3763 879 om.

487 918 572 975 cia
606 918 670 973 in
705 918 935 975 circuitu
969 916 1283 990 pavimenti.
1322 938 1341 971 ι
1379 916 1642 973 Denarius
1672 931 1929 971 numerus
1966 929 2065 986 pro
2169 905 2443 978 Scriptum
2479 906 2676 977 quippe
2721 913 2803 961 est
2834 919 2850 958 :
2885 923 2902 956 ι
2944 903 3161 959 initium
3203 903 3393 958 omnis
3441 901 3661 971 peccati
3683 916 3764 953 suo

483 1009 815 1080 perfectione
845 1024 1059 1081 semper
1080 1009 1363 1081 accipitur,
1405 1010 1535 1081 quia
1565 1009 1621 1062 in
1650 1008 1835 1062 decem
1864 1021 2066 1077 prtece-
2166 999 2353 1093 perbia
2389 995 2557 1093 (licet.
2606 995 2684 1067 ι).
2715 1015 2754 1093 ,ι
2790 994 2922 1093 Quis
2960 995 3237 1093 ergonerit
3280 991 3572 1093 antehc}

484 1101 594 1171 ptis
621 1099 758 1171 legis
791 1100 1037 1159 custodia
1074 1100 1401 1161 continetur.
1429 1099 1621 1157 Activa
1642 1100 1841 1154 etenim
1864 1108 1917 1153 et
1941 1114 2068 1173 oon:

2181 1086 2376 1142 fructus
2420 1086 2549 1142 boni
2580 1085 2779 1156 operis,
2822 1086 2867 1140 si
2902 1102 2970 1141 ex
3005 1085 3187 1140 radice
3230 1085 3459 1156 putt-uit
3496 1082 3765 1137 elationis!

486 1191 797 1261 templativa
826 1193 934 1248 vita
962 1190 1122 1250 simul
1158 1193 1212 1249 in
1243 1191 1485 1262 decalogi
1531 1192 1801 1247 mandatis
1840 1190 2066 1259 conjun-
2171 1179 2343 1251 saepe,
2372 1186 2431 1233 υῑ
2457 1178 2772 1250 Ρνεεάίοῑιιω
2793 1187 2898 1245 δεῖν
2920 1177 3036 1247 eius
3062 1179 3278 1233 animus
3300 1184 3563 1232 leniam!
3585 1190 3649 1229 εἰ
3674 1175 3761 1239 in.

488 1290 577 1345 cla
611 1290 734 1339 est:
766 1284 894 1352 quia
934 1284 991 1337 in
1030 1297 1094 1337 eo
1125 1289 1181 1339 et
1207 1296 1360 1336 amor
1397 1281 1512 1347 Dei,
1547 1290 1601 1339 et
1639 1295 1793 1335 amor
1834 1280 2069 1350 proximi
2171 1273 2267 1329 sed
2289 1272 2449 1327 citius
2491 1286 2550 1326 se
2586 1272 2653 1326 ad
2674 1286 2732 1326 se
2751 1270 3232 1367 circumspiciendi?
3260 1268 3503 1338 eolﬁg-it,
3540 1275 3599 1320 et

489 1372 953 1444 servarijubetur.
968 1374 1134 1430 Amor
1148 1375 1344 1444 quippe
1357 1375 1453 1429 Dei
1474 1374 1541 1431 ad
1563 1374 2034 1442 contemplativam
2049 1413 2067 1439 ,

2181 1361 2331 1433 plinas
2382 1375 2439 1415 se
2488 1361 2727 1431 pondere
2776 1360 3100 1431 deprimens,
3140 1360 3251 1431 agit
3283 1375 3359 1414 ne
3402 1366 3597 1411 motus
3622 1357 3759 1410 nisi

488 1480 642 1525 amor
669 1480 800 1522 vero
834 1465 1066 1536 proximi
1114 1465 1350 1536 pertinet
1385 1464 1454 1519 ad
1481 1464 1733 1519 activam.
1769 1462 1874 1516 Sed
1901 1477 2068 1516 unus-
2174 1457 2418 1504 transeat
2449 1449 2505 1549 ίξῐ
2550 1464 2820 1549 είεηοοηθ,
2853 1467 2922 1505 ne
2951 1460 3197 1549 erumpat
3222 1451 3283 1504 in
3307 1462 3457 1549 V2060
3486 1468 3501 1501 ε

490 1554 721 1627 quisque
743 1535 956 1619 doctor,
992 1563 1052 1608 ut
1082 1535 1136 1609 in
1170 1554 1401 1609 activam
1428 1553 1594 1609 vitam
1622 1552 1779 1622 plene
1803 1567 1860 1607 se
1887 1551 2072 1607 dilatet
2174 1540 2255 1595 ira
2285 1539 2583 1640 Petillf'ba“
2613 1541 2780 1640 θξίηῖὶ
2801 1542 2893 1596 “hi
2924 1556 3023 1640 Pii?
3049 1539 3460 1611 negligentiam

489 1652 652 1715 atque
676 1643 731 1698 in
761 1643 1230 1713 contemplativatn
1246 1642 1530 1714 vigilanter
1556 1649 1762 1714 surgat,
1794 1642 1845 1697 in
1867 1648 2071 1698 sancite
2174 1645 2272 1702 Per
2286 1630 2548 1701 ἱιιάίοίυιη
2571 1630 2831 1686 διιΠοοω
2854 1632 3115 1686 morm"
3134 1645 3151 1683 ³
3171 1646 3283 1700 φη
3308 1645 3388 1685 ει
3416 1645 3483 1685 re
3508 1630 3699 1700 ιςίως
3715 1635 3761 1680 “

488 1732 769 1788 Trinitatis
809 1732 913 1788 ﬁde
941 1732 1101 1789 debet
1131 1747 1253 1788 esse
1292 1731 1584 1807 perfeCtus.
1619 1731 1769 1790 Unde
1799 1740 1853 1788 et
1881 1732 2069 1787 eadem
2174 1738 2240 1777 ex
2270 1733 2530 1793 concepta
2563 1724 2717 1794 culpa
2744 1725 2957 1780 animus
2983 1725 3241 1780 virtutem
3266 1725 3501 1793 pariat,
3537 1723 3661 1791 quia
3681 1720 3758 1775 eti

487 1822 868 1895 gazophylacia
895 1822 1111 1895 triginta
1135 1837 1256 1877 esse
1286 1831 1677 1888 memorantur,
1728 1829 1784 1875 ut
1818 1836 1942 1877 eum
1981 1819 2073 1874 de-
2098 1828 2148 1889 Β
2174 1827 2293 1869 sese
2329 1811 2545 1869 fortiter
2570 1814 2844 1868 custodire
2868 1814 3039 1869 noluit
3065 1829 3135 1869 ne
3159 1814 3233 1869 ad
3252 1822 3484 1867 motum
3523 1820 3759 1881 aqua,

491 1916 675 1985 uarius
718 1922 804 1970 ter
836 1914 1065 1979 ducitur,
1107 1912 1216 1968 vita
1250 1923 1305 1969 et
1334 1915 1513 1985 lingua
1541 1914 1778 1970 doctoris
1813 1914 1866 1968 in
1899 1912 2077 1967 Trini-

493 2012 603 2060 tate
633 2002 912 2059 solidetur.
961 2003 1068 2061 Sed
1096 2005 1197 2063 hac
1229 2004 1282 2059 in
1323 2021 1379 2059 re
1411 2004 1541 2059 illud
1565 2005 1719 2060 nobis
1747 2012 1829 2060 est
1850 2006 2077 2076 vigilan-

495 2101 578 2149 ter
611 2095 923 2153 intuendum
950 2096 1093 2166 quod
1118 2098 1401 2167 propheta,
1433 2113 1556 2153 cum
1585 2098 1972 2170 gazophylacia
1990 2101 2079 2158 de-

493 2184 821 2256 SCripsisset,
841 2184 1084 2255 adiunxit
1114 2188 1478 2258 pavimentum
1512 2203 1609 2258 per
1636 2189 1946 2257 circuitum,
1997 2203 2076 2247 at-

494 2288 600 2344 que
623 2273 847 2331 inferius
878 2276 1149 2348 subiungit
1168 2277 1554 2349 gazophylacia
1580 2278 1635 2331 in
1662 2278 1894 2334 circuitu
1924 2280 2074 2351 pavi-

493 2365 664 2420 menti
688 2383 701 2419 :
729 2374 994 2439 quatenus
1013 2369 1395 2441 gazophylacia
1423 2369 1475 2423 in
1512 2369 1741 2424 circuitu
1762 2370 2075 2440 pavimenti,

494 2466 551 2515 et
566 2450 945 2532 pavimentum
969 2462 1024 2517 in
1050 2463 1278 2524 circuitu
1305 2462 1813 2535 gazophylaciorum
1847 2479 1965 2521 esse
1999 2465 2079 2521 vi—

495 2548 703 2606 deatur.
737 2550 1110 2611 Pavimentum
1132 2553 1329 2623 quippe
1355 2562 1407 2608 et
1434 2553 1818 2624 gazophylacia
1851 2569 1915 2610 eo
1954 2562 2079 2613 sunt

495 2642 689 2698 ordine
704 2642 991 2710 distincta,
1018 2652 1160 2701 utet
1197 2644 1580 2717 gazophylacia
1617 2648 1757 2709 intra
1802 2647 2080 2717 pavimen-

498 2738 637 2799 tum,
669 2739 724 2786 et
746 2732 1113 2802 pavimentum
1142 2741 1284 2789 inter
1323 2734 1709 2805 gazophylacia
1749 2735 1911 2791 fuerit
1939 2744 2078 2791 stra-

499 2828 636 2876 tum.
659 2818 777 2878 Non
804 2823 907 2879 hoc
942 2839 1071 2895 ergo
1095 2824 1210 2880 sine
1231 2840 1426 2894 magno
1451 2825 1706 2896 mysterio
1728 2832 1832 2890 est,
1855 2827 1995 2895 quod
2022 2827 2078 2885 in

497 2912 730 2969 circuitu
758 2913 1262 2987 gazophylaciorum
1305 2930 1426 2972 esse
1454 2914 1653 2970 dicitur
1689 2915 2078 2985 pavimentum,

497 3011 556 3060 et
582 3004 637 3060 in
663 3004 889 3062 circuitu
908 3005 1205 3077 pavimenti
1226 3014 1517 3062 narrantur
1531 3020 1650 3061 esse
1672 3005 2077 3077 gazophylacia.

495 3088 671 3149 Habet
702 3095 848 3149 enim
887 3095 1255 3165 pavimentum
1284 3095 1340 3151 in
1382 3095 1610 3151 circuitu
1655 3093 2076 3166 gazopliylacia:

2179 1919 2239 1961 se
2264 1913 2445 1960 tamen
2490 1905 2547 1959 in
2590 1906 2954 1961 commotione
2990 1904 3205 1960 fortiter
3252 1905 3421 1960 vicit.
3466 1902 3627 1957 [inde
3653 1903 3760 1956 bene

2176 2013 2275 2069 per
2302 1996 2647 2053 Salomonem
2679 1998 2878 2053 dicitur
2911 2014 2928 2050 :
2973 2015 2993 2050 ι
3038 1996 3226 2052 Melior
3268 2005 3362 2051 est
3406 1998 3633 2065 patiens
3668 1994 3759 2046 virs

2176 2088 2324 2155 forti,
2354 2098 2410 2143 et
2439 2088 2532 2157 qui
2560 2088 2873 2143 dominatur
2908 2088 3091 2143 animo
3125 2103 3226 2143 suo
3272 2094 3665 2155 expugnator:
3691 2098 3758 2136 sr-

2176 2180 2325 2235 bium
2364 2178 2546 2251 (Prov.
2572 2180 2707 2252 xw).
2745 2199 2763 2232 ι
2793 2181 2861 2235 Et
2888 2181 3257 2251 pavimentum
3304 2179 3364 2233 in
3397 2176 3593 2232 (route
3614 2185 3759 2246 μυ-

2177 2285 2299 2325 rum
2327 2272 2621 2327 secundum
2645 2271 3038 2344 longitudinem
3065 2278 3362 2341 portat-um
3385 2276 3523 2323 erat
3548 2266 3754 2322 his!"

2179 2360 2238 2418 Si
2277 2373 2559 2433 portarum
2604 2364 2999 2435 longitudinem
3041 2363 3112 2416 ad
3157 2362 3350 2417 locum
3394 2359 3754 2419 refutaui

2178 2467 2286 2524 quo
2313 2462 2481 2523 porta:
2508 2462 2664 2509 erant
2687 2461 3033 2519 constructae,
3056 2451 3367 2507 secundum
3394 2449 3756 2520 Iungitur-ﬂ

2178 2554 2457 2620 portarum
2490 2547 2859 2617 pavimentum
2894 2553 3016 2601 erat
3056 2544 3289 2599 inferius
3321 2543 3510 2612 τιμὴ
3538 2549 3757 2611 με·

2181 2645 2369 2693 tenere
2408 2636 2557 2691 locus
2591 2643 2875 2706 portarum
2904 2641 3138 2705 poterat,
3179 2641 3413 2687 tantum
3448 2630 3758 2691 tam.

2182 2734 2236 2781 et
2264 2726 2631 2795 pavimeimrm
2675 2722 2818 2793 quod
2861 2730 2980 2778 erat
3018 2720 3267 2776 inferius.
3298 2718 3625 2790 [θηείωὼ
3657 2730 3761 2787 ειν

2180 2815 2473 2888 pavimenti
2510 2829 2541 2868 a
2574 2814 2881 2883 portisusn
2929 2818 3052 2868 erat
3090 2810 3403 2874 dissimilis,
3458 2810 3567 2866 sed
3614 2816 3762 2863 tam

2183 2905 2462 2975 aequalitas
2491 2904 2791 2974 pavimenti
2821 2919 2931 2960 non
2968 2910 3090 2958 erat
3124 2918 3256 2959 eum
3289 2901 3505 2975 purus.
3534 2898 3675 2967 Quid
3698 2908 3764 2951 at

2182 3011 2311 3067 ergo
2334 2998 2475 3066 quod
2501 2997 2873 3068 pavimentum
2912 3011 3039 3052 cum
3061 2996 3241 3066 port'n
3274 2994 3516 3065 longe.

2190 3096 2327 3153 erat,
2350 3089 2443 3141 sed
2465 3088 2674 3157 aequale
2697 3102 2808 3143 non
2826 3094 2964 3153 erat,
2987 3086 3094 3143 nisi
3123 3086 3272 3157 quod
3306 3084 3655 3156 longedistat
3676 3082 3769 3137 vin

496 3185 624 3254 quia
665 3185 835 3241 vitam
879 3187 1211 3247 audientium
1255 3186 1432 3241 erudit
1472 3186 1730 3257 quotidie,
1761 3192 1815 3240 et
1840 3185 2075 3241 custodit
2101 3181 2145 3244 C
2175 3179 2494 3248 ρθριιιοτωη
2518 3194 2549 3232 8
2574 3180 2685 3233 Vlia
2707 3178 3058 3251 domum?
3084 3178 3216 3247 quia
3235 3178 3347 3233 alii
3375 3177 3635 3244 “Ml-ﬂ
3663 3188 3772 3227 οῦ-

494 3270 679 3344 lingua
701 3274 1001 3332 doctorum.
1030 3276 1288 3332 Doctores
1317 3276 1461 3334 enim
1489 3277 1613 3331 boni
1644 3277 1696 3332 in
1725 3287 1928 3332 sanctae
1953 3292 2071 3333 eru-

499 3363 720 3421 ditionis
736 3365 916 3423 verbis
934 3366 1093 3422 modo
1124 3366 1375 3424 fomentis
1402 3365 1716 3432 dulcedinis,
1742 3367 1900 3425 modo
1922 3381 2077 3437 aspe-

499 3454 662 3510 ritate
688 3456 1071 3528 increpationis
1094 3456 1393 3527 invigilant,
1427 3464 1485 3510 ut
1522 3457 1826 3512 auditorum
1855 3472 2077 3513 suorum

500 3543 667 3598 vitam
695 3560 724 3607 a
748 3543 897 3603 vitiis
918 3542 1226 3599 defendant.
1255 3543 1361 3599 Sed
1385 3544 1584 3601 habent
1612 3545 1727 3616 ipsa
1754 3561 1966 3617 quoque
1986 3562 2079 3619 ga-

498 3629 812 3702 zophylacia
834 3630 895 3687 in
919 3630 1148 3687 circuitu
1172 3618 1560 3703 pavimentum,
1584 3632 1709 3703 quia
1739 3648 1881 3703 saepe
1913 3618 2079 3692 etiam

502 3718 786 3775 doctorum
820 3733 916 3775 cor
964 3719 1219 3775 vitiorum
1278 3720 1666 3776 tentationibus
1704 3723 1965 3793 tangitur,
2021 3734 2083 3782 ut

498 3808 661 3864 modo
685 3807 927 3865 elevetur
957 3806 1250 3879 iactatione
1278 3811 1560 3879 superbire,
1592 3813 1751 3868 modo
1773 3813 1867 3868 irae
1890 3816 2083 3870 stium-

498 3897 568 3954 lis
591 3897 971 3956 inilammetur.
1005 3898 1112 3956 Sed
1140 3915 1262 3956 cum
1286 3902 1549 3957 bonorum
1583 3904 1890 3960 auditorum
1916 3907 2081 3965 vitam

499 3989 868 4058 considerant,
899 4005 1020 4048 eam
1060 4007 1179 4062 qua:
1207 3991 1501 4063 profecisse
1541 3995 1655 4051 suis
1693 3998 2081 4053 exhortationi-

499 4076 603 4136 bus
631 4086 884 4152 pensant,
909 4081 1236 4137 erubescunt
1265 4082 1398 4138 tales
1427 4100 1535 4140 non
1577 4101 1716 4151 esse,
1757 4086 1946 4157 quales
1992 4102 2083 4142 au-

499 4178 650 4225 ctore
672 4170 784 4227 Deo
807 4185 906 4247 per
925 4185 985 4228 se
1006 4171 1340 4244 conspiciunt
1358 4174 1495 4231 alios
1521 4174 1691 4231 factos
1713 4162 1851 4244 esse,
1881 4185 1937 4233 et
1956 4186 2082 4234 ante

499 4275 559 4316 se
589 4259 643 4315 in
670 4268 851 4316 mente
892 4262 1193 4329 stabiliunt,
1238 4278 1401 4334 quam
1436 4264 1592 4334 plene
1634 4265 1688 4319 in
1717 4266 1870 4341 culpa
1895 4266 2081 4321 laban-

502 4355 611 4404 tur.
640 4346 780 4403 Nam
801 4362 924 4404 cum
949 4350 1065 4419 ipsa
1094 4366 1191 4406 sua
1220 4366 1251 4406 a
1278 4352 1589 4410 doctoribus
1614 4356 1778 4410 verba
1796 4357 1863 4411 ad
1881 4371 2084 4412 memo-

502 4440 646 4495 riam
665 4439 912 4507 redeunt,
958 4442 1285 4498 erubescunt
1318 4460 1426 4499 non
1455 4460 1672 4502 servare
1703 4449 1845 4518 quod
1875 4450 2080 4506 dicunt.

2178 3271 2334 3329 lestia
2355 3271 2640 3327 tendentes
2652 3272 2902 3329 eamdem
2918 3271 3389 3343 longanimitate.
3401 3267 3515 3337 psi
3534 3267 3767 3328 habent,

2177 3365 2366 3421 eadem
2383 3371 2561 3418 tamen
2571 3364 2789 3419 vivendi
2803 3363 2980 3419 studia
2994 3377 3101 3417 non
3116 3362 3345 3417 habent.
3359 3357 3630 3413 “is-datur
3640 3362 3773 3423 ap

2176 3455 2547 3526 pavimentum
2574 3454 2827 3510 similiter
2848 3455 2907 3509 in
2916 3454 3135 3525 longum
3147 3453 3280 3522 quia
3300 3452 3476 3520 ipsum
3499 3445 3768 3515 Mi,-

2178 3560 2294 3603 sam
2323 3561 2474 3617 spem
2489 3543 3763 3613 inseretinentauﬁtoresqumhbereeeu.

2179 3646 2266 3693 est
2285 3638 2693 3709 praedicatores.
2722 3636 2828 3692 Sed
2848 3636 3217 3707 pavimentum
3241 3633 3484 3689 inferius
3504 3632 3698 3701 jaceat,
3714 3638 3761 3683 ut

2181 3742 2371 3784 omnes
2394 3729 2673 3806 auditores
2687 3728 3070 3799 pradieatores
3084 3740 3216 3782 suos
3240 3726 3408 3796 longe
3423 3740 3463 3779 ει
3486 3725 3605 3780 suis
3624 3724 3757 3779 adh

2182 3821 2251 3874 tis
2288 3821 2557 3876 excellere
2580 3828 2927 3890 cognoscant.
2954 3819 3057 3878 Sin
3076 3833 3207 3876 vel!
3233 3818 3641 3891 W30
3660 3830 3755 3886 μ’

2182 3915 2357 3964 tarum
2384 3910 2581 3981 ipsam,
2606 3912 2746 3969 sicut
2770 3912 3021 3983 superius
3042 3911 3297 3975 dixisses,
3318 3922 3531 3967 arum
3546 3906 3757 3965 altis-i-

2181 4016 2304 4058 nem
2326 4003 2628 4076 intelligere
2652 4004 2926 4071 debemus,
2954 4006 3100 4071 dim,
3130 4004 3276 4058 sicut
3293 4002 3473 4073 paulo
3496 4010 3623 4073 post
3648 4001 3757 4057 rei

2179 4104 2332 4169 ptum
2356 4105 2462 4163 est,
2491 4098 2559 4153 ad
2571 4104 2756 4169 portas
2778 4098 3033 4169 gradibus
3052 4097 3486 4163 assentiebatur,
3513 4104 3666 4153 tanta
3681 4109 3757 4165 β

2180 4187 2483 4243 vimentum
2520 4188 2665 4259 jaeet
2704 4187 2950 4253 inferius,
2999 4196 3204 4257 quanto
3242 4202 3598 4258 unaquoqre
3623 4196 3753 4258 pth

2182 4277 2357 4348 surgit
2391 4278 2447 4332 in
2491 4276 2774 4331 altitudine
2805 4294 2821 4331 :
2858 4276 2986 4346 quia
3019 4274 3527 4348 quahw‘sanet‘or
3560 4286 3645 4333 est
3668 4277 3754 4335 till

2183 4363 2440 4429 doctoris,
2473 4371 2621 4419 tanto
2658 4364 2723 4421 fit
2764 4365 3019 4421 humilior
3052 4380 3251 4421 sensus
3276 4367 3589 4434 audientis,
3612 4376 3669 4424 et
3688 4381 3757 4423 ts-

2185 4457 2473 4526 metipsurn
2514 4456 2763 4527 despicit,
2813 4458 2940 4512 dum
2973 4458 3353 4528 praedatoris
3397 4460 3491 4516 Ili
3529 4458 3753 4517 vitalis

501 4527 661 4620 'l'lnde
686 4540 741 4585 et
771 4546 870 4601 per
894 4528 1238 4588 Salomonem
1269 4534 1467 4590 dicitur
1501 4553 1517 4591 :
1553 4554 1574 4589 ‹
1604 4538 1797 4593 Anima
1835 4540 2079 4596 laboran-
2102 4534 2157 4595 D
2180 4560 2379 4617 magna
2422 4561 2645 4618 surgere
2684 4527 3306 4620 altitudiueiperpendit.
3334 4551 3558 4608 Imitari
3581 4550 3751 4607 ets-‘-

500 4619 575 4676 tis
607 4620 816 4677 laborat
850 4622 975 4690 sibi,
1015 4624 1143 4694 quia
1190 4625 1448 4696 compulit
1472 4643 1593 4682 eum
1622 4644 1683 4683 os
1711 4644 1865 4685 suum
1895 4628 2077 4702 (Prov.

500 4711 638 4785 XVI).
693 4710 766 4769 Os
806 4713 951 4769 enim
996 4722 1243 4772 nostrum
1289 4732 1389 4772 nos
1426 4719 1696 4789 compellit
1722 4721 1790 4777 ad
1817 4720 2076 4791 laborem,

499 4803 715 4872 quando
740 4818 841 4874 per
881 4805 984 4861 hoc
1027 4805 1172 4877 quod
1210 4808 1444 4865 diximus
1465 4824 1497 4864 a
1526 4810 1674 4867 vitiis
1695 4812 2075 4871 refrenamur:

504 4892 819 4988 (χαῖα-ραν
841 4895 1005 4951 nimis
1031 4905 1135 4963 est,
1156 4897 1231 4953 ibi
1257 4900 1695 4988 nosnegligepdo
1709 4903 2080 4972 cadere,unde

502 4983 848 5053 praedicando
884 4986 1067 5042 conati
1098 5002 1285 5042 sumus
1326 4987 1460 5043 alios
1486 4983 1685 5048 levare.
1716 4991 1929 5050 Habent
1947 5010 2077 5067 ergo

501 5074 885 5147 gazophylacia
910 5077 966 5131 in
986 5077 1213 5132 circuitu
1234 5078 1626 5149 pavimentum,
1649 5085 1774 5154 quia
1797 5086 2077 5142 doctorum

504 5175 700 5232 magna
736 5166 981 5221 custodia
1022 5174 1123 5234 est,
1165 5167 1277 5223 vita
1304 5173 1630 5230 venerabilis
1670 5176 1994 5245 auditorum,
2029 5186 2083 5234 et

504 5264 638 5309 auus
658 5255 709 5309 ei
728 5270 910 5313 sermo
928 5256 991 5313 ιιι
1009 5258 1062 5313 in
1089 5257 1439 5332 adiutorium,
1470 5267 1594 5337 quia
1622 5270 1944 5326 erubescunt
1963 5269 2073 5340 puli

500 5343 753 5401 Bantibus
790 5345 935 5402 vitiis
965 5362 1072 5405 non
1106 5352 1363 5409 resistere
1406 5358 1497 5427 qui
1545 5368 1733 5413 contra
1774 5361 1905 5414 vitia
1950 5361 2083 5417 alios

502 5444 875 5491 armaverunt.
903 5436 1038 5505 Quia
1064 5443 1206 5497 enim
1232 5445 1468 5515 quandiu
1489 5448 1542 5503 in
1578 5449 1680 5504 hac
1702 5450 1810 5505 vita
1831 5451 2082 5519 vivimus,

397 5520 423 5566 λ
503 5534 704 5583 contra
733 5529 994 5603 malignos
1018 5535 1237 5605 spiritus
1258 5538 1384 5608 qaid
1406 5539 1547 5595 aliud
1569 5557 1730 5610 quam
1757 5543 1809 5596 in
1838 5543 1953 5597 acie
1978 5554 2085 5599 sta-

496 5616 669 5672 ‘mus?
686 5616 839 5674 Sicut
856 5621 1229 5692 praediximus,
1251 5628 1486 5683 doctoris
1511 5630 1722 5685 animus
1746 5630 1971 5687 forsitan
1996 5634 2089 5688 ali-

506 5720 619 5783 qua
641 5708 873 5770 elatione
896 5714 1162 5787 pulsatur,
1188 5720 1283 5777 sed
1308 5720 1423 5778 sive
1443 5738 1512 5780 ne
1536 5723 1650 5796 ipse
1669 5734 1878 5797 pereat,
1902 5742 1995 5785 seu
2016 5744 2085 5786 ne

2181 4637 2322 4693 bona
2342 4635 2460 4706 ejus
2480 4639 2587 4693 alia
2611 4638 2841 4696 forsitan
2864 4648 3061 4712 potest,
3086 4642 3191 4698 alia
3210 4658 3321 4700 non
3344 4651 3561 4712 potest,
3583 4644 3637 4699 in
3656 4642 3754 4711 qi-

2180 4728 2283 4785 bus
2318 4730 2572 4800 praevalet
2601 4733 2847 4802 proiicit;
2888 4734 2944 4789 in
2978 4734 3180 4805 quibus
3222 4734 3457 4791 minium
3496 4733 3751 4806 prunis!»

2182 4818 2255 4872 ad
2292 4819 2649 4875 humilitatem
2693 4823 2922 4887 crescit,
2971 4832 3029 4879 et
3079 4823 3183 4879 hoe
3226 4822 3411 4893 ipsum
3446 4837 3591 4894 etp
3625 4822 3677 4877 ei
3708 4822 3753 4876 Β

2180 4919 2442 4981 provectu
2482 4920 2569 4968 est
2616 4915 2759 4982 quod
2801 4916 2853 4970 ei
2899 4912 3162 4971 imitabile
3196 4915 3267 4970 sd
3304 4901 3631 4985 prorsum
3664 4926 3755 4968 Its

2184 5007 2289 5056 est.
2322 5000 2463 5057 Ecce
2497 5002 2641 5057 enim
2679 5004 2724 5058 si
2762 5004 3176 5075 praedicatorum
3208 5013 3535 5061 om
3562 5019 3623 5060 ea
3649 5016 3753 5070 qu

2184 5093 2413 5165 legimus
2442 5094 2602 5160 facta,
2631 5103 2688 5152 et
2711 5095 2857 5152 dicta
2888 5112 3212 5169 pensamus,
3246 5098 3305 5153 in
3348 5105 3615 5167 quan-It
3643 5092 3755 5149 s5-

2184 5185 2374 5240 tudine
2407 5187 2743 5247 surrexerint
2780 5195 2949 5258 porta
2988 5190 3351 5261 agnoscimus.
3393 5188 3471 5245 Ut
3509 5189 3651 5249 d-
3678 5194 3755 5239 llr-

2184 5288 2407 5329 eeamus
2441 5275 2509 5329 de
2530 5276 2839 5332 ostensione
2874 5278 3184 5349 signorum.
3223 5278 3523 5348 loquamur
3556 5279 3623 5333 de
3660 5276 3757 5332 vb-

2188 5366 2391 5420 tutibus
2421 5368 2683 5421 cordium.
2712 5368 2873 5423 Certe
2910 5367 3129 5435 Paulus,
3146 5369 3239 5439 qui
3268 5383 3330 5424 so
3354 5368 3464 5439 legi
3492 5375 3759 5425 nur—

2187 5470 2285 5527 per
2311 5456 2484 5527 legem
2510 5457 2660 5524 dicit,
2687 5459 2781 5528 qui
2809 5468 2870 5514 ut
2890 5460 2947 5514 in
2976 5458 3192 5515 Christo
3213 5459 3466 5514 crederet
3487 5460 3547 5515 ei
3570 5459 3677 5515 he
3711 5466 3764 5509 et

2189 5548 2276 5601 lex
2324 5547 2439 5616 ipsa
2483 5547 2817 5618 praedicavit,
2848 5564 3045 5621 magno
3071 5549 3196 5604 ﬁdei
3225 5548 3427 5615 ardore
3453 5561 3762 5606 nam

2188 5647 2455 5711 praecepta
2483 5638 2618 5711 legis
2638 5648 2825 5694 tenere
2844 5639 3136 5697 carnaliter
3159 5639 3365 5704 uoluit,
3395 5635 3765 5694 circumcis-

2195 5745 2323 5787 nem
2366 5731 2419 5786 in
2454 5729 2707 5803 gentibus
2732 5728 2854 5787 ﬁeri
2891 5731 3066 5789 vetuit
3097 5744 3115 5788 :
3148 5739 3221 5805 et
3244 5745 3371 5793 cal
3408 5729 3615 5790 Petra
3638 5741 3771 5801 ιμ-
