3908 6356
157 262 275 320 925

1119 263 1471 325 COMMENT.
1508 263 1577 321 IN
1615 262 2075 329 EZECBIELEM.
2107 266 2187 307 -’
2216 264 2343 322 LIB.
2386 263 2504 321 XV.

157 375 345 433 stolus
377 376 583 432 servari
610 376 787 433 adhuc
824 374 880 432 in
922 375 1336 432 circumcisione
1361 376 1496 447 legis
1524 390 1754 431 consue-
1779 378 1833 445 Α
1855 385 2050 431 verunt
2077 378 2273 433 fratres
2322 378 2415 447 qui
2452 381 2717 431 venerunt
2757 390 2787 430 a
2836 375 3148 433 Macedonia
3191 377 3281 441 (ΙΙ
3315 377 3441 438 Cor.

157 467 415 527 tudinem
442 467 624 534 vellet,
656 468 707 523 ei
732 466 1012 524 infaciem
1047 468 1269 534 restitit,
1309 481 1542 538 eumque
1570 466 1670 524 hac
1702 468 1758 522 in

158 570 226 613 re
268 555 440 613 fuisse
475 557 959 630 reprehensibilem
983 557 1131 621 dicit,
1165 558 1345 613 ethoc
1376 556 1495 628 ejus
1520 558 1757 614 studium

158 646 450 720 discipulis
478 646 732 720 loquens,
766 663 876 704 non
912 648 1088 705 solum
1135 647 1368 719 culpam,
1390 646 1484 704 sed
1506 648 1657 720 quod
1677 656 1762 705 est

157 738 343 812 magis
364 740 701 813 hypocrisin,
734 730 788 796 id
820 746 920 805 est,
966 738 1367 796 simulationem
1390 740 1652 804 nominat,
1679 736 1761 796 di-

159 844 298 889 cens
327 848 343 886 :
373 848 393 885 ι
423 826 558 890 Cum
583 831 822 888 venisset
858 830 1055 888 Petrus
1084 830 1451 899 Antiochiam,
1484 832 1539 887 in
1567 832 1760 888 faciem

158 926 215 983 ei
242 926 442 995 restiti,
491 927 637 999 quod
681 924 1126 999 reprehensibilis
1165 934 1284 981 erat
1312 924 1456 999 (Gal.
1490 924 1577 997 ιι).
1623 946 1641 978 ι
1694 920 1760 980 Et

156 1014 327 1090 paulo
345 1026 471 1091 post
502 1037 515 1074 :
553 1038 573 1072 ι
605 1017 673 1075 Et
702 1016 1036 1075 simulationi
1068 1014 1185 1088 ejus
1228 1026 1616 1077 consenserant
1650 1034 1757 1074 cae-

156 1110 270 1164 teri
295 1106 702 1185 Judazi(1bid.).
750 1130 769 1163 ι
805 1108 951 1166 idem
980 1126 1112 1166 vero
1134 1110 1498 1181 apostolorum
1528 1108 1756 1179 primus,

158 1212 290 1254 cum
313 1198 484 1255 multa
512 1198 805 1270 discipulos
833 1199 1174 1265 admoneret,
1201 1208 1362 1270 atque
1383 1216 1413 1254 a
1437 1199 1758 1271 quibusdam

157 1287 384 1347 detrahi
413 1292 477 1352 de
502 1288 656 1347 Pauli
685 1292 902 1362 scriptis
938 1301 1276 1366 agnosceret,
1314 1292 1444 1349 dicit
1486 1312 1498 1345 :
1550 1312 1568 1345 ι
1605 1292 1758 1347 Sicut

157 1378 522 1438 charissimus
566 1380 737 1438 frater
783 1391 969 1439 noster
1016 1382 1217 1441 Paulus
1250 1384 1546 1441 secundum
1577 1384 1756 1441 datam

156 1472 486 1543 sapientiam
512 1472 857 1544 sibiscripsit
880 1476 1036 1530 vobis
1056 1475 1286 1545 loquens
1309 1476 1363 1529 in
1392 1475 1472 1530 eis
1494 1472 1558 1529 de
1586 1475 1670 1529 his
1701 1473 1757 1528 in

156 1562 362 1637 quibus
384 1568 510 1620 sunt
540 1566 789 1634 quzedam
819 1562 1055 1620 diﬂicilia
1096 1564 1373 1621 intellectu
1403 1580 1522 1635 quae
1553 1564 1755 1619 indocti

156 1667 217 1714 et
251 1652 537 1713 instabiles
567 1655 891 1727 depravant,
925 1656 1065 1712 sicut
1104 1665 1159 1713 et
1196 1666 1418 1713 caeteras
1460 1656 1755 1729 scripturas

1860 468 1960 539 ιιι).
2006 487 2035 521 ιι
2061 465 2479 524 Consideremus
2529 480 2659 539 ergo
2702 475 2921 537 quantm
2971 465 3275 524 altitudinis
3321 470 3443 529 istae

1862 558 2116 628 spiritalis
2143 555 2356 613 aedilicii
2402 565 2571 628 portae
2605 563 2734 612 sunt
2751 597 2766 622 ,
2796 568 2932 626 quas
2959 562 3013 611 et
3042 554 3314 627 spiritales
3339 568 3443 629 pa.

1861 658 1972 706 trcs
1999 652 2349 706 admirantur.
2378 650 2649 719 Quantum
2670 650 2852 720 itaque
2873 660 2974 705 nos
2988 648 3046 703 in
3070 662 3259 704 earum
3277 651 3446 707 admi-

1861 744 2071 799 ratione
2118 743 2393 800 humiliari
2438 756 2661 800 necesse
2702 751 2785 799 est
2822 743 2915 814 qui
2943 742 3313 815 pavimentum
3356 758 3445 801 su-

1861 835 2013 890 mus!
2045 832 2154 889 Sed
2185 835 2308 905 quia
2340 835 2438 891 sub
2472 833 2824 905 longitudinis
2862 833 3226 905 appellatione
3263 836 3446 891 altitu-

1861 924 2039 982 dinem
2070 934 2350 996 portarum
2376 926 2683 981 audivimus
2702 968 2717 992 ,
2751 940 2895 980 nunc
2924 924 3126 995 aliquid
3167 926 3232 982 de
3257 942 3446 983 earum

1860 1012 2147 1070 latitudine
2186 1029 2599 1084 cognoscamus.
2646 1034 2665 1066 ι
2708 1013 2779 1069 Et
2820 1026 3044 1071 mensus
3084 1022 3188 1082 est,
3238 1014 3443 1088 inquit,

1857 1102 2198 1161 latitudinem
2221 1120 2252 1160 a
2282 1104 2418 1161 facie
2445 1112 2614 1175 perm
2636 1102 2908 1160 inferioris
2932 1118 3103 1174 usque
3125 1107 3195 1161 ad
3210 1105 3448 1163 frontem

1859 1200 1987 1255 atrii
2017 1200 2295 1257 interioris
2314 1201 2676 1266 extrinsecus,
2705 1199 3153 1256 centunrcubitos
3179 1198 3247 1253 ad
3267 1199 3449 1254 orien-

1860 1297 1993 1355 tem,
2023 1298 2078 1345 et
2107 1291 2173 1346 ad
2200 1291 2528 1361 aquilonem.
2567 1311 2585 1343 ι
2622 1289 2680 1344 In
2718 1291 2914 1361 quibus
2940 1292 3125 1345 verbis
3161 1290 3205 1345 si
3234 1298 3446 1360 portam

1858 1381 2060 1436 aditum
2091 1381 2404 1452 accipimus,
2452 1397 2559 1453 quo
2605 1382 2669 1437 ad
2703 1381 3064 1452 cognitionem
3100 1380 3313 1436 Domini
3358 1381 3444 1434 iu-

1857 1481 2085 1537 tramus,
2118 1482 2273 1543 porta
2304 1472 2532 1528 inferior
2553 1471 2686 1528 fides
2732 1480 2848 1537 est;
2898 1472 3095 1527 atrium
3139 1488 3271 1528 vero
3308 1473 3446 1527 inte-

1858 1566 1971 1622 rius
2002 1566 2404 1637 contemplatio.
2439 1566 2614 1621 Habet
2654 1575 2835 1622 autem
2872 1574 3028 1636 porta
3060 1565 3292 1621 inferior
3318 1566 3445 1621 lati-

1857 1659 2097 1713 tudinem
2134 1659 2187 1713 in
2219 1659 2381 1724 facie,
2416 1659 2543 1729 quia
2582 1658 2832 1714 videlicet
2871 1658 3003 1713 fides
3043 1674 3142 1730 per
3168 1657 3450 1715 charitatis

157 1747 230 1804 ad
257 1763 411 1805 suam
453 1748 693 1819 ipsorum
726 1747 1085 1819 perditionem
1117 1747 1205 1821 (ΙΙ
1236 1745 1382 1803 Petr.
1426 1747 1526 1821 ιιι).
1565 1769 1583 1800 ι
1614 1746 1755 1803 Ecce
1783 1736 1831 1798 Β
1859 1765 1970 1806 sua:
2006 1751 2412 1821 amplitudinem
2447 1751 2612 1806 habet
2638 1766 2759 1806 eam
2804 1765 2922 1821 qua:
2960 1750 3176 1805 videtur
3214 1749 3451 1820 aproxi—

155 1834 362 1896 Paulus
384 1839 440 1893 in
471 1837 730 1910 Epistolis
756 1840 868 1894 suis
889 1839 1079 1896 scribit
1098 1840 1321 1896 Petrum
1347 1839 1755 1910 reprehensibl-

157 1924 271 1986 lem
305 1949 319 1985 :
357 1944 483 1987 ecce
504 1928 703 1986 Petrus
734 1930 787 1985 in
819 1931 1064 2002 epistolis
1090 1932 1202 1988 suis
1227 1932 1424 1988 asserit
1452 1931 1676 1986 Paulum
1703 1932 1757 1986 in

154 2018 246 2078 his
272 2037 392 2093 quae
418 2022 734 2093 scripserat,
765 2023 1160 2079 admirandum.
1188 2020 1348 2079 Certe
1370 2023 1537 2089 enim,
1564 2023 1668 2078 nisi
1690 2023 1759 2078 le-

156 2112 330 2184 gisset
374 2108 572 2169 Petrus
604 2111 759 2168 Pauli
794 2113 1086 2185 Epistolas,
1116 2130 1224 2171 non
1253 2113 1547 2170 laudasset.
1580 2113 1638 2170 Si
1662 2131 1758 2170 au-

155 2212 271 2258 tem
292 2200 450 2276 legit,
478 2202 604 2274 quia
627 2203 737 2259 illic
765 2204 883 2276 ipse
906 2204 1350 2276 reprehensibilis
1376 2204 1649 2261 diceretur
1681 2206 1758 2261 in-

160 2291 331 2348 venit.
355 2291 580 2349 Amicus
605 2310 737 2366 ergo
771 2295 1021 2350 veritatis
1044 2295 1283 2351 laudavit
1308 2296 1472 2351 etiam
1501 2298 1644 2367 quod
1672 2314 1757 2354 re—

153 2384 465 2454 prehensus
488 2391 572 2439 est
601 2402 613 2438 :
644 2393 807 2456 atque
827 2386 876 2440 ei
903 2384 1080 2443 ethoc
1100 2386 1278 2457 ipsum
1298 2387 1520 2457 placuit,
1546 2388 1674 2458 quia
1699 2389 1756 2443 in

157 2474 245 2530 his
274 2489 384 2530 non
428 2472 706 2546 placuerat
731 2492 852 2546 quae
881 2475 1037 2533 aliter
1076 2494 1239 2548 quam
1269 2478 1533 2534 debuerat
1564 2479 1752 2546 sensit,

159 2581 329 2637 seque
347 2562 511 2624 etiam
537 2567 738 2623 minori
764 2567 995 2623 fratrum
1026 2569 1094 2624 ad
1122 2585 1448 2626 consensum
1474 2571 1647 2638 dedit,
1675 2581 1757 2627 at-

159 2672 266 2727 que
310 2656 366 2712 in
406 2656 598 2715 eadem
624 2674 685 2715 re
710 2656 889 2716 iactus
929 2670 1013 2717 est
1039 2676 1275 2732 sequens
1302 2662 1529 2717 minoris
1575 2662 1659 2717 sui
1699 2670 1758 2717 ut

158 2744 323 2799 etiam
347 2742 415 2813 ‘_in
444 2743 549 2799 hoc
574 2744 813 2817 praeiret,
857 2755 1124 2816 quatenus
1171 2747 1265 2819 qui
1310 2747 1519 2819 primus
1548 2756 1666 2802 erat
1699 2748 1753 2802 in

162 2830 493 2904 apostolatus
532 2832 790 2902 culmine,
828 2843 975 2891 esset
1007 2836 1215 2906 primus
1244 2846 1300 2892 et
1333 2837 1387 2891 in
1421 2837 1750 2894 humilitate.

159 2920 459 3000 Pensemus
487 2940 617 2997 ergo
648 2925 702 2982 in
726 2942 834 2999 quo
861 2927 1060 2983 montis
1096 2929 1301 2984 vertice
1331 2929 1485 2984 stetit
1513 2930 1604 2999 qui
1634 2929 1755 2985 illas

160 3012 432 3086 Epistolas
459 3016 720 3084 laudavit,
750 3017 805 3071 in
832 3017 1027 3088 quibus
1050 3033 1108 3074 se
1136 3019 1400 3090 scriptum
1424 3019 1753 3090 vituperabi-

1859 1839 1962 1896 mis
1983 1842 2374 1911 Operationem.
2402 1836 2573 1904 Quam
2599 1838 2726 1894 dum
2755 1840 2967 1894 fortiter
2986 1855 3014 1893 a
3036 1838 3448 1909 perfectioribus

1859 1932 1941 2003 agi
1968 1932 2335 2003 conSpicimus
2355 1973 2370 1997 ,
2416 1946 2517 1987 nos
2545 1928 2638 2002 qui
2665 1930 2721 1985 in
2747 1930 2906 1985 benis
2945 1929 3157 1985 actibus
3194 1937 3449 2001 angusta-

1857 2041 1999 2090 mur,
2018 2023 2263 2095 exempla
2285 2040 2383 2095 per
2409 2038 2503 2079 eos
2541 2038 2748 2095 magna:
2768 2020 3104 2094 operationis
3128 2020 3444 2090 accipimus,

1857 2124 1914 2172 et
1943 2131 2280 2188 unaqtneque
2310 2124 2497 2171 saneta
2527 2114 2672 2171 actio
2697 2112 2852 2185 quasi
2896 2111 3141 2183 qumdam
3187 2110 3346 2166 nobis
3389 2109 3448 2165 fit

1856 2209 2085 2265 latitudo
2116 2210 2345 2274 itineris,
2375 2223 2493 2279 quze
2532 2208 2686 2277 prius
2729 2216 2849 2262 erat
2894 2205 3142 2276 angustia
3168 2201 3450 2258 diﬂiculta-

1857 2301 1945 2355 tis.
1993 2300 2166 2355 liabet
2209 2315 2425 2370 quoque
2475 2298 2670 2354 atrium
2716 2296 2947 2352 interius
2996 2295 3267 2358 frontem,
3322 2290 3450 2363 quia

1857 2390 2273 2462 contemplativa
2303 2390 2415 2444 vita
2445 2404 2543 2459 per
2572 2387 2819 2459 quaedam
2862 2388 3015 2458 signa
3054 2384 3450 2441 desideriorum

1858 2490 1911 2541 et
1950 2484 2248 2554 gemituum
2280 2481 2517 2537 ostendit
2564 2490 2827 2553 quantum
2873 2478 3020 2534 intus
3060 2477 3240 2533 videat
3286 2491 3449 2547 quam

1858 2583 2065 2631 tantum
2102 2581 2268 2630 amat.
2300 2573 2568 2629 Denarius
2602 2580 2784 2626 autem
2810 2585 3079 2625 numerus
3116 2583 3215 2640 per
3254 2576 3451 2624 semet-

1856 2668 2033 2739 ipsum
2074 2666 2465 2736 multiplicatus
2516 2665 2572 2721 in
2621 2661 2999 2721 centenarium
3054 2662 3248 2731 surgit.
3296 2658 3450 2716 Unde

1856 2767 2004 2814 recte
2039 2774 2136 2829 per
2162 2755 2538 2813 centenarium
2578 2770 2771 2827 magna
2811 2749 3076 2824 perfectio
3108 2751 3447 2823 designatur:

1856 2849 1998 2904 sicut
2040 2848 2104 2902 de
2149 2845 2337 2902 eiectis
2385 2845 2621 2901 dicitur:
2662 2862 2681 2896 ι
2718 2840 2907 2900 omnis
2936 2842 3031 2914 qui
3066 2838 3329 2911 relinquit
3357 2838 3451 2894 do-

1856 2954 2006 2994 mum
2037 2936 2123 2992 vcl
2157 2936 2354 2991 fratres
2398 2943 2492 2990 aut
2541 2950 2778 3002 sorores,
2825 2942 2915 2989 aut
2948 2940 3195 3005 patrem,
3221 2939 3314 2986 aut
3336 2938 3451 2984 ma-

1856 3037 2020 3093 trem,
2052 3034 2145 3081 aut
2179 3042 2401 3081 uxorem
2422 3068 2436 3093 ,
2466 3035 2560 3084 aut
2591 3023 2763 3090 ﬁlios,
2794 3033 2889 3079 aut
2918 3039 3082 3096 agros
3106 3030 3330 3093 propter
3352 3034 3453 3077 no-

162 3105 268 3162 lem
294 3105 520 3168 invenit.
552 3106 682 3176 Quae
712 3107 803 3165 illa
836 3116 986 3167 tanta
1016 3124 1138 3165 esse
1166 3109 1525 3165 mansuetudo
1552 3110 1753 3180 potuit,
1782 3099 1828 3163 C
1861 3134 1984 3174 men
2024 3135 2228 3185 meum,
2263 3115 2573 3188 centuplum
2621 3115 2869 3185 accipiet,
2906 3122 2959 3167 et
2989 3120 3156 3166 vitam
3189 3119 3450 3166 aeternam

164 3217 284 3271 quae
312 3202 467 3272 quies
493 3201 679 3269 animi,
711 3217 831 3274 qua:
860 3200 1104 3258 soliditas
1134 3202 1334 3257 mentis
1358 3210 1520 3272 atque
1551 3202 1751 3273 imper—

167 3292 401 3353 turbatio
431 3292 807 3365 cogitationis?
822 3292 961 3350 Ecce
986 3309 1019 3348 a
1044 3292 1254 3349 minore
1277 3310 1376 3349 suo
1391 3302 1447 3348 et
1464 3294 1756 3365 reprehen-

168 3382 334 3449 ditur,
355 3389 411 3439 et
437 3380 756 3453 reprehendi
783 3399 890 3439 non
922 3383 1265 3456 dedignatur.
1303 3383 1421 3439 Non
1458 3384 1525 3438 ad
1552 3399 1756 3440 memo-

166 3473 305 3529 riam
333 3482 554 3530 revocat
581 3471 726 3544 quod
744 3474 952 3545 primus
972 3476 1027 3529 in
1051 3475 1351 3546 apestolatu
1375 3486 1602 3532 vocatus
1622 3484 1706 3532 est
1738 3495 1751 3531 :

167 3582 275 3623 non
291 3565 437 3639 quod
452 3581 789 3638 quaecunque
808 3567 863 3622 in
881 3576 1029 3623 terra
1049 3567 1286 3624 solveret
1308 3578 1493 3626 essent
1512 3570 1688 3626 soluta
1703 3577 1760 3626 et

172 3657 225 3713 in
247 3657 415 3725 caelo;
451 3674 558 3714 non
596 3659 739 3729 quod
768 3658 824 3714 in
847 3675 998 3715 mare
1024 3660 1253 3730 pedibus
1276 3660 1572 3725 ambulavit
1604 3677 1617 3716 :
1650 3676 1760 3717 non

172 3751 312 3822 quod
324 3751 653 3824 paralyticos
668 3752 721 3807 in
741 3749 775 3808 Ι
774 3767 869 3808 esu
883 3752 1350 3822 nominejubendo
1365 3763 1637 3823 erexerat,
1652 3770 1759 3810 non

173 3843 313 3913 quod
335 3858 510 3916 aegros
530 3842 777 3914 corporis
799 3843 881 3899 sui
907 3844 1097 3898 umbra
1124 3851 1416 3899 sanaverat
1443 3860 1456 3895 :
1485 3859 1592 3898 non
1616 3843 1760 3913 quod

174 3933 497 3990 mentientes
523 3933 690 3989 verbo
718 3933 1010 4000 occiderat,
1042 3950 1149 3989 non
1186 3933 1333 4002 quod
1365 3944 1609 3990 mortuos
1638 3949 1760 3990 ora-

175 4023 321 4078 tione
345 4022 662 4078 suscitabat.
692 4018 772 4076 Ne
804 4021 969 4093 igitur
995 4022 1383 4094 increpatiouis
1418 4022 1584 4079 verba
1615 4022 1764 4081 dedi-

177 4123 435 4187 gnaretur
462 4114 670 4178 audire,
695 4113 877 4169 omnia
908 4113 1049 4168 dona
1071 4128 1191 4185 quae
1219 4122 1529 4184 acceperat,
1552 4115 1709 4187 quasi
1730 4130 1762 4170 a

178 4203 441 4260 memoria
462 4202 682 4276 repulit,
704 4210 765 4257 ut
789 4218 953 4256 unum
979 4202 1194 4256 fortiter
1218 4202 1539 4257 humilitatis
1564 4202 1763 4259 donum

180 4303 405 4353 teneret.
434 4292 737 4352 Pensemus
755 4309 909 4369 ergo,
947 4293 993 4350 si
1018 4310 1324 4365 possumus,
1368 4293 1597 4353 Paulum
1636 4308 1764 4365 apo-

177 4389 392 4456 stolum,
422 4390 515 4461 qui
542 4397 752 4445 tantum
777 4388 990 4459 patiens
1020 4387 1163 4444 inter
1189 4396 1572 4459 persecutores
1598 4402 1763 4459 quan-

1858 3210 2153 3282 possidebit
2181 3208 2397 3281 (Matth.
2422 3207 2561 3281 xix).
2587 3228 2605 3260 ι
2624 3204 2811 3277 Neque
2833 3204 3033 3263 etenim
3059 3213 3283 3260 sanctus
3307 3196 3456 3273 quis-

1865 3318 1969 3373 que
1999 3301 2121 3356 ideo
2156 3309 2374 3356 terrena
2419 3298 2651 3363 deserit,
2685 3303 2743 3351 ut
2787 3295 2904 3350 hinc
2942 3292 3222 3365 possidere
3263 3292 3316 3347 in
3344 3290 3453 3349 hec

1860 3390 2060 3446 mundo
2113 3388 2462 3460 multiplicius
2507 3388 2718 3460 possit,
2766 3385 2891 3457 quia
2938 3383 3185 3455 quisquis
3232 3390 3453 3438 terreno

1859 3483 2039 3541 studio
2074 3490 2276 3537 terram
2320 3481 2608 3551 relinquit,
2644 3488 2844 3535 terram
2880 3487 2988 3533 neu
3032 3474 3321 3547 relinquit,
3353 3473 3451 3531 sed

1860 3574 2093 3646 appetit;
2113 3588 2215 3629 nec
2239 3573 2330 3642 qui
2353 3588 2514 3626 unam
2542 3586 2767 3626 uxorem
2796 3569 3019 3636 deserit,
3043 3575 3259 3625 centum
3290 3581 3447 3623 rece-

1860 3672 2052 3736 pturus
2078 3672 2192 3729 est;
2225 3663 2321 3719 sed
2345 3678 2445 3735 per
2468 3661 2847 3718 centenarium
2873 3673 3158 3715 numerum
3188 3653 3452 3730 perfectio

1861 3754 2201 3828 designatur,
2229 3761 2516 3826 postquam
2543 3751 2709 3807 etiam
2730 3750 2843 3805 vita
2865 3758 3068 3805 aeterna
3090 3746 3450 3819 promittitur,

1862 3846 1989 3917 quia
2018 3845 2140 3915 quis
2168 3858 2269 3915 pro
2302 3841 2397 3899 Dei
2440 3842 2659 3897 nomine
2687 3837 3006 3911 temporalia
3042 3846 3205 3907 atque
3236 3845 3456 3891 terrena

1862 3934 2178 4000 contemnit,
2201 3942 2255 3989 et
2273 3933 2363 3988 hic
2388 3931 2780 4003 perfectionem
2799 3928 2998 3985 mentis
3021 3927 3248 3997 recepit,
3263 3934 3324 3981 ut
3340 3922 3455 3995 jam

1862 4043 1928 4083 ea
1950 4042 2056 4082 non
2088 4034 2309 4096 appetat
2329 4039 2450 4095 qua:
2469 4023 2790 4101 contemnit,
2807 4030 2863 4077 et
2886 4022 2942 4077 iu
2972 4020 3223 4092 sequenti
3251 4016 3452 4075 saeculo

1865 4120 1930 4175 ad
1956 4128 2175 4174 aeternae
2198 4118 2326 4172 vitae
2366 4117 2595 4187 gloriam
2634 4114 2901 4191 pervenit.
2951 4112 3170 4170 Mensas
3208 4127 3338 4184 ergo
3369 4112 3457 4166 vir

1862 4209 2202 4265 latitudinem
2227 4223 2257 4262 a
2281 4207 2420 4263 faeie
2442 4215 2613 4279 portae
2642 4205 2919 4263 inferioris
2940 4206 3193 4277 usquead
3220 4200 3456 4275 frontem

1864 4302 1989 4357 atrii
2020 4300 2296 4357 interioris
2315 4300 2652 4355 extrinsecus
2674 4306 2891 4355 centum
2919 4297 3131 4352 cubitos
3150 4338 3164 4364 ,
3190 4296 3317 4368 quia
3348 4292 3455 4353 Re-

1865 4390 2114 4460 demptor
2142 4399 2332 4445 noster
2364 4387 2609 4460 quotidie
2637 4402 2737 4458 per
2756 4386 3049 4458 magistros
3079 4392 3243 4456 atque
3270 4382 3458 4465 docto-

178 4491 289 4537 tum
310 4489 626 4557 maysuetus
660 4481 803 4539 inter
824 4479 1119 4552 discipulos
1151 4476 1332 4537 fuerit.
1374 4476 1533 4534 Certe
1565 4475 1763 4532 Corin-
1786 4464 1849 4525 Ῑ)
1869 4499 1958 4543 res
1982 4483 2038 4537 in
2066 4496 2319 4537 mensura
2342 4478 2693 4551 perfectionis
2716 4478 2940 4533 metitur
2969 4475 3137 4532 vitam
3177 4464 3457 4530 fidelium:

180 4578 330 4631 thum
364 4575 611 4638 veniens,
648 4573 716 4629 ab
751 4572 1019 4631 idolorum
1052 4572 1275 4627 servitio
1317 4569 1629 4627 Corinthios
1674 4584 1763 4625 re-

184 4666 363 4733 traxit,
395 4665 520 4736 quis
561 4675 707 4720 esset
734 4679 894 4719 verus
932 4662 1075 4719 Deus
1116 4662 1376 4728 innotuit,
1429 4672 1648 4719 aeterna:
1685 4660 1765 4715 eis

182 4759 304 4815 vitae
330 4756 527 4829 gaudia
553 4754 891 4829 praedicavit.
922 4753 989 4809 Et
1015 4769 1142 4809 cum
1167 4768 1424 4825 magnam
1465 4752 1766 4809 multitudi-

182 4865 305 4908 nem
354 4847 543 4922 populi
590 4848 651 4905 in
702 4846 808 4905 ﬁde
858 4844 1184 4917 collegisset,
1237 4852 1443 4899 tantam
1490 4842 1600 4898 illic
1646 4842 1767 4899 iuo-

181 4943 323 5016 piam
346 4939 592 5014 pertulit,
617 4949 681 4997 ut
700 4939 877 4995 victus
904 4937 988 4993 sui
1014 4936 1164 5008 gravi
1194 4935 1524 4991 necessitate
1548 4933 1765 4990 labora-

187 5044 308 5093 ret;
342 5042 398 5090 et
420 5047 619 5107 panem
658 5040 819 5087 terrae
852 5046 887 5088 a
916 5029 1198 5101 discipulis
1228 5044 1337 5084 non
1376 5026 1608 5096 accepit,
1641 5026 1766 5098 qui-

185 5128 285 5186 bus
307 5139 507 5198 panem
534 5122 661 5181 cceli
680 5122 1017 5195 praedicavit.
1053 5120 1297 5179 Instabat
1331 5119 1499 5176 verbo
1520 5132 1623 5189 pro
1654 5116 1766 5174 vita

186 5204 562 5281 audientium:
597 5218 839 5279 uastabat.
864 5217 1040 5273 labori
1079 5229 1337 5277 mnum
1369 5228 1469 5285 pro
1504 5217 1614 5269 vita
1653 5228 1769 5269 cor-

188 5313 332 5385 poris
344 5312 449 5370 sui.
479 5313 565 5369 De
589 5310 751 5370 terris
761 5324 976 5382 quoque
988 5307 1113 5367 aliis
1123 5306 1174 5363 ei
1188 5304 1457 5377 stipendia
1478 5319 1511 5359 a
1522 5304 1765 5374 discipu—

190 5405 259 5463 lis
301 5405 675 5472 mittebantur,
738 5411 802 5461 ut
842 5401 1147 5460 Corinthiis
1199 5400 1499 5472 praedicare
1537 5397 1766 5456 sulfece-

190 5501 262 5561 rit
284 5519 299 5556 :
321 5501 437 5572 ipse
460 5500 659 5572 quippe
677 5499 750 5556 ad
770 5499 991 5559 easdem
1015 5494 1330 5552 Corinthios
1355 5508 1454 5565 per
1470 5493 1769 5563 Epistulam

192 5592 447 5663 loquitu,
471 5592 697 5649 dicens:
728 5612 751 5644 ί
781 5589 919 5649 Cum
938 5602 1124 5646 essent
1148 5585 1293 5654 apud
1321 5600 1419 5640 vos
1440 5593 1497 5641 et
1516 5600 1737 5655 egerem
1754 5624 1769 5649 ,

195 5680 328 5744 ωιυι
352 5695 618 5745 meets
654 5678 753 5741 fui.
794 5678 935 5743 Nilum
959 5674 1278 5751 Μάλειιὶὴί
1310 5673 1771 5747 ὼεειιιᾉευιινιε-

1868 4574 1954 4629 vel
1983 4574 2036 4628 in
2078 4572 2259 4644 specie
2286 4571 2415 4627 boni
2439 4571 2623 4642 operis
2650 4585 2750 4640 per
2790 4568 2984 4632 tidem,
3025 4564 3110 4621 vel
3151 4565 3206 4620 in
3250 4563 3458 4622 sanctis

1870 4665 2154 4724 desideriis
2188 4679 2289 4733 per
2320 4662 2852 4730 contemne-tionem.
2891 4658 3026 4726 Quis
3071 4671 3202 4728 ergo
3240 4664 3329 4711 est
3363 4655 3457 4727 qui

1871 4772 1971 4828 per
1993 4762 2214 4810 centum
2261 4752 2472 4807 cubitus
2509 4756 2877 4813 mensuram,
2899 4746 3011 4801 nisi
3041 4745 3087 4801 is
3124 4745 3278 4814 cujus
3312 4745 3457 4801 bona

1870 4845 2123 4916 operatio
2144 4850 2295 4898 recta
2320 4842 2623 4896 inﬂatione
2650 4839 2840 4905 utitur,
2886 4845 2951 4892 ut
2977 4835 3032 4891 in
3063 4850 3135 4892 eo
3157 4836 3301 4906 quod
3322 4834 3455 4906 agit,

1873 4951 1983 4992 non
2008 4935 2077 4990 ad
2106 4941 2325 4989 terrena
2350 4931 2504 4987 lucra
2547 4930 2848 5002 appetenda
2874 4936 2969 4983 aut
2996 4926 3182 4981 laudes
3206 4928 3458 4980 transito-

1872 5028 1987 5085 rias
2014 5023 2357 5082 reticentur?
2382 5022 2525 5078 Ecce
2560 5022 2707 5076 enim
2737 5014 3166 5075 misericordiam
3194 5014 3458 5086 proximis

1873 5118 2165 5182 exhibere,
2188 5129 2439 5185 possessa
2477 5112 2683 5185 largiri,
2722 5126 2847 5166 eum
2872 5106 3159 5165 celeritate
3194 5105 3458 5177 inﬁgenti

1878 5208 2137 5272 tribuere,
2160 5205 2386 5261 latitudo
2408 5204 2463 5259 in
2485 5202 2622 5258 faeie
2644 5208 2819 5271 porta
2841 5195 3117 5253 inferioris
3140 5202 3245 5252 est.
3273 5193 3382 5250 Sed
3410 5193 3457 5249 si

1878 5308 1971 5357 tua
1996 5300 2135 5356 dans
2156 5298 2335 5354 aliena
2357 5312 2467 5353 non
2488 5302 2735 5366 appetas,
2762 5291 2809 5346 si
2835 5298 3108 5346 terrenam
3137 5287 3366 5360 gloriam
3393 5274 3483 5342 de'

1876 5394 1997 5466 ipso
2040 5394 2389 5462 bouoopere
2431 5402 2541 5442 non
2582 5384 2849 5455 requiras,
2880 5388 3033 5437 recte
3062 5380 3118 5434 in
3146 5377 3460 5435 centenario
3520 5452 3522 5455 λ

1874 5500 2128 5551 numero,
2158 5484 2213 5539 id
2233 5490 2345 5549 est,
2366 5482 2421 5535 in
2456 5476 2789 5550 perfectione
2823 5472 3175 5529 memorans.
3198 5469 3337 5525 Nam
3365 5468 3481 5555 qui,

1875 5578 2088 5634 videtur
2131 5575 2261 5630 dare
2296 5567 2721 5627 misericorditer
2749 5564 3003 5637 propria,
3026 5570 3084 5618 et
3122 5560 3265 5632 rapit
3302 5557 3461 5613 forsi-

1876 5681 1969 5728 tan
1998 5668 2260 5724 violenter
2295 5664 2470 5720 aliena
2490 5702 2504 5730 ,
2534 5661 2641 5719 iste
2672 5658 2851 5716 adhuc
2888 5671 3015 5730 quae
3040 5654 3112 5714 sit
3150 5651 3236 5709 via
3273 5648 3457 5747 perfe-

3336 265 3555 339 aee,
