3908 6356
526 326 628 387 927

1143 329 1202 384 Β.
1248 331 1499 388 RABANI
1537 331 1756 389 unum
1796 325 2459 403 ARCHIEPJOGUNT.
2503 333 2787 392 OPERUM
2824 335 3003 391 PARS
3041 337 3105 390 ιι.

3701 340 3789 397 {88

525 447 722 503 ctionis
752 443 964 513 ignorat
1009 458 1106 498 nec
1135 449 1385 516 cognovit
1410 449 1550 503 unde
1597 463 1666 502 an
1709 449 2092 520 perfectionem
2119 445 2175 507 Α
2202 463 2221 497 ι
2267 458 2484 505 centum
2515 452 2743 507 cubitos.
2786 472 2803 503 ι
2845 452 3057 507 Μεηειιε
3081 462 3165 508 εει
3189 463 3370 509 autem
3404 454 3502 507 vir
3538 455 3701 524 cujus
3723 458 3788 510 fu-

526 537 780 602 tenditur,
810 536 936 606 quia
960 550 1060 590 nec
1099 538 1271 606 ipsum
1302 536 1415 605 ejus
1451 539 1662 593 initium
1691 539 1914 594 invenit.
1937 539 2094 594 Prius

521 627 667 680 enim
692 625 988 696 appetitam
1010 626 1239 682 evellere
1279 644 1309 680 a
1347 637 1528 684 mente
1556 629 1779 695 debuit,
1813 638 1867 684 et
1909 640 2094 712 postea

521 733 642 789 quae
661 719 716 774 in
741 733 799 773 re
819 719 1080 790 possidet,
1105 719 1310 790 largiri.
1338 720 1490 777 Unde
1512 723 1770 792 scriptum
1791 732 1872 778 est
1901 741 1914 776 :
1949 742 1967 774 ι
1991 725 2094 780 De-

522 810 661 882 clina
687 826 719 864 a
745 810 909 875 malo,
935 819 991 865 et
1020 810 1106 865 fac
1135 813 1353 868 bonum.
1385 834 1403 864 ι
1434 815 1572 882 Quid
1597 817 1738 870 enim
1763 826 1941 897 potest
1971 833 2095 874 esse

518 875 646 954 boni
695 901 838 969 quod
859 898 1007 966 facit,
1052 902 1141 970 qui
1169 904 1396 957 necdum
1421 875 1624 959 awmalo
1665 875 1990 961 declinavit?
2028 907 2094 962 Et

517 998 647 1046 sunt
675 991 917 1060 quidam,
947 991 1060 1060 qui,
1094 993 1232 1046 sicut
1257 994 1457 1048 dictum
1477 1003 1578 1059 est,
1609 997 1676 1050 ab
1701 997 1976 1052 alimentis
1998 1000 2095 1053 ab-

519 1080 744 1144 stinent,
766 1095 982 1135 carnem
1009 1082 1253 1137 cruciant
1277 1100 1291 1137 :
1321 1085 1414 1138 sed
1456 1093 1638 1141 tamen
1673 1088 1717 1141 si
1753 1089 1947 1158 pulsati
1977 1088 2090 1143 fue-

521 1170 652 1234 rint,
679 1180 1078 1240 cognoscuntur
1096 1173 1221 1242 quia
1248 1175 1316 1228 ad
1347 1176 1531 1229 mundi
1558 1176 1784 1247 gloriam
1811 1179 2089 1235 anhelant.

518 1259 615 1314 Isti
642 1260 875 1314 frontem
900 1263 1025 1317 atrii
1055 1263 1329 1318 interioris
1366 1268 1682 1333 ostendunt,
1715 1270 1809 1323 sed
1843 1286 1942 1341 per
1967 1287 2092 1326 ceu-

521 1359 633 1404 tum
661 1353 871 1408 cubitos
895 1369 1001 1408 non
1040 1367 1444 1412 mensurantur.
1488 1359 1554 1413 Hi
1593 1376 1723 1431 ergo
1763 1363 1818 1416 in
1864 1379 2091 1419 numero

518 1441 864 1509 perfectionis
917 1455 1043 1499 sunt
1085 1448 1151 1501 de
1202 1450 1396 1518 quibus
1445 1466 1542 1520 per
1585 1453 1810 1508 Paulum
1853 1457 2087 1511 dicitur:

523 1553 543 1586 ι
578 1534 678 1601 Qui
712 1552 929 1591 carnem
961 1555 1110 1594 suam
1139 1542 1532 1598 cruciﬁxerunt
1563 1534 1855 1602 cumvitiis
1882 1558 1936 1604 et
1964 1565 2092 1604 con-

516 1626 864 1694 cupiscentiis
889 1627 1033 1698 (Gal.
1062 1631 1137 1700 v).
1177 1652 1196 1683 ι
1231 1633 1295 1686 Ει
1323 1637 1619 1690 notandum
1655 1639 1797 1706 quod
1821 1655 1928 1695 non
1960 1641 2094 1696 dici-

515 1719 602 1765 tur
640 1715 783 1783 quod
823 1716 1168 1783 intrinsecus,
1217 1722 1314 1776 sed
1361 1725 1700 1782 extrinsecus
1740 1729 1843 1784 ista
1873 1747 2092 1787 mensu-

2194 542 2404 598 niculus
2429 546 2484 599 in
2513 562 2675 601 mauu
2705 556 2823 601 erat
2844 558 3055 616 portam
3091 564 3303 617 quoque
3352 549 3649 618 aquilonis
3679 552 3784 607 atri

2195 635 2510 702 exterioris,
2557 638 2669 691 sive
2712 639 3013 693 introduxit
3057 641 3385 710 prophetam
3426 657 3536 712 per
3591 655 3786 712 portas

2137 711 2150 726 ’
2196 724 2481 793 aquilonis.
2526 725 2774 783 Secundo
2818 744 2918 798 per
2951 740 3161 799 portam
3205 711 3659 789 austri.rTertio
3705 753 3784 806 per

2192 824 2404 883 portam
2437 817 2772 873 orientalem.
2822 820 2905 876 Ab
2948 822 3197 890 aquilone
3240 825 3395 879 enim
3427 827 3783 884 exardescuut

2193 904 2336 958 mala
2369 920 2528 976 super
2554 909 2886 966 habitatores
2915 920 3090 967 terrae.
3116 913 3473 986 Pulchreque
3507 920 3606 989 qui
3648 921 3779 977 habi-

2193 1007 2336 1053 tator
2358 1007 2518 1054 terra:
2543 1010 2657 1068 est,
2690 1013 2744 1057 et
2775 1019 2883 1059 non
2914 1007 3112 1060 advena
3143 1017 3198 1062 et
3239 1012 3612 1080 peregrinus,
3654 1022 3779 1083 patet

2187 1088 2382 1160 jaculis
2410 1090 2525 1159 ejus
2550 1093 2642 1162 qui
2676 1094 2823 1149 venit
2850 1094 2919 1149 ab
2945 1097 3218 1166 aquilone,
3265 1100 3432 1168 cujus
3472 1103 3650 1170 ignita
3676 1117 3774 1158 sunt

2187 1179 2365 1250 jacula
2384 1221 2399 1244 ,
2421 1197 2540 1250 quae
2559 1182 2715 1252 juxta
2737 1183 3051 1254 Apostolum
3081 1196 3236 1244 scuto
3277 1189 3410 1243 fidei
3443 1193 3773 1263 restinguun-

2195 1279 2297 1333 tur,
2331 1279 2385 1325 et
2413 1272 2481 1325 ad
2514 1273 2821 1341 aquilonem
2844 1278 3082 1332 exterius
3106 1280 3310 1334 atrium
3339 1282 3670 1336 nominatur
3691 1303 3702 1336 :
3723 1286 3770 1339 ad

2193 1361 2474 1415 meridiem
2496 1377 2643 1430 vero,
2665 1363 2770 1420 hoc
2789 1375 2873 1420 est
2893 1367 2961 1421 ad
2988 1377 3259 1435 austrum,
3283 1387 3405 1426 non
3433 1375 3683 1429 exterius
3701 1378 3769 1430 sed

2193 1452 2440 1509 interius.
2474 1455 2614 1510 Dicit
2653 1457 2797 1513 enim
2840 1459 3157 1530 Scriptura:
3193 1482 3211 1513 ‹
3248 1463 3318 1518 Et
3363 1464 3677 1521 introduxit
3707 1487 3770 1524 me

2192 1547 2260 1600 ad
2290 1549 2491 1602 atrium
2520 1550 2779 1617 interius,
2811 1554 2876 1606 ad
2902 1562 3112 1622 portam
3145 1557 3492 1623 australem;
3528 1578 3551 1611 ι
3584 1563 3713 1628 quod
3731 1576 3771 1615 et

2194 1633 2247 1687 in
2273 1635 2523 1690 orientali
2554 1641 2694 1694 atrio
2724 1641 2985 1711 scriptum
3027 1643 3283 1698 similiter
3329 1646 3646 1702 invenitur.
3681 1649 3769 1704 Pri-

2195 1737 2314 1778 mus
2339 1726 2480 1779 enim
2505 1727 2571 1780 ad
2601 1729 2856 1783 virtutem
2886 1730 3163 1802 ingressus
3187 1744 3276 1789 est
3293 1776 3308 1800 ,
3335 1738 3664 1806 aquilonem
3683 1742 3769 1796 calo

515 1811 741 1858 rantur:
768 1807 894 1875 quia
937 1809 1185 1865 videlicet
1229 1811 1559 1884 Redemptor
1598 1826 1781 1874 noster
1825 1837 1947 1876 cum
1994 1840 2073 1894 pel

2195 1827 2320 1866 care
2348 1815 2594 1882 pedibus,
2617 1823 2672 1870 et
2698 1832 2800 1886 per
2827 1819 3358 1891 quinquagenarium
3388 1837 3450 1880 et
3479 1827 3768 1896 vigesimum

513 1909 610 1948 nos
638 1894 781 1956 facta
809 1897 1088 1953 hominum
1112 1901 1197 1955 vel
1230 1905 1491 1972 approbat
1521 1907 1604 1961 vel
1638 1909 1838 1965 indicat
1871 1929 1977 1968 non
2008 1914 2090 1968 in-

513 1983 782 2039 trinsecus
811 1987 1052 2041 metitur.
1082 1989 1236 2046 Unde
1257 2000 1310 2046 et
1344 2009 1442 2063 per
1472 1994 1825 2068 Evangelium
1858 2001 2086 2058 dicitur:

517 2091 535 2122 ‹
577 2073 658 2128 Ex
686 2074 949 2132 fructibus
971 2094 1158 2154 eorum
1184 2087 1526 2153 cognoscetis
1550 2103 1644 2143 eos
1667 2088 1883 2161 (Matth.
1906 2093 2025 2163 vn).
2063 2114 2081 2145 ›

509 2159 644 2216 Cum
672 2165 816 2218 enim
852 2167 985 2222 alios
1029 2173 1392 2242 conspicimus
1427 2177 1611 2249 largiri
1654 2181 2084 2255 eleemosynam,

509 2253 724 2314 afﬂictis
754 2274 1113 2329 concurrere,
1139 2269 1411 2344 oppressis
1446 2272 1766 2337 subvenire,
1797 2277 1873 2329 nil
1907 2293 2001 2332 cos
2034 2279 2087 2333 in

508 2346 612 2404 hoc
636 2351 836 2405 mundo
857 2353 1040 2422 gloriae
1061 2371 1326 2425 quaerere,
1356 2361 1516 2419 nullis
1546 2364 1704 2434 hujus
1733 2369 1917 2424 mundi
1946 2385 2089 2425 com-

509 2440 721 2507 pendiis
747 2441 958 2498 inhiare
977 2486 991 2510 ,
1018 2455 1180 2516 atque
1206 2450 1341 2506 alios
1370 2455 1618 2512 videmus
1645 2475 1862 2515 carnem
1899 2463 2086 2520 doma-

511 2541 590 2593 re,
617 2528 872 2602 lacrymis
915 2534 1192 2605 insistere,
1239 2542 1418 2598 verbis
1457 2548 1769 2607 coelestibus
1797 2558 2079 2625 occupari,

508 2617 583 2671 nil
619 2621 914 2676 transitorii
963 2625 1184 2683 honoris
1225 2643 1517 2702 appetere:
1558 2639 1687 2708 quid
1729 2642 1872 2699 aliud
1924 2617 2086 2703 debe;

505 2721 626 2762 mus
669 2710 774 2764 nisi
818 2726 911 2767 eos
956 2715 1223 2784 perfectos
1250 2723 1492 2792 credere,
1537 2738 1753 2786 sanctos
1781 2735 2084 2792 aestimare?

506 2795 644 2866 Quia
673 2816 801 2872 ergo
833 2820 932 2873 per
961 2807 1064 2864 hoc
1105 2813 1246 2879 quod
1275 2817 1598 2887 aspicimus,
1630 2837 1749 2878 esse
1783 2840 1877 2882 eos
1907 2828 2083 2898 perfe-

505 2896 622 2945 ctos
648 2892 914 2960 videmus,
941 2912 1127 2954 eorum
1157 2903 1323 2958 vitam
1358 2922 1455 2975 per
1478 2919 1694 2966 centum
1722 2915 1933 2970 cubitos
1961 2934 2079 2973 me-

504 2977 687 3034 timur.
729 2982 797 3037 Et
838 2986 964 3055 quia
1005 2990 1158 3044 multi
1201 2992 1260 3046 in
1296 2993 1478 3052 Iudaea
1503 3040 1518 3064 ,
1561 3001 1802 3073 plerique
1841 3021 1971 3062 vero
2024 3009 2078 3064 in

502 3073 806 3140 gentilitate
831 3079 1014 3147 positi,
1043 3083 1111 3138 ad
1137 3085 1277 3140 hanc
1314 3088 1664 3157 perfectionis
1689 3111 1954 3153 summam
1987 3117 2078 3156 ve-

505 3176 722 3235 nerunt,
757 3181 903 3226 recte
931 3174 1304 3248 subjungitur:
1334 3181 1416 3235 Ad
1440 3184 1707 3241 orientem
1739 3199 1794 3244 et
1831 3193 1898 3246 ad
1923 3194 2076 3263 aqui-

499 3254 699 3312 Ionem.
742 3259 995 3319 Iudaicus
1038 3270 1237 3323 etenim
1267 3274 1494 3342 populus
1532 3280 1714 3336 oriens
1745 3281 1870 3350 jure
1902 3285 2077 3342 dictus

502 3355 618 3413 est,
663 3348 730 3404 de
773 3353 926 3421 cujus
963 3370 1126 3411 carne
1156 3358 1244 3415 ille
1278 3371 1441 3420 natus
1469 3374 1581 3432 est,
1612 3371 1702 3439 qui
1743 3348 1821 3426 sol
1853 3374 2077 3444 justitiae

499 3441 755 3505 vocatur;
803 3443 870 3497 de
919 3461 1026 3514 quo
1063 3464 1162 3516 per
1200 3455 1516 3521 prophetam
1562 3461 1800 3517 dicitur:
1911 3468 2077 3524 Vobis

501 3534 684 3580 autem
727 3531 819 3599 qui
873 3534 1071 3590 timetis
1125 3538 1411 3598 Dominum
1465 3548 1671 3604 orietur
1719 3554 1799 3608 sol
1845 3554 2073 3624 iustitiae

498 3614 758 3684 (Malae/2.
783 3622 879 3694 ιν).
920 3644 938 3675 ›
968 3625 1071 3680 Ρει·
1099 3629 1402 3697 aquilonem
1423 3651 1550 3692 vero
1577 3614 2073 3718 gentilitas'ﬁgura-

502 3714 588 3761 tur
617 3725 736 3778 qua:
761 3713 852 3768 diu
897 3717 952 3772 in
995 3722 1236 3789 perfidia:
1277 3739 1388 3781 sua:
1421 3727 1623 3802 frigore
1662 3713 1980 3808 torpuit,et
2015 3745 2071 3800 in

496 3797 649 3866 cujus
689 3804 851 3860 corde
895 3807 983 3862 ille
1032 3818 1280 3884 regnavit
1330 3823 1421 3892 qui
1469 3797 1765 3885 attestante.
1807 3797 2071 3906 propheta

497 3894 637 3961 apud
668 3899 1015 3969 semetipsum
1046 3906 1224 3963 dixit:
1259 3932 1278 3963 ι
1307 3913 1509 3972 Ponam
1553 3922 1736 3979 sedem
1791 3894 1965 3982 meum
2001 3933 2068 3986 ad

494 3981 825 4048 aquilonem.
853 4009 871 4040 ι
901 3991 1035 4058 Quia
1060 3995 1242 4068 itaque
1270 4003 1584 4064 incarnatus
1606 4015 1945 4084 omnipotens
1972 4019 2070 4076 Do-

494 4069 672 4127 minus
701 4074 836 4132 alios
861 4082 1236 4148 perfectosex
1269 4092 1450 4150 Judwa
1469 4137 1484 4162 ,
1525 4099 1666 4156 alios
1697 4106 1969 4172 perfectos
1998 4127 2066 4167 ex

489 4159 790 4225 gentilitate
835 4166 978 4224 intra
1022 4185 1265 4233 sanctam
1312 4182 1609 4243 Ecclesium
1652 4191 1816 4261 fecit,
1845 4208 2064 4256 centum

488 4253 696 4310 cubitos
723 4273 830 4313 non
856 4261 1029 4318 solum
1059 4269 1322 4327 orientem
1337 4292 1554 4335 mensus
1579 4292 1680 4351 est,
1703 4288 1798 4341 sed
1812 4278 1981 4344 etiam
1995 4293 2064 4346 ad

484 4340 811 4437 aquilonem.
843 4348 1625 4436 (Hieron.)_Qu0mod0.aulcm
1651 4340 1867 4432 centum
1895 4382 2060 4437 cubiti

484 4441 594 4482 non
608 4431 780 4486 solum
800 4437 867 4489 ad
880 4449 1092 4506 portam
1108 4448 1422 4508 orientalem
1432 4431 1659 4528 fuerint,
1676 4468 1767 4519 sed
1783 4476 1838 4521 et
1852 4470 1920 4523 ad
1941 4487 2062 4540 por-
2084 4485 2138 4544 ι)

487 4524 596 4572 tam
639 4523 908 4592 aquilonis
947 4546 1178 4601 sequens
1211 4544 1577 4604 testimonium
1611 4523 2020 4618 demonstrabit.

558 4649 578 4684 ι
621 4631 839 4736 liortam
868 4656 1082 4744 quoque
1115 4666 1236 4720 quae
1263 4659 1585 4727 respiciebat
1615 4669 1757 4726 viam
1788 4677 2054 4744 aquilonis

490 4739 509 4773 ι
550 4725 674 4780 atrii
713 4732 1003 4794 exterioris
1054 4756 1274 4802 mensus
1329 4758 1412 4806 est
1460 4762 1571 4810 tam
1620 4759 1674 4815 in
1720 4725 2055 4838 longitudine

485 4833 504 4867 ι
547 4834 708 4889 quam
754 4827 825 4894 in.
846 4831 1146 4903 latitudine,
1185 4851 1238 4896 et
1263 4845 1530 4908 thalamos
1562 4853 1679 4923 ejus
1704 4827 1967 4922 tresvbinc
2000 4879 2056 4924 et

484 4932 501 4963 ι
546 4923 658 4971 tres
688 4919 832 4988 inde,
859 4932 914 4978 et
939 4925 1172 4984 frontem
1199 4933 1332 5002 ejus,
1362 4950 1417 4994 ct
1443 4919 1762 5006 vestibulum
1796 4955 1931 5024 ejus,
1964 4976 2049 5016 se-

482 5021 500 5052 t
545 5008 776 5065 cundum
821 5029 1131 5074 mensuram
1176 5035 1343 5092 portze
1388 5034 1612 5105 prioris,
1658 5045 2046 5120 quinquaginta

482 5117 492 5120 _
546 5099 816 5120 -.-μμ-ρ
868 5105 882 5120 .
995 5109 1006 5120 .
1092 5111 1124 5120 ..
1311 5117 1319 5120 _

480 5117 497 5143 ι
543 5099 846 5200 cubitorum
868 5105 1255 5177 longitudinem
1275 5117 1408 5186 ejus,
1427 5134 1480 5179 et
1502 5099 1835 5193 latitudinem
1856 5099 2047 5214 vioginti

481 5200 500 5233 t
541 5189 778 5295 quinque
801 5195 1131 5268 cubitorum;
1161 5204 1405 5267 fenestrzn
1418 5226 1594 5276 autem
1609 5226 1724 5295 ejus
1738 5240 1792 5284 et
1812 5189 2046 5291 vesabu-

481 5291 500 5323 ι
528 5274 652 5329 ,ιιιω
679 5287 732 5332 et
753 5284 1058 5354 sculpturte,
1082 5300 1370 5356 secundum
1395 5274 1699 5370 mensura‘m
1730 5333 1898 5388 portae
1925 5343 2043 5394 qua:

481 5377 500 5394 ι
546 5365 864 5394 Μοηῖηέλιιλι
915 5389 934 5394 -
954 5375 976 5394 λ
1032 5393 1035 5394 ,
1087 5381 1099 5392 ι
1182 5393 1185 5394 ,

481 5377 500 5409 ι
543 5365 867 5430 respiciebat
911 5375 978 5429 ad
1018 5381 1298 5455 orientem,
1326 5401 1379 5447 et
1402 5408 1606 5466 septem
1641 5365 2044 5475 grarduumerat

479 5467 499 5500 ι
539 5467 796 5574 ascensus
833 5463 973 5569 ejus.
1006 5471 1072 5527 Et
1099 5480 1418 5541 vestibulum
1447 5463 1569 5546 ante
1613 5463 1761 5566 eam,
1797 5512 1852 5556 ct
1888 5519 2040 5574 porta

481 5556 499 5588 ι
543 5550 664 5600 atrii
689 5550 958 5612 interioris
992 5573 1177 5621 contra
1208 5585 1415 5639 portam
1459 5585 1725 5650 aquilonis
1749 5550 1818 5646 ἐι
1855 5550 2038 5654 o'rien-

478 5648 499 5682 ς
542 5636 721 5696 talem.
755 5643 822 5699 Et
866 5663 1082 5711 mensus
1115 5669 1196 5715 est
1237 5680 1267 5718 a
1304 5681 1458 5737 porta
1506 5691 1673 5747 usque
1717 5684 1785 5739 ad
1823 5702 2039 5757 portam

2105 3137 2150 3201 C

2193 1906 2441 1975 quintum
2486 1923 2772 1963 numerum
2816 1912 2884 1965 ad
2913 1915 3286 1970 summitatem
3329 1922 3648 1974 centenarii
3676 1939 3768 1991 per-

2192 1996 2398 2049 venire.
2444 1996 2648 2052 Deinde
2682 1998 2952 2055 introduci
3000 2003 3068 2057 ad
3105 2005 3421 2061 australem
3467 2009 3765 2078 plagam,et

2192 2084 2461 2153 aquilonis
2484 2085 2656 2157 frigus
2680 2090 2969 2158 expellere.
3000 2091 3153 2148 Tunc
3183 2095 3252 2149 ad
3273 2097 3595 2165 perfectam
3618 2105 3762 2155 venire

2190 2173 2467 2240 virtutem,
2500 2176 2552 2230 id
2580 2186 2693 2243 est,
2723 2179 2788 2233 ad
2818 2189 3029 2249 portam
3069 2183 3404 2240 orientalem
3424 2229 3440 2252 ,
3478 2187 3535 2242 in
3564 2204 3662 2259 qua
3681 2193 3763 2244 cri-

2192 2270 2280 2316 tur
2309 2265 2386 2318 sol
2410 2263 2666 2332 iustitiae,
2696 2277 2751 2322 et
2775 2283 2874 2338 per
2899 2286 3063 2340 quam
3089 2274 3236 2331 solus
3269 2277 3595 2349 ingreditur
3625 2286 3761 2351 renti.

2189 2354 2300 2409 fex.
2332 2356 2399 2410 Et
2419 2357 2522 2412 hoc
2547 2358 2938 2416 observandum
2978 2367 3120 2434 quod
3164 2383 3294 2423 cum
3338 2382 3590 2440 quatuor
3627 2375 3756 2447 plaga

2189 2445 2317 2510 sint,
2353 2447 2418 2501 de
2447 2449 2768 2506 occidentali
2798 2463 2953 2522 porta
2985 2465 3236 2512 taceatur
3262 2478 3276 2514 :
3312 2460 3384 2516 de
3416 2477 3533 2532 qua
3569 2465 3618 2518 in
3633 2445 3755 2535 pria-

2187 2537 2328 2607 cipio
2357 2542 2674 2612 sexagesimi
2703 2546 2918 2614 septimi
2948 2549 3141 2616 psalmi
3164 2553 3449 2621 scriptum
3485 2567 3603 2612 est:
3631 2557 3756 2612 «lter

2167 2625 2346 2685 facite
2367 2631 2418 2686 ei
2443 2635 2533 2703 qui
2557 2637 2794 2690 ascendit
2817 2654 2979 2709 super
3000 2643 3369 2711 occidentem,
3399 2648 3661 2704 Dominus
3681 2667 3754 2706 my-

2185 2737 2311 2777 men
2337 2723 2454 2794 cjus
2489 2725 2660 2796 (Psal.
2693 2731 2894 2800 van);
2940 2740 3001 2786 ut
3039 2743 3334 2804 postquam
3375 2739 3546 2794 nobis
3583 2756 3758 2810 prapo-

2187 2813 2433 2868 rantibus
2477 2815 2579 2870 iter
2626 2818 2886 2886 Domino,
2943 2832 2999 2876 et
3044 2823 3176 2879 illud
3225 2826 3595 2896 implentibus
3640 2834 3756 2901 quod

2181 2900 2415 2959 Joannes
2459 2905 2696 2978 Baptista
2737 2911 2937 2966 clamat
2972 2914 3026 2967 in
3073 2930 3303 2972 eremo:
3341 2939 3360 2971 ‹
3399 2919 3601 2978 Parate
3640 2900 3756 2978 via:

2165 2989 2416 3060 ’Domini,
2434 3007 2609 3054 rectas
2630 2999 2790 3056 facite
2815 3004 3036 3060 semitas
3062 3005 3180 3075 ejus
3209 3008 3436 3078 (Matth.
3479 3015 3578 3081 τι),
3609 3017 3758 3084 possi—

2183 3099 2304 3138 mus
2340 3087 2528 3142 audire
2557 3091 2700 3158 quod
2742 3093 3067 3150 in-extrema
3105 3108 3262 3168 parte
3301 3099 3543 3169 ejusdem
3575 3107 3758 3175 psalmi

2182 3173 2381 3228 dicitur
2407 3194 2420 3230 :
2451 3195 2469 3227 ι
2499 3176 2724 3235 Cantate
2754 3182 2895 3250 Deo,
2922 3187 3132 3256 psallite
3167 3188 3422 3258 Domino,
3452 3197 3541 3264 qui
3563 3173 3760 3252 ascen-

2182 3262 2259 3316 dit
2293 3280 2456 3334 super
2487 3267 2682 3324 coelum
2705 3272 2829 3326 εωιί
2861 3276 2926 3329 ad
2952 3277 3241 3334 orientem.
3267 3281 3408 3349 Quod
3438 3262 3619 3339 autem
3662 3287 3754 3342 di-

2180 3361 2378 3407 cuntur
2421 3356 2641 3412 thalami
2681 3367 2792 3417 tres
2838 3364 2964 3419 hinc
3000 3376 3055 3420 et
3096 3377 3208 3426 tres
3237 3372 3520 3438 inde,hoc
3549 3377 3754 3432 docet:

2179 3447 2320 3513 quod
2343 3454 2452 3501 tam
2494 3448 2673 3505 littera
2709 3469 2869 3523 quam
2919 3460 3142 3528 spiritus
3192 3472 3246 3519 et
3293 3475 3531 3537 utraque
3568 3470 3751 3526 intelli-

2177 3538 2354 3608 gentia
2371 3548 2426 3594 et
2439 3540 2676 3596 historiae
2693 3547 3002 3619 tropologiaa
3023 3553 3091 3606 ad
3112 3549 3401 3611 Trinitatis
3425 3573 3745 3616 sacrantema

2176 3629 2499 3696 pertineant.
2533 3632 2663 3688 lllud
2695 3639 2837 3705 quod
2860 3641 3094 3707 additur,
3129 3662 3146 3694 ί
3187 3644 3255 3698 Ει
3288 3645 3534 3704 frontem
3572 3651 3677 3718 ejus
3704 3663 3746 3707 et

2175 3719 2496 3775 vestibulum
2545 3727 2838 3782 secundum
2887 3746 3196 3789 mensuram
3241 3748 3422 3805 porte
3474 3743 3688 3810 prioris,
3721 3764 3736 3795 ι

2173 3811 2491 3868 orientalem
2519 3825 2730 3885 portam
2760 3822 3050 3892 signiﬁcat,
3077 3842 3199 3896 quae
3232 3831 3390 3898 prior
3421 3849 3540 3889 non
3561 3837 3739 3902 ordine,

2172 3902 2265 3955 sed
2289 3905 2483 3960 merito
2505 3920 2866 3980 nuncupatur.
2906 3935 2923 3964 ε
2954 3915 3021 3970 Εῑ
3049 3918 3316 3986 habebat,
3354 3924 3573 3994 inquit,
3616 3931 3744 4000 quia-

2171 3994 2426 4061 quaginta
2461 3998 2670 4052 cubitos
2703 4001 2756 4054 iu
2792 4001 3153 4074 longitudine,
3189 4019 3244 4064 et
3282 4013 3493 4082 viginti
3536 3994 3739 4087 quiane:

2171 4075 2222 4131 in
2247 4078 2556 4150 latitudine;
2584 4103 2601 4135 ι
2627 4094 2686 4140 ut
2713 4088 2764 4142 in
2789 4092 3232 4165 quinquagesima
3251 4075 3377 4170 post
3400 4075 3612 4175 septem

2167 4169 2424 4228 domadas
2449 4185 2649 4231 aeterna
2683 4183 2900 4251 requies
2926 4169 3360 4258 demonstretur,
3395 4201 3633 4254 tendens
3663 4217 3738 4271 per

2167 4259 2306 4314 diem
2359 4263 2776 4326 resurrectionis
2812 4273 2880 4326 ad
2907 4290 3072 4348 regna
3117 4280 3408 4349 cmlorum,
3468 4289 3530 4342 in
3571 4292 3735 4359 quit-us

2164 4362 2292 4404 vera
2336 4355 2552 4422 requies
2579 4366 2683 4411 est.
2723 4359 2781 4414 In
2823 4362 2893 4417 25
2917 4375 3094 4421 autem
3136 4369 3203 4425 de
3229 4387 3343 4440 quo
3367 4355 3608 4433 numero
3636 4389 3735 4434 ante

2158 4436 2274 4506 jam
2298 4439 2554 4510 diximus,
2585 4447 2824 4518 quinque
2844 4465 3098 4510 sensuum
3127 4473 3227 4527 per
3247 4436 3515 4536 quinque
3546 4469 3734 4523 ordines

2164 4530 2518 4602 quadranguli
2541 4552 2796 4595 mensura
2823 4554 3089 4614 servetur,
3112 4565 3351 4618 quorum
3377 4555 3620 4614 alterum
3641 4561 3732 4613 luo-

2139 4618 2410 4688 ‘gitudini,
2436 4624 2666 4682 alterum
2697 4630 2968 4690 latitudini
2994 4646 3317 4707 coaptatur:
3352 4656 3417 4699 ut
3442 4647 3504 4702 in
3529 4650 3732 4720 longitu-

2160 4711 2285 4767 dine
2332 4716 2544 4784 requies
2584 4727 2638 4773 et
2679 4721 2962 4781 delectatio
3005 4732 3321 4789 sacratioris
3367 4717 3661 4795 scientiae:
3687 4743 3730 4796 is

2137 4889 2576 4951 demonstretur.
2613 4897 2765 4964 Quod
2801 4902 3051 4975 infertur,
3081 4927 3100 4962 ι
3135 4910 3200 4965 Et
3236 4889 3507 4974 fenestra
3543 4923 3652 4990 ejus
3684 4933 3728 4977 et

2151 4979 2417 5035 vestibula
2460 4992 2516 5037 et
2557 4988 2845 5058 sculptura:
2866 5035 2880 5057 ,
2915 5014 2934 5046 ι
2965 4998 3079 5054 sive
3101 5009 3163 5055 ut
3189 4979 3721 5078 Septuaginta'addi-

2151 5069 2299 5135 dere,
2335 5091 2353 5122 ι
2387 5074 2578 5142 palmae
2605 5091 2762 5136 erant
2781 5081 2934 5151 juxta
2968 5069 3280 5148 mensuram
3295 5069 3482 5165 porta:
3511 5119 3622 5172 qua
3646 5121 3722 5158 re-

2147 5160 2407 5229 spiciebat
2427 5166 2495 5220 ad
2513 5169 2792 5240 orientem,
2818 5195 2838 5228 ι
2857 5178 2959 5234 hoc
2979 5183 3248 5240 subtiliter
3267 5160 3577 5260 indicatur,
3597 5196 3727 5265 quod

2149 5253 2453 5326 quicunque
2483 5259 2536 5313 in
2565 5261 2788 5321 introitu
2827 5269 3086 5327 virtutum
3107 5277 3313 5346 positus
3332 5321 3350 5347 ,
3373 5290 3497 5339 tres
3539 5253 3593 5341 et
3612 5253 3727 5344 ἰνδ

2147 5343 2413 5402 thalamos
2437 5348 2601 5407 fuerit
2627 5354 2904 5425 ingressus
2937 5343 3279 5438 fronte—mque
3312 5343 3371 5427 et
3399 5343 3725 5434 vestibulum

2145 5449 2412 5493 mensurae
2452 5453 2621 5510 porta:
2656 5449 2852 5517 prioris
2881 5458 3187 5525 agnoverit,
3215 5461 3285 5515 ad
3310 5478 3377 5517 ea
3412 5474 3726 5535 perveniat,

2144 5523 2341 5594 illaque
2367 5533 2696 5602 conspiciat,
2729 5555 2850 5607 qua:
2873 5551 2928 5597 et
2957 5545 3011 5599 in
3044 5523 3197 5616 porta
3232 5523 3493 5612 orientali
3525 5523 3726 5629 plenis;

2142 5615 2278 5670 sime
2331 5633 2680 5691 suscepturus
2720 5640 2818 5684 est.
2863 5631 3035 5690 Porro
3074 5641 3217 5708 quod
3266 5615 3569 5714 sequiturl:
3610 5670 3628 5702 ι
3665 5651 3726 5706 Et

2145 5712 2353 5775 septem
2377 5710 2640 5779 graduum
2667 5727 2788 5775 erat
2819 5737 3076 5784 ascensus
3115 5729 3264 5799 ejus,
3291 5710 3360 5788 et‘
3387 5741 3722 5797 vestibulum
