3908 6356
129 295 224 352 929

1010 286 1359 346 COMMENT.
1401 284 1467 340 ΙΝ
1506 279 1957 340 EZECHIELEM.
1999 315 2070 326 —
2102 285 2230 343 LIB.
2271 284 2386 342 XV.

3255 289 3360 346 950

129 421 245 466 ante
259 422 374 465 eam
395 403 764 469 siveinterius,
791 423 808 455 ι
835 405 978 459 hunc
991 398 1562 469 habetsensum,quod
1584 413 1681 467 per
1709 401 1760 460 Α
1786 399 2015 452 terrenis
2043 413 2100 454 se
2123 415 2151 453 a
2188 400 2465 455 desideriis
2487 400 2724 458 funditus
2749 412 2974 459 avertat.
2999 403 3095 460 Vel
3120 413 3264 461 certe
3299 413 3362 463 ut

133 511 322 572 septem
345 500 540 572 gradus
572 497 934 560 hebdomadis,
961 486 1014 549 et
1034 494 1151 548 olla:
1176 509 1295 562 quae
1321 507 1350 544 a
1377 490 1512 545 facie
1539 489 1684 558 aqui-

131 585 260 646 lonis
311 589 640 654 accenditur,
671 597 725 642 et
751 587 1101 642 caeremonias
1147 583 1453 638 Iuda-orum
1493 583 1688 652 quibus

129 682 267 735 dedit
295 680 435 735 Deus
465 688 752 750 praecepta,
785 693 890 730 non
931 678 1070 731 bona
1101 684 1154 730 et
1187 673 1600 743 justiﬁcationes
1634 672 1688 725 in

130 768 313 839 quibus
338 785 446 823 non
470 769 654 824 vivant
682 768 737 822 in
775 767 883 832 eis,
917 768 1238 822 scandamus
1272 765 1340 819 ad
1381 763 1602 827 altiora,
1635 769 1689 816 et

132 860 194 914 ad
225 859 541 914 vestibulum
575 857 707 926 ejus,
740 857 792 911 id
819 867 932 922 est,
971 864 1140 927 portae
1166 895 1180 921 ,
1209 869 1308 924 pro
1337 869 1444 922 quo
1471 860 1689 922 septua-

130 950 270 1020 ginta
307 949 542 1005 elamoth
571 949 982 1004 transtulerunt.
1021 947 1174 1014 Quod
1211 945 1534 1001 vestibulum
1565 950 1692 997 ante

132 1049 329 1111 portam
361 1049 443 1096 est
481 1041 596 1095 sive
642 1041 886 1095 interius.
923 1037 1030 1094 Nec
1057 1039 1228 1092 solum
1275 1052 1382 1091 una
1421 1044 1577 1107 porta
1610 1044 1694 1090 est

135 1133 421 1200 aquilonis,
449 1149 570 1202 qua:
612 1148 774 1202 supra
801 1141 955 1203 porta
987 1131 1284 1201 appellatur
1312 1131 1568 1194 exterior,
1599 1129 1695 1184 sed

131 1235 186 1282 et
215 1225 378 1280 altera
414 1227 658 1292 interior,
703 1241 820 1294 quae
863 1225 1025 1279 habet
1073 1223 1478 1278 similitudinem
1505 1219 1695 1290 ‘portae

130 1318 434 1383 orientalis,
483 1327 542 1372 ut
589 1317 926 1371 manifestius
981 1317 1166 1372 dixere
1212 1314 1584 1385 Septuaginta,
1643 1321 1698 1369 et

128 1417 279 1478 porta
299 1409 423 1462 atrii
447 1408 672 1463 interior
692 1408 988 1478 respiciens
1007 1414 1219 1477 portam
1247 1406 1527 1475 aquilonis,
1559 1405 1699 1460 sicut

131 1509 245 1553 erat
267 1505 420 1568 porta
458 1513 579 1568 quae
623 1498 946 1567 respiciebat
987 1498 1055 1551 ad
1084 1498 1371 1552 orientem.
1401 1515 1417 1547 ι
1449 1495 1697 1550 Mensus-

132 1603 232 1658 que
260 1599 340 1644 est
367 1605 398 1644 a
424 1598 580 1659 porta
613 1589 868 1645 exteriori
890 1588 1177 1658 aquilonis,
1201 1602 1370 1657 usque
1391 1588 1459 1641 ad
1487 1593 1696 1657 portam

133 1681 364 1749 ejusdem
390 1681 656 1750 aquilonis
684 1682 994 1736 interiorem
1014 1721 1028 1744 ,
1057 1689 1274 1735 centum
1302 1679 1542 1742 cubitos;
1582 1696 1600 1728 ι
1639 1684 1700 1732 ut

1790 488 1962 571 longe.
1988 490 2234 557 superius
2278 490 2478 545 dictum
2521 501 2638 557 est,
2679 493 2805 562 quia
2848 504 2956 551 tres
2986 506 3112 551 sunt
3147 496 3364 553 ordines
3419 501 3421 503 ’

1789 582 1926 636 bene
1947 583 2263 651 viventium,
2286 587 2549 641 bonorum
2569 587 2773 644 scilicet
2785 589 3216 661 eonjugatorum,
3239 607 3367 647 con-

1792 677 2097 744 tinentium,
2130 688 2289 748 atque
2319 681 2754 750 praadicatorum.
2784 682 2929 749 Quos
2958 691 3070 738 tres
3100 683 3365 739 bonorum

1792 771 2030 835 ordines,
2058 772 2183 841 quia
2213 788 2320 827 non
2342 773 2514 828 solum
2541 773 2780 829 Ecclesia
2805 789 2871 828 ex
2904 776 3154 845 gentibus
3185 775 3366 841 habet,

1794 863 1890 919 sed
1917 864 2206 932 aliquando
2244 866 2404 920 etiam
2439 881 2708 938 synagoga
2750 866 2960 931 habuit,
3003 867 3128 921 dum
3174 883 3367 938 magna

1796 956 2078 1010 multitudo
2100 956 2421 1027 spiritalium
2447 958 2822 1028 Redemptoris
2843 959 3073 1027 gratiam
3116 959 3369 1014 ardenter

1797 1047 2148 1116 exspectavit,
2177 1055 2331 1117 porta
2355 1048 2592 1104 caelestis
2622 1049 2833 1105 aediﬁcii
2861 1058 2972 1104 tres
3000 1050 3147 1115 hinc,
3178 1059 3233 1106 et
3259 1057 3372 1104 tres

1799 1136 1922 1191 inde
1943 1137 2210 1192 thalamos
2237 1139 2419 1204 habet,
2449 1139 2575 1208 quia
2613 1139 2930 1208 praedicator
2956 1141 3201 1210 quisque,
3249 1152 3372 1194 cum

1799 1229 1866 1283 ad
1893 1244 2180 1298 supernam
2209 1232 2437 1300 patriam
2479 1229 2780 1286 auditorem
2817 1240 3094 1301 provocat,
3123 1240 3178 1288 et
3208 1246 3376 1287 novos

1798 1329 1980 1390 patres
2003 1330 2058 1375 et
2079 1331 2292 1378 veteres
2313 1322 2594 1378 anhelasse
2623 1322 2828 1379 caelesti
2856 1323 3123 1379 desiderio
3155 1325 3377 1378 demon-

1799 1420 1955 1466 strat.
1980 1411 2107 1468 Plus
2129 1413 2272 1467 enim
2305 1413 2621 1484 plerumque
2657 1414 2900 1485 exempla
2930 1431 3093 1485 quam
3120 1417 3380 1486 praedica-

1801 1503 1964 1558 tionis
1991 1504 2153 1558 verba
2199 1514 2599 1576 compungunt;
2631 1513 2688 1561 et
2719 1520 2843 1561 cum
2881 1506 3205 1575 praedicator
3251 1505 3382 1560 dicit

1801 1593 1989 1663 quales
2022 1592 2112 1647 alii
2153 1594 2208 1648 in
2255 1595 2540 1666 eonjugio,
2574 1596 2658 1650 vel
2699 1597 2754 1651 in
2793 1596 3151 1662 continentia,
3200 1595 3286 1650 vel
3325 1595 3379 1656 in

1805 1686 2187 1756 praedicatione
2200 1679 2336 1758 'erga
2362 1689 2746 1758 omnipotentis
2769 1688 2866 1744 Dei
2889 1703 3128 1744 amorem
3155 1687 3209 1742 in
3234 1685 3382 1742 Novo

135 1769 219 1824 his
259 1770 411 1838 quasi
468 1770 721 1841 gradibus
779 1778 939 1840 atque
990 1770 1260 1826 mensuris
1305 1770 1619 1824 recedentes
1667 1782 1698 1820 a
1725 1755 1774 1814 Β
1805 1755 2152 1830 Testamento
2183 1755 2402 1841 fuerint,
2436 1755 2529 1833 vel
2554 1778 2644 1832 alii
2672 1779 2860 1848 quales
2888 1779 2940 1834 in
2983 1778 3188 1844 Veteri,
3226 1786 3382 1847 porta

133 1868 284 1930 porta
324 1861 601 1927 exteriori,
630 1861 695 1916 ad
721 1862 1032 1918 interiorem
1071 1861 1354 1932 pervenire
1383 1860 1693 1916 valeamus:

134 1953 198 2006 de
215 1950 363 2020 cujus
385 1953 594 2008 numeri
615 1962 954 2009 sacramento
976 1969 1137 2022 supra
1165 1953 1364 2008 dictum
1389 1949 1698 2023 est.(Greg.)

133 2041 288 2100 Porta
312 2045 510 2100 etenim
540 2045 685 2099 viam
709 2045 973 2114 aquilonis
996 2045 1246 2113 respicit;
1279 2059 1400 2098 cum
1435 2043 1704 2112 praedica-

135 2146 219 2191 tor
244 2137 470 2206 quisque
499 2135 668 2190 vitam
715 2136 1018 2205 peccatoris
1059 2135 1331 2205 agnoscit,
1375 2135 1534 2203 eique
1568 2136 1704 2189 inte-

132 2227 274 2281 riora
320 2227 444 2280 vitze
479 2241 576 2294 per
607 2227 832 2281 verbum
885 2226 1059 2296 aperit
1101 2226 1519 2294 praedicationis.
1576 2227 1706 2292 Qua:

131 2322 284 2383 porta
327 2314 452 2367 atrii
498 2314 783 2369 exterioris
825 2314 1042 2368 dicitur.
1092 2315 1344 2370 Exterius
1386 2317 1582 2386 quippe
1623 2322 1708 2370 est

130 2408 332 2462 atrium
351 2408 462 2462 vita
485 2421 722 2478 praesens
740 2446 754 2470 ,
779 2406 834 2459 in
855 2421 966 2474 qua
998 2420 1159 2460 omne
1182 2407 1326 2476 quod
1351 2407 1708 2476 corporaliter

131 2499 325 2570 agitur,
358 2497 709 2567 corporaliter
732 2497 896 2552 etiam
919 2497 1132 2552 videtur
1159 2515 1173 2552 :
1199 2513 1321 2567 qua:
1356 2507 1466 2552 tam
1503 2500 1557 2553 in
1585 2499 1706 2554 lon-

133 2591 367 2664 gitudine
392 2604 554 2659 quam
585 2590 638 2643 in
670 2589 956 2644 latitudine
985 2599 1330 2644 mensuratur
1363 2606 1375 2641 :
1417 2590 1542 2658 quia
1581 2605 1706 2644 cum

133 2682 203 2737 ad
228 2681 385 2736 ﬁdem
407 2689 659 2751 peccator
681 2682 917 2747 ducitur,
937 2695 1162 2736 necesse
1183 2689 1282 2744 est,
1305 2688 1368 2734 ut
1384 2679 1499 2749 ejus
1518 2680 1710 2735 doctor

132 2776 477 2841 consideret,
529 2775 615 2830 vel
666 2784 926 2845 quantum
984 2775 1037 2828 in
1099 2774 1486 2844 longitudinem
1551 2775 1707 2844 spei,

132 2866 218 2920 vel
255 2875 512 2935 quantum
555 2867 608 2919 in
649 2865 986 2920 latitudinem
1029 2864 1314 2920 charitatis
1356 2880 1422 2919 ex
1460 2864 1576 2933 ejus
1616 2865 1711 2919 ad-

134 2959 427 3014 monitione
475 2957 739 3029 proﬁciat.
793 2956 895 3024 Qui
951 2958 1094 3012 enim
1150 2958 1218 3012 ad
1267 2956 1433 3011 Deum
1483 2971 1710 3011 conver-

135 3051 286 3115 titur,
331 3050 376 3105 si
415 3050 589 3103 adhuc
639 3048 778 3103 bona
828 3049 952 3103 vitae
989 3048 1272 3117 praesentis
1304 3047 1712 3118 sperat,longi-

136 3137 386 3196 tudinem
407 3155 513 3195 non
541 3141 732 3194 habet:
762 3139 886 3209 quia
917 3139 1098 3194 brevis
1116 3147 1200 3195 est
1227 3139 1334 3193 vita
1357 3140 1410 3192 in
1432 3155 1537 3208 qua
1560 3153 1714 3208 spem

135 3232 334 3301 posuit.
361 3230 418 3286 Si
450 3245 546 3301 per
594 3230 930 3285 terrenarum
967 3245 1150 3284 rerum
1187 3229 1713 3298 concupiscentiam,

137 3327 196 3374 et
219 3320 393 3374 adhuc
432 3319 666 3388 proximi
705 3319 886 3372 odium
918 3327 1334 3388 coangustatur,
1378 3307 1715 3373 latitUdinem

136 3425 244 3464 non
270 3410 452 3471 habet,
490 3409 616 3478 quia
648 3409 822 3463 nescit
852 3410 937 3462 vel
981 3411 1293 3464 transitoria
1335 3419 1712 3474 contemnere,

133 3499 224 3552 vel
248 3513 306 3554 se
337 3498 391 3552 in
413 3498 646 3568 proximi
685 3513 870 3554 amore
899 3498 1146 3554 dilatare.
1178 3499 1312 3554 Cum
1342 3515 1472 3555 vero
1493 3515 1718 3555 conver-

122 3589 236 3645 ‘sus
265 3590 490 3660 quisque
516 3597 731 3645 mternm
769 3591 892 3645 vita:
925 3590 1116 3661 gaudia
1168 3590 1545 3661 longanimiter
1592 3606 1717 3659 spe-

139 3689 247 3745 rat,
274 3681 639 3751 proximorum
661 3680 942 3735 molestias
969 3695 1094 3734 cum
1123 3680 1388 3736 charitate
1417 3679 1643 3744 tolerat,
1664 3687 1719 3733 et

140 3785 207 3824 ea
235 3786 354 3840 qua:
377 3772 485 3826 non
512 3771 674 3826 habet
708 3771 1094 3840 concupiscere
1130 3770 1464 3834 contemnit,
1491 3770 1721 3840 longitu-

142 3861 323 3917 dinem
343 3870 399 3916 ct
424 3862 763 3916 latitudinem
784 3871 940 3930 porta
964 3861 1148 3925 habet,
1172 3862 1297 3929 quia
1324 3861 1493 3930 gloria
1527 3859 1725 3928 praedi-

142 3953 348 4008 catoris
373 3961 478 4017 est,
509 3950 786 4020 profectus
802 3950 1063 4004 auditoris
1089 3964 1102 4002 :
1127 3950 1266 4003 unde
1286 3950 1604 4017 quibusdam
1627 3963 1725 4017 per

144 4057 401 4110 maguum
424 4040 836 4110 praadicatorem
859 4039 1088 4093 dicitur:
1122 4057 1140 4088 ι
1173 4037 1439 4092 Gaudium
1470 4053 1649 4092 meum
1671 4045 1726 4092 et

143 4146 351 4185 corona
392 4144 512 4183 mea
551 4127 718 4199 (Phil.
763 4131 859 4198 ιν).
895 4150 912 4180 ι
948 4130 1014 4183 Et
1062 4146 1293 4184 rursus:
1345 4147 1364 4180 ι
1401 4129 1538 4184 Ecce
1584 4146 1728 4184 nunc

144 4221 293 4284 vivo,
326 4220 371 4273 si
403 4235 500 4274 vos
529 4220 684 4274 statis
712 4220 765 4274 in
795 4220 1022 4274 Domino
1051 4218 1104 4292 (Ι
1140 4219 1320 4274 Thess.
1355 4220 1461 4291 ιιι).
1503 4241 1520 4271 ι
1548 4221 1728 4289 Atque

144 4313 382 4368 iterum:
415 4331 434 4364 ι
463 4311 592 4378 Qua:
629 4322 710 4368 est
747 4311 891 4368 enim
936 4321 1117 4368 nostra
1149 4329 1291 4382 spes,
1322 4322 1415 4368 aut
1439 4313 1727 4385 gaudium?

1807 1883 1924 1937 quae
1972 1867 2210 1937 loquitur
2243 1877 2429 1924 ternos
2474 1884 2539 1924 ex
2590 1878 2819 1939 utroque
2865 1870 3036 1925 latere
3077 1871 3277 1925 habere
3324 1884 3383 1925 se

1806 1957 2073 2014 thalamos
2110 1959 2366 2014 ostendit.
2392 1959 2522 2027 Quae
2541 1968 2698 2030 porta
2721 1960 2884 2015 habet
2902 1969 2956 2014 et
2979 1959 3232 2026 frontem,
3257 1959 3381 2029 quia

1806 2060 1935 2107 sunt
1967 2053 2020 2107 in
2051 2052 2424 2123 praedicatoris
2457 2053 2569 2107 vita
2617 2062 2803 2123 aperta
2837 2068 3002 2123 opera
3038 2068 3157 2122 qua:
3197 2053 3385 2108 viden-

1808 2149 1916 2194 tur.
1947 2141 2122 2196 Habet
2152 2150 2208 2196 et
2246 2153 2373 2196 ante
2415 2141 2646 2197 frontem
2671 2139 3024 2207 vestibulum,
3053 2141 3176 2212 quia
3206 2141 3387 2212 prius-

1811 2249 1972 2303 quam
1998 2235 2138 2289 bona
2157 2249 2320 2304 opera
2340 2235 2598 2300 insinuet,
2622 2234 2881 2304 praedicat
2901 2233 3082 2300 ﬁdem,
3110 2247 3385 2304 perquam

1809 2326 1988 2379 anima
2019 2325 2296 2379 humiliter
2323 2325 2545 2380 veniens
2570 2326 2638 2379 ad
2662 2325 2927 2381 bonorum
2961 2332 3177 2380 actuum
3202 2323 3387 2378 altitu-

1811 2415 1991 2470 dinem
2023 2414 2334 2469 sublevatur
2360 2430 2374 2468 :
2399 2429 2519 2483 quae
2546 2423 2737 2470 cuncta
2760 2415 3056 2470 secundum
3077 2427 3388 2468 mensuram

1809 2515 1980 2576 portae
2009 2507 2208 2576 prioris
2235 2515 2379 2573 sunt,
2398 2506 2556 2576 juxta
2578 2508 2683 2562 hoc
2707 2506 2851 2576 quod
2875 2507 3158 2562 subditur:
3195 2526 3214 2558 ι
3251 2505 3388 2572 Quia

1812 2612 2030 2652 mensus
2080 2605 2164 2653 est
2207 2597 2603 2668 quinquaginta
2649 2597 2952 2652 cubitorum
3003 2596 3390 2666 longitudinem

1813 2687 1948 2757 ejus,
1973 2695 2029 2741 et
2045 2687 2385 2742 latitudinem
2402 2688 2587 2756 viginti
2610 2687 2849 2756 quinque
2871 2686 3195 2741 cubitorum.
3223 2704 3242 2737 ι
3265 2682 3392 2739 Haec

1807 2775 1918 2845 jam
1969 2777 2215 2847 superius
2267 2777 2431 2831 latius
2477 2789 2565 2830 me
2614 2777 2816 2832 dixisse
2885 2775 3228 2831 meministis.
3289 2767 3400 2829 Per.

1813 2868 2334 2938 quinquagenarium
2373 2868 2519 2922 enim
2561 2882 2844 2922 numerum
2884 2867 3128 2936 requiem
3163 2865 3396 2920 diximus

1815 2959 2056 3028 ﬁgurari,
2086 2959 2213 3027 quia
2233 2966 2288 3012 et
2307 2958 2786 3028 quinquagesimus
2812 2972 2984 3011 annus
3007 2955 3178 3010 veteri
3200 2953 3398 3024 populo

1817 3042 2144 3117 in'requiem
2167 3048 2324 3102 datus
2348 3056 2453 3112 est,
2487 3048 2578 3117 qui
2606 3046 2902 3115 appellatus
2929 3055 3012 3099 est
3035 3045 3317 3115 jubilaeus:
3343 3049 3400 3098 et

1819 3140 2157 3209 septenarius
2197 3154 2484 3202 numerus,
2527 3154 2625 3208 per
2673 3153 2834 3210 quem
2854 3139 2958 3193 hoc
2995 3152 3156 3192 omne
3187 3144 3398 3205 tempus

1816 3231 2104 3296 evolvitur,
2131 3231 2327 3300 septies
2349 3229 2739 3301 multiplicatus
2761 3230 2827 3284 ad
2847 3229 3206 3300 quadraginta
3227 3235 3283 3281 et
3304 3241 3401 3282 no-

1815 3337 1936 3378 vem
1975 3323 2226 3387 ducitur;
2270 3322 2358 3398 cui
2401 3336 2540 3376 unus
2589 3321 2823 3386 additur,
2851 3321 2978 3390 quia
3005 3320 3061 3374 in
3089 3319 3248 3373 unius
3274 3319 3407 3373 con;

1817 3416 2168 3485 templatione
2214 3415 2429 3484 requies
2477 3422 2679 3467 mterna
2727 3410 3029 3480 perﬁcitur.
3078 3409 3225 3463 ldem
3271 3421 3402 3476 ergo

1816 3507 2310 3576 quinquagenarius
2330 3519 2586 3559 numerus
2614 3503 2772 3559 nobis
2804 3503 2858 3557 in
2881 3501 3272 3572 longitudinem
3295 3507 3402 3564 est,

1819 3598 1944 3666 quia
1971 3595 2257 3665 pervenire
2281 3595 2351 3650 ad
2374 3594 2520 3648 illam
2551 3593 2794 3662 requiem
2819 3606 2926 3646 non
2954 3599 3153 3660 potest,
3177 3591 3280 3644 nisi
3308 3589 3402 3659 qui

1819 3686 1888 3740 ad
1917 3701 2037 3740 eam
2075 3699 2225 3754 spem
2261 3683 2416 3738 suam
2445 3682 2608 3738 modo
2637 3681 2860 3736 tendere
2897 3677 3282 3749 longanimiter
3309 3691 3405 3746 po-

1822 3784 1947 3831 test.
1995 3775 2150 3832 Unde
2197 3784 2251 3828 et
2290 3775 2379 3828 hic
2415 3782 2538 3843 post
2581 3771 2969 3843 longitudinem
3013 3768 3405 3839 quinquaginta

1821 3868 2127 3938 cubitorum
2176 3865 2427 3934 protinus
2477 3863 2704 3918 latitudo
2748 3860 3089 3932 subjungitur
3125 3858 3314 3931 viginti
3350 3865 3408 3913 et

1824 3959 2061 4027 quinque
2089 3957 2428 4018 cubitorum;
2463 3969 2582 4023 qua:
2607 3952 2858 4007 videlicet
2882 3949 3108 4005 latitudo
3136 3949 3205 4004 ad
3229 3947 3412 4002 chari-

1827 4057 1990 4101 tatem
2020 4046 2254 4116 proximi
2288 4045 2543 4114 pertinet.
2568 4043 2688 4111 lpsa
2714 4042 2858 4095 enim
2887 4041 2940 4094 in
2966 4040 3192 4094 fratrum
3224 4051 3410 4091 amore

1828 4154 1886 4194 se
1933 4139 2142 4198 dilatat,
2187 4147 2347 4205 atque
2392 4151 2521 4206 erga
2562 4149 2657 4189 eos
2699 4147 2858 4187 omne
2897 4132 3040 4201 quod
3077 4137 3255 4200 potest
3281 4126 3411 4183 boni

1827 4228 2009 4299 operis
2036 4234 2276 4282 exercet.
2309 4226 2517 4280 Cuncta
2561 4232 2742 4278 autem
2781 4222 2921 4276 bona
2957 4235 3121 4290 opera
3145 4234 3266 4290 qua:
3292 4232 3413 4273 cor-

1827 4319 2088 4392 poraliter
2113 4319 2267 4382 ﬁunt,
2293 4331 2391 4387 per
2415 4315 2654 4386 quinque
2688 4328 2980 4383 corporeos
3021 4327 3215 4368 sensus
3255 4310 3411 4365 exhi-

141 4417 328 4458 nonne
354 4419 450 4459 vos
479 4412 603 4459 ante
627 4404 946 4458 Domintun?
967 4403 1019 4475 (Ι
1045 4403 1222 4459 Thess.
1253 4405 1334 4475 ιι).
1372 4424 1391 4456 ι
1422 4405 1724 4476 Longitudo
1749 4443 1803 4502 Β
1829 4413 2056 4475 bentur;
2112 4407 2382 4472 videlicet,
2437 4422 2535 4476 per
2577 4407 2784 4471 visum,
2843 4403 3082 4458 auditum
3103 4444 3118 4470 ,
3168 4409 3408 4468 tactum,

143 4511 279 4567 ergo
305 4506 364 4552 et
385 4496 610 4552 latitudo
638 4505 806 4566 porta).
827 4505 929 4562 est,
957 4511 1076 4565 quae
1107 4497 1174 4551 ad
1214 4496 1519 4566 aquilonem
1549 4499 1721 4569 respi-

145 4589 223 4644 cit
255 4607 267 4642 :
297 4589 423 4657 quia
473 4602 596 4642 cum
638 4587 907 4641 infidelem
942 4588 1247 4657 quempiam
1295 4588 1349 4641 in
1392 4588 1603 4656 peccati
1641 4588 1722 4642 sui

144 4677 354 4750 frigore
397 4686 694 4746 torpentem
741 4676 1058 4746 pradicator
1101 4679 1166 4730 ad
1219 4677 1380 4731 ﬁdem
1424 4679 1724 4741 convertit,

114 4783 246 4840 .per
284 4769 390 4823 hoc
439 4767 581 4837 quod
631 4782 754 4822 eum
801 4767 854 4819 in
896 4766 1280 4837 longitudinem
1347 4768 1462 4837 spei
1518 4769 1724 4832 tendit,

143 4869 206 4914 et
267 4859 324 4914 in
375 4859 780 4930 amplitudinem
828 4861 1111 4916 charitatis
1163 4861 1387 4925 dilatat,
1446 4859 1562 4927 ejus
1617 4859 1730 4929 glo-

144 4952 293 5008 riam
349 4967 503 5008 suam
557 4951 686 5006 facit
728 4970 741 5007 :
786 4960 841 5007 et
886 4954 1012 5022 quia
1063 4953 1119 5006 in
1159 4952 1520 5022 cognitionem
1554 4951 1731 5005 Trini-

108 5073 112 5075 »
145 5042 282 5098 tatis
323 5054 520 5098 sancta:
563 5057 629 5096 ex
672 5043 837 5098 verbo
884 5042 1280 5114 praedicationis
1311 5042 1584 5098 auditores
1612 5043 1731 5112 qui-

110 5173 112 5176 μ
147 5148 260 5202 que
301 5134 355 5188 in
395 5134 633 5202 ejusdem
676 5136 956 5192 Trinitatis
987 5151 1172 5192 amore
1202 5135 1512 5206 proﬁciunt.
1558 5136 1732 5191 liabet

148 5224 485 5298 hmceadem
529 5235 685 5297 porta
717 5228 983 5282 thalamos
1013 5236 1123 5282 tres
1165 5227 1291 5282 hinc
1333 5236 1386 5281 et
1416 5234 1529 5282 tres
1558 5226 1685 5281 inde
1713 5243 1726 5280 :

149 5317 282 5384 quia
309 5333 468 5373 omne
493 5321 632 5388 quod
670 5335 766 5388 per
790 5319 1195 5375 Testamentum
1237 5319 1438 5374 Novum
1470 5319 1536 5374 de
1559 5319 1732 5373 Trini-

151 5399 270 5460 tate
305 5412 550 5466 conditor
589 5412 853 5485 loquitur,
892 5411 994 5467 hoc
1035 5411 1232 5465 etenim
1275 5411 1342 5465 de
1387 5413 1734 5466 Testamento

158 5496 342 5553 Veteri
371 5503 623 5568 ostendit,
655 5513 710 5557 et
730 5520 824 5558 cor
846 5505 1174 5559 audientium
1207 5506 1258 5557 in
1290 5519 1472 5559 amore
1497 5505 1735 5560 caelestis

152 5589 355 5654 patriae
379 5593 588 5657 perﬁcit
617 5612 626 5646 :
662 5603 719 5646 ut
743 5595 920 5648 anima
966 5596 1176 5649 haerens
1207 5595 1316 5649 Deo
1355 5596 1508 5663 quasi
1539 5611 1734 5665 sponsa

152 5695 284 5733 cum
316 5697 512 5748 sponso
535 5684 586 5737 in
615 5671 843 5753 quodam
876 5686 990 5755 jam
1036 5685 1271 5740 thalamo
1310 5685 1491 5740 sedeat
1576 5691 1736 5752 atque

1829 4509 2073 4572 gustum,
2134 4500 2436 4555 odoratum.
2503 4497 2798 4565 Quinarius
2831 4511 2960 4551 vero
3011 4509 3268 4550 numerus
3316 4508 3414 4563 per

1830 4591 2185 4661 semetipsum
2224 4590 2453 4652 ductus,
2499 4588 2567 4641 ad
2594 4585 2913 4640 vicesimum
2942 4591 2998 4636 et
3021 4583 3269 4651 quintum
3295 4595 3416 4650 per-

1830 4687 2003 4749 venit,
2035 4685 2163 4753 quia
2189 4683 2352 4752 ibona
2381 4695 2544 4750 opera
2575 4693 2696 4733 cum
2726 4677 2812 4746 agi
2851 4675 3146 4744 cmperint,
3177 4688 3277 4742 per
3303 4672 3413 4726 fer-

1833 4791 2018 4830 vorem
2035 4775 2274 4828 animum
2293 4772 2364 4826 ad
2382 4776 2728 4839 augmentum
2751 4767 3008 4830 excitant,
3031 4775 3085 4819 et
3105 4779 3204 4836 per
3220 4771 3418 4818 semet-

1831 4869 1944 4936 ipsa
1975 4863 2438 4933 multiplicantur:
2469 4859 2612 4914 unde
2644 4868 2702 4914 et
2743 4856 3083 4912 latitudinem
3130 4854 3299 4909 menti
3336 4852 3418 4908 fa-

1832 4958 2003 5020 ciunt,
2030 4964 2089 5009 ut
2115 4970 2223 5008 non
2249 4954 2319 5008 sit
2345 4958 2570 5022 angusta
2600 4963 2697 5020 per
2730 4957 2966 5018 teporem
2985 4986 3000 5011 ,
3039 4946 3134 5000 sed
3175 4958 3414 5014 expansa

1832 5051 1888 5104 in
1915 5049 2070 5104 bonis
2099 5047 2307 5101 actibus
2333 5060 2429 5115 per
2461 5043 2803 5098 charitatem.
2830 5039 3020 5095 Omnis
3039 5037 3183 5092 enim
3205 5044 3412 5105 torpor,

1836 5140 2037 5210 teporis
2067 5137 2312 5206 angustia
2342 5143 2443 5192 est.
2479 5133 2666 5190 Omnis
2690 5146 2821 5187 vero
2847 5129 3152 5198 benignitas
3174 5127 3412 5183 charita-

1841 5233 1926 5298 tis,
1947 5246 2141 5301 magna
2162 5230 2418 5293 latitudo;
2442 5242 2568 5282 nam
2590 5225 2694 5282 etsi
2716 5238 2804 5279 res
2828 5223 3022 5276 desunt
3040 5236 3160 5290 quae
3187 5218 3415 5275 fortasse

1841 5324 2102 5394 indigenti
2132 5323 2377 5392 proximo
2413 5321 2786 5390 przrbeantur,
2832 5317 3008 5386 ampla
3052 5323 3135 5369 est
3165 5317 3417 5370 substan-

1842 5416 1914 5468 tia
1957 5415 2248 5469 voluntatis
2277 5415 2464 5476 bonaz,
2497 5426 2617 5482 quae
2644 5409 2840 5465 sufﬁcit
2885 5409 2951 5464 ad
2996 5407 3144 5479 regni
3187 5408 3419 5462 retribu-

1843 5508 2074 5570 tionem,
2105 5507 2244 5562 sicut
2274 5506 2534 5574 scriptum
2573 5510 2692 5557 est:
2733 5519 2752 5552 ‹
2789 5501 2845 5555 ln
2879 5507 3021 5554 terra
3049 5514 3153 5569 pax
3190 5497 3420 5553 homini-

1842 5597 1942 5652 bus
1967 5598 2120 5651 bonae
2146 5595 2435 5649 voluntatis
2463 5593 2610 5664 (Luc.
2643 5592 2727 5662 ιι).
2764 5612 2781 5641 ι

1923 5707 1939 5738 ι
1969 5686 2264 5750 Fenestrae,
2284 5685 2476 5754 inquit,
2491 5683 2607 5752 ejus
2626 5691 2678 5738 et
2699 5681 3041 5748 vestibulum,
3059 5690 3115 5734 et
3135 5678 3420 5748 sculptura:
