3908 6356
553 291 652 350 951

1209 285 1268 340 Β.
1312 284 1565 342 RABANI
1603 283 1824 342 ΚΑΙ]Βί
1859 281 2181 338 ΔΠΟΗΙΕΡ.
2221 281 2530 340 MOGUNT.
2572 281 2858 340 OPERUM
2895 281 3074 340 PARS
3106 284 3175 341 Il.
3720 292 3791 352 σε

549 404 847 466 mundum
868 414 1177 458 mensiuam
1193 409 1364 470 porta:
1380 415 1501 469 quae
1525 399 1846 468 respiciebat
1865 399 1932 454 ad
1955 397 2133 453 orien-
2158 402 2206 462 Α
2235 399 2459 468 pientia.
2506 398 2604 453 Est
2649 399 2852 454 etenim
2901 399 3066 456 timor
3103 398 3316 456 Domim'
3357 400 3416 456 in
3467 407 3666 458 mente
3688 429 3701 458 ;
3727 410 3790 464 εει

551 504 679 550 tem.
710 513 734 546 ο
770 492 976 554 Cuncta
1005 492 1120 548 lucc
1139 491 1258 558 jam
1297 491 1542 559 superius
1587 489 1749 544 latius
1786 490 1930 544 dicta
1974 498 2128 554 sunt,

550 595 605 642 et
636 585 840 641 idcirco
867 597 1050 640 sermo
1077 597 1186 638 non
1223 581 1383 637 debet
1413 596 1622 637 morosa
1665 580 2000 650 expositione
2026 591 2132 633 tar-

549 677 689 734 dari.
718 677 832 733 Hoc
877 685 1058 731 tamen
1108 689 1438 747 magnopere
1484 673 1781 728 notandum
1821 680 1936 736 est,
1989 672 2131 741 quod

545 776 704 840 porta
752 767 820 823 ad
851 766 1160 837 aquilonem
1213 781 1277 824 ea
1318 766 1500 820 omnia
1543 767 1744 822 habere
1791 764 2128 836 perhibetur,

548 875 668 931 qua:
687 867 842 930 porta
868 859 936 912 ad
963 858 1256 923 orientem,
1284 855 1552 911 fenestras
1573 855 1780 912 scilicet
1801 855 2132 924 contempla-

547 949 736 1016 tionis,
767 949 1088 1004 vestibulum
1112 947 1450 1012 humilitatis,
1484 946 1787 1018 sculpturas
1820 947 1979 1004 bonae
2000 960 2129 1016 ope-

544 1041 792 1098 rationis.
819 1039 1020 1097 Omnes
1047 1040 1194 1096 enim
1224 1039 1317 1112 qui
1343 1054 1442 1109 per
1468 1039 1572 1096 hoc
1599 1039 1744 1109 quod
1772 1039 1881 1095 Deo
1917 1039 1972 1095 in
1999 1053 2127 1094 cou-

547 1135 857 1191 versatione
897 1134 1012 1190 nati
1066 1140 1193 1189 sunt
1251 1133 1306 1188 in
1370 1132 1682 1188 innocentia
1735 1131 2126 1202 perstiterunt,

543 1235 755 1296 portam
777 1223 847 1278 ad
869 1222 1136 1280 orientem
1166 1222 1371 1280 habent
1399 1241 1412 1277 :
1438 1223 1566 1291 quia
1597 1222 1678 1278 eis
1704 1222 1941 1276 ctelestis
1976 1221 2128 1291 regni

546 1318 726 1375 aditus
751 1325 906 1388 patet
950 1333 981 1372 a
1027 1316 1229 1372 lumine
1276 1316 1419 1388 quod
1451 1322 1797 1387 acceperunt.
1833 1314 1904 1367 Et
1940 1328 2129 1368 omnes

543 1408 634 1478 qui
665 1409 721 1462 in
747 1407 984 1478 peccatis
1005 1407 1349 1477 postmodum
1379 1405 1516 1476 lapsi
1555 1403 1788 1474 torporis
1815 1403 1898 1458 sui
1924 1401 2128 1473 frigore

539 1508 670 1557 sunt
693 1499 958 1571 depressi,
977 1500 1074 1555 sed
1095 1513 1194 1570 per
1214 1497 1587 1568 paenitentiam
1613 1498 1861 1560 redeunt,
1883 1495 1952 1550 ad
1979 1508 2128 1548 amo-

539 1604 655 1644 rem
686 1588 925 1644 cuelestis
951 1588 1144 1659 patriae
1176 1587 1537 1652 recalescunt,
1567 1593 1778 1658 portam
1819 1585 1888 1639 ad
1918 1583 2128 1653 aquilo-

537 1693 662 1734 nem
693 1679 892 1734 habent
917 1697 928 1732 :
957 1678 1084 1748 quia
1114 1677 1194 1731 eis
1226 1677 1393 1732 etiam
1419 1686 1542 1745 post
1567 1675 1776 1746 peccati
1801 1674 1885 1730 sui
1926 1673 2125 1745 frigora

2231 489 2405 558 qualis
2435 489 2535 544 iste
2565 489 2726 544 timor
2755 497 2858 555 est,
2887 491 2932 545 si
2960 504 3084 544 cum
3110 506 3177 546 eo
3199 490 3376 560 pietas
3420 505 3547 546 non
3587 495 3700 548 est?
3723 496 3787 562 θυι

2232 581 2374 634 enim
2417 581 2663 636 misereri
2696 581 2944 650 proximo
2991 583 3236 652 ignorat,
3288 581 3381 651 qui
3424 585 3675 652 compati
3711 588 3788 654 eis

2231 672 2560 728 tribulationi
2589 673 2913 739 dissimulat,
2941 673 3100 742 hujus
3129 674 3292 728 timor
3323 681 3468 729 ante
3497 676 3788 745 omnipotea.

2234 765 2302 820 tis
2315 765 2410 818 Dei
2424 765 2609 822 oculos
2628 765 2806 822 nullus
2823 774 2929 831 est,
2945 765 3072 834 quia
3091 779 3201 820 non
3215 764 3550 821 sublevatur
3571 767 3642 822 ad
3657 769 3785 838 pias.

2231 863 2362 910 tem.
2387 854 2495 910 Sed
2515 870 2656 926 saepe
2677 856 2853 926 pietas
2869 871 2969 926 per
2997 855 3364 914 inord'matam

2229 963 2418 1005 errare
2453 949 2623 1014 solet,
2668 949 2715 1004 si
2771 948 3004 1004 fortasse
3047 948 3381 1019 pepercerit,
3411 961 3547 1018 qua
3569 957 3782 1019 parcum

2229 1055 2338 1097 non
2361 1051 2506 1096 sunt.
2534 1040 2766 1096 Peecata
2792 1040 2962 1105 enim,
2991 1054 3111 1110 qua
3131 1039 3286 1095 fen'ri
3319 1040 3602 1112 guberna
3625 1045 3781 1113 ignit-

2229 1139 2480 1202 possunt,
2508 1130 2808 1201 disciplinae
2826 1138 2956 1186 sunt
2983 1130 3209 1185 verbere
3235 1130 3584 1200 corrigenda
3605 1149 3620 1184 ;
3645 1134 3779 1188 sub

2229 1222 2477 1276 ordinata
2507 1221 2684 1290 pietas
2699 1235 2832 1279 cum
2859 1219 3227 1289 tanporaliter
3249 1219 3470 1289 parcit.
3495 1219 3778 1278 adma-

2229 1315 2550 1386 supplicium
2567 1315 2853 1384 pertrahit.
2875 1311 2946 1369 Ut
2971 1328 3100 1384 ergo
3122 1327 3251 1371 vera
3272 1322 3334 1370 et
3357 1313 3617 1370 ordinata
3633 1318 3692 1371 sit
3703 1319 3776 1387 pic

2231 1413 2337 1469 tas,
2359 1405 2428 1460 ad
2449 1405 2676 1476 gradum
2699 1414 2782 1460 est
2803 1403 2966 1460 alium
2984 1403 3344 1470 sublevanda,
3373 1404 3442 1460 id
3461 1407 3639 1468 est.“
3654 1411 3776 1462 scier
3859 1413 3861 1476 i

2233 1494 2366 1550 tiam
2398 1513 2411 1548 :
2441 1503 2502 1550 ut
2531 1495 2701 1560 sciat,
2728 1494 2814 1549 vel
2841 1495 2969 1563 quid
3005 1510 3071 1549 ex
3091 1493 3306 1562 judicio
3337 1495 3569 1565 prrniat,
3593 1498 3776 1566 reian

2229 1601 2297 1644 ex
2322 1586 2694 1642 misericordia
2715 1586 2970 1644 dimittat.
2995 1583 3103 1642 Sed
3123 1586 3258 1656 quid
3279 1587 3328 1641 si
3368 1587 3776 1658 sciattpitagm

2230 1681 2461 1749 quisque
2491 1679 2722 1744 debeat,
2755 1678 3014 1735 virtutem
3050 1692 3180 1734 vero
3209 1679 3430 1748 agendi
3473 1693 3578 1732 non
3617 1680 3771 1736 habet.

537 1767 692 1839 regni
712 1768 893 1823 aditus
913 1783 1012 1842 per
1028 1767 1463 1824 misericordiam
1479 1775 1651 1835 patet.
1670 1766 1748 1820 Ea
1773 1782 1903 1837 ergo
1925 1765 2126 1821 habere
2154 1763 2202 1824 Β
2231 1771 2470 1828 Scientia
2490 1783 2620 1841 ergo
2648 1777 2840 1826 nostra
2863 1778 3077 1826 crescat
3093 1769 3165 1826 ad
3193 1768 3612 1835 fortitudinem,
3629 1781 3771 1827 ctua

535 1859 732 1914 dicitur
782 1868 940 1931 porta
984 1859 1054 1914 ad
1102 1857 1446 1928 aquilonem,
1488 1871 1607 1927 qum
1650 1857 1815 1911 habet
1859 1864 2016 1926 porta
2053 1855 2122 1910 ad

536 1953 805 2010 orientem
833 1971 847 2007 :
881 1953 1006 2022 quia
1049 1962 1106 2010 et
1127 1952 1378 2008 conversi
1407 1961 1725 2022 peceatores
1760 1951 1839 2006 sic
1880 1950 2123 2004 ditantur

537 2043 852 2109 virtutibus,
883 2044 1026 2099 sicut
1058 2043 1136 2098 illi
1163 2051 1290 2099 sunt
1318 2042 1532 2108 divites,
1562 2042 1654 2112 qui
1691 2041 1887 2098 cadere
1914 2041 1968 2096 in
1996 2055 2122 2112 pec-

535 2143 660 2191 cato
690 2135 1016 2190 vitaverunt.
1051 2134 1204 2190 Unde
1247 2143 1302 2190 et
1330 2133 1629 2190 Psalmista:
1655 2150 1786 2190 voce
1818 2149 1916 2205 per
1941 2134 2122 2191 Domi-

531 2242 664 2282 num
709 2226 944 2282 dicitur:
981 2243 998 2275 ι
1028 2224 1281 2282 (Sinerem
1315 2225 1454 2284 sicut
1491 2241 1686 2298 panem
1728 2227 2122 2282 manducabam

530 2315 718 2387 (Paul.
744 2315 863 2388 Ct)‘,
893 2335 911 2367 ι
946 2316 1071 2386 quia
1113 2315 1197 2372 sic
1237 2316 1563 2386 pcnnitcntes
1605 2317 1810 2387 recepit
1845 2325 1904 2370 ut
1923 2315 2119 2384 justos.

2224 1863 2374 1918 videt
2398 1863 2528 1932 quid
2549 1860 2816 1932 agendum
2841 1861 2935 1926 sit,
2959 1862 3063 1917 hoc
3080 1875 3246 1930 agere
3262 1875 3377 1931 per
3403 1862 3606 1917 ιιιωὼ
3623 1862 3771 1917 farin-
3861 1857 3863 1864 1

2226 1956 2406 2012 dinem
2424 1954 2603 2024 possit
2630 1965 2737 2010 :ne
2767 1953 2964 2010 timore
2992 1953 3225 2023 trepidet
3249 1962 3313 2008 et
3349 1967 3572 2024 parm
3606 1954 3768 2023 caltam

2224 2061 2333 2100 non
2369 2044 2544 2099 valeat
2568 2045 2710 2098 bona
2727 2043 3020 2100 defundere
3048 2058 3172 2112 qua:
3189 2043 3397 2099 senu't.
3423 2041 3540 2100 Sed
3563 2044 3768 2113 Eph

2225 2137 2419 2200 titudo,
2449 2135 2496 2190 si
2519 2135 2823 2205 improvida
2844 2135 3027 2198 fuerit,
3056 2142 3111 2190 et
3137 2135 3330 2190 minus
3351 2143 3566 2192 contra
3590 2136 3690 2191 n't'n
3705 2135 3768 2190 ά-
3864 2135 3865 2212 ξ

2224 2232 2556 2296 cumspecta,
2599 2225 2718 2295 ipsa
2739 2225 2825 2280 sui
2853 2223 3277 2293 praesumptione
3309 2224 3604 2280 incassum
3633 2226 3726 2279 m‘t

2293 2318 2568 2373 Ascendat
2603 2333 2734 2388 ergo
2773 2318 2843 2373 ad
2872 2316 3195 2381 consiiium,
3231 2325 3302 2371 ut
3323 2316 3767 2387 μαινίδων.»
3865 2324 3867 2388 γ

530 2405 806 2478 Scriptum
823 2407 1022 2478 quippe
1042 2415 1130 2463 est
1142 2407 1208 2464 de
1232 2409 1639 2478 peccatoribus:
1663 2428 1680 2458 ι
1709 2407 1846 2463 Olim
1869 2410 1922 2464 in
1946 2409 2122 2465 cilicio

527 2506 585 2554 et
607 2497 787 2553 cinere
807 2498 1184 2568 pmnitcntiam
1204 2498 1460 2569 egissent.
1491 2519 1512 2551 ι
1533 2498 1681 2554 Cinis
1699 2514 1830 2569 ergo
1859 2500 2000 2554 sicut
2026 2515 2123 2569 pa-

529 2585 616 2650 nis
637 2587 935 2644 comeditur
959 2605 972 2640 ε
997 2587 1213 2658 quando
1238 2589 1306 2642 ad
1328 2586 1568 2642 auctoris
1592 2587 1675 2642 sui
1690 2588 1918 2659 gratiam
1935 2604 2122 2659 pecca-

529 2683 615 2732 tor
641 2691 739 2746 per
760 2677 1140 2748 pteuitentiam
1161 2678 1308 2734 sicut
1334 2679 1596 2736 innocens
1622 2689 1928 2735 revocatur.
1951 2679 2119 2737 Porta

528 2767 695 2841 igitur
725 2769 794 2824 ad
823 2770 1130 2842 aquilonem
1166 2771 1331 2828 habet
1367 2771 1674 2840 fenestras,
1700 2772 1864 2828 habet
1884 2763 2121 2830 vestibu-

524 2867 659 2926 tum,
687 2860 856 2918 habet
877 2862 1217 2933 sculpturas;
1255 2862 1386 2935 quia
1407 2879 1534 2919 cum
1572 2875 1832 2934 peccator
1861 2865 1930 2920 ad
1951 2865 2119 2922 vitam

2223 2418 2441 2464 moveat
2462 2423 2626 2466 omne
2659 2410 2806 2478 quod
2843 2422 3006 2480 agere
3039 2405 3259 2466 fortiter
3279 2418 3498 2479 potest
3543 2428 3558 2464 :
3587 2412 3668 2465 sed
3691 2426 3766 2464 ea:

2223 2497 2510 2552 consilium
2532 2514 2643 2554 non
2671 2506 2872 2568 potest,
2903 2499 2951 2553 si
2981 2498 3294 2554 intellectus
3327 2499 3523 2566 deest,
3557 2501 3668 2572 quia
3699 2516 3767 2554 an

2225 2587 2476 2660 intelligit
2503 2589 2705 2647 malum
2730 2591 2874 2660 quod
2899 2598 3148 2660 agentem
3173 2601 3405 2658 gravat,
3447 2593 3694 2662 quem
3710 2608 3767 2661 pa

2225 2686 2335 2734 test
2365 2680 2566 2734 bonum
2613 2678 2874 2744 solidare,
2907 2678 3050 2748 quod
3075 2676 3344 2746 adjuvat?
3375 2681 3571 2750 Itaque
3601 2698 3628 2735 a
3649 2683 3768 2737 culi

2223 2768 2298 2825 lio
2324 2771 2687 2826 ascendamus
2727 2770 2797 2826 ad
2835 2770 3187 2827 intellecturi.
3219 2771 3339 2828 Sed
3375 2776 3516 2844 quid
3543 2777 3586 2830 si
3617 2775 3767 2830 me»

2224 2866 2347 2914 ctus
2370 2875 2570 2918 insano
2599 2861 2819 2918 quidem
2849 2861 3100 2918 acumine
3126 2863 3350 2918 vigilet.
3383 2875 3440 2918 et
3477 2867 3713 2918 moderari
3733 2881 3770 2918 se

2224 2866 2347 2914 ctus
2370 2875 2570 2931 magno
2599 2861 2819 2930 quidem
2849 2861 3100 2920 acumine
3126 2863 3350 2934 vigilet,
3383 2875 3440 2920 et
3477 2867 3713 2923 mods-ari
3733 2881 3770 2919 se

523 2959 650 3023 post
673 2951 862 3022 culpas
898 2953 1193 3021 reducitur,
1236 2969 1380 3025 saepe
1409 2955 1592 3011 lumen
1640 2957 2118 3028 contemplationis

2223 2950 2435 3007 nesciat
2468 2967 2566 3020 per
2593 2953 3001 3009 maturitatem?
3027 2953 3111 3008 Ab
3153 2954 3446 3011 intellectu
3491 2973 3614 3028 ergo
3637 2973 3772 3014 aiam

525 3045 753 3116 accepit,
782 3053 948 3116 atque
976 3046 1042 3101 de
1066 3047 1187 3117 ipsa
1210 3048 1473 3104 memoria
1510 3048 1819 3118 iniquitatis
1855 3065 1969 3105 suae
1993 3066 2119 3122 gra-
2162 3097 2199 3122 A.
2226 3041 2388 3098 datur
2427 3041 2497 3098 ad
2531 3042 2855 3112 sapientiam
2896 3061 2908 3095 :
2947 3053 3006 3098 ut
3029 3046 3132 3100 hoc
3162 3048 3314 3114 quod
3341 3058 3502 3104 acute
3527 3049 3773 3104 intellecta

525 3138 656 3194 tiam
695 3150 907 3208 magna:
950 3137 1307 3203 humilitatis,
1339 3139 1496 3194 bonae
1531 3155 1749 3210 quoque
1783 3119 2120 3210 operationis
2149 3119 2196 3184 (ἶ
2227 3132 2468 3198 invenito
2516 3133 2780 3203 sapientia
2815 3142 3026 3189 malum
3052 3135 3333 3206 dism-
3375 3139 3506 3207 Qui!
3537 3140 3776 3209 Ῐϐίωβσ

521 3230 818 3287 ciiicaciam
849 3231 1016 3288 sumit
1053 3249 1068 3286 :
1108 3240 1170 3288 ut
1199 3246 1359 3288 omne
1383 3186 1676 3302 quodjﬁer‘i
1704 3186 2037 3304 praecipitur,
2065 3234 2121 3290 in
2230 3226 2484 3281 timorem
2527 3225 2800 3295 surgimus
2849 3227 2918 3281 ad
2959 3227 3222 3297 pietatem
3246 3269 3262 3293 .
3314 3246 3408 3299 per
3443 3186 3684 3299 ρίαιέια
3717 3228 3780 3280 ad

521 3323 631 3380 vita
649 3321 768 3391 eius
785 3325 941 3394 quasi
967 3325 1237 3395 sculptum
1265 3340 1386 3381 esse
1409 3327 1677 3384 videatur.
1702 3347 1720 3378 ι
1744 3325 1963 3397 Septem
1991 3343 2121 3385 vero

519 3417 785 3487 graduum
801 3427 1198 3475 eratnscensus
1209 3419 1348 3494 ejus,
1365 3428 1422 3474 et
1445 3419 1774 3474 vestibulum
1791 3427 1918 3473 ante
1929 3434 2071 3473 eam.
2089 3437 2113 3472 ι

521 3505 744 3578 Septem
753 3509 1013 3581 gradibus
1029 3512 1098 3565 ad
1111 3520 1323 3581 portam
1340 3511 1674 3575 ascenditur,
1689 3511 1816 3581 quia
1833 3525 1933 3580 per
1947 3512 2120 3568 sancti

522 3595 758 3669 Spiritus
780 3601 1153 3672 seplitormem
1165 3601 1404 3672 gratiam
1421 3602 1610 3659 aditus
1631 3602 1789 3658 noliis
1807 3601 1932 3658 vita:
1954 3602 2120 3659 etule-

521 3690 623 3746 stis
635 3693 1086 3761 aperitin-Quian
1103 3695 1480 3764 septiiorrhem
1497 3697 1731 3766 gratiam
1753 3695 1920 3750 Isaias
1931 3697 1986 3750 in
2001 3696 2120 3766 ipso

527 3790 719 3837 nostro
743 3786 946 3854 rapite,
980 3784 1068 3838 vel
1094 3785 1149 3840 in
1185 3787 1303 3855 ejus
1329 3801 1562 3856 corpore
1595 3787 1739 3856 quod
1767 3802 1952 3842 sumus
1992 3803 2122 3842 enu-

523 3886 765 3938 merans,
793 3874 973 3930 dicit:
1012 3893 1033 3928 ‹
1070 3875 1399 3947 Requiescet
1429 3892 1597 3948 super
1625 3893 1751 3932 eum
1779 3879 2002 3950 spiritus
2035 3893 2121 3933 sa-

524 3963 748 4033 pientia:
771 3972 826 4020 et
853 3965 1184 4032 intellectus,
1231 3967 1457 4036 spiritus
1485 3968 1700 4023 emrsilii
1748 3976 1805 4023 et
1847 3968 2119 4024 fortitudi—

522 4055 634 4121 nis,
664 4055 889 4124 spiritus
913 4057 1160 4113 scientiae
1179 4066 1236 4112 et
1255 4058 1477 4128 pietatis
1491 4099 1506 4126 ,
1533 4067 1590 4114 et
1615 4059 1846 4128 replebit
1868 4074 1992 4114 eum
2013 4057 2118 4128 spi-

523 4147 658 4202 ritus
709 4148 920 4204 timoris
967 4151 1182 4206 Domini
1228 4149 1384 4222 (Isai.
1437 4151 1540 4222 ιι).
1589 4151 1736 4217 Quos
1795 4150 1997 4221 gradus
2047 4151 2115 4204 de

524 4237 840 4295 caelestibus
861 4241 1107 4310 loquens,
1125 4242 1508 4297 descendendo
1535 4244 1711 4312 magis
1729 4258 1897 4313 quam
1923 4257 2116 4297 ascen-

524 4327 704 4382 dendo
729 4333 1041 4384 nameravit
1068 4349 1082 4385 :
1113 4331 1365 4388 videlicet
1394 4333 1736 4402 sapientiam,
1761 4333 2116 4400 intcliectum,

528 4415 838 4484 consilium,
866 4419 1260 4486 fortitudinem,
1287 4423 1606 4487 scientiam,
1639 4425 1891 4492 pietatem
1913 4465 1927 4489 ,
1961 4425 2121 4480 timo-

529 4521 668 4562 rem.
693 4500 910 4563 Etcum
941 4510 1204 4580 scriptum
1229 4511 1332 4566 sit:
1355 4531 1372 4562 ι
1403 4512 1619 4566 Initium
1639 4477 1931 4582 sapientia;
1958 4515 2121 4570 timor
2148 4477 2202 4541 θ

527 4598 743 4654 Domini
769 4597 948 4672 (Paci.
971 4601 1066 4672 ex)
1088 4641 1104 4669 ,
1140 4621 1159 4655 ι
1195 4611 1410 4658 constat
1447 4603 1636 4674 procul
1684 4604 1878 4670 dubio,
1927 4606 2055 4674 quia
2086 4621 2118 4660 a

526 4697 726 4752 timore
751 4698 821 4753 ad
861 4698 1182 4768 sapientiam
1226 4700 1555 4766 ascenditur,
1590 4715 1696 4755 non
1727 4709 1909 4756 autem
1955 4716 1986 4754 a
2031 4716 2119 4755 sa-

525 4787 727 4858 pientia
749 4789 818 4843 ad
849 4790 1094 4845 timorem
1120 4791 1363 4846 reditur:
1389 4791 1516 4862 quia
1540 4792 1794 4846 nimirum
1819 4792 2116 4862 perfectam

2226 3316 2513 3372 scientiam
2559 3316 2843 3382 ducimur,
2880 3331 2978 3386 per
3015 3318 3310 3374 seiwtian
3341 3320 3403 3374 ad
3438 3318 3778 3374 iortitudinem
3870 3316 3871 3340 ³

2228 3410 2570 3472 roborantur,
2593 3423 2691 3476 per
2710 3406 3086 3464 fortitudinem
3115 3408 3186 3464 ad
3209 3409 3500 3466 consilium
3525 3409 3773 3471 minus,

2224 3513 2324 3568 per
2351 3497 2670 3564 consilium,
2703 3498 2758 3552 in
2784 3497 3058 3554 intellectu
3095 3498 3434 3568 proﬁcimus.
3467 3500 3774 3572 Septuen-

2226 3592 2383 3648 dibus
2409 3592 2480 3646 ad
2513 3599 2726 3660 portam
2755 3591 3125 3654 ascendimus,
3151 3605 3251 3659 per
3275 3607 3446 3661 quam
3473 3593 3622 3647 nobis
3641 3593 3772 3645 atinas

2223 3684 2487 3756 spiritalis
2544 3683 2668 3738 vitae
2709 3682 2970 3751 aperitur.
3023 3682 3170 3737 Bene
3210 3691 3401 3738 autem
3451 3685 3641 3740 casm
3679 3683 3772 3751 qlia

2223 3774 2552 3830 vestibtdum
2577 3781 2698 3830 erat
2741 3782 2870 3829 ante
2904 3787 3027 3830 eam
3059 3791 3071 3827 :
3099 3775 3229 3842 quia
3262 3774 3370 3829 nisi
3407 3776 3541 3844 quis
3563 3774 3772 3845 pristia-

2221 3865 2516 3922 militatem
2536 3864 2823 3931 habuerit,
2849 3865 2917 3919 ad
2945 3865 3047 3920 bos
3068 3864 3275 3934 gradus
3309 3864 3592 3921 donorum
3611 3866 3767 3936 spuita-

2224 3959 2358 4014 lium
2383 3972 2496 4012 non
2515 3956 2796 4022 ascendet,
2824 3955 2965 4010 sicut
2983 3956 3246 4025 scriptum
3265 3967 3390 4012 at:
3429 3979 3450 4008 ε
3485 3958 3770 4026 δαραῃει

2225 4047 2523 4119 requiescit
2547 4047 2775 4117 spiritus
2800 4062 2974 4111 meus,
2997 4046 3102 4102 nisi
3129 4063 3298 4118 super
3319 4048 3593 4105 humilem
3609 4059 3656 4101 et
3669 4047 3770 4117 qua

2223 4152 2341 4198 tum
2385 4151 2440 4196 et
2479 4150 2804 4196 trementem
2840 4155 3121 4196 sermones
3157 4143 3348 4196 meos?
3385 4141 3589 4199 Potest
3619 4156 3770 4213 ιμίιῃτ

2223 4254 2325 4308 per
2353 4235 2679 4292 vestibulum
2713 4235 2850 4290 fides
2885 4235 3141 4304 intelligi,
3182 4235 3299 4305 ipsa
3345 4237 3563 4308 quippe
3598 4247 3672 4291 est
3693 4243 3770 4287 aut

2223 4330 2428 4400 gradus
2452 4336 2510 4384 et
2537 4336 2777 4399 portam,
2807 4326 2933 4396 quia
2959 4325 3115 4394 prius
3142 4325 3210 4379 ad
3239 4325 3408 4380 ﬁdem
3445 4330 3708 4386 venimus,
3737 4332 3770 4374 at

2227 4423 2571 4494 postmodum
2608 4434 2706 4490 per
2739 4416 3067 4488 spiritalium
3095 4416 3371 4472 domum
3396 4418 3641 4490 gradus,
3663 4415 3771 4469 ab

2225 4513 2328 4569 stis
2352 4513 2480 4566 vitae
2507 4510 2716 4565 aditum
2744 4510 3016 4566 intr-cruris
3039 4525 3060 4562 :
3087 4523 3198 4563 non
3227 4509 3377 4563 enim
3405 4509 3693 4564 vim
3711 4518 3771 4556 κ-

2225 4607 2376 4661 nitur
2398 4606 2467 4659 ad
2489 4605 2681 4669 iidem,
2712 4603 2808 4658 sed
2832 4601 2939 4657 ﬁde
2967 4601 3298 4672 pertingitur
3333 4600 3399 4654 ad
3448 4602 3689 4656 virtuts.
3707 4594 3772 4650 Pe

2224 4697 2389 4752 ﬁdem
2411 4711 2543 4767 ergo
2570 4693 2718 4749 venit
2743 4693 2813 4748 ad
2835 4706 3023 4763 opera,
3043 4691 3141 4746 sed
3168 4705 3268 4762 per
3287 4704 3474 4761 opera
3500 4685 3772 4748 solidaan

2227 4791 2355 4846 ﬁde.
2387 4786 2725 4843 Vestibulum
2766 4786 2952 4855 itaque
2987 4793 3116 4839 ante
3153 4784 3355 4855 gradus
3388 4793 3490 4839 est
3516 4825 3534 4850 ,
3585 4782 3693 4852 quia
3715 4773 3772 4844 φ

527 4881 697 4936 habet
719 4883 982 4953 sapientia
1009 4883 1356 4940 duritatem.
1387 4885 1452 4940 Et
1475 4888 1742 4956 scriptum
1781 4896 1904 4943 est:
1935 4905 1956 4939 ι
1990 4887 2124 4943 Per-

528 4973 672 5030 foeta
711 4975 959 5031 charitas
1001 4975 1151 5032 foras
1195 4977 1364 5033 mittit
1399 4979 1650 5034 timorem
1681 4978 1735 5050 (Ι
1759 4977 1922 5033 Ιοαιι.
1959 4980 2057 5053 ιν).
2098 4998 2118 5032 ι

530 5064 804 5136 Propheta
827 5080 984 5140 ergo,
1014 5067 1144 5137 quia
1167 5068 1240 5124 de
1270 5069 1588 5124 cmlestibus
1615 5070 1682 5124 ad
1722 5069 1829 5124 ima
1867 5071 2126 5142 loqueba-

532 5166 639 5221 tar,
666 5158 831 5228 cepit
859 5159 1037 5230 magis
1067 5173 1102 5213 a
1127 5160 1420 5229 sapientia,
1447 5169 1505 5216 et
1527 5161 1806 5217 descendit
1853 5165 1921 5218 ad
1967 5164 2126 5220 timo-

532 5259 668 5299 rem.
697 5247 806 5302 Sed
838 5263 938 5304 nos
965 5250 1060 5320 qui
1109 5265 1141 5305 a
1169 5251 1404 5306 terrenis
1433 5251 1502 5307 ad
1545 5251 1789 5308 cmlestia
1822 5253 2121 5320 tendimus,

533 5335 755 5391 eosdem
789 5338 990 5408 gradus
1021 5342 1362 5397 ascendendo
1384 5356 1754 5408 numeremus,
1785 5351 1847 5398 ut
1865 5359 1898 5397 a
1928 5344 2123 5400 timore

535 5427 605 5482 ad
633 5429 957 5498 sapientiam
987 5433 1269 5503 pervenire
1293 5433 1586 5489 valeamus.
1617 5434 1675 5488 In
1709 5441 1893 5489 mente
1915 5437 2119 5491 etenim

538 5529 725 5575 nostra
753 5523 961 5590 primus
984 5525 1318 5581 ascensionis
1341 5534 1424 5581 est
1450 5525 1652 5594 gradus
1686 5526 1850 5581 timor
1871 5527 2085 5582 Domini
2108 5569 2124 5596 ,

538 5616 808 5672 secundus
839 5617 1030 5686 pietas,
1061 5621 1253 5676 tertius
1283 5620 1506 5676 scientia
1532 5657 1546 5685 ,
1569 5628 1802 5690 quartus
1830 5619 2125 5687 fortitudo,

543 5712 765 5778 quintus
790 5711 1104 5781 consilium,
1133 5723 1320 5770 sextus
1344 5713 1684 5780 intellectus,
1733 5713 1996 5784 septimus
2036 5729 2130 5770 sa-

2227 4882 2382 4954 prius
2409 4879 2720 4943 crediderit,
2749 4877 2866 4946 ipse
2887 4884 3014 4948 post
3035 4876 3296 4931 virtutum
3325 4877 3602 4945 gradibus
3623 4873 3680 4927 ad
3697 4883 3778 4940 pl-

2233 4981 2304 5028 ta
2329 4973 2534 5027 aditum
2570 4970 2836 5026 ascendit.
2877 4968 3155 5039 Sequitur.
3191 4985 3211 5020 ι
3243 4967 3310 5022 Et
3337 4978 3509 5038 porta

2231 5063 2399 5120 rioris
2425 5069 2618 5118 contra
2643 5069 2855 5132 portam
2893 5060 3164 5131 aquilonis
3188 5069 3244 5115 et
3277 5061 3634 5116 orientalem.
3661 5076 3678 5106 ι
3699 5052 3780 5107 ibt?

2235 5157 2384 5219 loco,
2431 5164 2616 5208 contra
2662 5167 2768 5207 non
2808 5167 2914 5222 pro
2949 5151 3276 5207 adversitate
3315 5152 3584 5221 ponitur,
3617 5147 3781 5212 πάνυ

2233 5244 2556 5301 rectitudine
2596 5260 2610 5297 :
2655 5244 2731 5297 ita
2761 5243 2907 5297 enim
2950 5251 3106 5313 porta
3141 5240 3430 5296 interioris
3477 5242 3616 5296 atrii
3657 5235 3784 5310 prii!

2190 5395 2196 5402 ,
2232 5339 2640 5396 monstrabatur
2680 5345 2742 5392 ut
2786 5345 2942 5408 porta
2986 5334 3256 5407 aquilonis
3295 5344 3357 5390 et
3393 5336 3640 5391 orientis
3676 5337 3789 5385 καθ

2233 5435 2382 5490 aditu
2418 5432 2486 5488 ad
2523 5446 2645 5487 eam
2690 5430 2951 5486 tenderet.
2981 5430 3121 5497 Quid
3153 5438 3239 5484 est
3279 5443 3442 5501 ergo,
3493 5427 3644 5498 quod
3677 5429 3794 5495 pom

2234 5529 2464 5584 interior
2501 5535 2651 5584 recto
2687 5527 2884 5582 itinere
2915 5525 3093 5595 posita
3125 5529 3317 5579 contra
3350 5531 3580 5594 portam

2236 5635 2292 5683 et
2325 5624 2592 5695 aquilonis
2618 5623 2949 5689 ostenditur,
2983 5621 3089 5676 nisi
3120 5621 3223 5676 hoc
3257 5617 3401 5690 quod
3430 5625 3638 5687 aperte
3681 5610 3798 5666 dam

2235 5717 2492 5788 intelligi,
2533 5717 2660 5788 quia
2713 5717 2828 5773 sive
2867 5714 3084 5786 judaim
3121 5720 3182 5770 et
3226 5709 3409 5783 gentili
3447 5707 3693 5778 populo,
3735 5714 3804 5753 se.
