3908 6356
89 343 194 400 935

1005 335 1360 394 COIMENT.
1401 331 1471 388 ΙΝ
1507 326 1963 386 EZECIHELEM.
2003 357 2073 369 -
2114 331 2241 386 LIB.
2285 331 2399 389 XV.

3255 339 3360 398 95‘

82 454 248 528 jnstis
292 461 347 509 et
380 451 755 524 peccatoribus
775 490 790 515 ,
827 451 924 505 sed
959 457 1079 519 post
1115 454 1340 518 peccata
1379 444 1672 508 conversis,
1705 455 1754 514 Α
1786 463 1808 495 r
1839 457 1958 512 quae
1979 445 2388 513 respiciebatad
2407 454 2673 502 austrum.
2697 447 2766 504 Et
2781 463 3004 508 mensus
3023 450 3356 512 estfrontem

87 561 244 616 aeque
268 545 446 600 aditus
478 543 628 614 regni
655 541 891 597 caelestis
917 537 1192 609 aperitur?
1212 537 1383 606 Larga
1415 543 1498 590 est
1525 536 1671 588 enim

87 633 466 689 misericordia
493 631 769 686 Creatoris
797 629 968 684 nostri
1001 646 1014 680 :
1042 637 1095 682 ct
1123 635 1279 696 porta
1310 625 1538 680 interior
1563 639 1672 677 non

86 727 262 782 solum
286 732 499 796 portam
525 724 750 778 orientis
773 722 1017 792 respicit,
1043 719 1136 774 sed
1165 719 1332 774 etiam
1384 717 1671 787 aquilonis,

83 819 213 888 quia
254 832 361 872 non
403 817 576 872 solum
615 817 700 870 bis
741 814 833 884 qui
873 813 926 866 in
966 811 1275 866 innocentia
1332 816 1673 878 permanent,

84 913 183 967 sed
209 912 372 966 etiam
403 908 778 981 peccatoribus
805 914 1027 976 peccata
1056 919 1153 959 sua
1181 901 1492 974 paenitendo
1517 901 1672 956 dam—

84 1004 348 1058 nantibus
381 1002 699 1072 aperiuntur
725 998 1003 1053 interioris
1028 996 1154 1050 atrii
1183 995 1397 1065 gaudia,
1423 1001 1487 1048 ut
1529 992 1672 1048 inef-

83 1093 272 1147 fabilia
307 1091 567 1164 mysteria
606 1089 797 1159 patria
830 1086 1066 1142 celestis
1104 1090 1432 1155 agnoscant;
1471 1097 1671 1153 agnas-

81 1185 257 1239 cendo
279 1184 488 1248 sitiant,
513 1179 745 1236 sitiendo
769 1187 1011 1244 currant,
1043 1177 1307 1232 currendo
1335 1175 1669 1245 perveniant.

81 1275 228 1341 Quid
263 1275 428 1343 igitur
475 1281 670 1336 restat,
711 1272 817 1325 nisi
861 1279 920 1324 ut
958 1284 1018 1324 se
1061 1269 1129 1324 ad
1175 1267 1515 1338 perfectioris
1550 1266 1673 1322 vita:

77 1380 307 1420 cursum
351 1365 613 1436 dirigant,
651 1377 838 1417 omnes
868 1361 959 1430 qui
986 1360 1078 1414 illa
1121 1357 1315 1430 gaudia
1348 1358 1538 1428 patriae
1561 1370 1674 1413 cm-

78 1455 239 1510 lestis
273 1455 605 1524 agnoscunt?
646 1452 800 1507 Unde
837 1461 892 1508 et
929 1452 1018 1506 hic
1057 1459 1244 1521 aperte
1283 1449 1625 1520 suiv'ungitttr
1649 1463 1670 1504 ς

83 1565 106 1596 ε
145 1546 212 1600 Et
251 1560 470 1602 mensus
507 1555 592 1601 est
626 1560 655 1600 a
695 1555 852 1616 porta
889 1560 1062 1615 usque
1099 1547 1166 1600 ad
1203 1554 1414 1614 portam
1449 1552 1672 1600 centum

78 1639 316 1694 cubitus.
341 1659 358 1689 ι
377 1639 758 1694 Contenarium
782 1653 1089 1703 numerum,
1113 1639 1241 1707 quia
1267 1638 1450 1692 decies
1469 1652 1565 1706 per
1581 1637 1672 1691 de-

78 1730 298 1784 narium
316 1731 556 1795 ducitur,
572 1728 1196 1799 jam’superiusdiximus
1213 1742 1337 1782 esse
1349 1727 1668 1797 perfectum.

1781 554 1798 587 ι
1839 533 1978 601 ejus,
2007 542 2065 588 et
2090 536 2413 592 vestibulum
2445 536 2586 606 ejus,
2611 537 2767 607 juxta
2796 556 3079 598 mensuras
3108 545 3356 613 superio-

1781 647 1798 678 ι
1839 641 1958 691 res,
2009 632 2066 680 et
2105 625 2370 682 fenestras
2409 626 2549 696 ejus,
2589 637 2646 683 et
2699 631 2962 687 vestibula
3009 632 3065 688 in
3101 634 3356 703 circuitu,

1780 735 1797 767 ι
1835 718 1977 771 sicut
2018 717 2284 774 fenestras
2333 728 2561 776 caeteras
2604 721 2995 795 quinquaginta
3050 727 3358 784 cubitorum

1781 825 1798 857 ‹
1835 806 2240 877 longitudinem,
2273 817 2328 862 et
2353 808 2693 868 latitudinem
2720 812 2909 884 viginti
2938 816 3180 887 quinque
3205 817 3357 874 cubi-

1781 914 1800 950 ι
1841 905 2036 963 torum,
2055 905 2110 954 et
2129 899 2184 952 in
2209 898 2462 970 gradibus
2483 908 2691 970 septem
2705 903 3102 960 ascendebatur
3123 907 3191 962 ad
3212 919 3356 962 eam.

1781 1008 1799 1044 ι
1836 989 1902 1046 Et
1947 990 2267 1044 vestibulum
2307 999 2432 1046 ante
2471 991 2618 1048 fores
2655 993 2792 1064 ejus.
2835 1012 2855 1045 ›
2891 993 3113 1067 (6:29.)
3151 995 3357 1052 Cuncta

1775 1081 1889 1136 haec
1917 1081 1970 1135 in
1999 1081 2225 1137 orientis
2246 1089 2300 1136 et
2329 1081 2598 1151 aquilonis
2623 1093 2777 1152 porta
2795 1082 2913 1154 jam
2938 1086 3080 1142 dicta
3101 1095 3232 1142 sunt
3258 1106 3270 1140 :
3301 1095 3358 1143 et

1773 1190 2071 1246 congruum
2097 1192 2202 1231 non
2233 1186 2348 1241 est,
2383 1185 2444 1230 ut
2468 1192 2533 1231 ea
2562 1193 2682 1247 qua:
2711 1179 2878 1236 semel
2907 1194 2972 1234 ac
2995 1180 3235 1236 secundo
3262 1195 3357 1234 ex-
3413 1223 3420 1228 .
3456 1167 3467 1176 ’

1771 1274 2033 1336 ponentes
2063 1267 2297 1322 diximus
2322 1268 2517 1340 saepius
2546 1267 2886 1338 replicemus.
2917 1269 3222 1328 Notandum
3251 1287 3354 1328 no-

1772 1357 1856 1413 bis
1885 1368 2064 1414 tamen
2087 1367 2200 1424 est,
2227 1360 2355 1429 quia
2393 1360 2450 1414 in
2487 1361 2717 1431 spiritali
2745 1363 2973 1420 aediﬁcio
3011 1364 3149 1420 alter
3178 1365 3359 1424 aditus

1774 1449 1842 1504 ad
1871 1448 2166 1515 orientem,
2192 1450 2330 1506 alius
2347 1451 2418 1505 ad
2443 1453 2783 1521 aquilonem,
2808 1465 2970 1524 atque
2993 1456 3134 1512 alius
3158 1459 3225 1514 ad
3255 1475 3356 1514 au-

1773 1546 1944 1594 strum
1971 1547 2139 1609 patet.
2159 1540 2310 1596 Sicut
2330 1542 2476 1596 enim
2505 1544 2771 1613 aquilonis
2791 1545 2995 1618 frigore
3020 1559 3354 1619 peccatores,

1771 1628 1850 1685 ita
1884 1643 1980 1700 per
2015 1631 2308 1688 australem
2346 1633 2486 1688 viam
2522 1634 2796 1692 ferventes
2832 1637 3027 1706 spiritu
3066 1639 3353 1711 designan-

1775 1727 1864 1776 tur
1895 1740 1906 1774 :
1941 1723 2067 1792 quia
2093 1721 2273 1778 calore
2296 1722 2530 1795 Spiritus
2555 1727 2729 1781 sancti
2758 1729 2992 1797 accensi,
3023 1730 3169 1787 velut
3198 1749 3360 1788 meri-

75 1823 270 1895 ltaque
297 1825 387 1894 qui
424 1825 624 1879 aditum
657 1825 780 1878 atrii
807 1823 1084 1878 interioris
1111 1822 1272 1884 videt,
1301 1821 1550 1891 profecto
1572 1835 1670 1875 ue-
1696 1817 1744 1878 l
1773 1811 1932 1866 diana
1964 1811 2084 1868 luce
2110 1814 2402 1870 virtutibus
2427 1827 2770 1873 excrescunt.
2811 1818 3004 1878 Pateat
3035 1837 3164 1895 ergo
3198 1833 3357 1894 porta

75 1929 236 1970 cosse
269 1922 383 1980 est,
426 1921 487 1968 ut
525 1929 623 1984 per
659 1914 827 1968 vitam
869 1912 1220 1984 perfectionis
1251 1921 1444 1967 currat
1483 1930 1494 1965 :
1541 1920 1601 1966 ut
1636 1925 1668 1966 a

74 2016 238 2079 porta
272 2007 632 2062 inchoationis
661 2021 832 2075 usque
862 2006 928 2060 ad
953 2005 1432 2060 consummationis
1460 2004 1666 2074 ingres-

76 2111 202 2152 sum
220 2099 521 2167 perveniat.
541 2097 884 2151 Mensuretur
898 2110 1027 2166 ergo
1041 2097 1238 2149 atrium
1261 2095 1507 2159 interius,
1525 2094 1669 2164 quod

74 2204 112 2244 a
151 2191 324 2259 portis
363 2189 721 2245 exterioribus
765 2204 938 2258 usque
983 2190 1049 2243 ad
1094 2199 1307 2258 portam
1353 2188 1666 2242 inleriorem

72 2281 344 2345 tenditur,
371 2289 586 2335 centum
613 2279 810 2335 cubitis
838 2299 850 2332 :
874 2288 932 2332 ut
961 2279 1050 2348 qui
1078 2279 1280 2332 intrare
1307 2277 1537 2331 amando
1558 2291 1668 2330 cce.

72 2371 191 2440 pit,
221 2370 559 2424 latitudinem
587 2369 936 2440 perfectionis
973 2369 1168 2423 habeat
1193 2367 1253 2420 in
1284 2377 1462 2421 mente
1489 2383 1503 2420 :
1535 2382 1669 2436 qua-

83 2471 241 2517 tenus
280 2461 332 2514 in
361 2475 455 2524 eo,
497 2475 657 2530 quem
693 2475 792 2516 nec
829 2475 1086 2530 prospera
1127 2459 1425 2520 extollunt,
1464 2472 1533 2513 ne
1575 2459 1669 2512 ad.

80 2564 240 2608 versa
265 2558 646 2622 coangustent,
671 2551 767 2605 sed
791 2551 1102 2604 transitoria
1123 2557 1318 2603 cuncta
1340 2549 1664 2618 despiciens,

81 2661 358 2719 quousque
387 2647 452 2701 ad
491 2647 682 2717 gaudia
723 2654 932 2700 secreta
971 2645 1279 2715 perveniat,
1321 2658 1418 2712 per
1467 2644 1666 2696 atrium

77 2737 430 2808 perfectionis
459 2744 657 2790 currat.
703 2734 841 2790 Sunt
878 2735 1074 2790 etenim
1121 2734 1308 2797 multi,
1346 2732 1438 2802 qui
1473 2733 1584 2802 jam
1613 2733 1666 2785 in

79 2835 288 2897 septem
335 2825 590 2896 gradibus
635 2825 839 2878 aditum
881 2831 1052 2892 portae
1093 2821 1384 2877 exterioris
1434 2821 1670 2874 intrave-

85 2927 236 2980 runt,
254 2916 401 2984 juxta
427 2916 712 2985 quemdam
737 2928 986 2984 supernae
1006 2911 1424 2981 dispensationis
1449 2910 1668 2966 modum

75 3022 182 3079 per
207 3008 455 3062 timorem
493 3007 587 3061 Dei
613 3006 866 3070 humiles,
891 3019 990 3073 per
1008 3004 1228 3072 pietatis
1245 3002 1482 3058 studium
1513 3001 1670 3056 mise-

80 3101 342 3167 ricordes,
371 3116 470 3171 per
497 3100 777 3155 scientiam
805 3095 1374 3165 discreti,permentis
1399 3092 1668 3150 fortitudi-

1773 1905 1840 1961 ad
1871 1905 2174 1972 orientem,
2211 1915 2272 1963 ut
2311 1909 2368 1963 hi
2406 1910 2496 1979 qui
2533 1921 2872 1968 sacramenta
2911 1913 3032 1970 ﬁdei
3071 1915 3360 1973 inchoave—

1771 2005 1930 2063 runt,
1971 2005 2028 2054 et
2061 1998 2118 2052 in
2152 1999 2296 2054 nulla
2337 2001 2681 2070 postmodum
2713 2003 2962 2060 vitiorum
2992 2004 3358 2078 profunditate

1769 2089 2002 2146 demersi
2031 2098 2176 2156 sunt,
2207 2091 2272 2148 ad
2320 2093 2514 2162 gaudia
2542 2098 2752 2150 secreta
2789 2098 3128 2165 perveniant.
3168 2097 3359 2156 Pateat

1768 2192 1921 2252 porta
1946 2183 2014 2238 ad
2037 2185 2366 2254 aquilonem,
2393 2197 2452 2242 ut
2475 2188 2554 2253 bi,
2579 2189 2670 2257 qui
2691 2197 2815 2258 post
2842 2189 3240 2246 inchoationem
3270 2206 3358 2246 ca-

1771 2274 1966 2336 loriset
1980 2274 2198 2332 luminis
2211 2278 2268 2332 in
2285 2289 2627 2348 peccatorum
2644 2296 2864 2338 suorum
2883 2282 3086 2354 frigore
3099 2291 3155 2337 et
3169 2282 3357 2338 obscu-

1769 2366 1930 2422 ritate
1965 2367 2172 2436 delapsi
2199 2378 2350 2436 sunt,
2381 2385 2480 2439 per
2519 2371 2986 2442 compunctionctn
3025 2373 3356 2441 paenitentiae

1769 2458 1839 2520 ad
1866 2450 2078 2514 veniam
2105 2460 2361 2526 redeant,
2389 2469 2447 2516 et
2475 2477 2594 2533 quae
2619 2464 2693 2518 sit
2721 2463 2949 2518 interna:
2980 2464 3355 2520 retributionis

1769 2564 1898 2606 vera
1930 2551 2116 2606 laetitia
2147 2563 2494 2622 cognoscant.
2523 2553 2712 2610 Patent
2741 2563 2902 2626 porta
2935 2556 3004 2611 ad
3031 2555 3355 2621 meridiem,

1771 2649 1829 2692 ut
1856 2639 1943 2704 hi,
1988 2641 2078 2710 qui
2125 2643 2330 2696 sanctis
2374 2637 2657 2698 desiderii’s
2695 2644 2750 2697 in
2793 2645 3087 2702 virtutibus
3125 2645 3353 2712 fervent,

1767 2729 1999 2798 spiritali
2028 2729 2306 2786 intellectu
2327 2732 2564 2801 quotidie
2585 2733 2780 2788 interni
2797 2733 2977 2806 gaudii
2989 2734 3247 2804 mysteria
3262 2748 3358 2804 pe-

1765 2828 2004 2876 netrem.
2025 2821 2170 2876 Inter
2200 2822 2316 2877 haec
2341 2831 2523 2878 autem
2541 2824 2711 2893 qumri
2739 2831 2938 2896 potest,
2965 2840 3090 2880 cum
3124 2831 3359 2895 quatuor

1767 2907 2075 2978 hujusmodi
2099 2918 2285 2980 partes
2310 2912 2442 2981 sint,
2469 2928 2567 2968 cur
2591 2913 2648 2970 in
2676 2914 2779 2969 hoc
2801 2914 3034 2974 aediﬁcio
3059 2915 3186 2974 atrii
3208 2923 3360 2970 exte-

1769 2999 1932 3056 rioris
1970 3013 2076 3054 non
2119 3009 2373 3071 quatuor,
2407 3003 2500 3056 sed
2541 3012 2651 3061 tres
2686 3013 2854 3073 portae
2888 3019 3010 3064 esse
3045 3021 3354 3064 memoran-

1773 3095 1860 3144 tur
1892 3105 1906 3144 :
1938 3089 2081 3160 quod
2105 3099 2252 3145 recte
2277 3093 2625 3161 quairendum
2654 3092 2850 3162 fuerat,
2885 3095 2932 3151 si
2960 3096 3222 3166 prOpheta
3249 3112 3357 3151 non

83 3209 208 3249 nem
235 3193 407 3257 liberi,
436 3208 532 3262 per
553 3191 842 3247 consilium
871 3189 1038 3251 cauti.
1063 3204 1164 3258 per
1189 3187 1520 3243 intellectum
1543 3197 1669 3254 pro-
1689 3186 1740 3247 .C
1773 3179 2046 3250 spiritale,
2089 3182 2185 3236 sed
2223 3182 2503 3253 corporale
2544 3183 2829 3240 tediﬁcium
2863 3185 3106 3242 vidisset.
3158 3185 3358 3242 Sancta

81 3288 192 3343 vidi
211 3328 226 3352 ,
265 3303 363 3358 per
397 3287 717 3356 sapientiam
747 3285 943 3342 maturi
979 3304 992 3338 :
1021 3285 1116 3338 sed
1143 3284 1324 3338 adhuc
1339 3282 1664 3352 quibusdam

83 3379 499 3434 necessitatibus
523 3377 762 3445 obligati,
783 3377 944 3444 hujus
967 3375 1151 3430 mundi
1177 3375 1322 3430 curis
1343 3374 1662 3438 inserviunt,

81 3478 140 3523 et
162 3470 304 3524 unde
325 3469 433 3536 jam
457 3483 520 3522 ex
542 3483 736 3537 magna
752 3475 906 3536 parte
926 3477 1281 3522 excusserunt
1299 3468 1564 3532 animum,
1589 3466 1663 3522 ibi

81 3559 261 3614 adhuc
289 3566 539 3611 tenentur
583 3557 736 3610 inviti
784 3575 797 3609 :
837 3570 1067 3624 cumque
1108 3556 1523 3624 superimposita
1561 3564 1666 3610 ter—

81 3665 229 3708 rente
253 3651 623 3720 occupationis
645 3657 865 3719 portant
883 3664 1070 3714 onera,
1097 3648 1276 3704 minus
1302 3648 1356 3702 in
1383 3647 1667 3716 praeceptis

83 3740 395 3797 cmlestibus
421 3749 763 3804 exercentur,
797 3738 1054 3793 anhelare
1075 3736 1389 3794 medullitus
1417 3737 1483 3792 ad
1509 3745 1667 3792 aiter—

84 3845 210 3887 nam
235 3831 468 3900 patriam
497 3845 605 3883 non
633 3838 805 3892 vacat,
840 3830 955 3898 ipsa
990 3829 1045 3883 in
1068 3829 1149 3884 eis
1175 3843 1273 3884 suo
1299 3828 1480 3897 aliquo
1506 3828 1665 3884 modo

81 3921 351 3977 desideria
382 3921 732 3989 languescunt
761 3937 773 3972 :
805 3920 931 3987 quia
963 3919 1144 3976 animo
1175 3919 1323 3976 curis
1358 3919 1669 3988 temporali-

85 4016 190 4069 bus
217 4013 680 4084 prtepedito,vera
704 4012 917 4080 gaudia,
933 4026 1051 4080 qua:
1069 4011 1321 4080 cognovit
1341 4026 1526 4064 amare
1551 4019 1668 4065 tan-

87 4113 203 4158 tum
229 4118 336 4157 non
362 4102 519 4165 licet,
545 4109 808 4170 quantum
838 4100 988 4154 libet.
1029 4099 1097 4154 ili
1134 4100 1449 4168 plerumque
1483 4115 1514 4153 a
1539 4100 1669 4168 jugo

84 4193 273 4248 mundi
299 4193 440 4246 colla
469 4191 668 4247 mentis
693 4191 1003 4256 excutiunt,
1033 4192 1214 4246 omnia
1240 4191 1528 4255 deserunt,
1563 4198 1667 4244 ter-

86 4300 238 4340 renae
259 4300 404 4340 cura:
435 4286 672 4355 pondera
703 4285 975 4353 deponunt
1005 4301 1018 4337 :
1049 4292 1211 4352 atque
1248 4292 1307 4336 ut
1345 4284 1413 4338 ad
1448 4282 1668 4339 caeleste

86 4378 416 4435 desiderium
445 4377 606 4432 latius
631 4377 797 4430 animi
832 4377 1009 4431 sinum
1048 4377 1264 4441 laxent,
1294 4376 1462 4431 vitam
1491 4388 1667 4430 remo-

86 4477 199 4524 tam
226 4477 416 4539 petunt
446 4488 458 4522 :
489 4477 545 4522 et
577 4468 628 4522 in
655 4483 718 4522 ca
743 4468 944 4522 sanctis
971 4468 1220 4536 precibus
1253 4466 1465 4530 intenti,
1499 4465 1668 4520 sacris

87 4559 527 4614 meditationibus
557 4557 743 4622 dediti,
772 4557 1083 4626 quotidiana
1104 4571 1162 4612 se
1188 4555 1314 4611 ﬂetu
1331 4555 1590 4619 alliciunt,
1611 4564 1668 4610 et

83 4657 411 4705 vetustatem
438 4648 616 4702 cordis
636 4649 763 4716 igne
784 4647 986 4701 amoris
1009 4646 1263 4710 conflant,
1285 4655 1446 4714 atque
1467 4646 1536 4700 ad
1557 4661 1669 4722 ca:-

86 4742 223 4796 leste
242 4739 494 4811 gaudium
513 4737 858 4792 accendendo
877 4752 936 4791 se
955 4737 1236 4792 innovant.
1252 4736 1318 4791 lli
1343 4738 1522 4805 itaque
1543 4752 1666 4792 cum

85 4849 117 4886 a
147 4833 320 4901 portis
347 4829 704 4884 exterioribus
722 4843 892 4897 usque
919 4829 986 4883 ad
1013 4827 1321 4884 interiorem
1343 4835 1552 4896 portam
1573 4842 1668 4895 per

89 4924 217 4978 boni
267 4921 430 4976 studii
474 4920 674 4974 atrium
723 4918 1066 4983 differuntur,
1113 4918 1216 4974 hoc
1262 4917 1440 4985 ipsum
1484 4917 1539 4970 in
1586 4917 1668 4972 eis

89 5014 289 5068 atrium
317 5019 533 5066 centmu
568 5009 766 5064 cubitis
807 5016 1154 5066 mensuratur
1194 5020 1210 5061 :
1245 5006 1374 5076 quia
1413 5005 1670 5060 dilatione

90 5114 143 5161 et
155 5103 417 5160 exercitio
446 5103 500 5156 in
529 5108 716 5156 sancta
735 5099 977 5170 quoﬁdie
1005 5098 1334 5168 perfectione
1355 5097 1664 5167 proﬁciunt,

88 5210 188 5266 per
211 5193 527 5262 quotidiana
541 5189 804 5247 desideria
826 5190 881 5246 in
907 5199 1140 5245 mentem
1169 5188 1376 5259 perlici,
1403 5197 1487 5244 est
1511 5187 1667 5259 quasi

91 5294 309 5342 centum
346 5285 541 5340 cubitis
576 5283 804 5338 interius
841 5281 1038 5338 atrium
1089 5279 1412 5335 mensurari.
1463 5278 1668 5334 Idcirco

88 5388 223 5448 ergo
255 5393 286 5430 a
325 5377 495 5446 portis
520 5387 696 5444 usque
731 5373 800 5429 ad
835 5381 1044 5442 portam
1076 5379 1291 5427 centum
1320 5377 1445 5426 sunt
1476 5369 1667 5433 cubiti,

91 5479 153 5524 ut
176 5469 331 5538 quasi
357 5468 600 5538 quaedam
632 5481 783 5522 mora
809 5463 971 5520 eundi
1007 5462 1075 5517 sit
1117 5461 1234 5531 ipsa
1267 5461 1452 5518 dilatio
1486 5462 1668 5516 viven-

92 5561 184 5626 di,
214 5576 311 5630 per
339 5575 499 5630 quam
521 5558 759 5630 quotidie
786 5558 841 5612 in
872 5553 1164 5610 virtutibus
1189 5554 1474 5619 crescitur,
1509 5564 1569 5609 ut
1601 5553 1670 5607 ad

92 5651 407 5708 interiorem
449 5651 650 5704 aditum
681 5649 969 5718 perfectius
999 5645 1364 5715 perveniatur.
1398 5643 1667 5714 Sequitur.

61 5765 76 5776 -
174 5763 192 5796 ιι
224 5744 290 5800 Ει
315 5743 465 5799 duxit
496 5757 579 5799 me
621 5744 689 5798 ad
724 5744 866 5798 viam
901 5739 1223 5803 australem,
1251 5746 1304 5791 ct
1339 5751 1464 5791 ecce
1492 5745 1668 5804 porta,

1767 3272 1916 3328 enim
1938 3273 2199 3339 Ecclesia,
2217 3274 2272 3329 id
2294 3285 2378 3329 est
2397 3276 2638 3346 spiritale
2655 3277 2964 3347 aediﬁcium,
2983 3288 3043 3336 ut
3057 3280 3126 3334 ad
3149 3290 3356 3338 secreta

1765 3364 1963 3434 gaudia
1983 3365 2274 3434 pertingat,
2302 3375 2411 3422 tres
2436 3367 2774 3425 solummodo
2793 3379 2980 3439 portas
3008 3370 3189 3437 habet,
3211 3372 3358 3427 vide-

1767 3452 1896 3510 licet
1923 3453 2106 3520 tidem,
2138 3471 2289 3525 spem
2309 3465 2474 3527 atque
2495 3459 2815 3518 cbaritatem
2849 3475 2864 3514 :
2899 3476 3064 3518 unam
3086 3462 3154 3516 ad
3177 3463 3358 3518 orien-

1770 3554 1900 3610 tem,
1917 3546 2080 3600 aliam
2101 3547 2168 3601 ad
2191 3547 2519 3618 aquilonem,
2544 3551 2757 3604 tertiam
2776 3551 2844 3606 ad
2866 3551 3170 3608 meridiem.
3195 3551 3359 3608 Porta

1767 3637 1966 3708 quippe
1997 3638 2052 3690 in
2077 3641 2284 3693 oriente
2310 3649 2393 3693 est
2425 3640 2557 3694 ﬁdes
2589 3659 2602 3694 :
2633 3641 2760 3710 quia
2785 3656 2884 3710 per
2913 3643 3084 3711 ipsam
3114 3643 3201 3698 lux
3229 3659 3356 3699 vera

1771 3729 2012 3784 nascitur
2043 3728 2102 3784 in
2131 3738 2332 3786 mente.
2373 3729 2537 3788 Porta
2577 3732 2646 3790 ad
2685 3731 2991 3804 aquilonem
3031 3748 3154 3805 spes
3185 3751 3196 3786 :
3228 3736 3355 3805 quia

1771 3822 2140 3892 unusquisque
2169 3824 2223 3878 in
2245 3824 2484 3894 peccatis
2507 3825 2736 3896 positus,
2769 3825 2814 3882 si
2839 3825 2904 3882 de
2923 3825 3080 3880 venia
3111 3827 3360 3899 despera-

1769 3913 1930 3977 verit,
1945 3911 2188 3968 funditus
2201 3914 2343 3986 perit
2365 3933 2379 3966 :
2401 3915 2539 3970 unde
2552 3929 2773 3972 necesse
2795 3925 2879 3972 est
2900 3925 2954 3971 ut
2971 3917 3064 3987 qui
3080 3931 3182 3988 per
3203 3934 3356 3976 suam

1765 4003 2109 4072 iniquitatem
2125 4005 2426 4062 exstinctus
2447 4013 2550 4071 est,
2574 4020 2672 4074 per
2691 4021 2840 4076 spem
2866 4007 3252 4064 misericordiae
3275 4024 3360 4065 re-

1770 4094 2016 4152 viviscat.
2048 4095 2211 4150 Porta
2238 4096 2304 4150 ad
2336 4097 2615 4152 meridiem
2637 4138 2652 4163 ,
2686 4098 2962 4164 Charitas,
2991 4100 3118 4169 quia
3141 4101 3197 4161 in
3233 4101 3356 4171 igne

1765 4187 1973 4240 amoris
1996 4186 2169 4241 ardet.
2193 4186 2253 4240 ln
2274 4186 2570 4244 meridiana
2593 4187 2788 4242 etenim
2816 4195 2972 4258 porta
2994 4188 3074 4244 sol
3105 4189 3160 4244 in
3189 4189 3356 4250 altum

1771 4275 2008 4343 ducitur,
2027 4276 2151 4346 quia
2178 4291 2276 4346 per
2289 4277 2802 4334 charitatemlumen
2818 4277 2941 4334 ﬁdei
2964 4279 3018 4334 in
3040 4277 3136 4336 Dei
3160 4288 3357 4351 etpro-

1771 4367 1902 4422 ximi
1944 4367 2231 4422 dilectione
2268 4367 2601 4422 sublevatur.
2641 4367 2836 4424 Tribus
2872 4369 3038 4440 igitur
3075 4370 3248 4441 portis
3289 4373 3356 4426 ad

1772 4459 2000 4516 interius
2027 4462 2227 4516 atrium
2271 4463 2528 4529 tenditur,
2571 4463 2695 4532 quia
2729 4477 2825 4534 per
2865 4463 3026 4519 tidem
3050 4503 3068 4528 ,
3108 4479 3260 4536 spem
3301 4473 3355 4520 et

1692 4527 1744 4588 Ῑ)
1771 4550 2093 4605 charitatem
2131 4554 2198 4606 ad
2240 4552 2435 4624 gaudia
2467 4527 2675 4608 secreta
2701 4527 3190 4624 perveniunt.Alia
3220 4572 3329 4627 quo

1771 4654 1874 4709 que
1909 4643 2136 4712 quaestio
2163 4643 2354 4709 oritur,
2392 4658 2489 4698 cur
2516 4653 2674 4715 porta
2706 4645 2828 4698 atrii
2864 4645 3142 4701 interioris
3175 4647 3358 4720 posita

1771 4742 1957 4788 contra
2000 4743 2211 4804 portam
2249 4735 2470 4789 orientis
2509 4743 2562 4792 ct
2602 4735 2874 4804 aquilonis
2902 4737 3130 4806 dicitur,
3170 4747 3224 4794 et
3261 4756 3355 4793 au-

1772 4822 1954 4878 stralis
1981 4831 2157 4891 porta,
2185 4824 2270 4878 cui
2304 4831 2484 4892 pateat
2507 4825 2744 4880 tacetur?
2772 4825 2878 4882 Sed
2897 4827 3024 4897 quia
3044 4843 3145 4898 per
3167 4830 3349 4885 orien—
3415 4833 3422 4840 ’

1769 4921 1884 4968 tem
1923 4913 2352 4980 inchoationem,
2393 4930 2492 4986 per
2533 4916 2838 4988 aquilonem
2876 4918 3089 4988 lapsum
3117 4919 3354 4978 diximus

1773 5001 2063 5074 designari,
2100 5003 2317 5074 dignum
2347 5003 2477 5073 fuit,
2503 5015 2562 5062 ut
2589 5007 2673 5062 vel
2701 5007 3174 5068 de-inclioantibus
3193 5052 3207 5080 ,
3235 5011 3356 5081 qui.

1771 5096 1875 5154 bus
1903 5097 2079 5152 adhuc
2105 5095 2183 5152 sol
2210 5096 2263 5152 in
2294 5105 2475 5168 tepore
2505 5108 2614 5164 est,
2647 5097 2731 5152 vel
2753 5099 2917 5154 etiam
2944 5098 3012 5155 de
3036 5099 3228 5172 lapsis,
3259 5103 3354 5158 sed

1775 5200 1870 5258 per
1929 5185 2338 5242 conversionem
2391 5188 2778 5252 redeuntibus,
2838 5196 3023 5258 aperte
3081 5189 3353 5246 diceretur

1771 5277 1920 5347 quod
1946 5277 2024 5332 eis
2051 5285 2208 5350 porta
2243 5277 2364 5332 atrii
2405 5278 2676 5334 interioris
2711 5287 2896 5349 pateat
2936 5299 2947 5333 :
2989 5290 3254 5350 quatenus
3281 5298 3350 5338 ex

1775 5368 1906 5439 ipsis
1924 5383 2023 5426 nos
2049 5377 2226 5426 certos
2248 5368 2481 5434 faceret,
2508 5369 2574 5424 de
2595 5369 2791 5440 quibus
2815 5369 3050 5427 dubitari
3077 5381 3353 5444 potuerat.

1775 5463 1890 5518 Hoc
1909 5471 2092 5522 autem
2113 5464 2178 5522 de
2207 5472 2362 5534 porta
2385 5463 2606 5518 australi
2633 5463 2914 5520 dicendum
2936 5481 3045 5524 non
3065 5477 3203 5535 erat,
3226 5470 3352 5541 quia

1776 5570 1870 5611 eos
1895 5556 1962 5610 ad
1990 5555 2181 5625 gaudia
2211 5555 2420 5610 interna
2451 5555 2754 5624 pertingere
2773 5596 2788 5622 ,
2819 5556 2908 5625 qui
2947 5557 3160 5615 fervore
3189 5561 3348 5632 spiri-

1779 5656 1862 5703 tus
1890 5647 1945 5702 in
1962 5647 2249 5702 virtutibus
2265 5653 2602 5713 permanent,
2619 5645 2797 5702 nullus
2818 5648 3046 5720 ignorat.
3069 5650 3342 5719 Sequitur.

1853 5759 1868 5789 ε
1900 5739 1966 5794 Et
1995 5738 2192 5796 oculatae
2231 5738 2421 5809 palmae
2450 5747 2623 5810 erant,
2659 5757 2761 5795 lina
2795 5742 2915 5800 hinc
2943 5753 2996 5800 et
3025 5744 3191 5802 altera
3223 5743 3347 5800 inde
