3908 6356
717 293 822 350 935

1387 291 1447 346 B.
1489 291 1744 348 unum
1781 293 2003 350 unum
2043 291 2370 351 ARCHIEP.
2405 270 2720 352 MOGUNT.
2755 294 3037 354 OPERUM
3071 299 3230 358 pnas
3261 304 3316 361 ιι.
3660 331 3706 389 πε

720 426 739 502 t
776 408 830 462 in
856 407 1033 502 fronte
1056 405 1188 502 eius.
1214 389 1496 502 tﬂie'ron.)
1532 427 1550 457 ι
1575 406 1714 502 thtae
1724 423 1948 502 quoque
1973 408 2163 477 palmae
2327 410 2378 469 Α
2406 415 2519 502 stro
2547 407 2780 502 palmam
2813 399 2971 464 habet
3015 412 3057 466 is
3088 392 3232 483 quem
3272 417 3446 477 adversa
3467 441 3546 483 non
3566 433 3704 502 dejicim

712 497 863 561 latin,
897 499 963 553 de
997 499 1190 566 quibus
1227 497 1283 551 In
1326 498 1735 566 septentrionali
1771 499 1926 570 plaga
1966 507 2135 568 portae
2165 499 2296 553 dixi-

710 605 849 652 mus,
878 597 938 644 ct
961 590 1063 645 hoc
1097 597 1304 644 tantum
1328 590 1673 645 admonuisse
1697 592 1950 657 sufliciat,
1979 592 2121 661 quod
2150 607 2297 661 quae-

710 695 922 750 cunque
952 680 1024 735 ibi
1055 688 1359 750 ponuntur,
1399 679 1555 748 juxta
1593 682 2003 754 intelligentiam
2027 683 2292 749 viliorem,

709 771 812 826 hoc
837 778 950 837 est,
973 770 1131 840 juxta
1179 772 1417 827 litteram
1446 774 1500 827 in
1529 774 1827 829 meridiana
1859 783 2011 845 porta
2040 775 2295 846 intelligi-

706 875 848 927 mus,
871 858 1027 930 juxta
1053 861 1350 932 spiritalem
1376 878 1592 919 sensum
1629 883 1642 918 :
1667 865 1858 920 iisdem
1884 867 2029 922 enim
2054 866 2211 921 lineis
2239 873 2296 921 et

706 951 936 1007 historia
958 953 1128 1007 currit
1149 960 1204 1007 et
1225 953 1546 1026 tropologia,
1563 955 1660 1009 sed
1681 955 1770 1009 illa
1793 956 2052 1011 humilior
2063 965 2167 1023 est,
2191 959 2294 1013 ista

705 1046 1008 1103 sublimior.
1031 1045 1124 1100 Illa
1143 1047 1312 1102 lueret
1333 1057 1512 1113 terrae,
1540 1047 1642 1101 ista
1669 1049 1736 1103 ad
1760 1048 1999 1104 caalestia
2025 1050 2290 1104 subvolat.

705 1137 730 1178 θ’
785 1156 803 1188 ι
837 1137 901 1192 Ει
939 1137 993 1191 in
1030 1138 1259 1192 circuitu
1298 1154 1397 1209 per
1436 1139 1700 1193 fenestras
1729 1149 1921 1194 cuncta
1949 1140 2109 1210 plena
2135 1148 2293 1194 erant

703 1231 944 1286 luminis.
988 1250 1006 1282 ›
1056 1230 1277 1301 Singula
1315 1233 1461 1286 enim
1504 1231 1743 1310 πρόϐατα
1792 1232 1995 1285 habent
2033 1232 2292 1288 terminos

705 1335 863 1388 suos,
899 1329 953 1376 et
981 1323 1259 1392 proprium
1294 1337 1391 1393 per
1428 1322 1518 1376 illa
1556 1323 1623 1377 ad
1651 1322 1888 1377 animam
1916 1323 2186 1378 credentis
2212 1324 2294 1378 lu-

703 1427 828 1468 men
869 1414 1167 1483 ingreditur
1208 1429 1223 1468 :
1256 1415 1558 1484 praesertim
1605 1414 1651 1470 si
1693 1414 1970 1485 longitudo
2015 1416 2139 1470 vitae
2176 1416 2292 1486 ejus

701 1506 1151 1578 quinquagenarii
1180 1507 1340 1573 anni,
1367 1507 1471 1561 hoc
1500 1514 1616 1572 est,
1652 1504 1863 1561 Jubilaei
1887 1507 2148 1577 mysterio
2176 1506 2292 1561 fue-

699 1599 773 1654 rit
797 1599 1061 1670 protelata
1083 1641 1098 1664 ,
1129 1608 1184 1655 et
1209 1598 1278 1654 ad
1306 1598 1590 1654 divinioris
1612 1613 1808 1653 sensus
1833 1598 2168 1653 latitudinem
2194 1613 2292 1666 po-

698 1692 864 1746 tuerit
886 1693 1193 1762 pervenire.
1222 1690 1282 1746 In
1308 1705 1413 1761 qua
1441 1690 1726 1746 latitudine
1761 1698 1817 1744 et
1840 1689 2034 1760 plateis
2067 1691 2178 1760 agit
2205 1705 2292 1745 sa-

2400 496 2565 590 Quasi
2588 515 2654 554 ex
2673 510 2900 570 utraque
2919 513 3066 570 parte
3086 508 3306 574 portabat
3320 509 3470 570 Paulus
3484 496 3704 590 palmim

2397 587 2604 644 diceret
2634 606 2646 644 :
2682 595 2702 639 ἐ
2731 591 2834 646 Per
2861 608 3008 647 arma
3031 593 3237 661 justitiae
3258 614 3285 653 a
3307 600 3468 660 dextris
3488 620 3559 665 eta
3583 587 3704 684 sinistra:

2395 691 2495 746 Per
2513 677 2738 748 gloriam
2759 689 2815 734 et
2842 681 3224 752 ignobilitatem,
3249 704 3332 758 per
3352 690 3553 754 intimam
3569 714 3602 757 ε,
3617 677 3703 766 ιηυῷ

2395 769 2629 861 famam,
2660 780 2721 826 ut
2753 773 3062 832 seductores
3085 785 3136 830 et
3162 791 3354 836 veraces
3375 781 3442 853 (ll
3461 783 3703 861 Conuiuia:

2395 860 2541 917 hunc
2578 861 2802 918 adversa
2846 863 3184 936 frangebant,
3225 884 3318 924 non
3350 887 3545 944 prospera
3567 880 3702 944 magna

2394 959 2607 1008 tumore
2633 955 3001 1011 sublevabant.
3034 955 3163 1013 Hinc
3185 969 3236 1014 et
3257 959 3366 1017 hinc
3383 978 3482 1035 ergo
3502 972 3645 1036 gestabat
3659 981 3702 1044 fill»

2393 1058 2562 1110 mam,
2590 1046 2718 1115 quia
2739 1055 2795 1101 et
2819 1046 2873 1100 in
2906 1048 3215 1106 adversitate
3240 1051 3386 1119 fortis,
3411 1065 3454 1110 et
3470 1058 3508 1111 in
3525 1068 3700 1131 promerita

2394 1135 2616 1191 humilis
2641 1140 3013 1206 permanebat.
3043 1139 3278 1211 Quisquis
3300 1145 3420 1198 enim
3439 1146 3489 1202 de
3503 1157 3655 1221 prosim-'5
3666 1174 3700 1211 ει.

2394 1225 2632 1293 tollitur,
2671 1227 2874 1282 habere
2909 1229 2963 1282 in
3010 1240 3155 1300 parte
3193 1232 3385 1288 dextera
3414 1236 3574 1304 palmam
3596 1246 3698 1298 nescit:

2393 1316 2638 1386 quisquis
2666 1317 2721 1372 in
2758 1318 3082 1375 adversitate
3110 1319 3373 1392 iraugitur,
3393 1330 3698 1398 portantium;

2393 1407 2616 1464 sinistro
2653 1408 2826 1464 latere
2865 1410 3092 1481 ignorat.
3126 1411 3193 1468 Ut
3221 1427 3334 1484 ergo
3363 1415 3463 1470 hinc
3487 1419 3696 1488 etindeptb

2393 1505 2635 1569 gestetur
2667 1498 2723 1554 in
2753 1498 2964 1567 fronte,
2999 1501 3181 1558 adesse
3213 1519 3398 1574 semper
3420 1507 3558 1563 nostris
3579 1513 3697 1566 mutili

2393 1590 2570 1658 debet,
2601 1601 2658 1648 et
2688 1593 2744 1648 in
2775 1593 3019 1650 adversis
3043 1594 3258 1663 fiducia,
3289 1606 3337 1652 et
3355 1599 3402 1653 in
3423 1604 3694 1670 pmsperistim;

2393 1696 2464 1736 ne
2503 1689 2597 1736 aut
2639 1683 2868 1738 adversa
2918 1684 2973 1738 in
3021 1684 3411 1757 desperationem
3437 1693 3696 1760 pertuum:

697 1787 900 1858 pientia
937 1785 1304 1852 conﬁdenter,
1343 1795 1397 1840 et
1435 1801 1558 1840 cum
1597 1784 1819 1840 sublimi
1853 1799 1987 1840 voce
2021 1784 2288 1851 clamitat,
2316 1771 2364 1832 Β
2391 1785 2652 1842 Prospera
2677 1773 2917 1829 animum
2958 1773 3014 1828 in
3051 1776 3132 1830 Sili
3167 1775 3343 1832 ﬁducia
3366 1779 3564 1835 extollant
3583 1781 3696 1837 llius

698 1886 1016 1949 septemque
1055 1861 1311 1948 gradibus
1342 1875 1674 1946 ingreditur,
1705 1883 1766 1929 ut
1789 1873 2072 1945 perveniat
2105 1874 2173 1927 ad
2201 1887 2292 1928 ve-

700 1967 983 2032 stibulum,
1012 1973 1067 2022 et
1093 1981 1192 2036 per
1216 1964 1426 2035 palmas
1455 1963 1719 2034 propositi
1759 1965 1843 2019 sui
1878 1972 2040 2033 atque
2063 1971 2291 2019 conatus

696 2059 983 2116 victoriam
1031 2065 1214 2114 teneat
1257 2052 1675 2128 'sempiternam.
1733 2055 1802 2110 Et
1851 2071 1920 2110 ne
1972 2063 2289 2127 putaremus

695 2152 864 2206 unum
887 2162 1008 2205 esse
1033 2149 1101 2204 ad
1128 2147 1418 2203 australem
1448 2158 1661 2217 partem
1689 2147 1887 2200 atrium
1906 2187 1921 2212 ,
1953 2147 2019 2201 de
2051 2145 2288 2202 secundo

697 2240 898 2296 dicitur
917 2239 1076 2304 atrio,
1107 2247 1161 2295 et
1187 2249 1359 2310 porta:
1385 2239 1508 2293 atrii
1537 2239 1814 2294 interioris
1837 2239 1891 2292 iit
1918 2238 2007 2292 via
2037 2236 2286 2304 australi,

693 2340 749 2388 et
775 2346 996 2387 mensus
1027 2347 1056 2386 a
1093 2339 1250 2401 porta
1278 2346 1451 2400 usque
1489 2332 1557 2385 ad
1594 2339 1810 2401 portam
1842 2329 1899 2383 in
1936 2329 2024 2383 via
2063 2328 2287 2384 australi

697 2433 914 2482 centum
941 2425 1155 2480 cubitos
1181 2441 1195 2478 :
1226 2433 1286 2479 ut
1315 2432 1439 2495 post
1473 2421 1827 2478 hebdomadis
1855 2429 1909 2476 et
1935 2420 2286 2477 lnstrumenti

642 2531 652 2544 ο
696 2515 913 2570 Veteris
942 2521 1314 2578 sacramenta,
1346 2511 1413 2566 ad
1450 2520 1652 2565 terram
1677 2510 1877 2566 bonam
1915 2517 1971 2566 et
2005 2509 2283 2580 Evangelii

695 2604 924 2676 gratiam
948 2604 1276 2673 perveniret.

766 2693 972 2766 (ϐπ-ες.)
1000 2693 1139 2761 Quid
1171 2702 1253 2750 est
1279 2694 1383 2749 hoc
1403 2734 1418 2760 ,
1445 2694 1586 2764 quod
1621 2693 1772 2764 prius
1807 2693 1859 2747 in
1900 2692 2171 2748 frontibus
2196 2692 2283 2762 pi-

694 2792 847 2839 ctura
870 2784 1194 2855 palmarum,
1219 2799 1364 2841 nunc
1389 2794 1568 2839 autem
1591 2783 1790 2840 caelatae
1812 2782 2003 2854 palmae
2024 2782 2080 2837 in
2103 2781 2284 2838 fronte

692 2894 814 2934 esse
843 2879 1248 2933 memorantur?
1284 2877 1342 2932 ln
1385 2878 1639 2933 caelatum
1679 2877 1878 2948 quippe
1914 2875 2154 2946 lapidum
2181 2890 2279 2930 ex-

692 2983 880 3038 pressa
909 2984 1032 3024 esse
1065 2984 1230 3038 opera
1264 2969 1533 3024 videntur.
1565 2969 1692 3034 Sed,
1725 2969 1863 3023 sicut
1885 2969 1999 3038 jam
2026 2967 2280 3038 superius

695 3060 959 3127 diximus,
999 3061 1210 3131 pictura
1245 3061 1547 3131 palmarum
1580 3069 1664 3116 est
1699 3061 1940 3116 ostensio
1977 3060 2277 3130 signorum.

689 3151 843 3208 Nunc
867 3168 1001 3210 vero
1025 3153 1279 3209 caelatura
1310 3153 1613 3222 palmarum
1650 3153 1882 3220 dicitur,
1923 3160 1983 3206 ut
2015 3153 2281 3208 bonorum

688 3258 914 3312 operum
949 3243 1340 3299 demonstratio
1364 3244 1696 3314 designetur.
1722 3244 1858 3314 Ipsis
1881 3243 2026 3298 enim
2055 3244 2282 3298 summis

689 3334 1136 3403 praedicatoribus
1161 3335 1359 3388 dicitur
1387 3349 1401 3388 :
1444 3353 1463 3385 ε
1500 3334 1736 3390 Videant
1767 3351 1932 3405 opera
1973 3345 2155 3390 vestra
2185 3335 2283 3390 bo-

691 3440 760 3478 na
783 3464 798 3489 ,
837 3433 892 3478 et
936 3425 1238 3496 glorificent
1263 3425 1482 3479 Patrem
1511 3435 1753 3480 vestrum
1775 3465 1788 3491 ,
1816 3427 1909 3494 qui
1939 3427 1994 3478 in
2021 3426 2172 3480 coelis
2196 3435 2282 3480 est

692 3517 919 3589 (Matth.
953 3516 1040 3590 v).
1088 3536 1106 3568 ι
1151 3517 1254 3585 Qui
1299 3517 1462 3587 igitur
1492 3517 1549 3572 in
1579 3518 1688 3571 vita
1726 3532 1822 3572 sua
1862 3518 2125 3588 impressa
2160 3534 2281 3573 esse

689 3620 878 3665 sancta
905 3625 1068 3681 opera
1097 3611 1500 3677 demonstrant,
1531 3611 1739 3682 palmas
1765 3612 1820 3665 in
1850 3611 2026 3667 fronte
2062 3611 2282 3666 caelatas

691 3704 914 3768 habent,
957 3702 1085 3772 quia
1133 3711 1335 3771 quanto
1376 3702 1497 3757 illos
1538 3703 1590 3757 in
1623 3711 1904 3772 posterum
1941 3704 2167 3758 victoria
2195 3716 2280 3758 sc-

689 3795 909 3856 quatur,
930 3787 1043 3856 jam
1068 3804 1214 3842 nunc
1240 3788 1293 3841 in
1326 3788 1531 3843 sanctis
1549 3789 1662 3844 suis
1684 3789 1939 3858 operibus
1963 3788 2276 3843 ostendunt.

691 3878 790 3934 Vel
819 3887 968 3934 certe
1000 3881 1126 3949 quia
1157 3880 1315 3935 ﬁdem
1341 3894 1442 3950 per
1468 3881 1714 3945 orientis,
1767 3895 1916 3951 spem
1946 3895 2045 3951 per
2073 3881 2280 3950 aquilo-

694 3969 802 4035 nis,
831 3971 1153 4026 charitatem
1181 3985 1312 4026 vero
1336 3986 1436 4042 per
1463 3971 1758 4027 australem
1788 3979 2001 4041 portam
2045 3971 2281 4027 diximus

686 4062 977 4133 designari.
1003 4061 1310 4119 Notandum
1332 4064 1488 4120 nobis
1510 4072 1611 4129 est,
1641 4064 1766 4134 quia
1792 4065 1847 4118 in
1875 4064 2102 4120 orientis
2121 4070 2280 4135 porta

683 4151 896 4219 pictura
924 4151 1320 4220 palmarum,in
1358 4153 1610 4222 aquilone
1649 4168 1781 4209 vero
1823 4163 1878 4209 et
1910 4154 2138 4208 meridie
2172 4168 2278 4208 cae-

685 4240 863 4295 latura
891 4256 1015 4297 esse
1043 4243 1381 4311 perhibetur,
1420 4244 1545 4311 quia
1589 4244 1854 4315 contingit
1895 4259 2065 4314 saepe,
2102 4251 2163 4298 ut
2198 4243 2277 4308 hi,

686 4331 779 4400 qui
817 4331 993 4385 adhuc
1028 4331 1352 4387 inchoantes
1379 4342 1532 4397 sunt,
1564 4335 1796 4388 necdum
1840 4349 1900 4390 se
1933 4336 1988 4389 in
2023 4335 2278 4404 Operibus

689 4422 878 4478 solidis
901 4438 967 4478 ac
994 4425 1205 4495 magnis
1225 4434 1538 4479 exerceant.
1565 4425 1630 4478 Hi
1653 4440 1805 4489 vero,
1828 4427 1919 4494 qui
1939 4435 2064 4496 post
2083 4425 2280 4494 iniqui-

688 4533 829 4580 tates
853 4524 923 4581 ad
947 4524 1202 4579 virtutem
1224 4523 1473 4590 redeunt,
1501 4523 1840 4595 plerumque,
1866 4531 1927 4578 ut
1945 4522 2130 4591 culpas
2149 4537 2275 4578 suas
2301 4500 2354 4560 D

687 4625 812 4673 ante
833 4616 1222 4687 omnipotentis
1251 4616 1344 4670 Dei
1377 4615 1563 4672 oculos
1595 4623 1776 4688 tegere
1804 4614 2052 4680 valeant,
2078 4615 2132 4668 in
2162 4630 2276 4669 ma-

588 4756 600 4769 ,
687 4709 808 4781 guis
828 4708 1083 4778 operibus
1103 4715 1430 4763 exercentur
1451 4725 1463 4761 :
1494 4715 1552 4761 et
1570 4707 1658 4775 qui
1681 4705 1794 4776 jam
1818 4706 2032 4761 fervore
2055 4705 2277 4776 spiritus

686 4798 740 4853 in
769 4798 1060 4853 virtutibus
1095 4806 1486 4865 excreverunt,
1515 4799 1672 4868 quasi
1713 4799 1969 4854 meridies
1993 4799 2047 4854 in
2075 4798 2276 4854 sanctis

685 4888 897 4944 actibus
915 4888 1284 4944 inardescunt.
1303 4889 1360 4942 In
1382 4889 1611 4944 orientis
1631 4905 1760 4961 ergo
1772 4897 1926 4958 porta
1942 4889 2152 4960 pictura
2169 4898 2273 4956 est,

687 4980 743 5034 iu
773 4979 1044 5050 aquilonis
1074 4994 1204 5035 vero
1230 4989 1284 5034 ct
1311 4979 1556 5035 meridiei
1586 4980 1868 5044 caelatura,
1903 4980 2029 5050 quia
2061 4981 2274 5051 signum

687 5073 959 5141 victoria,
997 5071 1142 5142 quod
1182 5075 1237 5127 in
1276 5073 1655 5128 inchoantibus
1695 5074 2032 5140 ostenditur,
2077 5074 2179 5129 hoc
2222 5073 2277 5126 in

687 5166 1085 5221 revertentibus
1109 5173 1272 5234 atque
1300 5165 1630 5220 ferventibus
1650 5166 1763 5237 jam
1789 5166 2012 5221 solidius
2037 5174 2092 5219 et
2119 5165 2278 5220 robu-

689 5255 826 5312 stius
847 5264 1079 5310 tenetur.
1103 5255 1409 5310 Notandum
1431 5272 1644 5326 quoque
1675 5271 2003 5327 magnopere
2022 5264 2106 5312 est
2133 5255 2278 5325 quod

689 5346 886 5401 dicitur
919 5364 931 5400 :
970 5365 988 5396 ι
1028 5346 1153 5401 hinc
1193 5356 1247 5402 et
1283 5347 1426 5402 inde.
1461 5367 1479 5398 ι
1510 5346 1709 5403 Omnes
1734 5349 1877 5402 enim
1925 5347 2017 5416 qui
2055 5347 2123 5402 ad
2151 5347 2276 5401 vita:

689 5437 893 5494 aditum
923 5439 1214 5504 tendimus,
1245 5447 1300 5493 et
1327 5454 1392 5493 ex
1423 5439 1616 5494 dextro
1646 5447 1701 5494 et
1726 5439 1948 5492 sinistro
1981 5437 2149 5493 latere
2178 5439 2275 5493 ha-

685 5535 819 5591 bere
841 5532 1073 5604 palmam
1099 5535 1374 5590 debemus.
1406 5533 1558 5600 Quod
1581 5535 1724 5588 enim
1753 5534 1880 5587 hinc
1909 5542 1964 5587 et
1991 5534 2117 5588 inde
2141 5535 2274 5590 dici-

691 5636 801 5692 tur,
843 5627 983 5682 latus
1017 5637 1308 5698 utrumque
1352 5627 1613 5697 signatur.
1661 5627 1707 5681 A
1743 5627 1933 5682 dextro
1971 5627 2134 5699 igitur
2160 5629 2274 5697 pal-

691 5735 835 5775 mam
866 5721 1029 5777 habet
1057 5720 1105 5775 is
1132 5734 1293 5788 quem
1321 5733 1581 5790 prospera
1610 5735 1718 5774 non
1745 5719 2036 5785 extollunt;
2083 5736 2113 5775 a
2143 5721 2272 5776 sini-

2393 1862 2536 1930 quod
2585 1862 2729 1917 idem
2779 1865 3029 1934 egregius
3065 1866 3358 1934 praedicator
3379 1868 3696 1924 dicebatuSo‘ttt

2393 1949 2688 2016 humiliari,
2714 1953 2829 2008 scio
2853 1962 2910 2007 et
2936 1954 3205 2009 abundare
3225 1953 3439 2026 (Philipp.
3457 1957 3531 2025 tv);
3551 1959 3695 2027 lublqllttl

2390 2042 2448 2097 in
2465 2042 2717 2098 omnibus
2731 2043 3010 2102 institutus
3019 2060 3156 2112 sum,
3171 2054 3223 2102 et
3235 2048 3393 2102 satiari
3407 2057 3452 2101 et
3463 2049 3694 2102 munienda

2390 2135 2520 2191 datre
2539 2175 2554 2203 ,
2578 2144 2634 2192 et
2655 2139 2940 2206 penuriam
2966 2140 3075 2209 pati
3105 2158 3119 2194 :
3154 2159 3171 2191 ι
3207 2138 3376 2196 Omnia
3405 2157 3556 2210 possum
3573 2143 3602 2194 in
3619 2143 3693 2208 ita

2388 2243 2478 2283 me
2510 2227 2785 2285 confortat
2813 2230 3025 2302 (Ibid.).
3063 2251 3082 2284 ι
3134 2231 3459 2303 Nunquidnam
3479 2248 3539 2287 ars
3559 2241 3604 2287 est
3622 2232 3691 2298 de:

2390 2320 2662 2376 humiliari
2711 2330 2766 2377 et
2794 2323 3096 2391 abundare,
3130 2325 3301 2380 satiari
3326 2334 3373 2382 et
3393 2326 3692 2388 cmmemini

2386 2421 2443 2468 et
2477 2415 2762 2484 penuriam
2785 2416 2919 2486 pati,
2953 2426 3020 2472 ut
3042 2435 3140 2489 pro
3164 2435 3342 2490 magno
3374 2435 3420 2476 se
3439 2419 3691 2475 scireisumi

2386 2503 2712 2574 praedicator
2743 2505 3029 2562 insinuet?
3055 2523 3144 2565 ars
3166 2510 3362 2565 omnino
3384 2518 3427 2564 et
3454 2510 3547 2563 mira

2386 2593 2632 2662 scientia,
2671 2609 2792 2665 qua:
2829 2604 2946 2652 toto
2979 2599 3137 2655 nobis
3162 2601 3324 2655 cordis
3348 2608 3414 2655 est
3434 2600 3560 2654 adnisa
3573 2594 3691 2651 (bona.

2385 2688 2556 2755 Quem
2595 2690 2740 2746 enim
2784 2692 3014 2762 penuria
3052 2707 3149 2748 sua
3183 2707 3284 2748 non
3324 2691 3491 2764 frangit,
3522 2708 3540 2745 a
3561 2689 3693 2760 gratiam

2383 2786 2596 2841 actione
2619 2801 2727 2841 non
2763 2789 3032 2844 retrahit:
3058 2789 3112 2843 in
3144 2805 3314 2844 rerum
3341 2786 3593 2857 temporalium
3609 2779 3694 2836 desit-

2383 2876 2526 2931 rium
2559 2893 2667 2942 non
2707 2880 2976 2934 accendit.
3032 2879 3147 2936 Scit
3181 2880 3417 2936 humiliari
3440 2898 3449 2933 r
3471 2880 3537 2934 hoc
3557 2871 3695 2930 minim

2383 2965 2673 3039 Apostolus
2715 2970 3016 3037 humiliari,
3067 2972 3194 3028 dicit
3233 2972 3461 3042 penuriam
3486 2967 3616 3038 [eth
3641 2962 3696 3015 Sa

2384 3061 2570 3115 statim
2596 3077 2627 3116 e
2650 3063 2925 3117 contrario
2969 3061 3243 3131 subiunxit
3269 3082 3281 3118 ε
3316 3062 3446 3118 «Scio
3470 3070 3505 3115 et
3523 3056 3695 3112 abimum

2309 3133 2355 3197 (ἶ
2387 3148 2488 3216 Qui
2519 3150 2662 3205 enim
2689 3153 2928 3221 acceptis
2967 3154 3132 3208 rebus
3169 3169 3270 3208 nou
3303 3152 3509 3212 extollitur,
3531 3148 3584 3215 qui
3601 3159 3654 3197 ea
3673 3141 3702 3192 ti

2384 3258 2541 3297 usum
2570 3256 2721 3297 vanae
2749 3242 2932 3313 gloriae
2961 3259 3070 3299 non
3097 3245 3370 3314 intorquet,
3397 3238 3703 3312 quisolttsnonl”?

2385 3335 2524 3390 sidet
2549 3335 2693 3404 quod
2737 3335 2971 3405 accepit,
3013 3336 3108 3392 sed
3139 3337 3236 3391 hoc
3259 3351 3368 3392 cum
3397 3320 3703 3398 indignantium

2384 3426 2667 3482 ricorditer
2706 3427 2928 3494 dividit,
2969 3429 3074 3484 scit
3121 3428 3388 3491 abundare,
3424 3422 3485 3492 qui
3512 3410 3701 3484 acceptis!!!-

2384 3522 2583 3576 mentis
2607 3537 2713 3577 non
2743 3521 2809 3575 ad
2835 3523 3302 3594 ingurgitationem
3323 3517 3480 3574 ventris
3497 3501 3699 3570 mittimitti

2384 3613 2782 3682 reparationem
2809 3613 3055 3679 virtutis,
3095 3628 3192 3668 nec
3223 3613 3332 3684 plus
3363 3607 3474 3665 carni
3497 3599 3698 3690 tribuli?“

2383 3703 2678 3758 necessitas
2714 3704 2870 3772 petit.
2919 3702 3040 3759 Scit
3080 3704 3280 3767 satiari,
3305 3701 3383 3772 qui
3411 3696 3699 3752 alimentomﬂ'it

2382 3793 2526 3861 piam
2569 3794 2687 3848 sine
2728 3795 3164 3851 murmuratione
3199 3795 3396 3856 tolerat,
3429 3802 3502 3844 nec
3523 3797 3582 3853 pro
3599 3787 3698 3830 ww

2383 3889 2497 3938 tate
2519 3883 2696 3938 victus
2717 3885 2830 3954 agit
2849 3884 3057 3954 aliquid
3075 3927 3090 3953 ,
3113 3886 3249 3942 unde
3273 3883 3422 3938 anima
3746 3935 3747 3966 ι

2384 3973 2645 4040 incurrat,
2685 3975 2790 4030 scit
2818 3977 3053 4032 esurire.
3102 3977 3266 4044 Quem
3294 3989 3421 4044 ergo,
3451 3952 3700 4046 πωπω
3746 3952 3747 4020 1

2383 4066 2459 4119 tia
2496 4067 2748 4138 superbia
2785 4068 2982 4135 elevat,
3028 4083 3131 4124 nec
3154 4070 3207 4123 in
3235 4065 3501 4123 necessitate
3531 4049 3701 4138 Nimim

2384 4133 2574 4224 ι’ἰιεη,⁷
2595 4158 2746 4212 novit
2799 4133 3080 4214 abundare
3102 4201 3118 4225 ,
3166 4158 3304 4213 novit
3340 4150 3551 4226 penuriam
3746 4135 3747 4174 ἕ

2382 4262 2505 4302 cum
2530 4249 2716 4304 statim
2751 4251 3011 4306 subderet
3041 4271 3060 4303 ι
3089 4251 3262 4306 omnia
3299 4258 3492 4319 possunt,
3514 4260 3528 4290 ι
3547 4230 3700 4291 aedili!itii

2383 4353 2502 4395 esse
2517 4341 2680 4395 verba
2708 4342 3081 4409 crederemus,
3111 4341 3342 4410 adjunxit
3366 4338 3412 4392 in
3431 4346 3536 4404 quo!
3558 4327 3700 4420 illa"

2384 4445 2472 4485 me
2501 4429 2795 4486 confortat.
2837 4453 2856 4483 ι
2890 4432 3030 4488 Ecce
3059 4433 3115 4488 in
3153 4433 3311 4488 altum
3352 4440 3499 4485 ramus

2379 4521 2506 4589 quia
2538 4521 2592 4574 in
2626 4522 2810 4577 radice
2845 4538 2904 4578 se
2927 4524 3120 4589 tenuit,
3159 4524 3214 4578 in
3242 4520 3477 4576 viriditate

2379 4612 2547 4667 altum
2581 4613 2727 4668 enim
2765 4630 2994 4684 surgens
3030 4611 3397 4678 aresceret,'si
3429 4622 3474 4664 se
3501 4620 3522 4657 a
3545 4593 3642 4655 ηάία
3655 4583 3703 4684 δέ

2352 4739 2354 4741 ›
2379 4704 2560 4760 sisset.
2611 4705 2726 4760 Sibi
2745 4682 2888 4760 enim
2917 4705 2994 4761 uil
3024 4707 3230 4771 tribuit,
3253 4704 3338 4774 qui
3362 4696 3508 4757 omnia
3529 4682 3702 4774 sciat“;

2380 4797 2436 4851 in
2467 4813 2545 4863 se,
2577 4798 2670 4853 sed
2720 4799 2774 4853 in
2808 4813 2874 4854 eo
2910 4799 3005 4869 qui
3042 4815 3102 4856 se
3139 4771 3410 4860 confortat,
3445 4771 3705 4869 fatemini“?

2382 4887 2508 4942 inde
2532 4903 2660 4958 ergo
2685 4862 3010 4955 praedicator
3041 4889 3284 4961 egregius
3309 4884 3504 4957 palmam
3529 4869 3631 4961 11³1)εῆ

2379 4992 2480 5033 nec
2503 4978 2829 5034 abundantia
2874 4980 2931 5033 in
2973 4981 3296 5050 superbiam,
3331 4989 3421 5032 nec
3447 4954 3708 5058 inopiniin

2380 5074 2511 5128 tiam
2539 5076 2824 5144 pertrahit.
2864 5043 3146 5131 Discamus
3169 5075 3322 5146 igitur
3340 5065 3567 5126 abundare,
3592 5043 3709 5146 αι

2380 5181 2500 5237 quae
2540 5136 2609 5221 ab
2649 5181 2715 5221 eo
2761 5167 3070 5237 accepimus
3097 5136 3218 5222 cum
3246 5157 3550 5242 indigentibus

2382 5227 2441 5311 ut
2471 5267 2703 5311 mentem
2732 5227 3060 5311 abundantia
3096 5271 3204 5310 non
3235 5254 3408 5315 elevet.
3441 5259 3493 5300 ne

2384 5350 2528 5415 deat,
2556 5350 2683 5419 quia
2712 5349 2815 5404 hoc
2840 5349 2993 5404 adest
3019 5348 3143 5414 sibi,
3175 5345 3316 5416 quod
3337 5343 3467 5397 deest
3496 5319 3717 5422 alteriiti:

2377 5444 2489 5514 jam
2519 5409 2788 5498 communi
2826 5443 2988 5507 bono,
3031 5441 3124 5496 sed
3152 5436 3358 5510 proprio
3387 5433 3562 5486 lattewro
3587 5413 3613 5466 Α

2382 5534 2575 5606 gaudio
2608 5533 2820 5588 Veritas
2855 5535 2920 5587 ad
2947 5544 3229 5588 commune
3255 5519 3502 5594 discipulos

2381 5595 2474 5681 cos
2501 5626 2567 5681 de
2589 5625 2967 5695 prmdicatione
2999 5623 3298 5684 redeuntes,
3318 5626 3367 5671 et
3389 5615 3443 5668 de
3466 5595 3725 5720 εὲξξῇυθῖὧ

2383 5689 2603 5776 monum
2646 5719 2890 5774 laetantes
2929 5716 3210 5779 admonet,
3252 5711 3417 5766 dicens
3446 5721 3456 5755 :
3481 5689 3656 5754 i‘iolitciI
