3908 6356
124 330 229 388 937

1043 326 1396 388 COMMENT.
1437 324 1505 380 IN
1543 323 1993 381 EZECHIELEM.
2036 334 2107 368 -‘-
2143 326 2274 383 LIB.
2316 325 2432 382 XV.

3294 329 3400 390 938

121 451 293 510 super
330 438 454 507 hoc,
478 439 574 495 sed
599 438 778 508 potius
805 439 1036 510 gaudete
1063 447 1117 494 et
1148 435 1431 500 exsultat'e,
1462 434 1589 505 quia
1612 448 1712 490 no—
1741 439 1789 498 Α
1819 449 1879 490 se
1904 433 2032 490 hinc
2057 434 2182 490 inde
2213 417 2768 508 circumspicit‘atquc
2800 451 2830 492 a
2861 439 3072 509 peccati
3095 440 3288 512 laqueo
3310 459 3408 501 cu-

121 529 273 584 mina
303 537 482 585 vestra
520 531 722 601 scripta
755 539 884 585 sunt
912 530 967 584 in
1002 529 1158 586 coelo.
1200 527 1317 582 Non
1349 527 1493 582 enim
1525 541 1714 581 omnes

122 619 287 676 electi
323 621 590 676 daemonia
635 623 880 694 ejiciunt,
916 622 1013 678 sed
1051 630 1234 677 tamen
1272 620 1572 677 electorum
1605 634 1716 674 om-

122 714 275 772 nium
317 716 534 771 nomina
564 717 703 773 caelo
751 723 1005 772 tenentur
1043 717 1298 787 ascripta.
1342 713 1717 769 Admonentur

121 815 255 876 ergo
279 804 525 877 discipuli
547 808 815 877 privatam
840 806 1080 862 hetitiam
1109 807 1380 875 deponere
1404 823 1418 859 :
1445 803 1717 861 communi

123 902 306 952 autem
329 904 385 952 et
402 906 665 967 perpetua
691 897 950 954 felicitate
970 898 1224 969 gaudere.
1249 897 1508 968 Quisquis
1534 896 1718 964 itaque

124 985 182 1041 in
223 1001 313 1053 eo,
356 987 500 1056 quod
539 987 677 1043 alter
716 1003 827 1044 non
873 988 1055 1053 habet,
1105 987 1324 1058 gaudet,
1359 1001 1427 1041 ex
1463 987 1577 1056 ipsa
1618 999 1715 1040 sua

123 1077 455 1134 abundantia
481 1080 718 1136 deterior
739 1079 916 1136 factus
953 1079 1205 1150 gaudium
1234 1079 1503 1148 privatum
1528 1075 1712 1132 habet.

123 1166 326 1225 Contra
373 1170 534 1242 hujus
581 1186 681 1227 nos
734 1171 1032 1242 appetitum
1094 1170 1438 1226 abundantiae
1483 1165 1716 1223 Joannes

122 1259 402 1325 admonet,
433 1260 617 1317 dicens
644 1275 659 1315 :
691 1281 708 1311 ι
739 1259 913 1317 Nolite
953 1259 1176 1330 diligere
1205 1259 1483 1322 mundum,
1517 1273 1620 1313 nec
1651 1273 1714 1314 ea

121 1364 248 1420 quae
275 1351 331 1406 in
353 1351 557 1407 mundo
586 1359 713 1408 sunt
737 1351 789 1423 (1
816 1351 976 1406 Joan.
1001 1350 1095 1423 n);
1131 1370 1150 1403 ι
1179 1350 1271 1421 qui
1295 1365 1422 1405 mox
1449 1349 1714 1404 rationem

120 1445 367 1500 subdidit
389 1457 555 1514 quare
587 1463 600 1498 :
639 1462 659 1496 ι
704 1445 750 1501 si
785 1445 909 1515 quis
949 1443 1128 1514 diligit
1171 1445 1452 1509 mundum,
1495 1457 1602 1497 non
1631 1450 1716 1497 est

122 1534 364 1590 oharitas
387 1533 564 1590 Patris
586 1534 642 1589 in
668 1549 734 1590 eo
762 1534 975 1607 (Ibid.).
1011 1533 1179 1589 Nemo
1207 1534 1352 1589 enim
1379 1540 1557 1603 potest
1583 1533 1713 1589 duo-

123 1627 227 1682 bus
253 1625 485 1683 dominis
516 1627 721 1683 servire
753 1626 968 1698 (Matth.
996 1625 1095 1697 vi),
1134 1645 1153 1676 ι
1187 1625 1312 1695 quia
1338 1641 1446 1680 non
1470 1624 1612 1680 valet
1641 1625 1715 1681 si-

122 1717 238 1774 mul
259 1718 569 1775 transitoria
589 1727 643 1774 et
662 1728 864 1774 aeterna
884 1732 1088 1773 amare.
1115 1716 1173 1772 Si
1193 1718 1337 1772 enim
1356 1717 1712 1772 aeternitatem

1817 527 2004 594 stodit,
2040 527 2190 583 novit
2215 529 2444 586 esurire.
2490 528 2600 585 Nos
2630 529 2834 602 itaque,
2877 532 3074 589 fratres
3110 536 3404 608 carissimi,

1816 625 1954 680 iram
2011 635 2175 697 atque
2236 629 2523 684 avaritiam
2578 630 2633 684 in
2700 630 3028 690 adversitate
3094 636 3404 709 fugientes,

1815 715 2077 772 elationes
2097 723 2153 774 et
2173 717 2527 774 immoderata
2555 719 2749 792 gaudia
2774 720 2828 776 in
2855 727 3216 796 prosperitate
3242 727 3408 784 decli-

1817 816 2042 877 nantes,
2087 812 2214 881 quia
2256 827 2354 883 per
2400 811 2596 880 fidem,
2651 829 2835 885 spem,
2890 827 3053 888 atque
3087 821 3408 877 charitatem

1818 901 2095 960 interioris
2119 905 2244 960 vitae
2270 906 2469 961 atrium
2499 907 2672 962 tribus
2707 909 2878 978 portis
2914 910 3120 969 intrare
3148 915 3408 986 concupi-

1819 994 2040 1061 scimus,
2067 995 2277 1066 palmas
2305 997 2432 1054 hinc
2459 1007 2515 1053 et
2559 998 2686 1054 inde
2732 1008 3032 1058 teneamus.
3073 1021 3092 1054 ι
3123 1005 3190 1059 Et
3232 1005 3406 1062 intro-

1819 1086 1971 1143 duxit
1998 1104 2110 1156 me,
2133 1090 2326 1162 inquit,
2341 1091 2396 1146 in
2414 1091 2610 1148 atrium
2627 1093 2854 1150 interius
2878 1095 2944 1150 ad
2970 1104 3180 1167 portam
3205 1106 3412 1154 austra-

1816 1172 1944 1240 lem,
1977 1182 2032 1231 et
2063 1191 2284 1234 mensus
2319 1186 2404 1234 est
2438 1186 2652 1249 portam
2673 1177 2829 1249 juxta
2858 1196 3143 1238 mensuras
3173 1184 3412 1255 superio-

1819 1277 1930 1331 res,
1951 1274 2056 1321 etc.
2093 1286 2112 1319 ›
2147 1265 2416 1339 (Hier-on.)
2446 1266 2666 1340 Singula
2696 1271 2839 1325 enim
2873 1273 3010 1327 atria
3035 1273 3238 1329 habent
3257 1287 3412 1330 men-

1815 1368 1973 1410 suras
2003 1363 2058 1410 et
2085 1357 2303 1434 ordines
2331 1373 2480 1426 suos,
2505 1368 2560 1416 et
2593 1361 2649 1415 in
2678 1361 2868 1418 iisdem
2897 1366 3166 1423 mensuris
3193 1367 3406 1426 diversa

1817 1445 1989 1516 gratia
2013 1455 2118 1514 est,
2152 1448 2281 1504 dum
2304 1449 2522 1506 easdem
2549 1465 2638 1507 res
2661 1451 2820 1506 aliter
2845 1452 2900 1508 in
2928 1454 3217 1527 principio,
3246 1457 3408 1514 aliter

1815 1536 1872 1591 in
1916 1537 2187 1607 profectu,
2223 1539 2383 1595 aliter
2412 1540 2467 1595 in
2515 1541 2624 1596 line
2661 1532 3056 1615 cognoscimus.
3100 1546 3214 1603 Hoc
3254 1564 3404 1615 vero,

1817 1627 1962 1696 quod
1987 1628 2042 1683 in
2069 1627 2420 1700 Septuaginta
2452 1646 2560 1686 non
2587 1632 2841 1700 habetur,
2868 1643 2924 1690 et
2962 1637 3287 1694 vestibulum
3309 1655 3410 1709 per

1815 1737 2004 1793 gyrum
2033 1722 2369 1795 longitudine
2391 1726 2581 1796 viginti
2607 1728 2846 1799 quinque
2884 1729 3209 1795 cubitorum,
3240 1740 3295 1786 et
3324 1731 3404 1786 la-

123 1806 417 1878 diligimus,
471 1817 663 1864 cuncta
696 1807 1012 1878 temporalia
1057 1807 1112 1862 in
1143 1823 1245 1863 usu
1287 1823 1396 1863 non
1425 1808 1481 1862 in
1519 1805 1714 1863 affectu
1741 1805 1788 1864 B
1819 1815 2046 1871 titudiue
2069 1816 2306 1888 quinque
2340 1819 2666 1884 cubitorum,
2710 1821 2924 1878 videtur
2947 1823 3130 1879 facere
3158 1824 3412 1894 quaestio—

124 1898 478 1970 possidemus,
505 1899 631 1969 quia
657 1901 905 1956 eamdem
929 1900 1198 1955 rationem
1222 1899 1470 1970 protinus
1509 1898 1712 1964 subdit,

123 1991 341 2048 dicens:
363 2010 381 2043 ι
405 1991 543 2060 Quia
553 2009 734 2062 omne,
751 1995 897 2065 quod
915 2002 1000 2050 est
1019 1994 1076 2049 in
1096 1993 1316 2060 mundo,
1331 1993 1714 2064 concupiscen-

125 2084 198 2139 tia
252 2084 433 2140 carnis
461 2093 566 2151 est,
593 2093 650 2140 et
696 2085 1134 2157 concupiscentia
1181 2084 1485 2150 oculorum,
1522 2091 1577 2139 et
1619 2098 1711 2139 su-

123 2175 310 2246 perbia
337 2175 483 2231 vitae.
526 2175 652 2232 ldeo
681 2176 827 2231 enim
865 2176 1089 2232 habere-
1117 2175 1319 2245 aliquid
1353 2174 1622 2242 homines,
1660 2180 1715 2228 et

122 2272 265 2327 ultra
295 2288 458 2343 quam
502 2286 726 2330 necesse
771 2279 857 2329 est
896 2271 1309 2350 concupiscunt,
1361 2278 1422 2325 ut
1467 2267 1716 2324 habendo

121 2367 441 2438 superbiant
467 2381 483 2420 :
507 2374 564 2423 et
591 2366 718 2437 quia
757 2354 861 2422 hoc
909 2365 1049 2420 alius
1076 2379 1186 2421 non
1231 2362 1416 2430 habet,
1448 2376 1508 2419 se
1536 2363 1593 2418 in
1622 2375 1714 2418 co-

121 2458 474 2530 gitationibus
501 2457 782 2514 extollant.
839 2456 1121 2513 Discamus
1155 2454 1441 2526 penuriam
1466 2453 1602 2526 pati,
1645 2467 1716 2508 ne

123 2567 187 2609 ea
215 2567 336 2624 quae
361 2566 471 2608 non
511 2551 798 2618 habemus,
826 2550 1030 2606 habere
1077 2549 1243 2604 etiam
1273 2563 1395 2604 cum
1441 2546 1596 2617 culpa
1625 2559 1714 2601 re-

123 2645 403 2716 quiramus
433 2665 446 2700 ;
477 2659 547 2700 ne
571 2642 758 2701 felices
799 2651 1073 2714 putemus,
1104 2655 1241 2712 quos
1282 2639 1448 2696 rebus
1489 2646 1716 2696 onustos

123 2739 416 2794 cernimus.
464 2736 642 2794 Nimia
686 2736 843 2793 valde
871 2743 1000 2794 sunt
1027 2749 1109 2800 ea,
1142 2749 1264 2806 qua:
1305 2734 1411 2790 sibi
1457 2733 1612 2805 quasi
1661 2733 1717 2788 in

123 2835 369 2900 sumptus
398 2827 524 2884 vitae
559 2827 844 2900 praesentis
881 2833 1211 2898 praeparant,
1254 2823 1425 2880 multa
1473 2829 1712 2895 portant,

125 2918 222 2976 sed
249 2918 303 2974 in
330 2919 418 2974 via
439 2919 592 2976 brevi
621 2938 634 2973 :
661 2933 857 2991 magna
889 2926 972 2973 est
1000 2916 1157 2974 nobis
1182 2917 1239 2972 in
1266 2915 1372 2972 hoc
1407 2915 1600 2970 itinere
1630 2929 1716 2971 s0-

125 3009 210 3064 cia
232 3017 524 3081 paupertas
540 3049 555 3076 ,
579 3025 700 3080 quae
720 3009 960 3065 animum
988 3023 1098 3064 non
1116 3014 1392 3080 angustat,
1417 3022 1540 3062 cum
1566 3006 1720 3062 deest

125 3108 340 3158 terrena
367 3101 692 3168 substantia,
716 3101 782 3157 de
808 3115 914 3170 qua
939 3107 1147 3156 aeterno
1163 3097 1334 3168 iudici
1365 3098 1601 3153 rationes
1620 3111 1716 3168 po-

1815 1921 1956 1975 nem,
2015 1920 2236 1981 pr0pter
2280 1912 2423 1981 quod
2471 1913 2526 1968 in
2574 1915 2748 1970 veteri
2803 1915 3249 1988 interpretatione
3298 1932 3409 1972 non

1814 2000 2046 2070 positum
2094 2010 2198 2068 est,
2231 2005 2502 2072 quomodo
2525 2018 2650 2076 post
2685 2006 2987 2077 profectum
3017 2009 3164 2065 tertii
3210 2009 3410 2080 gradus

1813 2088 2000 2158 viginti
2030 2090 2269 2162 quinque
2297 2095 2463 2150 cubiti
2491 2106 2546 2151 et
2566 2097 2804 2169 quinque
2845 2110 3116 2170 ponantur
3145 2103 3280 2158 :sed
3312 2102 3412 2158 ωι-

1814 2180 1878 2236 lit
1909 2184 2317 2256 ambiguitatem
2351 2187 2502 2257 illud,
2544 2191 2689 2260 quod
2733 2194 2999 2263 sequitur,
3037 2213 3055 2246 ‹
3086 2201 3140 2250 et
3171 2196 3412 2252 vestibu-

1814 2270 1923 2327 lum
1978 2275 2096 2347 ejus
2149 2278 2216 2333 ad
2244 2280 2444 2335 atrium
2493 2283 2768 2351 exterius,
2820 2294 2876 2340 et
2928 2284 3136 2355 palmas
3181 2285 3298 2358 ejus
3352 2285 3410 2342 in

1814 2361 2013 2432 fronte,
2045 2386 2064 2419 ι
2092 2376 2154 2423 ιιι
2201 2369 2410 2426 scilicet
2460 2374 2567 2428 hoc
2610 2374 2837 2443 atrium,
2883 2376 3026 2446 quod
3075 2376 3310 2433 habebat
3353 2376 3412 2432 in

1815 2456 2146 2531 longitudine
2173 2461 2366 2531 viginti
2391 2465 2630 2536 quinque
2675 2467 2907 2534 cubitos,
2941 2475 2995 2522 et
3032 2469 3089 2523 in
3128 2468 3414 2528 latitudine

1815 2550 2074 2621 quinque,
2120 2568 2229 2609 non
2259 2553 2560 2623 interioris,
2590 2558 2685 2614 sed
2733 2560 3019 2615 exterioris
3060 2560 3187 2616 atrii
3231 2563 3325 2629 sit,
3351 2571 3415 2619 ut

1815 2643 2014 2714 prioris
2060 2647 2185 2703 atrii
2238 2648 2597 2717 latitudinem,
2644 2652 2748 2708 hoc
2792 2661 2902 2719 cst,
2934 2654 3123 2726 viginti
3172 2655 3413 2728 quinque

1817 2736 2028 2794 cubitos
2050 2739 2342 2796 exterioris
2363 2742 2487 2796 atrii
2511 2742 2786 2812 possideat
2828 2743 3126 2813 longitudo,
3152 2757 3209 2800 et
3233 2745 3291 2800 in
3327 2744 3412 2800 la-

1819 2826 2049 2883 titudine
2091 2831 2331 2902 quinque
2355 2833 2567 2890 cubitos
2613 2843 2811 2892 teneat.
2843 2834 2989 2902 Quas
3022 2850 3331 2904 mensuras,
3357 2838 3414 2895 id

1818 2927 1923 2984 est,
1949 2919 2137 2990 viginti
2181 2921 2439 2992 quinque,
2464 2932 2519 2979 et
2545 2925 2819 2995 quinque,
2851 2926 2919 2980 ad
2965 2927 3184 2983 eosdem
3221 2943 3414 2988 sensus

1820 3012 2155 3079 referemus,
2200 3015 2376 3069 visum
2424 3016 2676 3073 videlicet
2719 3027 2773 3072 et
2817 3019 3078 3088 auditum,
3106 3029 3320 3092 gustum
3359 3031 3415 3078 et

1820 3104 2103 3159 odoratum
2126 3114 2181 3160 ct
2204 3114 2426 3161 tactum.
2453 3106 2599 3174 Quas
2622 3109 2668 3163 si
2690 3110 2756 3164 ad
2779 3109 2973 3164 altiora
2996 3111 3414 3168 conscendimus

125 3210 338 3251 namus.
363 3195 612 3252 Liberius
634 3195 701 3250 ad
733 3193 968 3265 Damam
1001 3191 1294 3258 tendimus:
1322 3191 1448 3260 (illia
1477 3189 1630 3261 quaSi
1659 3189 1715 3245 in
1743 3172 1789 3236 Ο
1819 3197 2108 3266 quinquies
2131 3172 2494 3267 duplicamus,
2514 3207 2570 3255 et
2597 3201 2664 3256 de
2685 3201 2992 3257 carnalibus
3011 3201 3259 3258 sensibus
3283 3203 3414 3262 faci-
3507 3270 3518 3275 _

106 3286 213 3343 via
249 3286 486 3358 pondere
540 3300 808 3343 caremus.
841 3285 1125 3341 Discamus
1168 3282 1373 3348 satiari,
1415 3296 1484 3336 ne
1519 3281 1576 3336 in
1623 3296 1714 3336 su-

123 3378 334 3450 mendis
359 3377 631 3434 alimentis
673 3376 917 3448 corporis
943 3361 1079 3448 gulae
1108 3374 1281 3448 magis
1333 3388 1498 3445 quam
1527 3385 1717 3428 neces—

121 3468 271 3524 sitati
322 3469 644 3524 serviamus.
680 3466 807 3523 Plus
855 3467 1001 3522 enim
1043 3465 1505 3538 concupiscentia,
1548 3478 1714 3535 quam

123 3559 425 3616 necessitas
450 3558 589 3628 petit
620 3576 633 3612 :
667 3565 724 3614 et
749 3571 890 3629 saepe
919 3557 1046 3612 dum
1071 3556 1250 3613 carnis
1275 3556 1469 3626 inopiae
1500 3552 1715 3609 satisfa-

126 3666 251 3709 cere
280 3665 555 3718 curamus,
582 3649 833 3721 voluptas
870 3647 1136 3719 subrepit,
1161 3646 1378 3702 modum
1408 3643 1716 3701 refectionis

126 3746 338 3803 excedit
371 3765 383 3801 :
414 3745 558 3803 unde
587 3746 648 3802 fit
674 3754 736 3802 ut
770 3744 927 3816 culpa
958 3751 1202 3800 transeat
1230 3741 1299 3797 ad
1324 3739 1557 3811 culpam,
1586 3740 1716 3811 quia

126 3835 444 3907 plerumque
488 3836 613 3892 inde
658 3836 764 3892 alia
791 3836 972 3893 carnis
1018 3834 1248 3897 tentatio
1293 3832 1556 3899 nascitur,
1586 3831 1716 3888 dum

129 3929 278 3985 carui
321 3927 730 3984 immoderatius
761 3928 817 3982 in
858 3927 1153 3984 refectione
1183 3926 1420 3981 servitur
1451 3943 1464 3978 :
1497 3939 1564 3980 ex
1591 3937 1718 3996 pec-

127 4029 250 4078 cato
270 4020 471 4077 etenim
500 4018 662 4092 primi
693 4018 927 4074 hominis
959 4016 1269 4074 inﬁrmante
1311 4025 1502 4071 natura
1527 4016 1584 4071 in
1613 4015 1718 4070 hoc

127 4115 330 4171 mundo
365 4128 490 4170 cum
526 4113 727 4169 nostris
769 4110 1158 4167 tentationibus
1198 4109 1459 4175 nascitur,
1495 4117 1551 4164 et
1591 4121 1718 4164 caro

127 4207 288 4264 nobis
315 4207 601 4277 aliquando
627 4195 858 4275 adiutrix
879 4202 1037 4260 estin
1057 4204 1201 4260 bono
1222 4216 1402 4271 opere,
1428 4199 1718 4271 aliquando

129 4308 314 4356 autem
342 4300 618 4356 seductrix
649 4299 704 4355 in
752 4299 975 4354 malum.
1019 4297 1080 4354 Si
1119 4296 1283 4369 igitur
1309 4296 1360 4352 ei
1387 4294 1507 4366 plus
1553 4308 1718 4365 quam

127 4392 388 4450 debemus
429 4392 736 4459 tribuimus,
767 4392 978 4448 hostem
1015 4389 1285 4446 nutrimus
1316 4396 1408 4444 :et
1455 4387 1500 4442 si
1531 4399 1718 4442 neces-

124 4484 274 4541 sitati
303 4485 437 4557 ejus,
466 4499 585 4555 quae
611 4483 891 4550 debemus,
916 4498 1025 4539 non
1069 4481 1365 4547 reddimus,
1396 4479 1569 4536 civem
1618 4493 1715 4533 ne-

125 4593 336 4634 camus.
369 4576 629 4634 Satianda
655 4578 839 4648 itaque
866 4583 952 4632 est
982 4590 1131 4643 caro,
1162 4574 1256 4631 sed
1285 4574 1353 4630 ad
1387 4573 1492 4629 hoc
1521 4585 1711 4643 usque,

124 4679 186 4727 ut
210 4671 266 4727 in
291 4671 434 4727 bono
467 4668 625 4726 nobis
649 4683 815 4741 opere
848 4667 1101 4723 famulari
1126 4665 1376 4722 sufficiat.
1401 4663 1539 4720 Nam
1565 4664 1714 4734 quis-

125 4765 248 4836 quis
271 4765 322 4821 ei
351 4773 564 4820 tantum
608 4762 817 4828 tribuit,
841 4769 902 4816 ut
928 4759 1236 4831 superbiat,
1276 4759 1463 4815 satiari
1501 4758 1715 4828 penitus

124 4859 358 4929 ignorat.
387 4856 494 4913 Ars
523 4856 706 4925 itaque
733 4868 931 4924 magna
969 4861 1054 4909 est
1088 4851 1298 4919 satiari,
1320 4865 1391 4906 ne
1422 4849 1714 4920 unusquis-

126 4967 232 5022 que
261 4965 361 5022 per
408 4950 716 5006 satietatem
757 4946 941 5002 carnis
971 4945 1040 5001 ad
1087 4942 1428 5014 iniquitatem
1466 4956 1715 5012 prorum—

123 5054 218 5115 pat
248 5042 616 5114 turpitudinis.
643 5041 926 5097 Discamus
952 5038 1182 5106 esurire,
1211 5045 1273 5093 ut
1310 5035 1466 5092 nobis
1493 5042 1714 5106 propter

125 5136 513 5194 abundantiam
539 5140 855 5205 sequentem
902 5140 1092 5190 nostra
1133 5131 1225 5188 hic
1273 5129 1454 5200 inopia
1480 5129 1710 5200 placeat,

127 5243 198 5284 ne
241 5241 340 5283 nos
391 5225 598 5282 ventris
651 5223 948 5281 necessitas
995 5224 1063 5280 ad
1114 5221 1331 5294 culpam
1372 5223 1591 5287 trahat,
1643 5235 1712 5275 ne

126 5327 408 5390 peccatum
452 5317 622 5374 menti
673 5316 776 5386 ipSi
827 5315 1124 5387 indigentia
1166 5323 1454 5388 suggerat:
1481 5321 1538 5369 et
1582 5313 1711 5368 dum

129 5424 260 5467 caro
298 5408 443 5465 fame
486 5405 735 5473 adicitur,
769 5407 837 5462 ad
885 5405 1238 5476 cupiditatem
1285 5405 1500 5461 animus
1529 5404 1712 5461 irrite-

127 5511 241 5568 tur,
263 5508 321 5558 et
343 5507 550 5572 quaerat
575 5514 700 5556 cum
720 5498 876 5570 culpa
914 5498 1222 5569 providere,
1257 5499 1400 5555 unde
1436 5498 1590 5555 carni
1619 5514 1714 5554 va-

130 5594 242 5650 leat
283 5593 338 5648 in
364 5590 690 5648 necessitate
737 5589 1097 5646 satisfacere:
1136 5603 1205 5644 ne
1237 5604 1332 5646 cor
1374 5590 1430 5645 in
1477 5590 1716 5662 indigna-

137 5687 278 5742 tione
321 5683 590 5755 prosiliat,
617 5691 674 5738 et
702 5681 941 5754 linguam
993 5683 1050 5738 in
1077 5681 1524 5738 murmurationis
1559 5697 1714 5737 ama-

132 5775 426 5834 ritudinem
449 5774 727 5830 accendat.
752 5775 856 5843 Qui
884 5776 1048 5847 igitur
1091 5775 1145 5832 in
1177 5775 1360 5835 carnis
1399 5791 1510 5834 suae
1535 5776 1716 5849 inopia

375 5867 651 5930 PATIOL.
697 5864 834 5927 CX.

1736 4539 1792 4599 D

1818 3301 1940 3342 mus
1958 3285 2250 3356 spiritales,
2264 3297 2326 3343 ut
2340 3297 2420 3343 est
2444 3288 2573 3346 illud
2597 3309 2609 3344 :
2638 3308 2656 3341 ι
2680 3290 2881 3346 Levate
2899 3291 3084 3349 oculos
3105 3302 3340 3362 vestros,
3359 3305 3417 3351 et

1816 3380 1998 3437 videte
2023 3383 2280 3452 quoniam
2302 3382 2417 3453 jam
2461 3384 2596 3440 albae
2624 3400 2831 3442 messes
2857 3394 2984 3443 sunt
3009 3387 3079 3442 ad
3100 3388 3412 3443 metendum

1817 3471 2001 3546 (Joan.
2045 3475 2154 3546 1v);
2189 3496 2210 3528 ι
2266 3485 2322 3532 et
2353 3494 2366 3530 :
2400 3495 2419 3527 ‹
2462 3475 2565 3543 Qui
2603 3476 2768 3534 habet
2808 3493 2968 3534 aures
2996 3478 3273 3545 audiendi,
3318 3493 3415 3534 au-

1817 3564 2106 3636 diat(Luc.
2145 3568 2298 3639 vni);
2337 3588 2354 3620 ι
2389 3576 2484 3624 et:
2525 3587 2543 3620 ‹
2573 3568 2799 3625 Gustate
2843 3579 2898 3626 et
2945 3570 3122 3626 videte
3155 3570 3415 3643 quoniam

1819 3656 2002 3713 suavis
2028 3666 2112 3713 est
2155 3657 2416 3714 Dominus
2450 3656 2636 3728 (Psal.
2683 3659 2924 3730 xxxtu);
2968 3679 2987 3710 ι
3023 3667 3078 3714 et
3111 3678 3125 3714 :
3159 3677 3178 3710 ι
3206 3659 3413 3716 Christi

1817 3751 1993 3808 bonus
2012 3749 2147 3806 odor
2172 3766 2359 3808 sumus
2379 3750 2436 3806 in
2467 3751 2553 3807 his
2578 3751 2672 3820 qui
2701 3749 2927 3806 credunt
2957 3749 3058 3822 (ΙΙ
3091 3748 3213 3805 Cor.
3238 3750 3344 3822 n);
3382 3770 3403 3804 ι

1817 3853 1874 3901 et
1900 3845 1957 3900 in
1985 3842 2208 3901 Joannis
2243 3843 2470 3917 epistola
2507 3844 2704 3900 dicitur
2733 3862 2748 3898 :
2777 3862 2795 3896 ι
2826 3842 2980 3912 Quod
3025 3843 3332 3901 audivimus
3358 3852 3418 3900 et

1817 3937 2072 4003 vidimus,
2104 3943 2157 3992 et
2183 3949 2376 3992 manus
2397 3943 2598 3991 nostrae
2629 3933 3007 4004 palpaverunt,
3036 3934 3102 3989 de
3121 3935 3289 3992 verbo
3324 3934 3411 3992 vi-

1818 4039 1888 4086 tae
1917 4030 1971 4101 (Ι
1993 4030 2153 4085 Joan.
2186 4029 2260 4100 1);
2296 4049 2314 4082 ι
2351 4036 2406 4084 et
2427 4028 2496 4083 ad
2525 4036 2830 4083 extremum
2880 4042 3243 4098 nequaquam,
3267 4037 3328 4084 ut
3351 4028 3411 4085 in

1818 4119 2224 4192 septentrionali
2246 4120 2406 4192 plaga
2429 4128 2636 4190 septem
2659 4128 2872 4174 tantum
2893 4120 3091 4189 gradus
3115 4118 3412 4190 sufﬁciunt,

1818 4213 1914 4270 sed
1938 4220 2062 4285 post
2099 4222 2304 4284 septem
2335 4212 2648 4268 octonarius
2691 4211 2910 4283 ponitur
2934 4225 3215 4278 numerus,
3245 4220 3308 4269 ut
3345 4213 3415 4271 de

1819 4303 2100 4377 Synagoga
2145 4303 2213 4358 ad
2265 4302 2585 4368 Ecclesiam,
2617 4303 2684 4358 de
2727 4301 2900 4358 veteri
2943 4303 3306 4360 instrumento
3342 4303 3414 4360 ad

1818 4412 2038 4464 novum,
2074 4397 2140 4452 de
2169 4397 2399 4452 terrenis
2425 4396 2493 4450 ad
2513 4395 2755 4452 caelestia
2784 4404 3142 4452 transeamus.

1896 4504 1915 4539 ι
1947 4487 2016 4542 Ει
2062 4487 2367 4543 introduxit
2397 4502 2484 4543 me
2526 4487 2583 4543 in
2614 4487 2810 4544 atrium
2862 4488 3092 4545 interius
3139 4504 3237 4559 per
3267 4489 3412 4546 viam
3475 4497 3480 4501 '

1825 4599 1843 4634 ι
1878 4579 2220 4647 orientalem,
2245 4588 2300 4636 et
2327 4594 2548 4635 mensus
2577 4587 2662 4636 est
2699 4589 2912 4651 portam
2942 4582 3238 4636 secundum
3265 4597 3415 4638 men-

1826 4693 1844 4723 (
1877 4687 2034 4728 suras
2062 4672 2369 4742 superiores
2395 4672 2690 4726 thalamum
2714 4669 2831 4739 ejus
2854 4679 2908 4727 et
2939 4670 3174 4727 frontem
3194 4671 3334 4742 ejus,
3355 4682 3414 4728 et

1824 4782 1844 4815 ι
1877 4762 2143 4819 vestibula
2178 4761 2314 4829 ejus,
2369 4762 2508 4818 sicut
2539 4777 2722 4832 supra,
2766 4770 2821 4816 et
2867 4761 3138 4819 fenestras
3181 4763 3317 4835 ejus,
3356 4775 3413 4820 et

1825 4875 1844 4907 ι
1875 4854 2204 4911 vestibulum
2241 4855 2297 4910 in
2337 4855 2601 4921 circuitu,
2634 4854 2968 4926 longitudine
3018 4855 3411 4927 quinquaginta

1825 4966 1844 5000 ε
1877 4947 2182 5004 cubitorum
2202 4956 2257 5003 et
2285 4948 2571 5004 latitudine
2599 4949 2792 5020 viginti
2813 4950 3052 5021 quinque
3077 4950 3408 5016 cubitorum,

1829 5055 1847 5089 α
1880 5046 1936 5094 et
1963 5038 2288 5094 vestibulum
2315 5038 2451 5110 ejus,
2489 5040 2542 5095 id
2581 5048 2684 5108 est,
2710 5040 2835 5096 atrii
2884 5041 3190 5097 exterioris.
3223 5060 3242 5094 ι
3280 5040 3439 5114 (Pro.

1819 5147 1927 5203 quo
1962 5131 2312 5204 Septuaginta
2361 5142 2417 5188 et
2461 5133 2820 5206 Symmachus
2873 5134 3176 5189 interiorem
3214 5147 3412 5204 posue-

1819 5226 1990 5297 runt.)
2020 5246 2038 5279 ι
2071 5225 2140 5282 Ει
2157 5226 2350 5298 palma:
2373 5226 2574 5283 celatas
2599 5227 2656 5282 in
2683 5225 2862 5284 fronte
2885 5223 3002 5296 ejus
3023 5225 3154 5284 hinc
3180 5234 3237 5282 et
3259 5225 3407 5294 inde,

1826 5336 1844 5370 ι
1878 5327 1934 5374 et
1966 5318 2022 5373 in
2047 5327 2171 5374 octo
2191 5319 2448 5389 gradibus
2471 5333 2728 5376 ascensus
2751 5317 2888 5389 ejus.
2920 5337 2939 5369 ›
2971 5318 3049 5374 De
3089 5317 3410 5390 septentrio-

1819 5409 1928 5466 nali
1950 5411 2127 5482 plaga,
2160 5411 2216 5466 in
2259 5412 2416 5484 cujus
2446 5411 2645 5467 atrium
2686 5418 2893 5481 septem
2922 5419 3129 5466 tantum
3157 5411 3412 5472 ascende-

1815 5501 1979 5557 batur
1998 5502 2276 5573 gradibus,
2293 5501 2491 5558 transit
2510 5502 2576 5557 ad
2597 5502 2888 5558 australem
2907 5510 3115 5573 portam
3131 5510 3186 5558 et
3208 5503 3409 5558 atrium

1817 5594 2058 5665 ejusdem
2090 5593 2259 5664 plaga:
2288 5613 2300 5649 :
2329 5594 2398 5649 ad
2426 5594 2570 5664 quod
2599 5610 2708 5650 non
2743 5594 2917 5650 solum
2961 5602 3189 5664 septem,
3221 5600 3281 5646 ut
3317 5606 3408 5645 su—

1818 5701 1936 5756 pra,
1976 5685 2072 5740 sed
2100 5693 2156 5741 et
2201 5694 2327 5742 octo
2364 5685 2621 5757 gradibus
2673 5687 3023 5742 ascenditur.
3056 5684 3308 5740 videlicet
3347 5691 3408 5737 ut

1819 5793 1918 5850 per
1949 5783 2136 5836 vetera
2163 5786 2504 5836 transeamus
2527 5777 2594 5836 ad
2620 5792 2756 5836 nova
2794 5789 2886 5832 :ct
2910 5783 2968 5831 ut
3000 5776 3188 5845 loquar
3232 5770 3406 5829 mani-
