3908 6356
72 397 169 455 941

990 375 1341 436 cenarem.
1383 371 1449 428 ιιι
1488 337 1943 425 maculatum.
1983 398 2056 410 —
2088 368 2220 425 LIB.
2261 368 2401 427 xw.

3217 364 3326 431 9M

69 512 376 570 exstructa,
403 508 459 557 et
477 498 563 554 hae
593 497 721 568 ipsae
746 494 813 551 ad
836 490 1160 550 sacriﬁcium
1180 487 1641 548 holocaustornm,
1675 484 1726 545 Α
1748 476 1874 532 Ione
1902 478 2320 534 describuntur?
2346 477 2636 570 Aspirante
2656 478 2778 534 tDeo
2798 467 3013 551 magna.
3028 480 3331 539 intentione

68 580 156 656 isti
185 603 309 653 sunt
336 592 440 648 vivi
467 589 691 661 lapides,
720 587 811 657 qui
833 584 1122 641 volvuntur
1152 593 1313 651 super
1343 588 1564 641 terram,
1587 582 1643 630 et

67 696 262 751 habent
313 702 496 745 secum
541 683 852 755 angularem
904 677 1162 750 lapidem,
1206 689 1317 746 quo
1362 670 1563 728 veteris
1590 676 1646 725 et

68 787 187 844 novi
221 780 565 841 Instrumenti
604 776 840 849 parietes
881 771 1246 830 continentur.
1283 765 1519 835 Quartus
1549 778 1646 818 διι-

68 856 173 933 tem
227 888 484 931 numerus
527 867 837 938 evangelica
897 868 1236 921 sacramenta
1284 861 1643 923 demonstrat,

65 965 393 1037 longitudine
414 959 773 1019 et'lalitudine
792 957 999 1013 habens
1018 969 1185 1009 unum
1214 952 1457 1008 cubitum
1480 957 1538 1006 et
1559 947 1646 1004 di-

66 1057 305 1121 midium,
329 1054 384 1109 id
409 1066 506 1126 per
532 1052 797 1123 quadrum
828 1068 841 1104 :
872 1063 992 1118 quae
1012 1043 1176 1101 simul
1199 1044 1387 1116 juncta
1411 1049 1524 1095 tres
1552 1053 1647 1094 cu-

64 1150 202 1204 bitos
237 1146 463 1203 faciunt.
497 1144 600 1211 Qui
645 1150 756 1198 tres
797 1140 985 1207 cubiti,
1031 1139 1234 1193 habent
1274 1137 1328 1191 in
1363 1132 1648 1189 altitudine

65 1237 301 1292 cubitum
330 1248 497 1289 unum
528 1251 541 1288 :
570 1242 629 1288 ut
658 1232 913 1304 mysteria
943 1228 1228 1283 Trinitatis
1256 1226 1418 1281 unius
1456 1222 1644 1290 cubiti,

62 1328 164 1385 hoc
190 1339 296 1395 est,
342 1328 538 1383 divinae
574 1325 874 1396 maiestatis
924 1337 1179 1379 mensura
1233 1326 1537 1384 conservet,
1567 1316 1648 1372 di-

63 1429 221 1477 cente
248 1418 478 1475 Domino
508 1419 576 1473 ad
598 1415 889 1487 discipulos
922 1434 934 1468 :
973 1434 991 1467 (
1020 1415 1119 1481 lte,
1150 1413 1420 1483 baptizate
1459 1423 1648 1467 omnes

65 1515 252 1580 gentes
303 1507 358 1561 in
403 1505 620 1560 nomine
648 1504 827 1559 Patris
855 1512 909 1558 et
950 1502 1073 1558 Filii
1100 1509 1157 1558 et
1188 1501 1424 1572 Spiritus
1478 1497 1649 1554 sancti

67 1597 277 1670 (Matth.
304 1596 523 1668 xxvm).
564 1614 582 1648 ι
617 1594 822 1650 Nomen
846 1601 1028 1649 autem
1057 1592 1153 1647 Dei
1182 1593 1338 1662 quasi
1363 1606 1502 1645 unus
1528 1588 1649 1643 alti-

64 1684 274 1746 tudinis
291 1689 508 1745 cubitus
532 1696 637 1754 est,
666 1688 759 1759 qui
789 1694 900 1743 tres
942 1685 1318 1757 complectitur
1345 1683 1647 1759 proprieta-

67 1789 145 1837 tes
173 1780 570 1838 et‘holocausta
601 1780 933 1836 oblationum
978 1786 1287 1834 nostrarum
1317 1791 1530 1846 semper
1557 1791 1647 1831 as-

1749 578 1987 640 opusest
2019 569 2196 624 sinum
2220 577 2381 624 tanta:
2406 568 2786 641 profunditatis
2807 571 3082 641 indagare.
3100 571 3328 633 Bi-enint

1746 672 2026 736 portarum
2068 664 2286 721 nomine
2329 674 2545 720 sanctos
2571 664 2955 735 praematuras
2997 666 3329 738 accepimus,

1748 755 2026 813 sciendum
2054 756 2211 815 nobis
2237 763 2339 822 est,
2371 755 2496 827 quia
2541 768 2648 809 una
2676 763 2760 811 est
2787 755 3025 812 Ecclesia
3047 757 3112 813 in
3136 758 3333 831 pretii-

1749 852 2024 907 mtoribus
2045 848 2373 906 Testamentl
2394 847 2604 907 Veteris
2624 862 2704 905 'ac
2742 847 2898 907 Novi.
2927 850 3102 908 Porta
3146 860 3332 909 mitem

1750 950 1959 1013 septem
1976 942 2063 998 vel
2084 951 2207 998 octo
2228 942 2426 1015 gradus
2445 942 2646 998 habent
2683 960 2695 996 :
2721 942 2857 1013 quia
2892 945 3069 1002 sane“
3084 944 3337 1017 ‘Spirltus

1751 1036 2122 1107 septiformem
2153 1037 2382 1109 gratiam
2427 1034 2768 1093 concorditer
2792 1037 3119 1107 praedicant.
3169 1037 3333 1094 Octa-

1752 1144 1881 1184 vum
1905 1144 2037 1185 vero
2074 1131 2301 1201 gradum
2342 1128 2661 1183 annuntiant
2696 1128 3070 1185 retributionis
3095 1136 3333 1184 aeternae.

1754 1216 1909 1273 Unde
1944 1219 2206 1291 scriptum
2226 1227 2314 1275 est
2339 1237 2354 1274 :
2390 1238 2413 1271 η(
2448 1219 2525 1274 Da
2552 1226 2986 1289 partemtseptem
3014 1234 3116 1275 nec
3141 1235 3253 1276 non
3280 1228 3338 1277 et

1751 1316 1876 1364 octo
1906 1307 2098 1379 (Ereti.
2128 1308 2231 1380 η).
2268 1329 2287 1360 ι
2311 1309 2451 1377 Quid
2472 1310 2654 1379 itaque
2675 1309 2856 1364 dicere
2884 1324 3170 1380 possumus
3189 1310 3338 1367 exte-

1751 1400 1927 1456 riores
1950 1408 2136 1470 portas
2156 1402 2258 1457 nisi
2289 1404 2538 1472 antiquos
2558 1402 2947 1473 patres‘t‘uisse,
2968 1404 3057 1475 qui
3084 1421 3183 1477 per
3199 1421 3341 1477 prae—

1753 1498 1909 1562 cepta
1930 1492 2064 1563 legis
2093 1502 2356 1549 noverant
2374 1508 2538 1566 opera
2562 1494 2743 1565 pepuli
2772 1496 2963 1567 magis,
2986 1511 3148 1566 quam
3171 1498 3339 1555 corda

1750 1581 2070 1637 custodire?
2097 1589 2159 1637 ut
2196 1583 2483 1639 interiores
2514 1591 2699 1654 portas
2725 1586 3107 1656 praedicatores
3134 1598 3341 1645 sanctae

1753 1672 2012 1730 Ecclesiae
2039 1675 2334 1731 debeamus
2355 1677 2633 1747 accipere,
2644 1678 2736 1747 qui
2758 1679 3089 1748 spiritalibus
3122 1683 3342 1740 monitis

1754 1763 2141 1837 discipulorum
2162 1780 2386 1823 suorum
2406 1767 2570 1823 corda
2592 1768 2920 1837 custodiunt,
2938 1783 3016 1825 ne
3041 1769 3199 1827 malis
3223 1787 3343 1842 qua:

64 1871 243 1926 sumit.
278 1869 456 1942 Super
499 1871 643 1943 ipsas
671 1879 853 1925 autem
884 1881 1117 1941 quatuor
1149 1884 1366 1925 mensas
1393 1868 1648 1924 holocau—

1762 1873 1859 1914 non
1892 1859 2119 1928 faciunt,
2145 1861 2229 1916 vel
2276 1861 2332 1915 in
2364 1860 2785 1932 cogitationibus
2828 1860 3185 1918 delectentur.
3237 1863 3343 1920 Per

64 1969 269 2016 storum
303 1961 369 2017 de
390 1961 532 2018 vivis
568 1960 837 2032 lapidibus
877 1968 1203 2025 exstructas,
1229 1974 1455 2031 quarum
1476 1960 1651 2030 longi-

67 2052 191 2108 tudo
231 2061 286 2109 et
324 2054 555 2111 altitudo
589 2064 643 2110 et
677 2053 906 2110 latitudo
931 2054 1201 2124 descripta
1237 2061 1350 2118 est,
1376 2061 1651 2122 ponuntur

66 2158 208 2208 vasa,
230 2145 288 2200 in
313 2145 509 2216 quibus
530 2144 843 2201 immolatur
860 2143 1231 2201 holocaustum
1244 2153 1564 2215 martyrum,
1584 2141 1650 2198 de

64 2235 255 2305 quibus
281 2236 481 2292 dicitur
506 2252 524 2291 :
559 2254 577 2288 ι
607 2235 850 2292 Pretiosa
866 2237 933 2291 'ln
956 2243 1246 2307 conspectu
1265 2234 1478 2290 Domini
1501 2248 1650 2290 mors

63 2333 377 2383 sanctorum
426 2328 542 2397 ejus
589 2326 770 2399 (Psal.
809 2328 983 2399 cxv);
1025 2347 1045 2381 ι
1080 2335 1135 2383 et
1177 2339 1364 2383 eorum
1393 2325 1648 2392 victimae,

65 2416 154 2487 qui
192 2417 525 2473 continentia
562 2426 617 2473 et
652 2418 894 2489 corporis
928 2417 1214 2474 sanctitate
1266 2417 1480 2473 animas
1524 2424 1651 2473 su’as

66 2504 343 2562 immolant
390 2505 641 2562 Domino.
692 2506 1108 2580 Mensarumque
1155 2508 1383 2563 istarum
1431 2508 1651 2564 nomina

64 2602 192 2667 puto
239 2596 294 2651 in
322 2595 583 2654 ‘Matthato
630 2606 686 2654 et
724 2597 895 2668 Luca,
938 2598 1145 2666 Marco,
1179 2607 1234 2654 et
1273 2598 1482 2656 Joanne
1525 2615 1655 2671 apo-

65 2687 216 2745 stolis
260 2689 534 2746 contineri
567 2708 580 2744 :
619 2704 848 2761 quarum
895 2706 1096 2747 corona
1126 2689 1358 2761 desuper
1380 2688 1524 2746 ﬂexa
1570 2690 1654 2746 in-

65 2780 335 2836 trinsecus
363 2795 467 2851 per
493 2781 784 2838 circuitum
823 2783 1095 2854 margines
1138 2781 1427 2848 ambiebat,
1460 2791 1523 2838 ut
1551 2783 1653 2840 ho-

68 2870 301 2928 locausta
326 2873 634 2929 contineret
673 2872 1021 2942 intrinsecus,
1047 2884 1102 2931 et
1129 2890 1237 2931 non
1259 2876 1461 2946 passim
1486 2874 1657 2934 fluere

64 2965 425 3038 permitteret,
473 2974 791 3037 teneretque
838 2976 1028 3022 carnes
1077 2966 1382 3034 oblationis,
1429 2967 1544 3023 sive
1596 2976 1658 3024 ut

61 3053 202 3110 LXX
224 3058 649 3124 transtulerunt,
679 3076 699 3110 ι
733 3054 799 3113 Ει
823 3059 953 3131 ipsae
978 3073 1179 3114 mensae
1204 3065 1358 3115 tecta:
1385 3066 1542 3114 erant
1567 3058 1658 3114 de-

61 3161 241 3218 super,
270 3168 291 3201 ι
339 3157 562 3221 propter
578 3149 843 3206 imbrium
871 3150 1185 3206 violentiam
1215 3157 1271 3205 et
1313 3149 1488 3206 aestivi
1526 3149 1658 3207 solis

62 3238 280 3295 nimiam
300 3240 641 3308 siccitatem,
669 3251 730 3298 ut
759 3256 953 3298 carnes
978 3244 1208 3313 desuper
1228 3242 1417 3313 positae
1444 3244 1658 3314 possint
1674 3224 1731 3289 C

65 3328 241 3387 dicere
266 3345 396 3386 cum
421 3333 685 3403 propheta
713 3347 731 3385 :
764 3349 784 3384 ι
824 3330 929 3388 Per
956 3332 1101 3388 diem
1124 3331 1205 3389 sol
1232 3347 1339 3389 non
1368 3338 1491 3389 uret
1521 3348 1621 3389 nos
1638 3373 1655 3401 ,

67 3437 239 3496 neque
278 3423 411 3479 luna
436 3440 535 3494 per
568 3431 780 3480 noctem
808 3423 980 3498 (Psal.
1002 3426 1164 3499 cxx);
1208 3445 1227 3478 ι
1269 3439 1499 3497 quorum
1525 3424 1657 3481 alte-

69 3528 190 3570 rum
240 3514 426 3570 nimiis
450 3515 645 3585 pluviis
688 3525 743 3571 et
790 3519 1200 3589 tempestatibus
1243 3519 1658 3575 tribulationum

69 3604 316 3661 dissolvit
344 3606 661 3674 oblationes,
707 3607 935 3664 alterum
959 3608 1268 3665 vehementi
1314 3619 1447 3666 aestu
1476 3624 1658 3681 persc-

72 3702 347 3757 cutionum
379 3716 626 3759 arescere
650 3701 781 3758 facit
807 3702 1067 3775 quidquid
1102 3702 1345 3759 oblatum
1374 3710 1477 3760 est.

142 3791 345 3866 (Greg.)
378 3793 505 3850 limo
525 3794 823 3867 prophetiae
853 3796 1019 3851 verba
1047 3794 1283 3854 lectione
1312 3797 1483 3870 magis
1514 3795 1658 3852 indi-

72 3892 219 3956 gent,
246 3899 408 3955 quam
437 3887 789 3957 expositione.
816 3885 893 3942 Ea
920 3888 1067 3943 enim
1101 3889 1165 3943 in'
1179 3887 1352 3944 tribus
1382 3889 1557 3960 portis
1578 3900 1660 3943 re-

68 3976 366 4046 plicantur,
393 3992 515 4049 qua:
540 3979 775 4034 secundo
809 3978 925 4047 jam
954 3978 1043 4035 vel
1079 3981 1241 4037 tertio
1281 3980 1348 4036 de
1375 3980 1659 4037 exteriori—

70 4071 173 4126 bus
208 4070 357 4126 dicta
399 4080 546 4139 sunt,
568 4085 745 4142 pauca
775 4085 907 4128 vero
955 4072 1012 4127 in
1059 4086 1248 4128 earum
1298 4073 1660 4144 descriptione

68 4171 473 4234 permutantur.
507 4162 663 4219 Nunc
686 4177 815 4235 ergo
843 4163 1194 4234 quaerendum
1226 4162 1383 4219 nobis
1412 4171 1518 4230 est,
1541 4176 1661 4233 quae

71 4255 192 4311 istae
225 4264 336 4310 tres
386 4262 556 4327 portae
602 4255 890 4311 interiores
911 4255 1059 4311 sint:
1088 4254 1176 4310 vel
1206 4254 1337 4326 quid
1365 4262 1469 4323 est,
1518 4255 1661 4324 quod

70 4347 388 4403 earumdem
411 4356 694 4418 portarum
717 4347 982 4404 vestibula
1015 4348 1205 4420 viginti
1230 4347 1470 4418 quinque
1510 4347 1662 4403 cubi-

70 4440 221 4496 tisin
242 4434 593 4511 longitudine,
617 4448 669 4495 et
691 4440 929 4511 quinque
951 4440 1147 4496 cubitis
1169 4439 1225 4494 in
1246 4437 1530 4495 latitudine
1553 4453 1661 4494 me-

1754 1948 1878 2005 illas
1904 1951 2050 2006 enim
2100 1959 2306 2022 septem
2337 1951 2590 2023 gradibus
2614 1952 2831 2007 escendi
2864 1952 3090 2020 dicitur;
3114 1954 3340 2009 istarum

1754 2053 1887 2097 vero
1910 2050 2034 2098 octo
2055 2043 2319 2115 graduum
2343 2059 2599 2102 ascensus
2619 2062 2740 2103 esse
2767 2047 3097 2118 perhibetur,
3125 2048 3251 2118 quia
3288 2056 3346 2106 et

1751 2130 1810 2187 in
1822 2135 2318 2208 veneratione‘legis
2331 2136 2446 2193 dies
2462 2139 2720 2208 septimus
2733 2137 2852 2205 fuit,
2867 2140 2989 2195 etin
3000 2138 3149 2196 Novo
3160 2140 3347 2197 Testa-

1748 2232 1944 2280 mento
1966 2234 2194 2283 octavus
2215 2229 2330 2284 dies
2350 2244 2471 2284 eum
2499 2239 2844 2287 sacramento
2866 2239 2949 2288 eet
2971 2249 2984 2286 :
3002 2232 3055 2288 is
3073 2232 3342 2301 videlicet,

1752 2314 1848 2383 qui
1873 2315 2175 2373 dominicus
2199 2318 2521 2389 appellatur,
2552 2321 2645 2391 qui
2682 2322 2874 2378 tertius
2895 2339 2925 2377 a
2957 2322 3228 2395 passione,
3250 2322 3348 2380 sed

1749 2415 1981 2463 octavus
2003 2423 2034 2462 a
2061 2409 2367 2466 conditione
2395 2418 2499 2479 est,
2532 2414 2658 2482 quia
2681 2420 2735 2470 et
2764 2416 3051 2485 septimum
3078 2415 3342 2486 sequitur.

1829 2519 1927 2575 Sin
1961 2535 2091 2578 vero
2118 2531 2401 2594 portarum
2430 2525 2649 2580 nomine
2674 2525 2824 2581 solos
2847 2526 3194 2599 intelligimus
3219 2542 3344 2586 san-

1755 2620 1874 2668 ctos
1913 2613 2181 2686 apostolos
2219 2616 2511 2690 designari,
2579 2619 2672 2689 qui
2704 2619 2955 2675 videlicet
2990 2620 3150 2692 primi
3189 2620 3348 2678 nobis

1756 2714 1885 2760 sunt
1938 2714 2140 2764 sanctae
2189 2707 2445 2766 Ecclesiae
2494 2711 2900 2783 praedicatores,
2932 2721 2987 2769 et
3019 2713 3176 2770 iidem
3226 2729 3348 2782 nos,

1756 2809 1911 2871 spem
1949 2804 2112 2869 atque
2140 2800 2462 2857 charitatem
2489 2817 2702 2857 summo
2739 2819 2902 2874 opere
2930 2813 3113 2861 tenere
3153 2805 3353 2862 docue—

1757 2896 1924 2944 runt:
1952 2890 2054 2961 ipsi
2082 2892 2265 2963 itaque
2288 2894 2446 2949 nobis
2485 2894 2537 2948 in
2565 2895 2652 2950 his
2684 2894 2974 2950 virtutibus
3003 2904 3173 2966 porta)
3201 2905 3349 2966 sunt,

1760 2981 1982 3052 quinos
2014 3001 2113 3056 per
2139 2984 2359 3042 easdem
2400 2987 2631 3042 virtutes
2669 2988 2737 3042 ad
2784 2987 3099 3043 interiorem
3139 2988 3352 3045 intelle-

1760 3082 1909 3131 ctum
1929 3085 2147 3133 aeternae
2166 3078 2443 3149 sapientiae
2456 3077 2758 3149 perducunt
2780 3098 2791 3132 :
2817 3079 2910 3134 sed
2931 3079 2974 3133 si
2996 3079 3096 3149 ipsi
3117 3080 3345 3134 exterio-

1762 3181 1852 3222 res
1880 3176 2008 3224 sunt
2034 3177 2223 3239 portae,
2274 3185 2409 3240 quos
2445 3169 2753 3240 accepimus
2784 3170 3110 3227 interiores?
3138 3170 3196 3228 Si
3221 3184 3356 3226 vero

1762 3260 1866 3332 ipsi
1882 3262 2169 3319 interiores
2190 3272 2338 3330 sunt,
2355 3278 2491 3337 quos
2511 3261 2859 3336 intelligimus
2886 3264 3218 3321 exteriores?
3234 3263 3353 3333 Qua

1762 3350 1816 3406 in
1844 3366 1905 3406 re
1941 3351 2165 3424 intelligi
2206 3352 2413 3408 utiliter
2437 3361 2637 3424 potest,
2695 3353 2821 3423 quia
2862 3352 2964 3427 ipsi
2994 3355 3148 3411 nobis
3202 3364 3353 3412 exte-

1761 3444 1934 3500 riores
1986 3443 2148 3501 simul
2192 3454 2247 3499 et
2276 3444 2563 3501 interiores
2614 3453 2785 3516 porta:
2815 3453 2956 3499 sunt.
2984 3438 2987 3443 ’
3019 3443 3154 3500 Cum
3208 3446 3354 3503 enim

1762 3534 1942 3589 adhuc
1989 3533 2371 3591 inchoantibus
2406 3550 2514 3590 non
2544 3534 2652 3589 alta
2687 3542 2742 3590 et
2769 3536 3021 3607 mystica,
3074 3535 3169 3593 sed
3207 3552 3354 3607 quie-

1763 3627 1885 3681 dam
1915 3642 2035 3697 qua:
2060 3628 2179 3699 capi
2199 3627 2495 3698 praevalent
2520 3628 2837 3698 praedicant,
2860 3638 3030 3699 porta:
3055 3629 3354 3686 exteriores

1762 3726 1907 3774 sunt.
1960 3718 2095 3775 Cum
2144 3735 2275 3776 vero
2316 3719 2574 3792 perfectis
2618 3720 2884 3792 profunda
2914 3729 2969 3777 et
2993 3720 3223 3794 mystica
3266 3720 3349 3779 lo-

1762 3817 2026 3885 quuntur,
2059 3818 2231 3882 porta:
2260 3811 2565 3868 interiores.
2621 3811 2911 3868 Videamus
2946 3811 3180 3882 qualiter
3196 3820 3355 3883 porta

1761 3903 2005 3961 exterior
2030 3912 2218 3976 pateat
2248 3923 2261 3959 :
2296 3923 2316 3957 ι
2360 3903 2479 3959 Νοιι
2503 3903 2653 3975 potui
2683 3904 2836 3961 vobis
2863 3904 3031 3975 loqui,
3063 3904 3219 3976 quasi
3248 3904 3357 3975 spi-

1762 3994 2031 4063 ritalibus,
2059 3995 2155 4052 sed
2183 3995 2338 4065 quasi
2363 3995 2689 4051 carnalibus.
2717 3995 2997 4067 Tanquam
3023 3996 3262 4067 parvulis
3300 3996 3358 4050 in

1762 4086 2000 4152 Christo,
2057 4087 2143 4142 lac
2177 4088 2332 4144 vobis
2379 4096 2567 4159 potum
2603 4088 2748 4153 dedi,
2796 4103 2903 4142 non
2930 4103 3109 4143 escam
3135 4087 3187 4159 (I
3224 4084 3350 4142 Cor.

1762 4176 1888 4249 ιιι).
1926 4196 1946 4229 ι
2001 4174 2292 4233 Videamus
2348 4175 2580 4248 qualiter
2636 4186 2793 4248 porta
2847 4176 3076 4232 interior
3126 4185 3354 4248 pateat:

1769 4288 1788 4321 ι
1835 4266 2171 4339 Sapientiam
2193 4267 2626 4338 loquimurinter
2651 4266 2919 4339 perfectos
2969 4266 3023 4340 (Ι
3061 4265 3183 4323 Cor.
3211 4265 3295 4343 ιι).
3330 4288 3350 4321 ι

1761 4352 2053 4413 Videamus
2094 4365 2274 4413 utrum
2332 4357 2519 4413 eadem
2559 4356 2675 4428 ipsa
2719 4356 2790 4413 sit
2833 4365 2988 4430 porta
3032 4357 3261 4414 interior
3304 4365 3360 4414 et

1761 4449 2000 4505 exterior
2048 4466 2061 4502 τ
2130 4467 2149 4500 ι
2195 4446 2544 4521 Sapientibus
2605 4454 2662 4504 et
2712 4446 3088 4518 insipientibus
3147 4446 3361 4503 debitor

71 4533 285 4587 tiuntur
315 4530 439 4587 ivel
477 4546 574 4587 cur
602 4533 672 4587 ad
698 4547 791 4588 eas
814 4544 921 4589 non
957 4540 1186 4604 septem,
1222 4531 1363 4589 sicut
1391 4534 1458 4589 de
1482 4533 1657 4605 portis
1684 4581 1739 4644 Β
1763 4556 1884 4597 sum
1937 4539 2109 4615 (Rom.
2138 4536 2200 4613 ι).
2242 4559 2261 4594 ι
2316 4538 2419 4609 Qui
2470 4555 2686 4596 rursum
2727 4536 2859 4596 dicit
2889 4558 2902 4594 :
2940 4558 2961 4591 ι
3007 4532 3132 4595 Sive
3177 4548 3361 4595 mente

76 4622 434 4644 ,ημεηιιημ
488 4622 678 4644 μυη-
713 4622 887 4644 μη-.
973 4624 1060 4644 μι
1275 4625 1523 4644 μᾼρμ--
1573 4639 1624 4644 --
1917 4636 1953 4644 -.
2127 4635 2163 4644 _
2351 4634 2363 4644 .
2539 4636 2554 4644 -
2606 4634 2640 4644 ..
2979 4630 3029 4644 ..
3108 4628 3189 4644 ...
3239 4629 3274 4644 η

71 4622 435 4679 exterioribus
481 4622 683 4678 dictum
712 4622 921 4691 fuerat,
969 4624 1061 4679 sed
1110 4632 1233 4680 octo
1268 4625 1526 4695 gradibus
1567 4639 1658 4681 as—

72 4714 342 4771 cenditur.
396 4713 561 4769 Porta
606 4714 750 4769 enim
810 4714 936 4770 atrii
982 4715 1288 4782 interioris,
1341 4730 1461 4785 quae
1505 4730 1663 4786 supe-

73 4805 189 4861 rius
222 4804 370 4860 dicta
397 4802 495 4868 est,
530 4803 611 4860 de
640 4803 726 4861 his
756 4803 929 4861 tribus
960 4805 1132 4877 portis
1177 4804 1526 4861 interioribus
1554 4822 1664 4861 non

75 4883 180 4963 est,
210 4895 341 4967 quia
372 4893 463 4950 illa
486 4903 677 4951 contra
706 4896 933 4952 orientis
960 4902 1015 4952 et
1051 4895 1320 4968 aquilonis
1341 4904 1554 4969 portam
1583 4912 1667 4954 re-

75 4988 290 5061 spicere
315 4987 531 5045 dicitur.
558 4988 681 5044 Istae
718 4996 897 5045 autem
932 4987 1159 5061 singulae
1197 4988 1427 5045 interius
1469 4989 1538 5045 ad
1572 5004 1667 5045 au-

74 5087 256 5136 strum
294 5079 380 5136 vel
409 5081 672 5137 orientem
712 5089 769 5138 et
802 5080 1114 5152 aquilonem
1159 5082 1353 5153 posita:
1385 5094 1508 5138 esse
1554 5097 1668 5139 me-

74 5179 381 5229 morantur.
413 5172 571 5230 Unde
599 5180 747 5230 recte
791 5188 891 5245 per
919 5172 1064 5229 illam
1102 5173 1282 5230 aditus
1312 5173 1542 5230 interior
1574 5172 1669 5230 de-

78 5265 345 5338 signatur,
358 5265 507 5337 quia,
526 5265 665 5321 sicut
685 5265 1015 5337 prazcetlenti
1037 5264 1310 5323 locutione
1324 5252 1665 5335 jamdictum

80 5365 186 5423 est,
211 5356 301 5412 vel
345 5355 498 5413 Judze
526 5364 582 5413 et
622 5355 936 5431 gentilitati,
962 5357 1050 5414 vel
1094 5357 1475 5440 inchoantibus
1504 5366 1669 5430 atque

81 5447 140 5505 in
161 5447 307 5506 bono
339 5451 829 5521 perseverantibus,
865 5450 953 5507 Vel
988 5452 1181 5509 abono
1207 5452 1544 5520 cadentibus,
1575 5452 1671 5509 sed

83 5547 209 5611 post
234 5540 417 5613 culpas
436 5557 532 5612 per
559 5542 935 5613 paenitentiam
962 5541 1307 5613 surgentibus
1328 5550 1492 5615 patet.
1517 5541 1673 5600 Nunc

87 5640 269 5688 autem
310 5644 596 5705 postquam
640 5634 865 5705 singulae
906 5635 962 5690 in
990 5634 1200 5689 oriente
1226 5643 1280 5689 et
1322 5635 1599 5705 aquilone,
1620 5643 1675 5691 et

90 5732 278 5781 austro
330 5733 500 5797 portae
550 5726 836 5799 descriptae
885 5736 1034 5795 sunt,
1085 5742 1182 5784 cur
1224 5727 1497 5784 interioris
1550 5730 1677 5787 atrii

94 5830 308 5873 rursum
324 5825 497 5892 portae
521 5818 745 5891 singulae
768 5820 825 5875 in
846 5828 1031 5877 austro
1051 5827 1105 5877 et
1118 5820 1329 5877 oriente
1347 5828 1512 5893 atque
1528 5822 1680 5893 aqui-

1768 4636 2078 4694 excedimus
2127 4635 2260 4703 Deo,
2317 4634 2434 4691 sive
2474 4634 2643 4691 sobrii
2679 4648 2867 4689 sumus
2908 4630 3063 4688 vobis
3101 4628 3189 4703 (II
3233 4629 3359 4687 Cor.

1768 4726 1848 4799 v).
1888 4747 1907 4780 ι
1958 4725 2019 4781 Ιιι
2040 4727 2145 4783 hoc
2173 4725 2340 4792 enim,
2385 4725 2529 4796 quod
2558 4723 2974 4795 oontemplando
3000 4731 3057 4777 et
3085 4722 3357 4792 loquendo

1772 4816 2108 4888 sapientibus
2168 4823 2352 4871 mente
2406 4814 2639 4881 excedit,
2687 4823 2845 4886 porta
2888 4813 3118 4868 interior
3148 4820 3231 4868 est
3259 4828 3274 4867 :
3303 4813 3363 4870 in

1771 4909 1879 4964 hoc
1914 4920 2065 4974 vero,
2122 4906 2265 4977 quod
2300 4905 2541 4976 parvulis
2580 4904 2761 4962 sobrie
2805 4905 2860 4960 in
2893 4903 3278 4977 praedicatione
3303 4919 3364 4961 se

1776 5003 2063 5066 temperat,
2104 5002 2159 5050 et
2196 5003 2396 5066 quanta
2425 4996 2688 5053 ebrietate
2725 4996 2947 5068 spiritus
2970 4993 3284 5051 infundatur
3305 4996 3362 5051 in

1773 5096 1957 5143 mente
1977 5101 2099 5142 cum
2119 5086 2377 5157 praedicat
2395 5102 2503 5144 non
2519 5088 2774 5156 ostendit,
2796 5086 3123 5144 exteriorem
3146 5093 3366 5158 portam

1774 5193 1834 5236 se
1867 5193 1987 5235 esse
2012 5176 2343 5235 manifestat.
2380 5178 2488 5252 ipsi
2538 5180 2722 5252 itaque
2757 5188 2813 5236 et
2834 5179 3135 5236 exteriores
3186 5186 3358 5251 porta:

1774 5272 1933 5330 nobis
1960 5278 2086 5328 sunt
2112 5280 2167 5328 et
2194 5272 2500 5341 interiores,
2550 5289 2671 5343 qua)
2700 5288 2799 5329 nos
2834 5274 2967 5329 etin
3017 5273 3193 5345 primo
3215 5272 3367 5328 aditu

1776 5362 1927 5431 ﬁdei,
1952 5362 2065 5436 spei
2078 5372 2240 5436 atque
2262 5364 2543 5421 charitatis
2570 5363 2876 5430 instituunt,
2892 5372 3091 5419 etcum
3109 5362 3222 5435 jam
3241 5376 3367 5435 pro-

1779 5452 2087 5512 ﬁcientibus
2123 5454 2361 5515 caelestis
2409 5454 2561 5531 regni
2611 5454 2870 5525 mysteria
2923 5454 3224 5526 praedicant
3266 5468 3368 5525 per

1780 5548 2117 5605 subtiliorem
2175 5566 2392 5607 sensum
2462 5564 2561 5605 nos
2611 5549 2677 5605 ad
2727 5549 2985 5605 interiora
3037 5550 3362 5620 perducunt.

1784 5640 1940 5698 Unde
1979 5650 2034 5697 et
2073 5657 2171 5714 per
2211 5649 2415 5715 septem
2454 5642 2651 5713 gradus
2692 5640 2845 5713 prius
2884 5656 3143 5697 ascensus
3181 5653 3363 5694 earum

1785 5731 2127 5799 describitur,
2187 5740 2243 5789 et
2280 5733 2621 5804 postmodum
2651 5747 2747 5803 per
2769 5742 2931 5789 octo:
2963 5748 3061 5803 per
3110 5739 3365 5787 octavum

1785 5826 1987 5884 etenim
2010 5824 2239 5890 gradum
2262 5824 2404 5882 illius
2434 5826 2556 5882 vitae
2582 5825 2842 5887 mvsteria
2872 5825 3173 5888 signantur.
3206 5833 3365 5883 quam
