3908 6356
78 315 192 377 949

1053 330 1406 390 COMMENT.
1447 329 1511 386 IN
1553 325 2008 388 EZECHIELEM.
2051 362 2119 370 _
2158 329 2284 386 LIB.
2309 326 2469 399 ,xvr.

3295 330 3400 390 950

78 432 217 489 dum
248 435 309 492 in
341 453 572 499 summa
617 444 981 502 conclusionis
1010 447 1248 503 dicitur:
1293 467 1310 497 ‹
1339 446 1475 504 Octo
1504 462 1706 502 mensae
1732 447 1786 508 Α
1810 444 2065 514 possibile
2110 455 2193 502 cst
2237 446 2453 516 placere
2506 444 2617 501 Deo
2642 444 2828 516 (Hebr.
2859 447 2958 522 χι),
3011 467 3028 499 ι
3066 448 3134 502 Et
3181 461 3400 502 rursum

75 534 250 581 erant
281 543 458 600 super
489 549 629 602 quas
665 535 1074 605 immolabant,»
1107 547 1255 610 patet
1286 541 1413 610 quia
1451 540 1557 598 hoc
1599 541 1709 611 spi-

75 617 228 677 ritus
261 637 380 678 non
421 626 494 682 de
549 628 775 698 singulis
809 631 979 700 portis
1035 645 1172 702 quas
1209 632 1456 701 superius
1508 633 1709 688 descri-

76 722 278 784 pserat
316 716 496 773 dicat.
549 721 690 792 Quia
714 723 757 778 si
789 732 956 796 porta:
1003 739 1102 780 sex
1151 726 1400 794 superius
1439 736 1706 782 enarratzn

75 815 398 873 quaternas
430 826 658 869 mensas
677 830 777 883 per
800 815 968 872 latera
1007 815 1294 882 haberent,
1327 817 1487 876 simul
1513 834 1706 876 omnes

74 911 187 952 non
220 907 394 966 (δεξιοί.
421 905 537 962 sed.
559 906 919 976 quadraginta
949 916 1004 962 et
1045 916 1171 965 octo
1202 909 1533 970 dicerentur.
1563 910 1706 966 Rur-

74 1001 201 1041 sum
249 990 297 1044 si
333 991 450 1048 hoc
495 995 566 1054 de
591 1013 698 1054 una
735 997 952 1065 dicitur,
976 1015 1174 1069 magno
1209 1001 1488 1060 obstaculo
1519 1010 1704 1058 nostra

72 1079 473 1155 intelligentia.
539 1091 957 1158 reverberatur,
1004 1093 1146 1162 quod
1202 1102 1326 1163 post
1368 1094 1702 1166 descriptum

68 1183 255 1241 portae
285 1179 656 1247 vestibulum,
678 1183 767 1246 ubi
809 1185 928 1240 dua:
957 1201 1158 1242 mensae
1184 1187 1312 1243 hinc
1344 1195 1398 1243 et
1423 1188 1541 1244 duae
1579 1187 1714 1248 inde.

68 1279 200 1320 esse
233 1281 497 1330 narratae
547 1284 706 1345 sunt,
756 1279 934 1336 adhuc
972 1280 1040 1334 ad
1091 1279 1234 1336 latus
1261 1283 1524 1347 exterius,
1559 1284 1702 1350 quod

70 1362 343 1418 ascendit
375 1366 449 1421 ad
475 1368 677 1423 ostium
699 1378 892 1438 portae,
923 1385 1042 1440 quae
1072 1373 1250 1444 pergit
1279 1375 1347 1432 ad
1370 1373 1700 1444 aquilonem,

70 1447 199 1504 dum
233 1468 368 1510 esse
396 1471 609 1514 mensae
646 1474 1020 1518 memorantur
1055 1483 1067 1517 :
1112 1473 1273 1536 atque
1312 1465 1658 1538 subjungitur
1684 1481 1710 1524 :.

77 1559 96 1591 ι
132 1541 204 1596 Et
238 1545 312 1599 ad
353 1545 509 1604 latus
542 1549 770 1606 alterum
802 1564 926 1609 ante
967 1557 1293 1611 vestibulum
1338 1567 1536 1627 portae,
1583 1558 1701 1616 dum

70 1648 323 1703 mensae;
351 1657 372 1690 ι
402 1640 451 1695 si
481 1643 628 1697 enim
657 1644 795 1700 intra
823 1647 1147 1704 vestibulum
1164 1658 1333 1718 porta:
1349 1649 1487 1704 binae
1505 1663 1604 1719 per
1625 1649 1702 1704 la-

74 1734 195 1781 tera
218 1745 440 1786 mensae
464 1743 642 1802 erant,
673 1751 795 1792 cum
828 1740 1107 1804 subditur,
1147 1761 1164 1792 ς
1193 1741 1260 1796 Ει
1286 1741 1352 1796 ad
1377 1741 1514 1798 latus
1545 1751 1700 1799 exte-

1812 537 2072 608 scripmm
2116 546 2198 592 est
2235 556 2246 592 :
2304 558 2320 588 ‹
2371 537 2533 593 Fides
2580 537 2704 592 sine
2750 537 3012 608 operibus
3061 546 3275 594 mortua
3314 546 3402 594 est

1811 625 1953 699 (Jac.
1986 628 2070 701 ιι).
2118 650 2136 681 ι
2170 629 2267 688 Est
2305 639 2486 685 autem
2544 629 2598 682 in
2625 627 2917 686 dilectione
2957 631 3191 701 proximi
3243 629 3400 684 nobis

1809 718 2070 788 patientia
2096 727 2152 773 et
2179 719 2490 790 benignitas
2518 723 2892 777 conservanda
2924 741 2936 776 :
2971 723 3096 792 quia
3119 722 3186 777 de
3209 721 3401 776 eadem

1809 810 2098 867 dilectione
2153 813 2418 881 scriptum
2467 822 2585 868 est:
2639 833 2657 864 ε
2711 812 2962 869 Charitas
3014 815 3234 884 patiens
3294 823 3399 878 est,

1808 904 2039 977 benigna
2093 914 2179 962 est
2233 905 2295 979 (_I
2354 905 2480 960 Cor.
2515 907 2674 979 χιιι).
2727 927 2745 960 ι
2792 907 3013 962 Patiens
3072 908 3283 963 scilicet
3340 913 3401 960 ut

1809 995 1955 1052 illata
2025 1012 2056 1051 a
2114 997 2377 1069 proximis
2421 998 2562 1052 mala
2607 998 2988 1068 aequanimiter
3038 1008 3236 1070 portet.
3298 999 3402 1054 Be-

1808 1089 1971 1161 nigna
1998 1099 2204 1158 autem,
2249 1101 2308 1150 ut
2342 1108 2442 1150 sua
2492 1093 2630 1150 bona
2665 1093 2931 1164 proximis
2967 1091 3401 1151 desiderabiliter

1807 1183 2107 1254 impendat.

1856 1275 2030 1335 Habet
2046 1291 2258 1348 quoque
2268 1286 2423 1348 porta
2439 1277 2952 1345 exterior,videlicet
2968 1278 3049 1335 lex
3061 1319 3075 1344 ,
3090 1277 3195 1332 duo
3208 1276 3399 1344 latera,

1805 1370 2080 1442 spiritales
2107 1371 2298 1427 Patres
2324 1371 2668 1430 etcarnalem
2696 1371 2974 1442 pupulum.
3001 1371 3059 1426 In
3076 1369 3272 1441 quibus
3285 1369 3400 1425 sin-

1806 1462 1945 1534 gulis
1959 1463 2096 1519 binte
2110 1478 2310 1519 mensa:
2322 1470 2466 1531 sunt,
2485 1463 2613 1534 quia
2627 1463 2792 1518 habet
2803 1461 3132 1536 spiritalibus
3145 1460 3402 1516 Patrihus

1805 1547 2110 1612 doctrinam
2137 1563 2191 1610 et
2212 1555 2571 1626 prophetiam,
2601 1554 2830 1609 habetin
2859 1554 3062 1609 carnali
3080 1553 3275 1624 populo
3300 1553 3402 1608 cir-

1807 1645 2197 1702 cumcisionem
2212 1654 2266 1700 et
2282 1645 2631 1703 sacriﬁcium.
2649 1645 2708 1700 In
2726 1646 2811 1704 his
2826 1646 3031 1716 itaque,
3061 1653 3183 1700 octo
3198 1644 3401 1700 mensis

1809 1734 2144 1803 immolatur,
2175 1735 2300 1805 quia
2328 1736 2589 1806 quidquid
2622 1735 2756 1792 ﬁdes
2782 1738 2976 1802 credit,
3009 1736 3269 1808 quidquid
3291 1736 3400 1790 vita

71 1817 194 1873 rius
221 1821 355 1876 dua:
390 1839 621 1892 mensae,
650 1836 814 1899 atque
847 1831 914 1888 ad
938 1831 1078 1888 latus
1108 1833 1339 1890 alterum
1373 1842 1500 1889 ante
1528 1834 1694 1892 vesti-

1806 1824 1861 1884 in
1909 1825 2157 1895 exemplo
2187 1826 2310 1882 boni
2336 1827 2519 1896 operis
2559 1827 2820 1894 ostendit,
2853 1828 3114 1898 quidquid
3141 1827 3401 1897 patientia

71 1906 271 1966 bulum
296 1913 426 1969 duae
452 1932 677 1986 mensae,
708 1940 726 1974 ›
752 1920 896 1978 inter.
916 1939 1050 1993 quas
1073 1923 1234 1980 etiam
1259 1933 1438 1994 porta,
1466 1941 1585 1995 qua:
1607 1941 1694 1981 re-

72 2001 240 2070 spicit
271 2006 430 2062 viam
464 2011 734 2080 aquilonis
755 2029 877 2071 esse
900 2025 1254 2083 memoratur,
1281 2017 1524 2088 profecto
1547 2027 1703 2089 patet.

72 2091 228 2148 aliud
259 2099 602 2156 vestibulum
634 2103 962 2164 intrinsecus
990 2116 1153 2177 atque
1193 2107 1338 2166 aliud
1361 2109 1698 2166 extrinsecus

69 2185 278 2254 fuisse,
306 2192 449 2260 quia
483 2202 538 2249 et
572 2196 725 2264 prius
762 2207 917 2268 porta
950 2199 1198 2266 interior,
1251 2209 1306 2257 et
1351 2201 1698 2270 postmodum

70 2277 181 2334 hoc
211 2279 271 2335 in
296 2282 426 2339 loco
457 2287 696 2342 exterior
721 2290 988 2359 aquilonis
1013 2300 1173 2360 porta
1193 2292 1538 2348 describitur.
1559 2293 1698 2349 Nam

71 2387 202 2432 cum
257 2383 380 2433 tres
425 2389 618 2448 portas
666 2383 914 2452 superius
949 2385 1268 2454 descripsit,
1326 2394 1439 2441 tres
1482 2401 1697 2456 quoque

76 2465 218 2521 alias
252 2466 549 2526 interioris
576 2472 699 2527 atrii
725 2489 848 2532 esse
878 2477 1224 2542 memoravit,
1259 2491 1490 2546 quarum
1516 2488 1698 2532 extre-

76 2574 230 2616 mam
278 2560 565 2630 aquilonis
607 2571 824 2632 portam
853 2575 1203 2632 narraverat,
1234 2566 1348 2635 sed,
1399 2576 1458 2622 ut
1508 2568 1698 2639 praedi-

76 2658 232 2706 ctum
260 2659 374 2718 est,
402 2653 537 2708 atrii
559 2655 852 2712 interioris.
874 2655 1028 2719 Nunc
1054 2673 1182 2729 ergo
1206 2673 1330 2714 cum
1353 2658 1473 2714 dua:
1496 2674 1699 2716 mensae

77 2740 214 2806 hinc
240 2741 298 2800 in
329 2753 516 2814 portae
541 2746 813 2806 vestibulo
853 2757 915 2808 et.
957 2749 1064 2804 duo
1092 2764 1293 2804 mensa:
1322 2750 1446 2806 inde
1495 2751 1698 2807 descri—

77 2831 312 2900 buntur,
345 2837 532 2893 adhuc
559 2839 624 2892 de
650 2839 840 2895 eadem
870 2840 1132 2910 [interiori
1160 2849 1317 2910 porta
1369 2856 1548 2897 sermo
1575 2857 1700 2898 con-

79 2928 315 2995 texitur,
339 2931 554 3000 quippe
591 2946 726 2991 cum.
768 2933 1019 3003 protinus
1056 2933 1414 3000 subinfertur,
1467 2935 1596 3005 quia
1631 2936 1701 2992 ad

81 3017 232 3078 latus
261 3022 536 3087 exterius,
567 3024 712 3091 quod
753 3024 999 3088 ascendit
1024 3025 1092 3081 ad
1118 3024 1316 3080 ostium
1361 3033 1553 3095 portae,
1580 3040 1700 3094 quat

81 3113 356 3184 pertingit
379 3113 456 3170 ad
485 3114 792 3185 aquilonem
832 3117 952 3174 dure
980 3131 1202 3183 mensze,
1230 3125 1290 3172 et
1333 3117 1400 3172 ad
1440 3116 1584 3174 latus
1622 3116 1702 3171 al-

1820 1919 2103 1976 humiliter
2139 1919 2359 1986 tolerat,
2383 1921 2647 1991 quidquid
2681 1921 2988 1994 benignitas
3011 1922 3230 1992 largiter
3245 1922 3403 1978 mini-

1802 2018 1956 2076 strat,
1973 2011 2234 2082 quidquid
2249 2012 2497 2066 doctrina
2509 2001 2802 2069 salubriter
2814 2014 2990 2080 docet,
3009 2013 3269 2083 quidquid
3283 2028 3404 2082 pro-

1800 2103 1986 2174 phetia
2018 2104 2071 2158 in
2102 2113 2380 2174 posterum
2404 2114 2723 2175 praemonet,
2754 2107 3017 2178 quidquid
3055 2105 3400 2162 circumcisio

1803 2196 1874 2250 ad
1898 2196 2215 2254 mandatum
2263 2198 2504 2254 exterius
2533 2197 2738 2268 ligavit,
2769 2199 3032 2269 quidquid
3064 2198 3396 2254 sacriﬁcium

1802 2301 1869 2341 ex
1897 2287 2182 2345 devotione
2204 2287 2484 2345 ollierentis
2510 2291 2640 2361 egit,
2666 2291 2718 2345 in
2748 2291 3136 2361 omnipotentis
3161 2290 3253 2345 Dei
3274 2305 3400 2344 ocu-

1801 2378 1885 2435 los
1912 2378 2014 2436 hoc
2052 2395 2174 2435 esse
2201 2381 2478 2436 victimam
2502 2381 2743 2436 ostendit
2776 2401 2788 2435 :
2826 2383 2885 2438 in
2917 2382 3035 2453 lege
3063 2382 3209 2436 enim
3235 2381 3399 2434 etiam

1802 2485 1901 2542 per
1933 2470 2150 2527 carnale
2205 2471 2575 2538 sacriﬁcium,
2632 2473 2760 2541 quid
2792 2473 3021 2543 populus
3081 2473 3187 2530 nisi
3238 2471 3401 2526 devo-

1805 2563 2013 2620 tionem
2045 2562 2129 2620 sui
2160 2561 2342 2620 cordis
2384 2563 2733 2619 immolabat?
2762 2563 3072 2620 Notandum
3104 2579 3235 2620 vero
3257 2564 3399 2635 quod

1805 2662 2041 2728 quatuor
2074 2669 2274 2712 mensa:
2305 2654 2648 2710 solummodo
2681 2656 2750 2711 ad
2802 2657 3185 2712 holocaustum
3227 2657 3399 2713 fuisse

1806 2756 2200 2813 memorantur,
2256 2763 2392 2818 quas
2442 2747 2694 2806 videlicet
2743 2749 2996 2806 vestibuli
3041 2759 3214 2820 portae
3263 2749 3401 2803 inte-

1807 2838 1968 2897 rioris
1998 2838 2318 2907 accipimus,
2361 2846 2421 2892 ut
2449 2839 2514 2893 de
2560 2837 2785 2909 reliquis
2817 2849 3051 2908 quatuor
3100 2840 3401 2894 sentiamus

1805 2931 1935 3002 quia
1963 2931 2032 2988 ad
2078 2929 2408 2986 sacriﬁcium
2439 2938 2772 2986 constructae
2802 2930 3045 2997 fuerunt,
3071 2944 3176 2986 non
3208 2929 3275 2985 ad
3303 2930 3401 2984 bo-

1805 3022 2131 3080 locaustum.
2200 3021 2594 3078 llolocaustum
2657 3023 2802 3076 enim
2865 3024 3008 3078 sicut
3055 3023 3399 3096 prince/lente

1803 3117 1918 3189 jam
1975 3116 2247 3172 locutione
2296 3114 2576 3186 professus
2607 3131 2749 3182 sum,
2789 3126 2964 3174 totum
3011 3117 3290 3172 incensum
3321 3115 3400 3169 di-

85 3214 268 3264 terum
315 3216 452 3268 ante
501 3209 824 3270 vestibulum
870 3219 1042 3282 portat
1087 3211 1208 3272 dure
1254 3228 1476 3272 mensae.
1534 3212 1698 3271 Porta
1729 3192 1774 3258 ε
1807 3210 1966 3272 citur.
1997 3210 2068 3268 Et
2105 3209 2198 3268 lex
2229 3209 2449 3279 quidem
2495 3210 2670 3267 Deum
2702 3226 2766 3266 ac
2793 3211 3099 3283 proximum
3131 3209 3297 3281 diligi,
3321 3209 3403 3264 di-

83 3313 227 3369 ergo-
250 3299 489 3359 interior
520 3301 677 3360 binas
725 3318 824 3372 per
867 3303 1040 3360 latera
1083 3304 1138 3360 in
1167 3304 1434 3361 vestibulo
1482 3320 1699 3363 mensas

85 3387 295 3447 habere
319 3392 600 3462 descripta
625 3401 727 3458 est,
745 3404 802 3450 et
823 3403 982 3464 porta
1008 3398 1246 3452 exterior
1259 3397 1508 3456 similiter
1519 3399 1695 3458 binas.

85 3480 345 3548 Quatuor
375 3492 560 3544 autem
590 3485 718 3542 hinc
757 3496 812 3543 et
839 3497 1074 3558 quatuor
1101 3490 1226 3548 inde
1252 3506 1454 3548 mensa:
1493 3493 1698 3562 pariter

85 3570 254 3639 ﬁunt,
282 3575 538 3647 dumper
563 3577 734 3634 latera
761 3579 974 3652 singula
994 3582 1134 3638 binae
1159 3583 1215 3638 in
1239 3584 1504 3640 vestibulo
1527 3593 1699 3653 portae

87 3664 378 3724 interioris
412 3669 554 3726 binae
600 3671 731 3728 hinc
771 3681 827 3729 et
873 3673 1000 3730 inde
1025 3675 1266 3733 exterius
1321 3675 1380 3734 in
1424 3675 1698 3746 aquilonis

87 3771 248 3827 porta
277 3761 682 3829 desenibuntun,
731 3782 854 3837 quae
908 3766 1072 3827 sitml
1099 3783 1298 3828 omnes
1313 3776 1438 3828 octo
1487 3777 1616 3834 sunt
1642 3767 1698 3826 in

85 3852 290 3920 quibus
330 3855 664 3914 immolatus.
701 3858 1101 3918 Possunt-enim
1125 3870 1408 3931 portarum
1447 3861 1693 3926 nomine,

89 3942 237 3998 sicut
286 3947 544 4015 superius
569 3948 780 4005 dictum
817 3958 924 4015 est.
977 3952 1152 4009 sancti
1181 3951 1576 4021 praedicatores
1619 3953 1696 4010 inv

86 4032 264 4103 telligi
295 4053 308 4089 :
338 4044 433 4124 rut.~
451 4038 787 4096 vestibulum
821 4047 994 4110 portis
1037 4042 1110 4100 sit
1141 4043 1395 4112 populus,
1446 4046 1538 4124 qni
1569 4047 1699 4105 dum

86 4133 282 4178 mente
333 4123 528 4182 humili
576 4129 744 4186 verba
795 4131 1198 4200 pmdisationis
1241 4123 1508 4203 suscipit,
1546 4135 1603 4194 in
1634 4149 1700 4194 eo

89 4229 306 4270 menste
354 4219 427 4273 ad
467 4219 800 4279 sacriﬁcium
842 4237 916 4282 ex
958 4223 1254 4284 virtutibus
1279 4233 1697 4290 construuntur.

92 4307 352 4364 Rursum.
373 4312 516 4367 nihil.
535 4313 717 4369 obstat
738 4315 784 4371 si
811 4324 1035 4385 poetam.
1067 4317 1370 4388 accipimus
1395 4319 1520 4386 hac,
1551 4320 1698 4390 quod

93 4403 258 4458 nobis
290 4419 388 4474 per
413 4421 512 4460 ora
541 4406 965 4476 prementem.
984 4410 1130 4472 sacri
1156 4410 1360 4481 eloquii
1388 4411 1699 4478 intellectus

97 4495 366 4602 aperitur,
400 4497 817 4610 utLvestibulum
846 4509 1017 4570 portae
1041 4502 1297 4572 ejusdem-
1314 4503 1472 4560 nobis
1498 4505 1696 4575 υεωίιί-
1725 4543 1779 4610 D

97 4590 335 4645 eationis
363 4591 528 4646 verba
553 4593 682 4660 sint,
715 4610 836 4664 quae
862 4597 1018 4665 prius
1045 4598 1325 4658 humiliter
1371 4601 1695 4672 accipimus.

98 4689 166 4735 ut
187 4692 312 4753 post
334 4683 564 4739 aid-sacri
586 4685 786 4756 eloquii
818 4687 1240 4758 intelligentiam
1279 4693 1587 4754 veniamus.
1614 4693 1700 4755 Sit

99 4771 297 4843 itaque-
338 4774 496 4834 nebis
546 4784 704 4846 porta
764 4777 993 4833 interior
1023 4779 1434 4840 Testamentum
1459 4782 1695 4852 Novum,

99 4875 262 4935 porta
305 4882 444 4922 vero
485 4869 728 4932 estet-ioc
753 4869 1166 4938 Testatmntam
1201 4871 1415 4931 Vetus:
1463 4877 1591 4946 quia
1641 4885 1699 4938 et

102 4955 210 5012 hoc
259 4959 914 5028 spiritalemintettectum
941 4963 1166 5034 age-it,
1191 4973 1252 5022 et.
1285 4966 1421 5032 illum
1469 4969 1697 5030 rudibus

107 5431 308 5477 mensm
338 5431 464 5479 sunt
484 5424 613 5480 hinc
639 5432 696 5481 et
743 5425 890 5492 inde,
914 5427 1042 5497 quia
1073 5427 1129 5481 in
1153 5427 1443 5486 dilectione
1463 5429 1564 5487 Dei
1602 5447 1698 5489 ne—

114 5515 346 5569 cessario
389 5516 624 5572 tenenda
674 5526 758 5574 est
803 5517 940 5575 ﬁdes
994 5526 1051 5573 et
1095 5519 1229 5575 vita.
1295 5518 1356 5575 In
1409 5522 1700 5582 dilectione

113 5615 292 5664 autem
318 5611 556 5680 proximi
581 5611 742 5670 debet
787 5625 1132 5685 summopere
1156 5614 1438 5684 patientiae
1481 5619 1699 5677 bonitas

118 5705 390 5759 custodiri.
416 5705 514 5761 Est
532 5707 679 5762 enim
703 5707 764 5762 in
787 5707 1078 5764 dilectione
1105 5707 1204 5764 Dei
1227 5711 1540 5766 necessaria
1566 5711 1700 5767 ﬁdes

122 5805 174 5855 et
197 5799 321 5871 vita,
350 5800 478 5876 quia
505 5799 755 5862 videlicet
774 5801 1053 5877 scriptum
1078 5809 1164 5860 est
1191 5821 1204 5860 :
1244 5821 1263 5855 ι
1285 5800 1430 5877 Sine
1458 5800 1564 5860 ﬁde
1602 5804 1703 5860 im-

1805 3304 1930 3360 vina
1962 3303 2220 3367 mandata
2263 3301 2530 3359 custodiri
2571 3303 2842 3377 praecipit,
2878 3302 2946 3366 ab
2974 3302 3280 3358 alienarum
3309 3317 3399 3356 re-

1805 3410 1927 3454 rum
1987 3391 2428 3466 concupiscentia
2472 3392 2789 3464 compescit,
2837 3408 2946 3448 non
2993 3401 3175 3450 tanien
3215 3390 3399 3446 omnia

1804 3485 2008 3542 dimitti
2035 3483 2210 3553 jubet.
2244 3483 2302 3538 In
2346 3483 2704 3540 Testamento
2755 3494 2936 3540 autem
2964 3484 3115 3540 Novo
3170 3499 3270 3540 nos
3301 3482 3402 3538 Vc-

1803 3577 1942 3632 ritas
1981 3583 2315 3636 contestatur
2349 3574 2579 3635 dicens:
2621 3597 2639 3628 (
2671 3575 2786 3632 Nisi
2828 3578 2950 3652 quis
3001 3576 3401 3633 renuntiaverit

1804 3669 2056 3735 omnibus
2101 3683 2223 3742 qua:
2248 3666 2520 3738 possidet,
2560 3682 2667 3722 non
2691 3676 2872 3739 potest
2920 3683 3077 3724 meus
3103 3666 3400 3739 discipulus

1802 3775 1925 3819 esse
1949 3757 2111 3831 (Luc.
2139 3772 2261 3818 xiv;
2297 3755 2490 3812 Matth.
2536 3758 2683 3831 xw).
2725 3778 2742 3811 ι
2787 3760 2970 3830 Atque,
2993 3759 3190 3813 iterum
3225 3757 3396 3814 dicit:

1810 3873 1830 3908 (
1857 3852 1960 3924 Qui
1983 3851 2098 3906 vult
2122 3849 2309 3906 venire
2333 3858 2454 3928 post
2479 3866 2587 3917 me,
2614 3853 2845 3928 abneget
2871 3851 3220 3921 semetipsum
3243 3848 3398 3922 (Luc.

1803 3944 1918 4018 ιχ).
1980 3964 1998 3997 ι
2047 3941 2244 4002 Mensae
2287 3955 2417 4012 ergo
2467 3943 2742 3997 interioris
2798 3951 2968 4013 portae
3024 3942 3398 3998 holocaustum

1803 4037 2010 4094 habent
2037 4051 2051 4090 :
2078 4038 2207 4106 quia
2243 4038 2298 4094 in
2343 4034 2633 4091 virtutibus
2666 4033 3002 4090 Testamenti
3031 4032 3192 4097 Novi,
3243 4029 3400 4102 quasi
3475 4078 3477 4080 .

1803 4141 1902 4204 per
1935 4128 2314 4191 holocaustum
2351 4126 2537 4184 omnia
2569 4123 2928 4189 incendimus,
2975 4122 3195 4194 quando
3217 4122 3396 4175 omni-

1803 4221 1926 4284 bus,
1955 4235 2075 4290 qua:
2101 4217 2407 4292 huiusmodi
2448 4223 2576 4271 sunt
2612 4214 3009 4270 renuntiamus.
3045 4212 3245 4268 Mensae
3267 4227 3398 4268 vero

1803 4319 1976 4382 portae
2015 4310 2306 4366 exterioris
2354 4307 2684 4364 sacriﬁcium
2734 4307 2958 4372 habent,
2994 4305 3089 4360 sed
3141 4303 3399 4360 holocau-

1805 4415 1956 4466 stum
1993 4421 2116 4466 non.
2143 4406 2368 4470 habent,
2423 4403 2549 4474 quia
2591 4407 2859 4473 prmcepta
2917 4399 3109 4471 legalia
3156 4397 3396 4452 decimas

1806 4496 1992 4560 offerri
2028 4497 2240 4570 jubent,
2292 4495 2386 4556 sed
2429 4494 2629 4550 dimitti
2676 4493 2856 4550 omnia
2907 4508 3014 4547 non
3059 4490 3272 4562 jubent.
3323 4490 3400 4547 De

1806 4590 2086 4654 intui-ieris
2132 4599 2315 4649 autem
2356 4587 2610 4644 vestibuli
2660 4595 2895 4658 quatuor
2924 4585 3129 4639 mensis
3173 4583 3395 4648 dicitur,

1804 4692 1867 4742 ut
1893 4682 2201 4742 inunoletur
2231 4695 2394 4750 super
2423 4694 2516 4734 eas
2545 4677 2924 4733 holocaustum
2953 4684 3006 4730 et
3049 4688 3148 4744 pro
3175 4681 3398 4743 peccato

1804 4783 1866 4838 et
1879 4791 1977 4852 pro
2001 4773 2216 4832 delicto.
2234 4769 2349 4827 Hoc
2371 4769 2573 4826 etenim
2599 4768 2744 4832 inter
2761 4772 3044 4842 peccatum
3063 4771 3117 4818 et
3140 4762 3398 4818 delictum

1805 4869 2003 4936 distat,
2017 4868 2162 4937 quod
2183 4874 2468 4938 peccatum
2489 4869 2572 4918 est
2595 4859 2738 4924 mala
2760 4859 2962 4927 facere,
2987 4858 3243 4918 delictum
3267 4870 3399 4911 vero

1805 4939 2358 5032 hmadereliQuere
2395 4977 2417 5020 ε,
2443 4973 2562 5034 qua:
2602 4970 2949 5027 summopere
2991 4959 3117 5008 sunt
3143 4949 3394 5008 tenenda.

1806 5053 1905 5116 Vel
1933 5060 2229 5124 peceatum.
2242 5059 2398 5118 certe.
2419 5050 2482 5108 in
2501 5064 2679 5121 opere
2692 5057 2811 5128 est.)
2829 5046 3085 5102 delictum
3112 5044 3166 5099 in
3187 5042 3396 5116 cogita-

1805 5147 1972 5214 tione.
2006 5145 2178 5216 Recte
2198 5158 2328 5225 (περ
2353 5142 2409 5200 in
2437 5140 2712 5206 interioris
2741 5147 2911 5220 portae
2935 5146 3164 5208 quatuor
3193 5133 3398 5190 mensis

1799 5239 2115 5306 ιωωοιςιωτ
2146 5237 2521 5299 holocaustum
2557 5240 2613 5292 et
2651 5248 2751 5314 pro
2785 5237 3008 5304 peccato
3046 5236 3100 5283 et
3133 5243 3232 5299 pro
3268 5225 3399 5283 deli-

1801 5345 1894 5397 cto
1923 5336 2094 5407 aquila
2119 5334 2430 5407 quicunque
2456 5328 2692 5402 potuerit
2718 5328 2826 5384 hoc
2866 5323 3120 5381 saeculum
3157 5337 3397 5398 praesens

1801 5429 1962 5501 plene
1991 5439 2371 5490 contemnere,
2415 5431 2470 5478 et
2500 5419 2882 5500 derelinquens
2908 5415 3090 5471 omnia
3137 5412 3396 5482 semetip-

1807 5523 2184 5586 sumDomino
2223 5519 2602 5575 holocaustum
2639 5513 2798 5579 dare,
2844 5512 2959 5590 ipse
2996 5507 3110 5579 jam
3157 5506 3400 5578 perfecte

1805 5616 1955 5673 novit
1984 5623 2037 5669 et
2053 5621 2272 5684 peccata
2293 5608 2474 5680 operis
2501 5606 2775 5678 plangere,
2800 5611 2854 5660 et
2874 5608 3096 5675 peccata
3116 5597 3398 5670 cogitatio-

1807 5705 2031 5773 nis,vel
2089 5704 2230 5773 quod
2278 5699 2480 5756 malum
2528 5697 2675 5761 fecit,
2722 5695 2807 5751 vel
2841 5685 2982 5766 quod
3014 5688 3198 5746 debuit
3218 5688 3400 5741 facere

1805 5808 2030 5870 bonum,
2057 5798 2200 5874 quod
2240 5813 2343 5856 non
2394 5793 2542 5852 fecit.
2573 5792 2676 5862 Qui
2700 5789 2900 5850 etenim
2955 5795 3126 5845 totum
3171 5775 3404 5850 dimisit,’
