3908 6356
89 332 210 385 953

1039 329 1392 396 COMMENT.
1431 329 1500 400 IN
1539 329 1994 412 EZECHIELEM.
2032 363 2103 374 —-
2138 331 2264 389 LIB.
2307 333 2444 391 XVI.

3272 341 3378 401 954

91 452 333 509 nostras,
361 443 413 498 id
449 451 554 526 est,
584 450 783 528 sancte
808 442 1083 510 Ecclesiae,
1129 445 1283 513 quasi
1310 443 1364 498 in
1391 443 1498 498 alio
1525 443 1694 498 latere
1723 445 1772 506 A
1801 443 1869 497 ad
1899 443 2262 501 testimonium
2300 445 2502 503 Paulus
2542 449 2801 506 occurrit.
2845 451 3137 510 Videamus
3174 469 3241 511 an
3269 457 3388 528 ejus

95 537 297 600 habet,
327 519 577 604 ct'porke
600 521 720 606 quae
741 537 916 607 pergit
952 537 1018 591 ad
1039 527 1344 606 aquilonem
1378 535 1511 590 duas
1545 549 1697 590 men-

93 641 193 682 sas
230 627 360 682 hinc
391 633 447 682 et
473 627 606 683 duas
631 627 778 693 inde,
808 627 1027 682 eosdem
1056 642 1193 697 quos
1216 626 1452 682 diximus
1493 625 1698 696 princi-

89 735 204 791 pes
229 721 578 777 sacerdotum
603 729 658 777 et
706 721 948 776 seniores
979 719 1162 790 pepuli
1203 719 1258 774 in
1291 719 1484 789 majori
1513 724 1700 772 aucto-
1735 728 1744 738 ‘

91 811 271 866 ritate
314 812 593 884 regiminis
634 829 645 864 :
675 810 884 865 scribas
911 824 1124 879 quoque
1157 817 1213 863 et
1241 809 1565 873 Pharisaeos,
1607 807 1698 877 qui

97 897 231 956 rudi
247 900 325 955 illi
338 901 537 972 populo
547 901 743 956 minori
756 900 876 956 loco
891 900 1246 971 praefuerunt.
1266 899 1373 954 Sed
1393 899 1479 954 hae
1499 913 1700 954 mensa

86 985 260 1059 juxta
288 980 503 1062 por'tam
539 1000 686 1058 sunt,
717 1007 839 1062 qum
889 992 955 1046 ad
1001 991 1307 1061 aquilonem
1336 989 1534 1060 pergit,
1575 989 1699 1059 quia

97 1097 232 1138 cum
262 1090 499 1153 quatuor
521 1083 611 1139 isti
638 1073 858 1138 ordines
878 1081 1077 1152 populo
1095 1089 1410 1151 praeessent,
1430 1096 1700 1152 synagoga

65 1154 160 1227 lin
223 1173 611 1244 persecutione
672 1174 1028 1242 redemptoris
1087 1172 1260 1227 nostri
1319 1173 1577 1237 serviens,
1635 1173 1703 1227 ad

95 1269 391 1334 torporem
415 1265 655 1336 perﬁdiae
688 1264 953 1334 prorupit.
983 1263 1114 1331 Quae
1143 1271 1326 1319 tamen
1371 1277 1572 1318 mensae
1601 1263 1702 1318 ha-

75 1355 354 1413 buerunt
399 1356 746 1422 sacriﬁcium,
787 1355 1106 1425 quod‘juxta
1135 1355 1306 1410 solam
1351 1354 1588 1409 litteram
1618 1361 1701 1409 te-

77 1457 355 1504 "nuerunt
386 1467 398 1502 :
448 1448 591 1504 unde
616 1456 671 1503 et
702 1449 769 1504 ad
796 1455 1072 1520 torporem
1101 1447 1321 1520 frigoris
1360 1447 1524 1518 lapsa:
1556 1455 1698 1512 sunt,

81 1533 240 1610 ’quia
283 1538 500 1593 ﬂamma
527 1539 752 1609 spiritus
782 1551 1057 1595 succensae
1093 1554 1198 1594 non
1246 1547 1390 1595 sunt.
1423 1538 1704 1593 lnterioris

105 1623 298 1688 autem
332 1629 533 1688 mensa
558 1633 938 1689 holocaustum
961 1633 1185 1699 habent,
1223 1633 1346 1702 quia
1371 1631 1486 1687 sive
1510 1633 1564 1686 in
1586 1647 1705 1689 cor-

81 1709 274 1777 dibus
298 1723 668 1795 apostolorum
697 1731 863 1794 atque
879 1723 1291 1794 prophetarum,
1313 1739 1408 1779 seu
1440 1723 1493 1777 in
1520 1731 1702 1779 mente

105 1814 572 1898 evangelista‘rum
634 1826 796 1887 atque
859 1817 1142 1873 doctorum
1193 1816 1334 1886 ignis
1386 1815 1610 1887 spiritus
1646 1825 1702 1872 et
1729 1798 1778 1858 Β

108 1910 252 1965 arsit
281 1917 338 1966 et
375 1895 546 1977 ardet,
577 1911 667 1980 qui
697 1923 891 1980 proco
927 1908 1074 1980 quod
1113 1923 1330 1964 omnem
1366 1924 1555 1964 eorum
1605 1923 1699 1964 co-

107 1991 432 2072 gitationem
464 2001 519 2055 in
546 2001 689 2056 bono
741 2014 905 2076 opere
953 2001 1192 2057 absumit
1231 1999 1451 2056 flamma
1502 2001 1705 2057 amoris

86 2075 237 2167 'Dei,
283 2091 435 2160 quasi
465 2075 841 2146 holocaustum
871 2101 1044 2146 totum
1083 2089 1267 2157 simul,
1313 2090 1457 2162 quod
1500 2090 1706 2146 invenit

110 2173 380 2238 incendit.
425 2175 809 2239 Holoeaustum
850 2183 995 2237 enim
1041 2181 1294 2248 offerunt,
1337 2182 1442 2251 qui
1489 2181 1603 2238 sive
1650 2181 1707 2236 in

85 2267 263 2330 bono
318 2287 482 2345 opere
530 2290 626 2330 seu
671 2275 725 2329 in
780 2283 968 2330 saneta
1021 2272 1708 2344 cogitationemedullitus

83 2349 516 2444 'i’accenduntur.
545 2365 744 2422 Mensae
775 2380 906 2422 vero
947 2366 1032 2421 ha:
1057 2361 1392 2436 ex'quadris
1440 2363 1709 2435 lapidibds

83 2443 292 2530 j‘factze'
314 2445 478 2532 sunt:
520 2458 646 2528 quia
677 2453 806 2512 dam
839 2457 1080 2527 quotidie
1109 2456 1251 2512 sacri
1282 2455 1484 2526 eloquii
1521 2457 1575 2511 in
1597 2457 1710 2514 suis

115 2541 376 2626 cordibus
401 2535 959 2614 verba'meditantur,
1006 2547 1074 2602 ad
1118 2545 1452 2602 offerendum
1479 2545 1709 2603 Domino

105 2631 283 2697 verba
307 2625 571 2696 orationis
611 2639 1008 2706 holocaustum,
1035 2641 1192 2709 quasi
1219 2653 1287 2693 ex
1322 2640 1605 2709 quadratis
1633 2640 1712 2696 la-

91 2733 335 2810 pidibus
358 2732 713 2790 oonferuntur
748 2751 761 2787 :
796 2732 961 2788 verba
989 2733 1192 2786 etenim
1216 2730 1516 2803 Scriptura:
1541 2747 1713 2788 sacrae

97 2822 326 2898 lapides
346 2825 537 2896 quadri
566 2831 714 2892 sunt,
744 2825 873 2896 quia
885 2822 1089 2894 ubique
1118 2831 1284 2889 stant,
1317 2837 1440 2894 quae
1465 2840 1533 2879 ex
1563 2823 1712 2880 nullo

118 2919 291 2974 latere
313 2916 756 2987 reprehensibilia
780 2915 1150 2971 inveniuntur.
1168 2913 1303 2968 Nam
1328 2915 1381 2969 in
1397 2929 1557 2970 omne
1569 2914 1713 2984 quod

118 3010 452 3081 prieteritum
478 3015 720 3072 narrant,
749 3007 804 3061 in
826 3020 986 3061 omne
1010 3005 1153 3074 quod
1178 3013 1465 3061 venturum
1500 3020 1713 3059 annun-

99 3085 280 3168 itiant,
327 3102 379 3156 in
411 3116 571 3157 omne
605 3100 751 3171 quod
784 3099 1065 3156 moraliter
1093 3099 1419 3170 praedicant,
1473 3098 1527 3152 in
1552 3112 1714 3152 omne

1798 536 1906 591 vita
1934 537 2116 593 cubito
2147 539 2357 611 integro
2378 551 2739 598 mensuretur.
2773 545 2912 602 Dicit
2943 556 3147 616 autem,
3175 568 3194 602 ι
3215 549 3388 618 Quot-

1799 635 1930 697 quot
1969 627 2196 698 perfecti
2237 645 2456 699 sumus,
2487 633 2592 689 hoc
2635 637 2908 706 sapiamus
2949 637 3174 712 (Philip.
3215 641 3320 715 ιιι).
3361 659 3386 697 ι

1797 717 2092 776 Videamus
2113 721 2159 776 si
2187 722 2238 776 in
2271 723 2391 792 his,
2421 739 2542 795 quae
2577 725 2646 782 de
2687 728 2799 784 Deo
2837 731 3033 799 sentit,
3069 731 3183 801 jam
3215 735 3393 805 perci-
3439 745 3451 763 '

1799 810 1996 880 pienda
2025 813 2284 884 mysteria
2312 815 2550 884 perfecte
2581 818 2888 876 tetenderit.
2913 822 3014 889 Qui
3039 825 3200 880 dixit:
3230 845 3250 877 ι
3279 825 3393 898 Ego

1801 914 1890 956 me
1908 917 2014 958 non
2036 901 2271 957 arbitror
2293 907 2769 974 comprehendisse
2790 908 2841 981 (Ι
2847 910 2978 983 bid.)
2997 928 3011 977 ;
3040 933 3058 964 ι
3091 915 3184 984 qui
3205 929 3393 976 rursus

1801 991 1910 1047 ait:
1943 1011 1962 1044 ι
2000 993 2079 1048 Ex
2116 1002 2273 1063 parte
2309 997 2705 1066 cognoscimus,
2737 1007 2793 1054 et
2816 1014 2885 1056 ex
2923 1011 3078 1072 parte
3103 1006 3389 1075 propheta~

1803 1103 1922 1142 mus
1949 1104 1961 1140 :
1990 1101 2116 1142 cum
2141 1095 2321 1142 autem
2349 1089 2581 1156 venerit,
2611 1091 2754 1160 quod
2783 1091 3085 1162 perfectum
3115 1104 3234 1160 est,
3261 1110 3392 1152 eva~

1803 1183 2050 1240 cuabitur
2072 1183 2213 1254 quod
2241 1200 2308 1240 ex
2330 1193 2486 1254 parte
2510 1193 2594 1241 est
2616 1185 2666 1257 (Ι
2693 1187 2816 1242 Cor.
2838 1188 2982 1260 xui).
3017 1208 3036 1242 ι
3065 1188 3170 1257 Qui
3195 1189 3393 1246 iterum

1804 1275 1969 1332 dicit:
2019 1294 2038 1327 σ
2084 1275 2239 1331 Nunc
2263 1291 2530 1348 cognosco
2572 1290 2637 1331 ex
2674 1288 2863 1348 parte,
2912 1287 3041 1335 tunc
3084 1288 3262 1336 autem
3302 1295 3398 1337 co-

1802 1381 2061 1437 gnoscam
2091 1366 2232 1421 sicut
2258 1375 2313 1422 et
2334 1367 2582 1435 cognitus
2605 1382 2722 1424 sum
2747 1368 2958 1440 (lbid.).
2991 1390 3010 1423 ι
3038 1369 3096 1427 Si
3119 1387 3251 1443 ergo
3274 1385 3399 1444 per-

1804 1455 1978 1513 fectus
1995 1467 2099 1524 est,
2115 1465 2170 1513 et
2187 1472 2252 1513 ex
2276 1465 2430 1528 parte
2451 1461 2749 1531 cognoscit,
2767 1462 3006 1518 cubitum
3032 1465 3214 1531 habet,
3233 1479 3400 1535 quan-

1805 1553 1919 1600 tum
1942 1547 2010 1601 ad
2035 1560 2115 1611 se,
2149 1546 2245 1601 sed
2269 1554 2451 1603 tamen
2475 1547 2757 1605 dimidium
2794 1566 2958 1622 super
2979 1567 3057 1608 se.
3085 1553 3399 1611 Tendantur

1805 1652 1933 1708 ergo
1960 1637 2014 1692 iu
2047 1638 2516 1709 longanimitatem
2550 1643 2665 1710 spei
2703 1642 2866 1698 corda
2895 1651 3209 1699 sanctorum
3229 1685 3246 1712 ,
3283 1655 3400 1702 ten-

1806 1729 2002 1785 dantur
2027 1730 2081 1784 in
2116 1729 2470 1800 perfectione,
2497 1745 2658 1801 quam
2695 1733 2898 1788 habent
2933 1735 3116 1791 cubito
3144 1752 3274 1804 uno,
3306 1737 3402 1793 sed

1805 1821 1930 1892 quia
1995 1821 2170 1877 adhuc
2223 1822 2381 1893 plene
2433 1823 2620 1879 videre
2667 1839 2775 1880 non
2824 1836 3090 1896 possunt,
3141 1827 3234 1884 ubi
3287 1827 3403 1899 spei

1805 1911 2018 1968 oculum
2048 1912 2289 1977 mittunt,
2331 1914 2435 1968 hoc
2463 1913 2606 1984 quod
2641 1929 2804 1985 super
2828 1931 2993 1970 unum
3027 1917 3268 1974 cubitum
3302 1919 3400 1974 ha-

1803 2002 1953 2069 bent,
1966 2002 2021 2057 in
2045 2003 2267 2060 dimidio
2283 2005 2465 2059 cubito
2481 2005 2783 2060 recidatur:
2809 2015 3079 2075 quatenus
3102 2009 3155 2063 in
3169 2009 3271 2065 hac
3292 2009 3404 2066 vita

1807 2110 2020 2166 semper
2043 2111 2102 2152 se
2127 2095 2475 2166 imperfectos
2502 2097 2862 2167 aspiciant,et
2880 2099 3160 2156 ardentius
3188 2101 3256 2156 ad
3277 2117 3406 2173 per-

1808 2186 2096 2240 fectionem
2140 2194 2382 2242 currant.
2427 2185 2644 2243 Habent
2676 2201 2890 2258 quoque
2929 2205 3130 2246 mensa:
3167 2191 3409 2247 latitudi-

1807 2289 1934 2331 nem
1963 2275 2128 2332 cubiti
2159 2277 2318 2331 unius
2345 2284 2397 2332 et
2435 2277 2679 2343 dimidii,
2727 2279 2855 2348 quia
2895 2289 3212 2335 sanctorum
3243 2281 3406 2337 corda

1799 2361 1865 2423 in
1915 2369 2200 2425 charitatis
2245 2370 2597 2441 amplitudine
2641 2371 2858 2427 dilatata
2901 2371 3057 2442 juxta
3099 2374 3409 2444 proximum

1810 2476 1972 2531 quem
2005 2459 2233 2532 diligunt
2277 2471 2333 2517 et
2375 2464 2589 2530 vident,
2626 2463 2830 2519 habent
2862 2466 3146 2520 cubitum:
3185 2473 3412 2536 possunt

1811 2553 1956 2609 enim
1991 2553 2232 2625 perfecte
2273 2553 2533 2626 diligere,
2578 2570 2718 2625 quos
2751 2555 2994 2626 perfecte
3033 2556 3217 2611 valent
3251 2555 3410 2626 juxta

1814 2646 2015 2715 aliquid
2044 2645 2205 2702 scire.
2240 2643 2679 2716 Omnipotentem
2719 2661 2848 2702 vero
2882 2647 3052 2702 Deum
3094 2646 3410 2703 medullitus

1814 2735 2072 2808 diligunt,
2119 2735 2429 2792 medullitus
2470 2743 2805 2806 sequuntur,
2838 2737 2934 2792 sed
2980 2746 3160 2792 tamen
3197 2744 3408 2791 tantum

1815 2828 2037 2900 diligere
2065 2843 2171 2882 non
2199 2835 2458 2896 possunt,
2491 2835 2751 2896 quantum
2791 2827 3026 2884 debent:
3068 2829 3194 2899 quia
3230 2827 3411 2883 adhuc

1816 2935 1924 2976 non
1949 2919 2133 2975 valent
2162 2921 2344 2975 videre
2366 2933 2526 2990 quem
2557 2919 2806 2991 diligunt,
2831 2928 2888 2975 et
2921 2934 3178 2976 mensura
3207 2919 3410 2976 amoris

1816 3017 1995 3072 minor
2015 3026 2116 3077 est.
2134 3016 2226 3070 ubi
2256 3015 2432 3071 adhuc
2458 3030 2715 3071 mensura
2750 3015 2930 3071 minor
2959 3025 3043 3071 est
3071 3014 3410 3088 cognitionis.

1821 3107 2001 3179 Super
2022 3121 2186 3161 unum
2208 3121 2338 3177 ergo
2371 3105 2613 3162 cubitum
2638 3105 2841 3160 habent
2865 3113 2921 3160 et
2947 3105 3260 3160 dimidium:
3286 3103 3415 3174 quia

121 3194 265 3266 quod
294 3193 611 3266 spiritaliter
623 3161 855 3259 .sonant,
903 3193 1055 3263 quasi
1078 3161 1132 3247 lli
1159 3193 1374 3248 diverso
1412 3193 1582 3248 latere
1603 3199 1714 3246 sta-
1740 3161 1786 3224 Ο
1817 3161 1928 3255 ιιοὲ
1949 3199 2030 3254 eis
2051 3197 2166 3266 jam
2197 3198 2251 3252 in
2273 3161 2462 3252 amore
2498 3197 2769 3267 integrum
2795 3204 2902 3263 est,
2943 3195 3089 3264 quod
3118 3195 3276 3250 valde
3303 3161 3414 3250 ἰῃί-

125 3293 238 3342 tum
253 3287 477 3364 habent,
505 3284 632 3357 quia
657 3287 1136 3358 reprehensionem
1163 3302 1270 3342 non
1295 3287 1515 3342 habent.
1534 3287 1711 3345 Corda
1753 3279 1758 3284 ’

107 3373 306 3454 itaque
332 3390 640 3438 sanctorum
686 3395 887 3436 mensae
915 3380 1011 3436 Dei
1035 3389 1183 3446 sunt,
1223 3379 1292 3435 ad
1322 3378 1710 3436 holocaustum

99 3475 197 3529 'ex
239 3472 461 3544 quadris
498 3471 768 3551 lapidibus
817 3478 1144 3527 exstructas:
1183 3469 1314 3541 ’quia
1358 3472 1451 3543 qui
1499 3487 1714 3549 semper

103 3555 230 3628 ,Dei'
277 3561 546 3634 cogitant,
599 3564 921 3634 semetipsos
976 3561 1207 3618 Domino
1257 3577 1288 3617 a
1343 3565 1550 3620 carnali
1598 3566 1712 3620 vita

95 3639 183 3712 lin
214 3653 538 3730 cogitatione
569 3661 842 3728 mactant.
872 3652 1023 3710 Unde
1060 3653 1322 3724 scriptum
1358 3663 1443 3710 est
1481 3672 1494 3709 :
1535 3675 1555 3706 ι
1600 3653 1711 3710 Lex

127 3745 224 3802 Dei
267 3746 384 3822 ejus
426 3745 480 3802 in
533 3747 697 3803 corde
749 3746 957 3819 ipsius,
1019 3754 1074 3802 et
1122 3761 1231 3802 non
1290 3749 1716 3819 supplantahun-

93 3829 218 3906 itur
276 3853 493 3912 gressus
537 3837 652 3908 ejus
697 3835 879 3911 (Psal.
933 3839 1157 3913 xxxvr).
1208 3859 1226 3891 ι
1281 3839 1349 3894 Et
1387 3841 1531 3895 unde
1578 3839 1716 3896 scri-

128 3937 276 4007 ptum
312 3927 548 3985 dicitur:
582 3948 600 3980 ‹
633 3925 693 3983 In
741 3929 903 3984 corde
932 3943 1052 3984 meo
1081 3930 1344 3985 abscondi
1372 3930 1588 4000 eloquia
1615 3939 1713 3985 tua

107 4009 210 4076 ἰιι
242 4039 349 4078 non
391 4037 680 4093 pcecarem
712 4022 807 4077 tibi
847 4021 1024 4098 (Psal.
1053 4023 1264 4094 cxvui).
1298 4044 1316 4077 ι
1363 4023 1471 4080 Sed
1516 4039 1717 4080 mensae

107 4109 217 4170 liae
259 4115 402 4169 unde
452 4114 562 4169 sint
598 4123 925 4170 constructae
975 4115 1315 4184 agnovimus,
1351 4115 1516 4171 etiam
1566 4113 1720 4183 cujus

107 4197 110 4199 Α
131 4199 402 4284 mensurae
427 4205 537 4261 sint
561 4201 864 4261 audiamus.
896 4204 1189 4276 Sequitur:
1682 4192 1684 4194 ’

97 4297 110 4306 “
211 4314 230 4346 ι
259 4293 614 4367 Lengitudine
651 4295 809 4352 unius
847 4295 1012 4353 cubiti
1052 4305 1108 4352 et
1151 4296 1388 4364 dimidii,
1437 4295 1719 4354 latitudine

113 4377 162 4438 ’ἀ
190 4386 345 4462 unius
373 4386 539 4466 cubiti
569 4385 888 4466 et'dimidii,
912 4396 968 4443 et
989 4374 1273 4444 altitudine
1303 4381 1469 4446 cubiti
1490 4390 1670 4447 unius.
1692 4410 1710 4445 ›

1813 3302 1917 3343 nus
1927 3295 2030 3354 est,
2048 3286 2102 3342 id
2115 3295 2220 3352 est,
2247 3286 2486 3342 charitas
2503 3301 2624 3341 eum
2637 3285 2902 3357 proximo,
2920 3293 3082 3355 atque
3105 3283 3236 3340 illud
3259 3283 3315 3342 in
3335 3284 3418 3342 eis

1813 3381 1959 3452 quod
1977 3379 2135 3436 valde
2160 3379 2338 3450 majus
2361 3388 2460 3446 est,
2486 3379 2542 3434 id
2569 3387 2654 3435 est
2683 3393 2839 3434 amor
2866 3378 2984 3444 Dei,
3011 3392 3172 3448 quem
3201 3391 3312 3432 non
3337 3376 3418 3432 vi-

1814 3470 1961 3536 dent,
1988 3471 2165 3526 adhuc
2188 3470 2456 3540 integrum
2475 3485 2583 3525 non
2604 3477 2708 3525 est.
2723 3468 2964 3524 Altitudo
2977 3483 3106 3526 vero
3136 3483 3417 3525 mensura-

1814 3563 1934 3618 rum
1949 3571 2031 3619 est
2045 3561 2210 3617 cubiti
2234 3562 2413 3617 unius.
2432 3560 2563 3629 Quae
2583 3569 2670 3617 est
2689 3561 2832 3616 enim
2853 3561 3080 3617 altitudo
3101 3569 3417 3618 sanctorum

1813 3655 1918 3710 nisi
1947 3655 2330 3710 invisibilium?
2356 3654 2459 3710 Per
2484 3655 2645 3710 ﬁdem
2682 3657 2826 3711 enim
2849 3655 3109 3722 creditur,
3137 3656 3282 3727 quod
3306 3671 3416 3712 non

1814 3745 2045 3800 videtur.
2069 3747 2245 3814 Atque
2269 3745 2389 3801 ideo
2409 3761 2508 3816 per
2527 3745 2667 3800 hanc
2679 3743 2953 3815 iustorum
2978 3762 3132 3802 mens
3147 3747 3214 3802 ad
3233 3746 3416 3803 altitu-

1814 3833 1993 3891 dinem
2025 3835 2275 3901 ducitur,
2306 3844 2365 3890 ut
2389 3845 2583 3891 cuncta
2619 3836 2855 3892 visibilia
2885 3838 3147 3908 despiciat
3169 3838 3222 3893 in
3246 3847 3416 3908 terra,

1815 3933 1870 3981 et
1913 3941 1977 3982 ea
2019 3943 2141 3996 quae
2183 3927 2337 3981 audit
2373 3927 2665 3983 invisibilia
2702 3938 2963 3999 sequatur
3003 3929 3059 3984 in
3099 3930 3260 3986 cmlo.
3307 3930 3417 3987 Sed

1816 4035 1985 4075 unum
2008 4019 2248 4074 cubitum
2273 4020 2437 4076 habet
2459 4019 2686 4075 altitudo
2715 4034 3118 4087 mensurarum,
3146 4021 3271 4090 quia
3296 4020 3417 4076 uni-

1819 4118 1902 4166 tas
1925 4118 2006 4165 est
2027 4109 2152 4166 ﬁdei
2174 4111 2229 4164 in
2252 4111 2415 4166 corde
2432 4110 2674 4166 omnium
2697 4119 3031 4166 sanctorum.
3054 4111 3233 4166 Unum
3249 4111 3416 4165 Deum

1816 4211 1938 4254 esse
1966 4197 2324 4265 Trinitatem,
2373 4207 2430 4255 et
2474 4199 2664 4256 Patres
2703 4199 3036 4256 Testamenti
3081 4201 3326 4268 Veteris',
3362 4209 3418 4257 et

1817 4294 2200 4366 praedicatores
2218 4293 2447 4365 professi
2475 4303 2602 4350 sunt
2625 4293 2958 4350 Testamenti
2986 4293 3146 4350 Novi.
3170 4293 3413 4351 Altitudo

1818 4389 2002 4458 itaque
2021 4401 2400 4443 mensurarum
2423 4386 2498 4442 nil
2525 4403 2633 4442 uno
2664 4387 2848 4443 cubito
2875 4387 3108 4459 amplius
3128 4387 3317 4454 habet,
3341 4387 3418 4444 nil

94 4455 502 4580 “ii-(Satpeiautem'
524 4457 764 4580 diximus
793 4463 1190 4551 longitudinem
1233 4467 1301 4535 ad
1339 4466 1717 4552 longanimita-
1745 4455 2006 4580 Diminus
2033 4479 2047 4531 ξ
2075 4477 2199 4547 quia
2221 4477 2273 4532 in
2294 4472 2612 4549 magna‘sibi
2633 4476 2841 4532 unitate
2861 4455 3156 4533 concordat
3175 4477 3416 4535 omnium

99 4553 895 4654 ῃρᾑῥρςί,ιᾳιῑιυᾳῑηεῖῃςγυτο
914 4567 982 4623 ad
1007 4569 1294 4636 charitafis
1313 4570 1722 4642 amplitudinem
1746 4553 1969 4652 fades
1981 4565 2228 4622 Patrum.
2257 4569 2365 4624 Sed
2399 4567 2454 4623 hi
2489 4569 2580 4638 qui
2608 4567 2722 4637 jam
2759 4569 2818 4624 in
2852 4568 3265 4639 longanimitate
3299 4567 3417 4638 spei

95 4651 427 4754 Thp‘c'rtinere.‘
448 4651 648 4730 Mensae
668 4670 817 4729 ergo,
842 4671 963 4728 quae
987 4656 1054 4712 ad
1082 4655 1456 4743 holocaustum
1481 4669 1724 4717 constru-
1748 4651 1753 4652 ί
1827 4658 2056 4733 summis
2081 4657 2376 4715 virtutibus
2399 4657 2777 4728 proﬁcientes,
2820 4673 2989 4712 unum
3037 4664 3092 4713 et
3135 4657 3418 4713 dimidium

253 4735 772 4820 ‘sunt,'longitudine
802 4747 967 4802 cubiti
990 4747 1153 4803 unius
1172 4755 1232 4802 et
1255 4741 1465 4804 dimidii
1489 4744 1725 4805 metiun-

99 4808 227 4920 Jtiiir
251 4817 273 4893 ι
300 4808 427 4912 quia
455 4808 627 4894 sancti
656 4835 844 4918 Patres
867 4839 1043 4908 atque
1074 4839 1325 4895 doctores
1345 4880 1359 4906 ,
1401 4840 1494 4910 qui
1523 4855 1582 4896 se
1605 4840 1727 4896 lon-

105 4951 119 4960 ··
138 4930 422 5006 ganimiter
440 4931 509 4986 ad
536 4937 746 4988 secreta
770 4930 885 5002 spei
913 4930 1120 4986 intimae
1143 4929 1465 5007 extendunt,
1493 4945 1598 5002 per
1621 4932 1724 4988 hoc

100 5013 280 5094 :quod
321 5021 382 5093 in
411 5020 706 5078 virtutibus
747 5020 968 5090 vivunt,
1010 5031 1274 5093 quantum
1321 5023 1388 5079 ad
1430 5010 1725 5080 humanam

95 5087 355 5202 Equidem
397 5125 712 5194 mensuram
758 5087 996 5186 pertinet
1012 5087 1046 5184 ,—
1070 5114 1228 5172 valde
1271 5115 1502 5187 perfecti
1558 5124 1720 5174 sunt:

95 5199 398 5283 "‘V’qugantum
425 5218 557 5279 vero
579 5205 648 5262 ad
670 5203 848 5264 divina
883 5207 973 5263 illa
1005 5209 1286 5280 mysteria,
1325 5223 1446 5279 quae
1469 5209 1628 5281 plene
1653 5211 1722 5267 ab

106 5285 503 5376 “'lilqmine‘capi
546 5299 651 5354 non
683 5307 940 5373 possunt,
991 5299 1228 5371 quandiu
1270 5297 1326 5355 in
1363 5300 1467 5356 hac
1507 5297 1722 5358 mortali

99 5375 673 5480 ipsanesubsistunt.
714 5387 937 5462 peremi
1314 5391 1372 5447 ιη
1419 5394 1722 5466 εεπιθίίνείε

103 5468 118 5478 ’
422 5462 668 5568 cubitum
686 5483 912 5562 habent,
941 5483 994 5538 in
1021 5485 1131 5539 Deo
1161 5493 1342 5542 autem
1368 5487 1545 5543 adhuc
1573 5462 1725 5544 cubi-

115 5555 260 5650 ξξίίἰιιί
302 5559 689 5631 ιὶόηιιὲὼιξιιιι
741 5578 864 5647 quia
911 5573 1023 5646 jam
1068 5577 1284 5645 quidem
1322 5575 1386 5632 'in
1433 5578 1724 5632 virtutibus

152 5659 628 5748 plc'n'c'proﬁciunt,
662 5670 754 5725 sed
785 5677 963 5724 tamen
997 5666 1198 5737 aliquid
1229 5669 1294 5723 de
1325 5669 1434 5724 Deo
1463 5669 1636 5725 adhuc
1658 5683 1726 5724 ex

125 5745 302 5842 (parte
344 5769 690 5838 cognoscunt.
729 5757 866 5842 Ecce
909 5761 1104 5818 iterum
1137 5760 1191 5818 in
1227 5775 1485 5842 [mensura
1525 5775 1726 5820 mensa:

1791 4769 1796 4776 λ
1827 4751 2071 4806 cubitum
2119 4751 2358 4816 habent,
2400 4759 2564 4818 atque
2599 4748 2655 4803 in
2681 4747 2968 4803 latitudine
2995 4747 3279 4803 charitatis
3309 4761 3418 4806 uno

1829 4853 1895 4895 ac
1916 4839 2144 4895 dimidio
2174 4839 2359 4895 cubito
2383 4839 2710 4895 metiuntur:
2741 4837 2800 4894 in
2828 4837 3115 4895 altitudine
3138 4853 3270 4894 vero
3293 4837 3418 4896 fidei

1824 4947 1937 4988 uno
1962 4931 2144 4988 cubito
2172 4940 2520 4998 excrescunt,
2552 4930 2735 5004 magni
2765 4938 2894 4986 sunt
2914 4937 2971 4986 et
2994 4943 3207 4986 summa
3239 4927 3415 4985 admi-

1790 5027 1792 5030 ’
1828 5023 2044 5079 ratione
2067 5022 2386 5078 venerandi.
2426 5021 2636 5080 Debent
2668 5035 2801 5094 ergo
2827 5020 3181 5093 parvulorum
3205 5019 3418 5079 animus

1825 5102 1884 5172 in
1913 5115 2036 5172 sinu
2075 5130 2188 5171 sua:
2215 5116 2644 5172 conversationis
2683 5113 2964 5184 suscipere
3009 5119 3176 5184 atque
3221 5125 3316 5168 eas
3359 5110 3417 5169 in

1827 5215 2118 5279 conspectu
2157 5209 2371 5265 Domini
2416 5209 2566 5264 velut
2601 5207 2873 5279 quoddam
2923 5204 3296 5263 holocaustum
3350 5219 3416 5264 ac

1829 5298 2158 5358 sacrificium
2189 5301 2409 5358 offerre.
2443 5288 2599 5358 Unde
2626 5308 2751 5371 apte
2775 5299 3060 5371 sequitur:

1906 5387 1926 5445 ἒ
1961 5384 2139 5465 Super
2169 5409 2306 5464 quas
2344 5388 2554 5464 ponunt
2592 5409 2720 5448 vasa
2769 5393 2824 5448 in
2871 5394 3068 5463 quibus
3103 5391 3417 5452 immolatur

1815 5499 1856 5537 'r
1891 5485 2265 5542 holocaustum
2300 5493 2355 5542 et‘
2388 5487 2631 5541 victima.
2672 5505 2692 5540 ι
2723 5483 2863 5554 Quid
2893 5487 3039 5542 enim
3073 5495 3198 5542 sunt
3218 5486 3416 5542 animm

1831 5575 2069 5634 ﬁdelium
2100 5579 2205 5634 nisi
2246 5594 2375 5635 vasa
2417 5589 2635 5646 sancta,
2670 5595 2790 5650 qua:
2823 5582 3046 5637 verbum
3083 5580 3298 5652 pietatis
3323 5593 3414 5633 ca-

1830 5670 2004 5741 piunt,
2023 5679 2084 5724 ut
2109 5686 2176 5725 ex
2197 5687 2383 5726 eorum
2411 5673 2681 5727 mentibus
2713 5673 3086 5730 holocaustum
3105 5673 3228 5727 vita:
3253 5677 3416 5740 atque

1831 5760 2096 5819 orationis
2120 5761 2474 5819 immolctur?
2501 5762 2638 5823 Hinc
2669 5773 2752 5821 est
2779 5767 2979 5823 etenim
2999 5807 3016 5837 ,
3045 5761 3189 5837 quod
3214 5759 3412 5828 Paulus
