3908 6356
655 243 764 331 9.59

2124 310 2215 319 -ἥτι

1292 239 1355 295 n.
1395 234 1653 294 nsum
1689 234 1915 317 ultum
1951 230 2629 333 AncillEPt.7.liOGUN'i'.
2670 230 2957 333 ornauit
2992 233 3166 295 rans
3195 236 3254 296 ιι.
3646 264 3698 327 ,ω

2252 312 2357 345 17""

656 324 840 417 {icium
863 358 974 421 Deo
995 357 1219 429 spiritus
1247 354 1643 411 contribulatus
1669 350 1845 428 (Ρεαι.
1878 354 1952 441 ι).
1991 374 2010 409 ι
2040 355 2117 410 De
2149 324 2775 441 illo‘k'prazsumimus,
2809 324 3154 411 exerceamus
3199 357 3494 433 nosmetipsos
3531 365 3571 427 in
3596 377 3697 441 mh,

652 442 834 508 autem
854 444 860 451 ’
881 438 1144 520 scriptum
1186 453 1269 503 cst
1297 462 1310 502 :
1348 466 1368 499 ι
1398 446 1548 502 Tunc
1580 446 1887 517 acceptabis
1912 438 2237 502 sacriﬁcium
2284 441 2321 489 Α
2341 436 2646 515 charitatis,
2671 436 2727 503 et
2750 439 2827 504 ibi
2856 447 3138 505 tendamus
3158 451 3496 523 oculoscomig,
3518 436 3695 530 “iam;

645 538 868 615 iustitiae
915 539 1215 596 oblationes
1259 545 1315 594 et
1366 528 1684 594 holocausta
1734 536 1973 610 (mm).
2006 538 2096 594 De‘
2131 546 2239 608 quo

647 646 837 689 rursus
880 630 1000 686 ait:
1037 646 1056 682 α
1085 628 1159 685 Ut
1212 634 1428 684 cantem
1479 627 1577 683 tibi
1634 627 1805 699 gloria
1854 642 1989 682 mea
2024 637 2081 684 et
2127 643 2235 685 non

647 712 980 794 compungar
1003 719 1187 793 (Psal.
1217 718 1402 791 xxxx).
1442 740 1460 772 ι
1493 718 1553 774 In
1581 726 1815 789 utroque
1846 727 2025 775 autem
2060 719 2233 776 sacri-

646 813 770 867 ﬁcio
800 826 993 869 carnes
1039 809 1343 867 offeruntur
1374 826 1387 863 :
1425 809 1554 880 quia
1583 809 1670 864 hic
1700 808 1906 865 oblatio
1943 809 2122 865 carnis
2150 818 2238 867 est

644 908 943 965 maceratio
970 907 1216 978 corporis
1249 925 1262 959 :
1292 906 1366 962 ibi
1406 902 1614 961 oblatio
1655 904 1838 960 carnis
1878 913 1961 961 est
1992 904 2047 959 in
2074 905 2234 961 laude

644 998 743 1058 Dei
771 1001 943 1074 gloria
972 999 1409 1057 resurrectionis.
1458 998 1609 1053 Tunc
1634 998 1833 1070 quippe
1856 996 1964 1054 illic
1996 999 2153 1069 quasi
2175 999 2231 1055 in

644 1092 1020 1150 holocaustum
1049 1089 1276 1148 offertur
1305 1103 1453 1154 caro,
1487 1086 1704 1159 quando
1734 1089 1788 1143 in
1815 1097 2017 1144 aeterna
2051 1089 2232 1145 incor-

644 1183 898 1255 ruptione
924 1189 1231 1254 permutata
1275 1181 1349 1236 nil
1389 1179 1855 1247 contradictionis,
1880 1180 1955 1235 nil
1984 1181 2228 1236 mortali-

644 1268 776 1330 tatis
809 1273 1077 1338 habuerit,
1125 1273 1252 1344 quia
1283 1279 1396 1328 tota
1436 1270 1597 1327 simul
1638 1273 1840 1328 amoris
1867 1270 1992 1341 ejus
2017 1272 2231 1346 ignibus

640 1364 870 1423 accensa
910 1367 968 1422 in
1001 1365 1161 1422 laude
1195 1365 1312 1422 sine
1361 1365 1468 1421 ﬁne
1490 1366 1849 1436 permanebit.
1895 1365 2061 1423 Porta
2098 1382 2228 1440 ergo

638 1456 756 1513 haec
787 1456 1033 1523 interior,
1081 1456 1137 1513 id
1176 1465 1260 1513 est
1299 1465 1490 1513 sancta
1530 1456 1797 1525 Ecclesia,
1848 1456 2049 1515 habeat
2090 1459 2229 1516 inte-

637 1551 784 1607 riora
815 1567 936 1619 sua,
971 1548 1118 1607 illam
1158 1550 1411 1608 videlicet
1433 1549 1623 1620 vitam,
1679 1568 1801 1622 quae
1838 1552 2016 1609 adhuc
2052 1555 2228 1610 oculis

636 1643 838 1699 nostris
860 1644 1072 1700 occulta
1112 1651 1217 1700 est.
1250 1643 1460 1700 Habeat
1486 1653 1640 1700 extra
1677 1658 1798 1700 eam
1844 1646 2045 1701 atrium
2070 1655 2223 1703 exte-

2340 537 2523 595 dimur
2545 540 2677 612 igne’
2690 540 2923 596 amoris;
2950 538 3133 596 Potest
3164 549 3327 598 autem
3345 559 3426 616 per
3444 552 3627 621 aquiloni;
3641 577 3695 632 μ

2339 634 2452 688 tam
2472 632 2764 705 gentilitas,
2797 646 2895 705 per
2920 634 3087 690 austri
3132 635 3263 691 viam
3297 635 3463 708 Iudaea,
3490 659 3559 714 per
3582 653 3693 714 om

2338 732 2520 781 autem
2545 732 2759 795 portam
2793 725 2909 795 ipse
2953 725 3204 781 Dominus
3227 727 3468 799 designari.
3501 734 3692 813 Parim,

2337 829 2463 872 nem
2493 816 2693 887 quippe
2722 831 2831 872 non
2856 816 3128 873 immerito
3150 819 3396 889 gentilitas
3410 822 3691 903 [ignauum

2337 905 2425 961 ille
2444 906 2503 960 in
2523 907 2759 977 torporis
2798 904 3002 977 frigore
3027 908 3274 979 possedit,
3305 911 3384 980 qui
3400 912 3506 969 dixit
3526 933 3568 970 it
3590 919 3690 982 sua.

2333 994 2390 1051 in
2441 1004 2626 1052 monte
2670 996 2990 1052 testamenti
3037 998 3092 1053 in
3138 996 3372 1056 lateribus
3410 1004 3596 1073 aquilonis
3622 1012 3687 1081 (ιιι

2332 1104 2425 1144 xiv
2446 1088 2487 1161 ).
2519 1109 2538 1141 ι
2563 1088 2668 1145 Per
2714 1089 3014 1146 australem
3053 1105 3256 1162 quoque
3277 1101 3453 1161 portam
3488 1105 3585 1153 recte
3604 1099 3687 1161 ius:

2332 1181 2629 1252 accipitur,
2679 1182 2738 1238 in
2786 1199 2894 1255 qua
2932 1182 3200 1254 spiritales
3238 1183 3405 1241 Patres
3441 1188 3582 1246 etelesti
3605 1210 3687 1251 an

2331 1268 2691 1328 formarunt:
2725 1284 3127 1345 quorum'unus
3164 1274 3405 1345 loquitur,
3428 1278 3685 1341 dicursum

2330 1371 2502 1431 verte,
2525 1365 2776 1433 Domine,
2796 1366 3166 1437 captivitatem
3180 1376 3394 1424 nostram
3408 1371 3516 1427 sicut
3533 1377 3682 1431 torrenti:

2330 1456 2556 1529 austro(
2581 1455 2731 1513 Psul.
2764 1458 2964 1527 cxxv).
3003 1476 3023 1510 ι
3060 1456 3185 1524 Quae
3207 1458 3304 1515 etsi
3327 1460 3683 1534 carnalemrpoplu

2330 1549 2541 1617 habuit,
2589 1550 2643 1606 in
2681 1563 2789 1620 quo
2821 1550 2970 1607 velut
2998 1549 3271 1621 aquilonis
3305 1550 3472 1624 frigora
3494 1558 3637 1624 ponant,
3656 1557 3683 1611 ἡ

2328 1644 2532 1700 sanctis
2566 1652 2746 1701 tamen
2767 1644 2879 1700 suis
2907 1638 3214 1700 doctoribus
3233 1659 3293 1698 ac
3310 1645 3524 1716 prophetis
3535 1646 3683 1709 adlisa,

634 1728 769 1801 rius,
803 1734 857 1790 id
897 1732 1011 1804 est,
1038 1734 1205 1791 vitam
1236 1743 1560 1807 praesentem
1601 1735 1656 1790 in
1685 1752 1791 1807 qua
1831 1751 1994 1792 omne
2018 1734 2222 1794 bonum
2251 1720 2300 1782 Β
2327 1744 2391 1790 ac
2418 1736 2727 1805 proximum
2757 1736 2943 1793 calore
2988 1736 3264 1792 charitatis
3288 1736 3419 1792 art.
3448 1736 3681 1795 Orientis

634 1824 834 1898 agitur,
857 1837 918 1883 ut
945 1829 1015 1884 ad
1042 1829 1245 1884 bonum
1271 1818 1389 1884 sine
1409 1827 1517 1885 ﬁne
1545 1830 1915 1899 perveniatur.
1946 1826 2067 1885 Sint
2092 1846 2223 1903 ergo
2280 1828 2433 1885 {Item
2471 1838 2627 1901 porta
2663 1844 2770 1886 non
2808 1830 3087 1886 immerito
3127 1831 3290 1902 ipsum
3331 1832 3680 1903 signatdequotai
3744 1832 3745 1837 “

635 1918 689 1972 in
714 1919 961 1974 interiori
991 1920 1152 1988 atrio,
1184 1923 1328 1992 quod
1351 1928 1533 1978 tamen
1573 1920 1729 1978 extra
1758 1930 1972 1996 portam
1995 1933 2100 1993 est,
2122 1941 2222 1998 ga-

632 2006 944 2084 zophylacia
979 2020 1285 2071 cantorum.
1327 2013 1462 2084 Quia
1491 2014 1648 2073 electi
1679 2016 1881 2088 quique
1908 2022 2222 2090 atque‘per-

633 2105 780 2173 fecti,
807 2106 899 2177 qui
928 2107 1105 2164 adhuc
1137 2108 1193 2163 in
1209 2124 1377 2166 carne
1399 2109 1615 2166 mortali
1639 2110 1973 2179 subsistunt,
2000 2119 2054 2168 et
2076 2112 2221 2173 intra

628 2197 807 2255 sinum
848 2208 973 2256 sunt
996 2212 1200 2259 sanctae
1230 2202 1507 2273 Ecclesiae,
1538 2214 1594 2261 et
1626 2207 1803 2263 adhuc
1826 2214 1981 2264 extra
2004 2214 2220 2283 secreta

626 2291 821 2375 gaudia
866 2294 1140 2357 interioris
1175 2297 1322 2354 vitae.
1358 2296 1499 2368 Quid
1523 2307 1653 2359 sunt
1681 2308 1865 2357 autem
1887 2300 2217 2373 gazophyla-

625 2383 709 2440 cla
738 2394 1057 2455 cantorum,
1079 2389 1185 2446 nisi
1211 2390 1400 2446 sancta
1445 2390 1714 2447 desideria
1756 2391 2077 2459 amantium,
2126 2392 2217 2465 qui

626 2485 894 2557 praecepta
939 2478 1141 2551 divina,
1188 2480 1342 2550 quasi
1374 2480 1636 2551 quasdam
1664 2481 1883 2537 divitias
1911 2470 2221 2539 custodiunt

624 2552 679 2618 in
704 2552 886 2623 mente
913 2558 1048 2638 quas
1075 2569 1348 2626 cantando
1383 2581 1627 2637 servant,
1678 2560 1802 2642 quia
1832 2561 2089 2630 mandata
2120 2572 2217 2631 Dei

624 2654 732 2712 nun
772 2673 841 2714 ex
892 2660 1125 2728 timore,
1168 2663 1261 2718 sed
1313 2678 1380 2718 ex
1439 2678 1625 2720 amore
1674 2664 1965 2736 perﬁciunt
1994 2648 2013 2719 τ’
2030 2662 2217 2737 eisque

624 2747 755 2837 ipsae
803 2750 944 2806 sacri
990 2752 1191 2824 eloquii
1240 2754 1632 2826 praeceptiones
1689 2752 1991 2813 cantabiles
2038 2756 2213 2825 ﬁunt,

622 2842 756 2903 quas
783 2850 887 2891 non
916 2852 983 2893 ex
1025 2838 1271 2903 tristitia,
1306 2840 1401 2897 sed
1430 2854 1497 2896 ex
1526 2841 1797 2897 desiderio
1827 2856 2047 2913 semper
2085 2858 2217 2913 ope-

622 2933 832 2982 rantur.
874 2928 1153 3000 Superiori
1203 2931 1477 2989 locutione
1503 2947 1604 3003 per
1633 2940 1848 3004 portam
1879 2934 2111 2991 orientis
2145 2934 2212 2990 ﬁ-

619 3016 764 3084 dem,
790 3033 887 3091 per
911 3021 1178 3091 aquilonis
1208 3038 1383 3095 spem,
1424 3040 1525 3096 per
1564 3026 1738 3081 austri
1763 3036 1946 3082 autem
1972 3027 2214 3083 cbarita-

620 3119 731 3168 tem
761 3113 997 3170 diximus
1022 3116 1314 3189 designari.

688 3205 816 3264 Haec
862 3209 1046 3280 itaque
1077 3211 1464 3284 gazophylacia
1492 3212 1637 3270 inter
1661 3221 1875 3285 portam
1902 3213 2132 3271 orientis
2157 3221 2212 3270 et

616 3298 886 3369 aquilonis
913 3316 1036 3357 esse
1076 3312 1474 3372 memorantur,
1521 3313 1686 3377 atque
1715 3307 1783 3362 ad
1813 3307 1955 3362 viam
1994 3315 2209 3363 austra-

618 3385 723 3441 lem
754 3390 1048 3461 respicere,
1078 3392 1205 3463 quia
1239 3395 1406 3451 corda
1436 3404 1746 3452 sanctorum
1776 3397 1922 3454 inter
1942 3398 2128 3465 ﬁdem,
2154 3407 2211 3456 et

616 3484 768 3555 spem
794 3482 997 3551 posita,
1028 3485 1321 3540 australem
1343 3487 1487 3542 viam
1510 3488 1830 3559 respiciunt,
1863 3505 1985 3561 qua:
2010 3501 2212 3549 sancta:

620 3560 907 3628 charitatis
949 3573 1163 3645 ignibus
1213 3576 1586 3634 inardescunt.
1616 3577 1735 3649 Ipsa
1775 3560 1995 3652 quoque
2035 3582 2213 3638 orien-

617 3661 745 3720 talis
772 3673 930 3736 porta
964 3667 1238 3738 respicere
1266 3670 1467 3729 dicitur
1494 3672 1562 3727 ad
1584 3672 1729 3726 viam
1756 3673 2044 3744 aquilonis,
2081 3675 2210 3745 quia

616 3753 774 3811 nobis
798 3769 898 3827 per
918 3757 1081 3814 fidem
1110 3760 1330 3829 quidem
1357 3762 1541 3818 omnia
1564 3763 1619 3819 in
1642 3764 1968 3834 baptismate
1988 3778 2210 3837 peccata

616 3840 893 3914 laxantur,
928 3852 1022 3906 sed
1050 3859 1234 3909 tamen
1268 3853 1397 3909 dum
1426 3854 1605 3911 adhuc
1636 3854 1725 3912 hic
1750 3856 2003 3924 vivimus,
2043 3857 2210 3914 etiam

614 3926 739 4009 post
766 3939 931 3997 ﬁdem
964 3944 1162 4015 saepius
1207 3946 1275 4001 ad
1305 3956 1533 4017 peccata
1564 3948 1920 4018 declinamus,
1961 3959 2019 4006 et
2057 3952 2211 4022 quasi

614 4032 845 4090 orientis
871 4042 1028 4105 porta
1060 4036 1206 4093 viam
1241 4039 1512 4109 aquilonis
1554 4040 1793 4112 respicit,
1826 4057 1948 4098 cum
1974 4041 2085 4098 vita
2114 4059 2214 4099 no-

616 4132 729 4181 stra
763 4136 888 4199 post
911 4139 1226 4201 perceptam
1250 4130 1411 4188 ﬁdem
1439 4133 1617 4189 adhuc
1646 4132 1990 4205 aliquatenus
2022 4135 2076 4207 in
2108 4134 2211 4190 fri-

615 4218 746 4288 gore
771 4218 942 4290 culpae
985 4222 1263 4292 torpescit.
1296 4222 1429 4291 Quis
1476 4225 1622 4280 enim
1658 4225 1712 4279 iu
1754 4225 1859 4282 hac
1893 4226 2003 4281 vita
2030 4225 2212 4283 valeat

618 4317 745 4379 post
772 4310 953 4377 fidem,
983 4312 1101 4367 sine
1130 4311 1287 4382 culpa
1331 4314 1536 4381 vivere,
1571 4331 1695 4371 cum
1733 4315 1971 4373 Joannes
2017 4317 2165 4373 dicat
2193 4336 2207 4372 :

2321 1933 2474 1993 ptum
2504 1930 2589 1977 est
2618 1937 2633 1976 :
2664 1941 2683 1973 ε
2716 1922 2857 1979 Ecce
2894 1923 3015 1991 vir,
3055 1921 3244 1980 Oriens
3276 1921 3679 1994 uomentium“

2323 2029 2430 2085 quo
2479 2012 2779 2072 Zacharias
2824 2017 2904 2072 ait
2933 2034 2946 2071 :
2983 2034 3002 2068 ι
3033 2015 3278 2072 Visitavit
3317 2031 3402 2070 nos
3435 2015 3611 2069 oriens‘cx
3632 2014 3676 2066 ab

2324 2102 2529 2178 (Zach.
2561 2120 2637 2173 vr;
2681 2105 2810 2160 Luc.
2837 2104 2918 2178 ι).
2952 2125 2971 2159 ι
3026 2105 3146 2161 Sint
3178 2102 3299 2177 ergo
3320 2102 3677 2176 gazophylamaut

2322 2212 2443 2251 rum
2469 2212 2538 2252 ex
2580 2196 2751 2253 latere
2781 2205 2955 2269 portae
2997 2196 3261 2269 aquilonis
3287 2211 3302 2251 :
3325 2195 3429 2266 quia
3448 2209 3524 2249 non
3548 2192 3675 2247 me

2320 2287 2506 2345 Iudaea
2531 2288 2755 2345 fuerunt
2775 2289 2943 2345 corda
2972 2296 3278 2345 sanctorum
3302 2284 3673 2358 spiritaliterm

2325 2381 2423 2436 sed
2446 2381 2611 2436 etiam
2655 2381 2710 2437 in
2732 2380 3061 2453 gentilitatis
3094 2379 3449 2439 multitudinem
3467 2376 3515 2431 ad
3532 2371 3671 2430 mt-

2319 2462 2409 2528 dei
2449 2480 2790 2528 sacramenta
2827 2480 3110 2528 conversae
3149 2471 3329 2527 ardent
3364 2467 3489 2524 corda
3516 2470 3669 2520 suam

2319 2572 2507 2618 amore
2529 2562 2770 2619 caelestis
2795 2562 3013 2634 patriae,
3056 2552 3671 2634 inbiantgaudiisaterlhiii'
3744 2608 3745 2621 ξ

2319 2667 2444 2715 rant
2473 2659 2543 2714 ad
2571 2661 2889 2717 societatem
2920 2676 3147 2719 suorum
3171 2660 3354 2716 civium
3382 2659 3425 2714 in
3444 2652 3672 2713 celeuma
3744 2736 3745 2739 η

2317 2764 2444 2807 men
2469 2753 2716 2823 exempla“
2747 2752 2908 2824 hujus
2930 2755 3148 2810 ardoris
3172 2767 3319 2823 quem
3340 2750 3452 2806 dono
3467 2744 3576 2804 uncti
3591 2742 3671 2813 Siti
3744 2744 3745 2805 ξ

2320 2852 2407 2901 tus
2440 2853 2795 2914 acceperunt,
2842 2845 2912 2901 ab
2955 2844 3284 2916 spiritalibus
3322 2838 3504 2913 patribus
3532 2844 3675 2907 om

2317 2937 2556 3008 capiunt.
2586 2935 2742 2993 Unde
2779 2937 2896 3009 ipsa
2923 2953 3145 3009 quoque
3173 2932 3485 3008 gazophylacla
3504 2924 3673 2991 Mill"
3744 2924 3745 2999 Ῐ

2317 3031 2458 3088 iouis
2494 3032 2666 3088 latere
2701 3032 2898 3104 posita,
2953 3021 3140 3088 oculus
3183 3032 3249 3086 ad
3275 3030 3394 3084 viam
3421 3020 3676 3081 auunka
3744 3056 3745 3095 ἡ

2317 3126 2471 3182 dunt.
2526 3125 2668 3182 Ecce
2697 3125 2842 3182 enim
2864 3139 2930 3182 ex
2975 3126 3225 3199 gentibus
3244 3122 3457 3183 venimus,
3486 3113 3590 3171 edin
3613 3109 3675 3171 Mt

2307 3198 2461 3290 ‘quod
2480 3233 2580 3290 per
2607 3219 2783 3276 sancti
2818 3234 3068 3276 amorem
3093 3218 3322 3275 calemus
3357 3212 3484 3269 ludar
3501 3205 3609 3261 Ριυα
3627 3211 3678 3290 ξδ’
3744 3274 3745 3287 χ

2313 3289 2576 3380 picimus,
2604 3311 2699 3383 qui
2727 3309 2888 3367 nobis
2918 3309 2979 3366 in
3003 3312 3118 3368 suis
3156 3310 3308 3366 dictis
3332 3301 3487 3377 quotidie
3508 3289 3677 3383 unum

2314 3398 2497 3456 siderii
2540 3382 2789 3471 exempla
2839 3402 3111 3473 praebent.
3167 3400 3248 3456 An
3284 3413 3394 3455 non.
3429 3382 3677 3479 (imm
3744 3476 3745 3479 η

2315 3492 2599 3548 meridiani
2648 3492 2879 3550 fervoris
2923 3494 3174 3560 ardebat,
3213 3492 3299 3564 qui
3330 3485 3531 3546 aestuabat,

2320 3590 2345 3635 «ί
2362 3580 2525 3640 Sicut
2553 3598 2747 3640 cervus
2765 3584 3045 3641 desiderat
3065 3587 3133 3640 ad
3156 3583 3318 3641 fontes
3337 3564 3674 3650 aquarumﬁtada‘r

2313 3672 2467 3729 derat
2505 3674 2687 3729 anima
2742 3689 2863 3731 mea
2907 3675 2977 3730 ad
3031 3683 3085 3732 te
3120 3675 3277 3731 Deus.
3318 3667 3463 3727 Sitivit
3494 3660 3673 3718 anitum

2313 3762 2380 3819 ad
2415 3764 2586 3820 Deum
2612 3765 2826 3831 vivum,
2867 3767 3091 3837 quando
3120 3766 3322 3823 veniam
3345 3769 3390 3818 et
3408 3753 3549 3831 parebo
3565 3740 3673 3837 ait“

2313 3854 2451 3910 ciem
2491 3855 2632 3911 Dei?
2658 3876 2677 3908 ι
2711 3832 2905 3929 (Pani.
2942 3859 3100 3931 xu.)
3128 3857 3228 3927 Qui
3258 3849 3514 3945 rursusaitt

2312 3952 2369 4002 et
2406 3922 2803 4020 intelligam-in
2841 3951 2929 4005 via
2974 3922 3310 4007 immaculata
3348 3922 3674 4016 quandoveniuil

2313 4054 2400 4093 me
2449 4037 2650 4111 (Ρωιο
2689 4055 2720 4096 c
2750 4041 2791 4112 ).
2836 4061 2854 4093 ι
2900 4040 3033 4099 Hoc
3080 4031 3290 4115 quoque
3328 4035 3492 4093 ardore
3528 4026 3674 4083 sum!

2312 4127 2510 4194 fuerat,
2559 4131 2652 4202 qui
2686 4130 2900 4187 dicebat
2932 4151 2946 4187 :
2987 4151 3010 4186 ι
3042 4132 3194 4189 Nunc
3217 4128 3417 4188 dimittis

2313 4219 2560 4287 Domine,
2610 4223 2908 4279 secundum
2929 4224 3323 4281 verbum‘tuum‘
3360 4220 3403 4274 in
3423 4224 3545 4287 pace:
3562 4210 3675 4275 tu“

2313 4309 2512 4367 derunt
2536 4312 2679 4369 oeuli
2706 4314 2814 4369 mei
2848 4313 3092 4371 salutare
3118 4323 3263 4372 tuum
3287 4302 3544 4384 (Luc-'1')”

622 4396 729 4499 «ISi
758 4400 1075 4466 dixerimus,
1123 4404 1252 4474 quia
1290 4416 1573 4473 peccatum
1625 4423 1732 4463 non
1777 4409 2061 4476 habemus,
2104 4411 2205 4482 ipsi
2233 4444 2286 4506 Β
2332 4406 2343 4436 ⁵
2387 4414 2525 4483 Quia
2564 4431 2695 4487 ergo
2743 4431 2811 4473 ex
2858 4418 3162 4489 gentilitate
3202 4397 3674 4506 venimus,

1060 4462 1068 4466 _
1141 4462 1160 4474 _
1290 4462 1309 4473 ,
1648 4462 1683 4463 η
2104 4462 2205 4482 τ--
2393 4462 2525 4483 κ---
2566 4462 2693 4487 πο..
2744 4462 2811 4473 ν..
2858 4462 3162 4489 ουκ-...ων
3213 4462 3448 4475 νν---η---ι

617 4462 719 4585 litos
738 4492 1070 4561 seducimus,
1103 4505 1158 4552 et
1186 4497 1389 4553 veritas
1426 4499 1481 4554 in
1509 4500 1666 4555 nobis
1706 4515 1813 4555 non
1844 4512 1926 4557 est
1954 4503 2017 4574 (Ι
2039 4503 2201 4563 Joan.
2317 4506 2516 4565 Judmae
2536 4518 2722 4581 patres
2752 4511 2909 4568 nobis
2934 4512 2991 4568 in
3016 4513 3182 4571 divini
3209 4510 3392 4567 amoris
3420 4495 3674 4589 ἱωίιλψη

1056 4552 1068 4561 ,
1234 4552 1243 4553 ,
1448 4552 1480 4554 η
1558 4552 1661 4555 μη
1850 4552 1925 4557 η-
1956 4552 2009 4574 κ-
2041 4552 2061 4558 ,
2082 4552 2201 4563 η.-.
2252 4554 2261 4573 ι
2317 4552 2515 4565 -..μω
2574 4552 2722 4567 ...ην
2753 4552 2909 4568 ..νων
3209 4552 3392 4567 ..ι-,νυν

617 4552 735 4655 12).»
762 4582 928 4654 Cujus
956 4585 1138 4644 verbis
1163 4586 1397 4646 Iacobus
1423 4578 1766 4648 concordans
1793 4592 1872 4648 ait
1897 4611 1911 4648 :
1942 4611 1961 4646 ί
1986 4594 2046 4649 1n
2076 4596 2211 4651 mul—
2315 4552 2597 4672 ponimus,
2635 4601 2790 4675 quasi
2823 4604 3071 4674 quaedam
3112 4582 3674 4679 cantorumnghlwu

617 4668 689 4763 tis
708 4675 853 4731 enim
897 4676 1220 4737 offendimus
1254 4697 1446 4739 omnes
1466 4681 1486 4756 (
1506 4683 1694 4739 Jacob.
1727 4683 1844 4755 m).
1884 4704 1903 4740 ι
1937 4685 1995 4742 Si
2023 4698 2207 4745 autem
2313 4668 2485 4748 latere
2527 4668 2719 4763 portae,
2751 4668 2874 4765 quae
2914 4692 3061 4753 viam
3093 4691 3346 4768 aquilonis
3374 4668 3555 4758 respicit,

612 4760 837 4841 peccata
863 4773 1136 4841 praeterita
1163 4772 1218 4829 in
1252 4773 1377 4830 ﬁdei
1414 4776 1763 4847 perceptione
1787 4777 2011 4835 dimissa
2054 4789 2206 4850 sunt,
2311 4760 2699 4839 séd’adviam'
2743 4760 2916 4843 austri
2961 4786 3128 4845 facies
3143 4760 3402 4843 tenemus.
3434 4776 3487 4834 Et
3517 4760 3676 4850 ωαψς
3744 4792 3745 4805 ‘

613 4867 671 4964 et
699 4861 878 4917 adhuc
906 4870 1031 4933 post
1057 4863 1220 4920 ﬁdem
1248 4865 1321 4964 ad
1348 4846 1572 4936 peccata
1596 4867 1923 4937 declinatur,
1965 4886 2086 4941 qua:
2108 4846 2209 4929 no;-
2313 4877 2457 4946 quod
2499 4877 2617 4933 haec
2641 4878 2831 4935 eadem
2854 4879 3235 4957 gazOphylacia
3276 4877 3403 4934 inter
3423 4846 3677 4964 portauit?

614 4948 701 5005 his
728 4951 834 5045 erit
871 4953 1225 5045 praesumptio
1241 4952 1490 5045 justitiaz,
1520 4971 1642 5027 quae
1683 4974 1809 5030 spes
1833 4961 1961 5016 vitae
1996 4977 2212 5033 perma-
2310 4968 2396 5024 nis
2422 4977 2480 5026 et
2515 4970 2746 5027 orientis
2770 4948 2893 5029 esse
2916 4948 3287 5045 perhibentur.
3316 4948 3435 5037 Quiﬁ

616 5041 819 5109 uentis,
846 5042 952 5098 nisti
978 5052 1039 5099 ut
1065 5059 1212 5100 nunc
1241 5044 1369 5099 dum
1393 5047 1572 5103 adhuc
1610 5049 1754 5105 inter
1776 5060 1992 5123 portam
2027 5055 2209 5113 orien-
2309 5059 2513 5118 tionem
2538 5040 3221 5134 Dominicamimultitudo
3246 5059 3456 5135 gentium
3477 5049 3528 5107 ad

617 5128 689 5184 tis
712 5138 769 5186 et
793 5131 1063 5202 aquilonis
1088 5148 1276 5189 sumus
1291 5174 1307 5200 ,
1333 5135 1402 5191 ad
1429 5136 1573 5192 viam
1596 5140 1992 5213 austrilmentis
2019 5146 2207 5205 oculos

616 5218 902 5277 levemus?
938 5231 1204 5293 quatenus
1248 5241 1317 5282 ex
1362 5236 1551 5285 sancta
1594 5231 1863 5291 charitate
1912 5236 2202 5308 ferventes,

620 5311 770 5402 calor
798 5328 898 5369 nos
927 5315 1130 5372 amoris
1152 5318 1344 5376 liberet
1375 5337 1406 5376 a
1437 5321 1592 5394 culpa
1627 5328 1847 5397 teporis,
1879 5338 1934 5384 et
1962 5330 2201 5402 frigoris.

621 5394 745 5459 Sint
772 5420 900 5477 ergo
946 5411 1333 5482 gazophylacia
1382 5413 1526 5472 inter
1573 5394 1789 5488 portam
1833 5394 2095 5487 orientis,
2152 5431 2209 5480 et

618 5496 906 5568 aquilonis,
934 5500 1049 5569 sed,
1080 5504 1220 5560 sicut
1260 5507 1466 5563 dictum
1502 5520 1608 5577 est,
1638 5510 1703 5564 ad
1735 5512 2031 5567 australem
2061 5514 2203 5571 viam

620 5588 787 5671 fﬁcies
822 5596 1134 5666 intendant,
1181 5610 1241 5657 ut
1272 5604 1413 5659 inter
1447 5606 1580 5671 hoc,
1608 5607 1753 5676 quod
1794 5607 1905 5662 nati
1936 5625 2122 5664 sumus
2148 5610 2202 5665 in

618 5676 746 5777 ﬁde,
773 5695 827 5744 et
846 5688 990 5759 quod
1015 5699 1137 5761 post
1170 5693 1237 5749 ad
1266 5704 1491 5765 peccata
1520 5696 1723 5769 delapsi
1766 5699 1832 5755 de
1857 5714 1952 5772 spe
1981 5700 2202 5772 pietatis

2306 5148 2411 5218 nit,
2443 5159 2608 5224 atque
2636 5154 2778 5211 inter
2802 5122 2952 5226 ipsos
2986 5155 3169 5213 ﬁdeles
3189 5122 3410 5228 populos,
3434 5149 3481 5201 ei

2308 5210 2594 5302 dominica:
2637 5210 3063 5316 incarnationis,
3113 5210 3230 5320 quae
3256 5210 3529 5299 .medullitus
3558 5210 3678 5320 (WE

2309 5338 2472 5392 corda
2494 5337 2796 5394 amantium
2835 5308 3081 5412 surgunt.
3126 5308 3355 5392 liabeant
3389 5337 3495 5417 81·ξο
3744 5406 3745 5417 χ

2309 5426 2625 5499 zophylacia
2666 5428 2794 5484 hinc
2832 5396 3060 5485 orientis
3087 5434 3288 5498 portam
3312 5429 3362 5477 et
3386 5413 3495 5507 inde

2310 5486 2620 5586 quia'inter
2644 5518 2757 5588 ipsa
2800 5486 3183 5590 redemptionis
3217 5528 3318 5571 sme
3356 5499 3551 5580 ηῆῐδιενίθ
3569 5486 3683 5590 qui

2309 5619 2569 5681 quuntur,
2592 5620 2646 5669 et
2669 5612 2919 5669 carnales
2943 5612 3196 5684 quosdam
3225 5621 3347 5679 quos
3365 5610 3410 5657 et
3434 5599 3538 5690 ἰηῑη
3558 5577 3683 5690 δέξίῖξ

2308 5696 2606 5761 Ecclesium
2631 5705 2894 5775 tolerant,
2922 5705 3076 5765 multi
3097 5705 3150 5763 in
3173 5702 3323 5760 Deum
3345 5688 3448 5752 forti
3468 5685 3629 5771 tum?“
