3908 6356
61 320 160 381 965

955 306 1328 369 .COMMENT.
1369 306 1436 363 ΙΝ
1475 306 1928 363 EZECUIELEM.
1967 339 2036 350 -—
2073 309 2200 365 LIB.
2244 310 2383 366 XVI.

3215 315 3320 374 966

61 441 266 491 tantum
318 436 464 485 amat
506 424 771 495 quantum
802 422 996 489 credit,
1027 432 1212 494 sperat
1242 430 1297 475 et
1350 430 1630 492 operatur,
1660 423 1711 483 Α
1738 421 1826 475 ubi
1875 438 1938 475 ex
1994 439 2226 479 maerore
2253 425 2682 495 compunctionis
2719 428 2860 499 ignis
2907 432 3080 496 ardet,
3129 438 3186 488 et
3229 448 3326 489 cor

61 538 264 587 tantum
294 529 548 595 operatur
569 529 831 592 quantum
860 521 1056 585 credit,
1088 526 1256 584 amat,
1281 526 1482 588 sperat.
1503 518 1639 584 Quia

61 622 238 690 itaque
257 617 313 672 in
337 622 521 671 sancta
546 612 783 668 Ecclesia
806 611 986 681 populi
1008 609 1162 665 multi
1188 617 1333 673 sunt,
1354 617 1409 662 et
1432 608 1638 663 robusti

61 727 150 781 per
169 709 350 775 ﬁdem,
373 714 428 763 et
451 705 783 777 longanimes
805 719 899 774 per
923 718 1095 773 spem,
1130 712 1185 757 et
1205 701 1364 772 ampli
1388 715 1486 771 per
1503 701 1636 757 cha-

61 800 287 863 ritatem,
321 806 375 854 et
406 795 653 852 efficaces
685 810 781 865 per
806 794 1195 864 operationem,
1224 794 1421 847 atrium
1455 792 1637 862 templi

61 892 155 949 lOO
204 889 402 945 cubitis
430 889 495 943 in
527 887 736 958 quadro
784 896 1150 941 mensuratur.
1202 885 1339 941 Nam
1383 894 1443 940 ut
1495 885 1640 941 aliud

61 996 261 1057 quoque
288 982 355 1036 de
394 995 583 1035 eorum
620 978 913 1034 virtutibus
956 978 1262 1048 loquamur,
1293 992 1433 1047 saepe
1462 992 1530 1032 ex
1560 976 1640 1031 eis

61 1073 307 1145 quosdam
330 1071 753 1142 prudentesper
794 1068 1226 1142 intelligentiam,
1262 1068 1428 1125 fortes
1451 1069 1506 1123 in
1539 1069 1637 1124 ad-

61 1162 420 1228 versitatibus,
448 1156 623 1231 iustos
651 1160 705 1214 in
738 1160 1069 1231 operatione,
1103 1167 1464 1230 temperantes
1486 1174 1517 1212 a
1545 1173 1639 1213 vo-

62 1253 342 1324 ,uptatibus
370 1259 533 1322 atque
572 1251 628 1305 in
676 1250 823 1305 omni
879 1250 993 1305 zelo
1022 1249 1363 1305 discretionis
1401 1264 1459 1304 se
1488 1264 1638 1303 men-

61 1358 172 1399 ;ura
198 1343 564 1405 moderantes,
582 1341 673 1411 qui
697 1342 822 1396 dum
847 1341 1210 1410 prudentiam,
1242 1340 1635 1407 fortitudinem,

65 1432 330 1497 ustitiam.
373 1440 533 1500 atque
591 1432 997 1502 temperantiam
1031 1451 1043 1486 :
1076 1432 1158 1487 vel
1204 1432 1342 1487 sicut
1382 1448 1474 1487 eas
1511 1447 1639 1485 enu-

62 1538 257 1579 nerare
304 1522 628 1593 quibusdam
684 1523 880 1595 placet,
925 1524 1287 1592 prudentiam,
1340 1532 1639 1593 temperan-

61 1613 195 1681 .iam,
228 1610 600 1669 fortitudinem
636 1616 1072 1685 atquejustitiam
1098 1623 1301 1682 tenent,
1331 1630 1637 1671 mensuram

61 1702 302 1775 spiritalis
336 1704 460 1758 atrii
494 1704 548 1758 in
578 1705 786 1774 quadro
808 1705 1025 1760 habent.
1051 1706 1191 1762 Ecce
1230 1707 1375 1761 enim
1406 1707 1637 1762 virtutes

61 1800 198 1867 ipsa},
227 1812 364 1867 quas
395 1797 593 1852 habere
620 1797 791 1853 bonos
824 1812 889 1853 ac
928 1798 1113 1854 ﬁdeles
1163 1798 1419 1865 diximus,
1452 1800 1525 1854 ita
1578 1800 1634 1853 in

61 1888 250 1958 luadro
294 1899 442 1953 sunt,
481 1895 541 1942 ut
567 1904 673 1941 una
695 1888 858 1943 aliam
900 1905 1006 1944 non
1036 1891 1280 1945 excedat.
1330 1890 1519 1962 Magna
1551 1898 1635 1944 est

62 1981 239 2051 [dippe
283 1979 596 2049 prudentia,
643 1981 739 2034 sed
786 1980 833 2034 si
881 1981 1061 2036 minus
1088 1989 1225 2035 esta
1270 1981 1633 2050 voluptatibus

66 2084 366 2140 cmperans,
398 2069 578 2123 minus
603 2068 657 2125 in
684 2069 941 2139 periculis
968 2069 1144 2137 fortis,
1188 2072 1370 2126 minus
1407 2072 1460 2125 in
1512 2086 1636 2141 0pc-

61 2158 337 2213 ationibus
361 2157 529 2226 justa,
564 2158 807 2227 profecto
830 2160 1007 2215 minus
1036 2169 1119 2215 est
1154 2162 1410 2231 prudens.
1438 2161 1632 2232 Magna

61 2258 120 2303 rst
143 2250 522 2320 temperantia,
552 2249 646 2305 sed
670 2249 715 2306 si
749 2250 927 2306 minus
966 2249 1213 2323 intelligit
1238 2252 1379 2307 unde
1402 2267 1459 2307 se
1500 2261 1634 2307 tem-

61 2348 205 2403 icrct,
247 2339 293 2393 si
333 2339 565 2395 adversa
597 2340 865 2396 sustinere
902 2352 1001 2410 per
1038 2340 1407 2398 fortitudinem
1455 2344 1635 2399 minus

61 2428 176 2483 'alet
204 2435 371 2499 atque
396 2430 449 2483 in
479 2430 675 2484 timore
698 2430 937 2485 animum
962 2432 1166 2502 dejicit,
1198 2432 1243 2486 si
1265 2447 1362 2503 per
1387 2435 1635 2505 praccipi-

66 2520 297 2575 ationem
353 2534 515 2575 suam
577 2519 867 2591 aliquando
908 2522 964 2576 in
1013 2521 1239 2592 justitiae
1290 2539 1455 2595 opera
1508 2540 1636 2595 pro-

61 2613 254 2682 umpit,
289 2613 478 2668 minus
506 2619 590 2667 est
630 2622 955 2684 temperans.
1012 2615 1209 2686 Magna
1238 2625 1322 2671 est
1346 2617 1628 2683 fortitudo,

61 2701 135 2756 θεά
160 2703 204 2758 si
230 2702 419 2758 minus
444 2701 717 2774 intelligit,
754 2719 875 2773 quae
926 2705 1069 2760 bona
1111 2706 1402 2774 custodiat,
1437 2708 1635 2777 quibus

61 2790 193 2847 nalis
216 2792 464 2859 resistat,
495 2793 542 2849 si
568 2793 752 2848 minus
780 2808 811 2848 a
832 2794 1125 2866 voluptatis
1146 2798 1388 2867 appetitu
1416 2813 1474 2854 se
1496 2805 1635 2854 tem-

61 2890 213 2949 terat,
240 2883 334 2939 sed
361 2882 603 2939 vincitur
632 2882 1011 2950 delectatione,
1043 2886 1090 2940 si
1104 2885 1329 2955 iustitiae
1348 2900 1511 2956 opera
1536 2888 1637 2942 mi-

62 2990 142 3029 tus
171 2982 337 3043 tenet,
377 2984 537 3046 atque
563 2974 854 3047 aliquando
882 2978 937 3033 in
964 2977 1240 3047 iniustitiae
1271 2980 1641 3037 dominatione

61 3080 343 3140 tupcratur,
388 3071 569 3126 minus
600 3071 884 3128 estfortis.
925 3070 1117 3145 Magna
1149 3082 1232 3129 est
1254 3072 1503 3143 iustitia;
1541 3075 1638 3131 sed

61 3160 88 3213 si
117 3161 294 3217 minus
319 3176 490 3233 quam
514 3161 674 3217 debet
696 3160 1000 3230 inter‘iusta
1032 3164 1316 3234 et‘injusta
1338 3178 1506 3237 opera
1529 3166 1637 3221 dis-

61 3253 234 3321 :ernit,
259 3255 303 3310 si
334 3254 517 3310 minus
542 3268 737 3309 curam
749 3256 933 3310 mundi
962 3254 1326 3311 delectatione
1345 3264 1633 3327 temperat,

112 3348 285 3404 minus
308 3365 376 3405 se
399 3357 586 3406 contra
608 3350 833 3405 adversa
854 3350 1145 3419 cnnfortat,
1163 3354 1343 3410 minus
1368 3362 1451 3409 est
1464 3353 1633 3423 justa.

61 3436 388 3494 llensuretur
421 3452 551 3507 ergo
578 3438 942 3508 perfectorum
971 3440 1215 3496 fidelium
1234 3443 1345 3498 vita
1379 3459 1476 3515 per
1502 3461 1638 3516 qua-

62 3529 222 3593 lrum,
278 3536 333 3584 et
379 3535 592 3585 tantum
620 3528 821 3584 habeat
843 3530 1102 3600 spiritalis
1127 3531 1253 3585 atrii
1285 3532 1427 3588 latus
1447 3550 1634 3599 unum,

62 3626 304 3689 luantum
356 3617 528 3672 latera
556 3617 786 3689 singula.
837 3618 973 3685 Quia
1009 3620 1376 3691 unusquisque
1425 3630 1638 3678 tantum

61 3708 281 3775 )rudens
319 3717 433 3774 est,
473 3717 736 3780 quantum
771 3716 1101 3780 temperans,
1142 3710 1300 3767 fortis
1329 3720 1383 3767 et
1422 3711 1633 3781 justus;

61 3808 253 3855 .antum
285 3809 622 3872 temperans,
647 3810 909 3872 quantum
943 3803 1207 3873 prudens,
1263 3803 1419 3860 fortis
1456 3814 1510 3859 et
1548 3805 1639 3874 ju-

61 3900 194 3961 stus;
240 3904 448 3951 tantum
487 3895 643 3951 fortis
673 3905 933 3966 quantum
958 3900 1199 3969 prudens
1227 3908 1283 3954 et
1329 3908 1637 3971 temperans

61 3992 98 4039 ξι
118 3986 331 4056 justus;
370 3994 584 4042 tantum
614 3984 794 4055 justus
823 3996 1087 4058 quantum
1123 3989 1396 4059 prudens,
1433 4000 1639 4060 tempe-

62 4095 173 4134 'ans
206 4088 263 4134 et
296 4079 455 4135 fortis
484 4079 666 4133 fuerit.
699 4080 839 4135 Sunt
865 4088 1046 4136 tamen
1083 4081 1229 4135 inter
1273 4097 1367 4136 eos
1394 4081 1637 4150 plurimi,

61 4171 138 4243 [ui
165 4171 344 4226 adhuc
369 4170 660 4227 carnaliter
686 4171 896 4236 vivunt,
911 4172 1003 4240 qui
1028 4180 1084 4226 et
1102 4173 1149 4226 si
1182 4170 1412 4226 fortasse
1433 4170 1640 4227 litteras

62 4281 322 4342 .gnorant,
348 4280 405 4326 et
426 4277 697 4343 przecepta
724 4270 820 4326 Dei
848 4269 1026 4341 legere
1050 4285 1159 4325 non
1183 4269 1382 4335 valent,
1408 4276 1558 4325 certe
1586 4279 1640 4323 et

66 4378 100 4417 n
131 4362 424 4419 multorum
452 4362 688 4419 fidelium
719 4362 1130 4418 conversatione
1161 4362 1334 4427 bona,
1369 4376 1488 4431 quae
1520 4362 1641 4416 imi-

1743 516 2093 570 consumitur.
2119 518 2303 572 Altare
2329 534 2457 590 ergo
2471 530 2597 575 ante
2626 520 2818 579 faciem
2852 525 3034 595 templi
3062 533 3169 592 est,
3199 541 3325 583 cum

1740 606 1892 661 multi
1948 608 2001 661 in
2053 618 2254 664 sanctae
2300 610 2558 667 Ecclesia:
2598 622 2897 687 conspectu
2965 625 3090 671 sunt
3138 618 3318 689 positi,

1740 699 1829 768 qui
1859 702 2045 755 mterni
2059 700 2252 769 judicii
2277 718 2575 771 memores,
2604 708 2923 777 semetipsos
2948 710 3188 780 quotidie
3213 710 3325 767 Deo

1740 792 2063 848 sacrificium
2093 796 2149 849 in
2184 795 2425 859 lamenta,
2462 798 2891 867 compunctionis
2914 792 3182 857 mactant.
3220 802 3325 869 Qui

1740 891 1796 937 ut
1841 884 2156 954 prmdictum
2203 893 2286 941 est
2324 901 2553 957 corpora
2601 889 3179 961 castigantgquatinns
3219 894 3340 947 hoc

1739 973 1881 1043 quod
1906 989 2003 1044 per
2033 975 2350 1043 magistrum
2382 978 2621 1049 gentium
2658 979 3155 1053 dicimrﬁimpleant
3179 999 3196 1038 :
3224 1003 3243 1036 ι
3264 992 3326 1039 ut

1739 1065 2039 1121 exhibeatis
2053 1082 2281 1137 corpora
2296 1079 2476 1124 vestra
2494 1071 2729 1126 hostiam
2749 1072 3041 1141 ~ﬂventem,
3057 1085 3322 1139 sanctam,

1738 1156 1850 1212 Deo
1870 1159 2189 1227 placentem.
2204 1178 2222 1210 ›
2249 1151 2432 1215 Hostia
2456 1162 2652 1232 quippe
2666 1162 2929 1217 occiditur
2955 1171 3014 1218 ut
3038 1163 3318 1232 offeratur,

1740 1251 1832 1304 sed
1879 1250 2052 1305 hostia
2087 1250 2272 1306 vivens
2315 1261 2396 1306 est
2431 1267 2627 1322 corpus
2664 1268 2765 1322 pro
2786 1253 3020 1310 Domino
3041 1254 3321 1323 afflictum,

1739 1342 1879 1410 quod
1905 1349 1959 1396 et
1999 1341 2175 1398 hostia
2205 1344 2418 1409 dicitur,
2453 1353 2508 1400 et
2528 1346 2735 1413 vivens,
2765 1346 2890 1416 quia
2915 1347 3051 1402 vivit
3072 1348 3125 1402 in
3156 1347 3325 1404 virtu-

1740 1434 1903 1501 tibus,
1929 1443 1984 1490 et
2015 1445 2097 1491 cst
2128 1451 2158 1490 a
2189 1436 2334 1492 vitiis
2371 1437 2631 1493 occisum.
2680 1437 2876 1495 ‘llostia
2904 1440 3169 1505 videlicet,
3200 1442 3326 1510 quia

1735 1524 1848 1595 jam
1870 1526 1997 1580 huic
2010 1527 2209 1581 mundo
2226 1537 2309 1583 est
2324 1544 2354 1583 a
2378 1530 2563 1599 pravis
2575 1530 2786 1587 actibus
2809 1538 3101 1587 mortuum.
3127 1531 3327 1589 Vivens

1739 1627 1937 1683 autem,
1954 1619 2076 1689 quia
2107 1628 2301 1674 cuncta
2325 1635 2444 1690 quae
2472 1621 2890 1691 prmvalet'bona
2912 1631 3185 1693 operatur.
3208 1622 3327 1678 ‘Scd

1739 1710 1865 1779 quia
1911 1709 2011 1763 sub
2057 1710 2241 1764 altaris
2277 1711 2497 1767 nomine
2540 1713 2608 1767 de
2635 1713 3066 1783 compunctionis
3108 1712 3327 1769 flamma

1739 1816 1917 1855 sermo
1969 1817 2030 1857 se
2072 1801 2271 1867 intulit,
2308 1804 2673 1859 necessarium
2692 1813 2853 1875 puto,
2884 1821 3004 1877 qua:
3040 1808 3113 1863 sit
3150 1808 3329 1864 diver-

1737 1891 1868 1948 sitas
1907 1891 2143 1961 ejusdem
2171 1895 2599 1964 compunctionis
2614 1898 2922 1953 ostendere.
2981 1899 3098 1954 Alia
3129 1900 3328 1972 quippe

1737 1987 2081 2054 compunctio
2104 1994 2207 2051 est,
2234 2003 2354 2057 qum
2374 2003 2471 2058 per
2500 1988 2750 2045 timorem
2780 1992 3042 2059 nascitur,
3072 1993 3175 2049 alia
3207 2010 3327 2065 quae

1736 2090 1835 2146 per
1864 2093 2123 2133 amorem.
2170 2077 2307 2145 Quia
2342 2079 2486 2135 aliud
2513 2088 2597 2136 est
2626 2082 2885 2154 supplicia
2916 2082 3136 2157 fugere,
3182 2085 3328 2141 aliud

1736 2169 1955 2236 praemia
1988 2169 2317 2224 desiderare.
2374 2168 2529 2226 Unde
2579 2180 2635 2227 et
2665 2173 2718 2227 in
2738 2173 3101 2230 tabernaculo
3124 2190 3223 2246 per
3251 2175 3328 2231 le—

1738 2272 1857 2328 gem
1887 2259 1991 2314 duo
2015 2259 2207 2315 altaria
2229 2259 2349 2316 fieri
2377 2260 2657 2330 iubentur,
2683 2278 2852 2318 unum
2892 2264 3145 2321 videlicet
3173 2275 3326 2322 exte-

1736 2351 1871 2417 rius,
1916 2352 2057 2408 aliud
2084 2368 2216 2409 vero
2257 2354 2503 2412 interius.
2544 2356 2725 2413 Unum
2750 2358 2806 2412 in
2833 2359 2991 2424 atrio,
3017 2358 3160 2413 aliud
3205 2368 3331 2414 ante

1737 2458 1940 2509 arcam,
1973 2459 2139 2498 unum
2170 2446 2313 2515 quod
2355 2461 2463 2501 tere
2483 2454 2797 2518 coopertum
2846 2457 2948 2515 est,
3005 2448 3150 2504 aliud
3185 2450 3331 2520 quod

1737 2548 1870 2589 auro
1918 2536 2167 2602 vestitur,
2199 2547 2363 2606 atque
2417 2538 2471 2591 in
2516 2538 2674 2595 altari
2713 2554 2857 2595 aereo
2885 2550 3327 2607 concremantur,

1738 2642 1953 2694 carnes,
1987 2637 2040 2683 in
2089 2628 2249 2683 altari
2300 2643 2433 2685 vero
2476 2645 2643 2685 aureo
2682 2630 3043 2687 incenduntur
3063 2640 3326 2687 aromata.

1738 2718 1879 2786 Quid
1923 2726 2006 2775 est
2032 2721 2155 2786 hoc,
2180 2718 2383 2776 fratres
2411 2721 2906 2794 charissimi,quod
2930 2721 3083 2779 ‘foris
3109 2737 3332 2779 concre—

1739 2819 1957 2882 mantur
1978 2827 2189 2877 carnes,
2206 2812 2348 2866 intus
2377 2813 2892 2879 aromata,nisi'hoc
2917 2813 3059 2884 quod
3090 2812 3333 2885 quotidie

1739 2903 2003 2968 videmus,
2033 2903 2158 2973 quia
2187 2904 2291 2958 duo
2313 2904 2893 2976 sunt-compunctionis
2918 2919 3138 2975 genera,
3167 2913 3333 2975 atque

1742 2997 1831 3052 alii
1855 2997 2030 3052 adhuc
2067 3012 2163 3066 per
2178 2999 2426 3053 timorem
2453 2998 2731 3070 plangunt,
2757 2999 2847 3054 alii
2867 3012 2996 3055 vero
3012 2997 3126 3069 jam
3155 3013 3215 3055 se
3234 3012 3334 3070 per

1743 3102 1981 3142 amorem
2023 3088 2077 3142 in
2110 3088 2361 3142 lamentis
2386 3088 2658 3143 alliciunt?
2686 3088 2838 3144 Multi
2880 3104 3116 3159 namque
3140 3104 3333 3160 pecca-

1742 3187 1918 3234 torum
1948 3194 2168 3234 suorum
2204 3193 2494 3245 memores,
2526 3179 2653 3235 dum
2688 3180 2951 3251 supplicia
2976 3189 3181 3237 aeterna
3200 3195 3329 3252 per-

1739 3269 2056 3335 timescunt,
2091 3269 2420 3339 quotidianis
2451 3285 2509 3325 se
2554 3270 2810 3342 lacrymis
2853 3268 3138 3343 affligunt:
3173 3272 3330 3343 plan-

1740 3369 1871 3431 gunt
1910 3359 2048 3415 mala
2097 3374 2217 3431 quae
2270 3359 2537 3426 fecerunt,
2596 3369 2650 3417 et
2692 3361 2989 3418 incendunt
3040 3363 3171 3417 vitia
3204 3363 3331 3432 igne

1738 3454 2186 3523 compunctionis,
2218 3468 2446 3523 quorum
2476 3452 2652 3509 adhuc
2670 3455 3057 3525 'suggestiones
3085 3455 3140 3509 in
3167 3454 3330 3511 corde

1737 3546 2018 3614 patiuntur
2042 3563 2055 3599 :
2083 3545 2211 3615 quid
2243 3545 2354 3609 isti,
2380 3545 2483 3600 nisi
2506 3544 2678 3600 altare
2703 3553 2830 3600 sunt
2859 3560 3092 3613 aereum,
3142 3544 3197 3601 in
3226 3561 3334 3617 quo

1740 3651 1932 3692 carnes
1988 3638 2196 3702 ardent,
2262 3631 2389 3707 quia
2433 3638 2609 3692 adhuc
2656 3637 2724 3691 ab
2760 3636 2840 3692 eis
2881 3635 3121 3691 carnalia
3168 3650 3333 3707 opera

1739 3728 2238 3800 planguntur?‘Alii
2276 3742 2409 3784 vero
2444 3743 2475 3783 a
2520 3726 2829 3785 carnalibus
2848 3727 3000 3783 vitiis
3031 3727 3208 3793 liberi,
3234 3734 3331 3783 aut

1726 3820 2044 3891 'longisjam
2072 3819 2289 3876 ﬂetibus
2310 3820 2505 3885 securi,
2527 3820 2727 3876 amoris
2754 3820 2973 3875 ﬂamma
2994 3820 3051 3875 in
3074 3833 3334 3889 compun—

1741 3912 1935 3968 ctionis
1980 3912 2229 3982 lacrymis
2278 3913 2645 3977 inardescunt,
2688 3911 2926 3967 caelestis
2962 3911 3150 3982 patria:
3191 3927 3333 3982 prte-

1741 4005 1849 4058 mia
1880 4003 2060 4058 cordis
2106 4002 2275 4058 oculis
2300 4011 2610 4073 proponunt
2638 4019 2652 4055 :
2682 4003 2931 4074 supernis
2959 4003 3073 4073 jam
3124 4002 3334 4058 civibus

1744 4094 2005 4149 interesse
2036 4094 2444 4163 concupiscunt.
2498 4095 2642 4148 Dura
2676 4092 2754 4147 eis
2808 4101 3032 4163 apparet
3076 4093 3331 4158 servitus,

1740 4185 2018 4256 longitudo
2042 4185 2491 4256 peregrinationis
2521 4198 2652 4249 suae,
2703 4197 2887 4255 regem
2914 4183 2982 4238 'in
3012 4183 3208 4238 decore
3236 4196 3335 4238 suo

1741 4278 1925 4332 videre
1950 4277 2282 4343 desiderant,
2303 4276 2505 4332 et'ﬂere
2528 4273 2770 4345 quotidie
2795 4290 2859 4333 ex
2890 4273 3006 4344 ejus
3028 4288 3212 4330 amore
3226 4289 3335 4331 non

1742 4380 1977 4431 cessant.
2005 4371 2144 4440 Quid
2174 4371 2285 4437 isti,
2320 4370 2424 4425 nisi
2466 4369 2638 4424 altare
2678 4376 2803 4424 sunt
2830 4383 3052 4425 aureum
3094 4368 3150 4423 in
3195 4381 3334 4438 quo-

61 4458 229 4506 entur
252 4451 454 4518 vident,
503 4450 642 4507 Ecce
666 4451 722 4505 in
768 4450 1005 4507 Ecclesia
1034 4466 1192 4506 voces
1239 4452 1412 4507 sancti
1466 4452 1637 4506 Evan-

1745 4486 1866 4525 rum
1935 4467 2098 4524 corde
2147 4474 2389 4523 aromata
2445 4465 2667 4521 incensa
2731 4472 2877 4532 sunt,
2923 4465 3049 4536 quia
3107 4464 3336 4519 virtutes

61 4542 171 4613 gelii
199 4550 362 4613 atque
405 4541 771 4612 apostolorum
803 4548 1015 4597 sonant.
1052 4540 1193 4597 Ecce
1228 4540 1471 4612 exempla
1502 4542 1639 4597 bene

61 4631 343 4689 viventium
375 4631 613 4702 quotidie
637 4631 917 4686 hominum
941 4630 1111 4686 oculis
1141 4640 1503 4703 opponuntur,
1539 4647 1638 4688 nec

61 4724 103 4776 in
131 4722 481 4779 excusatione
522 4736 618 4776 sua
647 4720 830 4775 dicere
874 4728 1138 4790 poterunt
1172 4739 1185 4774 :
1223 4721 1340 4776 Non
1380 4723 1633 4790 vidimus,

61 4816 198 4887 quod
228 4813 431 4870 imitari
454 4813 791 4869 deberemus.
815 4806 966 4867 Unde
991 4818 1045 4866 et
1073 4809 1350 4866 subditur:

130 4950 148 4982 ‹
181 4931 253 4986 Ει
282 4929 453 4985 altare
498 4934 625 4983 ante
675 4925 873 4981 faciem
899 4924 1106 4996 templi.
1142 4944 1161 4977 ι
1196 4923 1336 4991 Quid
1376 4932 1459 4978 est
1503 4932 1638 4979 tem-

61 5025 199 5095 plum
256 5023 361 5079 nisi
411 5020 585 5078 ﬁdelis
604 5018 885 5090 populus?
927 5018 1073 5074 sicut
1110 5032 1207 5087 per
1244 5016 1472 5072 Paulum
1505 5029 1635 5086 apo-

61 5117 261 5171 stolum
298 5112 575 5183 discipulis
603 5111 831 5166 dicitur:
862 5130 879 5161 ‹
920 5110 1200 5182 Templum
1224 5110 1368 5165 enim
1392 5109 1486 5164 Dei
1512 5124 1638 5165 san-

61 5216 201 5262 ctum
224 5214 331 5272 est,
350 5205 490 5276 quod
517 5203 649 5259 estis
673 5217 765 5257 vos
788 5201 840 5273 (Ι
870 5201 1111 5275 Count).
1148 5222 1167 5254 ι
1202 5202 1270 5256 Et
1292 5202 1423 5272 quid
1450 5209 1533 5257 est
1562 5202 1638 5255 al-

62 5307 174 5356 tare
200 5300 299 5356 Dei
323 5299 427 5355 nisi
448 5313 601 5353 mens
630 5297 766 5352 bene
790 5295 1119 5350 viventium?
1157 5297 1247 5366 qui
1296 5296 1397 5351 rite
1448 5311 1640 5366 pecca-

63 5401 238 5447 torum
290 5406 509 5447 suorum
566 5403 835 5444 memores
868 5388 1122 5458 lacrymis
1166 5388 1404 5443 maculas
1440 5387 1641 5453 lavant,

63 5498 281 5539 carnem
316 5498 410 5555 per
454 5481 837 5537 abstinentiam
885 5487 1181 5545 macerant,
1205 5479 1365 5537 nullis
1396 5495 1459 5539 se
1486 5478 1645 5549 hujus

66 5575 248 5629 mundi
303 5574 606 5630 actionibus
648 5574 900 5637 miscent,
954 5585 1074 5641 quae
1102 5571 1321 5636 habent,
1358 5571 1645 5643 indigenti-

67 5663 164 5719 bus
195 5666 456 5731 tribuunt,
484 5674 539 5720 ct
561 5666 760 5721 habere
786 5678 908 5734 qua:
932 5678 1037 5717 non
1080 5662 1283 5717 habent
1310 5676 1416 5717 non
1446 5678 1645 5717 concu-

68 5756 298 5825 piscunt.
364 5756 531 5812 Recte
580 5756 744 5827 igitur
771 5757 967 5813 horum
996 5770 1092 5812 cor
1132 5754 1302 5810 altare
1328 5752 1425 5810 Dei
1446 5754 1644 5811 dicitur

1743 4558 1979 4614 ardent?
2005 4558 2151 4613 Bene
2180 4566 2360 4612 autem
2402 4555 2468 4610 de
2506 4555 2698 4611 eodem
2725 4554 2882 4609 altari
2925 4555 3147 4620 dicitur,
3190 4556 3338 4625 quod

1744 4660 1871 4706 ante
1902 4651 2077 4705 velum
2108 4665 2246 4704 arca?
2285 4650 2356 4704 sit
2397 4649 2633 4717 positum
2684 4648 2740 4701 in
2760 4655 2950 4701 sancta
2998 4655 3332 4701 sanctorum.
3386 4698 3389 4700 .

1742 4746 1881 4800 Arca
1907 4744 2105 4813 quippe
2143 4740 2455 4797 testamenti
2474 4741 2591 4808 ipse
2612 4737 2769 4794 nobis
2790 4736 2966 4793 factus
2994 4746 3096 4815 est.
3124 4737 3199 4792 De
3226 4752 3335 4807 quo

1743 4835 2006 4902 scriptum
2030 4832 2300 4895 novimus,
2333 4849 2351 4880 ‹
2380 4831 2436 4884 in
2465 4844 2574 4899 quo
2600 4835 2725 4884 sunt
2749 4841 2940 4884 omnes
2984 4828 3227 4883 thesauri
3250 4840 3337 4882 sa-

1743 4927 1960 4997 pientia:
1988 4932 2043 4979 et
2068 4924 2307 4979 scientim
2330 4921 2681 4978 absconditi.»
2717 4922 2858 4977 Arca
2883 4921 3025 4976 intra
3059 4918 3233 4975 velum
3253 4926 3337 4974 est

1746 5017 2059 5087 redemptor
2086 5027 2269 5070 noster
2311 5014 2367 5068 in
2401 5014 2555 5070 cmlo.
2609 5013 2795 5069 Altare
2823 5026 2952 5068 vero
3004 5024 3227 5066 aureum
3280 5027 3336 5067 ιη

1746 5124 1855 5180 quo
1902 5107 2199 5180 thymiama
2239 5106 2542 5162 incenditur
2585 5115 2712 5161 ante
2760 5104 2962 5170 velum,
3024 5112 3335 5160 sanctorum

1746 5199 1933 5268 corda,
1989 5215 2108 5270 quae
2160 5214 2283 5254 cum
2337 5200 2544 5269 magnis
2580 5197 2873 5252 virtutibus
2917 5196 2971 5250 in
3018 5194 3112 5250 Dei
3150 5209 3335 5251 amore

1746 5308 2005 5351 succensa
2028 5299 2171 5358 sunt,
2193 5300 2544 5361 persanctum
2573 5289 2895 5345 desiderium
2918 5290 2973 5343 in
3000 5287 3091 5343 illo
3118 5289 3334 5356 ardent,

1747 5400 1906 5457 quem
1930 5386 2106 5440 adhuc
2134 5383 2371 5439 revelata
2397 5380 2533 5436 facie
2558 5381 2741 5436 videre
2784 5394 2887 5435 non
2909 5387 3155 5450 possunt.
3187 5379 3337 5436 Inter

1744 5492 1929 5533 arcam
1972 5476 2169 5546 quippe
2218 5483 2273 5529 et
2302 5472 2473 5526 altare
2518 5470 2695 5525 velum
2734 5480 2837 5536 est,
2880 5471 3003 5540 quia
3039 5470 3143 5526 hoc
3189 5470 3332 5541 quod

1745 5584 1843 5624 nos
1879 5569 2054 5623 adhuc
2080 5583 2110 5621 a
2139 5567 2346 5620 visione
2376 5564 2469 5619 Dei
2493 5572 2728 5633 separat,
2754 5562 3113 5631 corruptionis
3133 5569 3333 5617 nostrae

1745 5660 2086 5716 obstaculum
2133 5664 2400 5712 remotum
2453 5670 2561 5710 non
2613 5664 2714 5720 est,
2768 5656 2861 5710 sed
2891 5669 3170 5724 quousque
3205 5658 3335 5708 ante

1742 5753 1921 5811 velum
1979 5766 2201 5817 sumus,
2250 5756 2465 5822 oportet
2517 5758 2576 5805 ut
2639 5750 2792 5820 quasi
2841 5748 3206 5820 thymiamatis
3243 5746 3328 5802 in-
