3908 6356
683 324 790 382 967

1165 334 1171 340 -
1262 390 1271 393 _
1337 319 1402 376 Β.
1442 317 1701 399 uanam
1740 314 1963 407 unum
1998 312 2319 403 ARCHIEP.
2357 288 2672 407 nceunr.
2710 306 2996 371 opsum!
3028 307 3196 407 rans
3224 312 3283 370 ιι.
3654 328 3699 389 η

680 452 904 496 censum
957 435 1176 491 ﬂamma
1240 434 1446 489 amoris
1515 432 1805 489 ardeamus
1859 430 1965 487 Per
2029 444 2292 500 compun-
2318 436 2371 495 Α
2397 429 2542 484 libus
2562 408 3020 494 columnaeperant,
3052 444 3152 484 una
3172 414 3308 499 hinc,
3337 440 3381 488 et
3407 432 3699 502 ιιιεηιωάιι,

680 529 879 586 ctionis
926 536 1108 584 autem
1145 525 1437 597 lacrymas,
1479 523 1558 579 nil
1613 532 1914 588 terrenum,
1970 519 2047 575 nil
2092 516 2293 575 transi-

681 618 883 675 torium
918 630 1163 688 quaerere
1206 613 1490 671 debemus.
1533 611 1696 669 Solus
1723 612 1882 668 nobis
1913 611 2030 681 ipse
2058 608 2293 665 sulliciat

679 709 773 781 qui
786 708 918 764 fecit
939 707 1122 763 omnia
1140 723 1155 761 :
1172 704 1618 762 transcendamus
1630 717 1729 774 per
1745 699 2071 758 desiderium
2085 700 2288 766 omnia,

680 809 743 856 ut
762 806 1000 855 mentem
1021 796 1343 868 colligamus
1395 796 1452 851 in
1478 810 1606 851 uno.
1649 793 1765 851 Non
1793 791 1907 862 jam
1944 793 2141 849 timore
2166 804 2288 863 pm-

728 907 737 909 _
800 908 809 909 κ
837 907 865 909 _-
932 906 1011 909 ,-,,
1040 906 1084 909 ,__
1102 905 1176 909 -4-
1193 890 1292 909 -_!-
1312 889 1563 909 _242-_._-_..
1611 890 1700 909 -AJ
1720 885 2142 909 -...-..2-Π-...μ-
2175 901 2268 909 ---Α

678 907 897 961 narum,
914 906 1025 948 non
1038 890 1304 947 memoria
1312 889 1592 963 vitiorum,
1607 890 1703 945 sed
1717 887 1921 944 amoris
1931 885 2147 942 ﬂamma
2173 901 2292 943 suc-

627 961 649 977 "
682 981 860 1050 censi,
910 980 1200 1037 ardeamus
1243 979 1301 1036 in
1336 978 1597 1051 lacrymis
1634 992 1758 1033 cum
1788 977 1956 1032 odore
2000 975 2285 1032 virtutum.

645 1070 667 1159 ξ
760 1091 781 1127 ι
808 1071 881 1130 Et
914 1071 1220 1129 introduxit
1246 1086 1337 1126 me
1362 1069 1421 1125 in
1445 1067 1773 1125 vestibulum
1807 1068 2016 1139 templi,
2048 1076 2105 1123 et
2139 1082 2292 1123 men-
2334 1146 2338 1150 '

687 1179 710 1217 ι
738 1178 837 1221 sus
862 1171 949 1219 est
974 1160 1300 1218 vestibulum
1323 1160 1561 1232 quinque
1595 1160 1793 1216 cubitis
1831 1160 1980 1226 hinc,
2028 1167 2083 1214 et
2126 1159 2289 1229 quin-

677 1259 712 1307 ἰ
743 1268 850 1325 que
871 1251 1070 1309 cubitis
1093 1251 1237 1307 inde.
1262 1250 1333 1306 Et
1380 1249 1723 1307 latitudinem
1750 1258 1920 1322 portae
1941 1249 2106 1305 trium
2140 1248 2293 1304 cubi-

690 1361 712 1397 ι
748 1354 929 1401 torum
975 1342 1123 1410 hinc,
1159 1349 1216 1399 et
1237 1342 1403 1399 trium
1444 1342 1755 1399 cubitorum
1793 1342 1938 1399 inde.
1969 1341 2291 1412 Longitudi-

689 1451 714 1488 ι
755 1448 880 1490 nem
901 1441 1081 1489 autem
1104 1432 1359 1489 vestibuli
1382 1433 1576 1505 viginti
1596 1433 1927 1500 cubitorum,
1948 1432 2290 1489 latitudinem

690 1543 714 1580 ε
742 1526 996 1582 undecim
1042 1525 1372 1592 cubitorum,
1402 1533 1459 1581 et
1480 1534 1604 1583 octo
1651 1526 1851 1598 gradus
1896 1526 2293 1582 ascendebatur

690 1634 716 1672 ι
745 1617 815 1674 ad
853 1632 995 1675 eam.
1027 1636 1047 1670 ι
1080 1615 1356 1690 (Ηεενοη.)
1381 1615 1736 1687 Supradictus
1765 1632 1984 1688 quoque
2013 1618 2094 1672 vir
2114 1617 2290 1673 intro~

680 1708 838 1768 duxit
856 1709 1202 1766 Ezechielem
1221 1708 1279 1766 in
1303 1708 1632 1764 vestibulum
1653 1709 1768 1766 sive
1797 1711 2059 1786 πρόπυὶοτυ
2081 1708 2290 1780 templi,

2392 518 2531 577 dixit
2564 520 2702 586 duae,
2740 533 2810 583 ne
2851 518 2904 573 in
2937 519 3137 575 dualem
3170 521 3423 580 incurreret
3447 542 3641 599 numerum,
3664 543 3699 593 sa

2380 626 2507 666 una
2525 620 2583 667 et
2609 627 2739 679 una,
2777 611 2871 682 qui
2909 610 3166 682 perlectus
3192 620 3264 668 est
3302 631 3512 683 numerus,
3549 629 3584 675 et
3613 628 3698 683 una

2349 735 2357 742 -
2391 702 2477 758 sui
2495 702 2738 758 imitatur
2773 702 2959 759 Deum.
2997 701 3099 758 Illa:
3127 712 3287 759 autem
3310 716 3434 762 erant
3459 710 3624 769 columna
3642 718 3697 783 de,

2390 795 2459 852 de
2498 795 2693 866 quibus
2731 803 2788 851 et
2815 795 2873 850 in
2919 794 3221 868 Apocalypsi
3258 797 3451 855 dicitur:
3478 820 3493 853 ‹
3521 802 3695 873 unum

2390 884 2586 949 iaciam
2612 901 2735 942 eum
2770 885 3071 942 columnam
3095 887 3149 940 in
3174 888 3347 958 templo
3381 887 3459 946 Dei
3477 891 3564 957 mei,
3594 896 3695 952 etiam

2390 990 2496 1031 non
2527 975 2853 1047 egredietur.
2894 995 2913 1027 ι
2946 974 3013 1031 Et
3042 974 3223 1033 Petrus
3239 992 3296 1033 ac
3309 976 3492 1036 Joannes
3508 982 3694 1057 rebus

2355 1068 2363 1075 ’
2388 1066 2660 1139 pellantur
2688 1065 2968 1134 Ecclesia,
2994 1081 3090 1137 per
3129 1082 3252 1138 quos
3286 1068 3540 1141 ingredimur
3560 1073 3692 1131 δείδω

2391 1167 2722 1226 sanctorum,
2754 1168 2813 1217 et
2840 1174 3067 1231 quorum
3092 1160 3313 1217 doctrina
3333 1162 3391 1217 ad
3418 1160 3692 1233 Christumm

2389 1250 2652 1307 introitus
2688 1261 2792 1308 est.

2466 1360 2486 1394 ι
2526 1342 2593 1398 Et
2613 1342 2881 1400 columna:
2905 1351 3059 1401 erant
3095 1342 3148 1399 in
3185 1342 3414 1401 frontibus
3434 1360 3511 1401 una
3526 1348 3601 1404 hinc
3622 1360 3648 1403 et
3666 1349 3693 1403 al

2397 1450 2418 1486 ι
2450 1440 2567 1491 tera
2597 1433 2740 1490 inde.
2773 1453 2793 1487 ι
2825 1433 2903 1489 De
2925 1433 3114 1505 quibus
3134 1434 3367 1492 columnis
3400 1434 3443 1490 in
3463 1434 3554 1492 libro
3569 1437 3692 1508 Regius

2388 1524 2842 1596 Paralipomenon
2878 1524 3085 1596 legitur
3103 1563 3116 1588 ,
3164 1523 3250 1580 ubi
3303 1532 3516 1580 structura
3544 1526 3638 1595 tend
3657 1526 3692 1581 Si-

2389 1614 2676 1672 lomoniaci
2716 1622 3189 1682 commemoratur,
3216 1613 3342 1686 quod
3367 1615 3413 1671 in
3433 1614 3601 1673 vestibulo
3622 1604 3691 1686 me

2392 1724 2554 1767 unam
2579 1710 2822 1781 posuerit
2846 1725 2878 1765 a
2904 1709 3125 1777 dextris,
3160 1717 3211 1770 et
3232 1707 3423 1763 alteram
3443 1723 3465 1764 a
3485 1708 3689 1776 sinislrisim

679 1800 829 1874 quod
861 1814 1087 1857 mensus
1119 1808 1206 1856 est
1242 1799 1482 1871 quinque
1521 1799 1721 1855 cubitis
1771 1798 1901 1855 hinc
1941 1806 1997 1854 et
2043 1799 2284 1871 quinque
2310 1795 2360 1856 B
2380 1801 2587 1859 ostium
2630 1800 2837 1872 templi.
2901 1801 2994 1856 lite
3020 1809 3144 1857 sunt
3166 1799 3389 1856 videlicet
3406 1799 3592 1863 columna
3606 1797 3689 1867 des?-

680 1892 879 1951 cubitis
900 1892 1046 1957 inde,
1067 1891 1326 1962 quoniam
1348 1892 1442 1961 qui
1463 1891 1806 1949 introductus
1821 1900 1924 1960 est,
1950 1891 2148 1949 divinis
2172 1906 2291 1949 sen-

682 1981 836 2039 sibus
864 1981 1043 2038 fuerat
1086 1981 1331 2038 eruditus
1361 1999 1374 2035 :
1399 1992 1455 2038 et
1504 1996 1609 2040 nec
1638 1983 1888 2039 dextram
1917 1992 2148 2040 noverat
2187 1998 2290 2041 nec

682 2072 979 2138 sinistram,
1046 2073 1144 2129 sed
1199 2074 1288 2129 via
1351 2073 1501 2148 regia
1558 2074 1982 2147 ingrediebatur.
2033 2075 2291 2134 Latitudo
2324 2140 2337 2145 ι

682 2174 866 2219 autem
886 2163 1058 2234 ipsius
1082 2172 1275 2235 portae,
1302 2179 1403 2236 per
1428 2180 1592 2236 quam
1618 2165 1876 2222 introitus
1919 2175 2038 2223 erat
2082 2168 2153 2227 ad
2190 2183 2290 2225 ve-

681 2255 938 2313 stibulum
974 2255 1179 2328 templi,
1201 2255 1437 2314 habebat
1459 2266 1647 2316 ternos
1670 2259 1885 2317 cubitos
1905 2260 2035 2317 hinc
2059 2268 2116 2318 et
2140 2260 2287 2319 inde.

681 2350 740 2408 lu
772 2366 881 2423 quo
918 2349 1214 2423 Scriptura:
1242 2361 1447 2410 sanctae
1466 2352 1805 2412 observanda
1831 2353 2124 2428 elegantia,
2144 2354 2290 2426 quod

682 2456 792 2498 non
842 2442 1046 2499 dixerit
1082 2457 1116 2497 a
1159 2442 1353 2500 dextra
1395 2452 1453 2499 et
1493 2443 1761 2501 sinistra:
1790 2450 1867 2502 ne
1907 2446 2190 2503 videretur
2232 2447 2290 2503 in

683 2530 890 2588 sanctis
927 2539 1245 2589 sanctorum
1280 2532 1565 2590 sinistrum
1604 2534 1809 2606 aliquid
1854 2536 2161 2605 nominare,
2192 2538 2290 2595 scd

685 2622 816 2679 hinc
851 2630 909 2679 et
938 2624 1087 2692 inde,
1142 2624 1200 2680 id
1240 2633 1348 2692 est,
1387 2641 1457 2683 ex
1485 2634 1716 2698 utraque
1746 2637 1921 2700 parte.
1978 2629 2290 2703 Statimque

682 2714 922 2787 prudens
942 2713 1116 2771 lector
1144 2714 1419 2787 intelligit,
1454 2718 1658 2775 trinum
1680 2735 1971 2776 numerum
2007 2722 2077 2777 ad
2104 2721 2286 2778 Trini-

681 2804 812 2862 tatis
840 2806 1163 2878 mysterium
1194 2808 1493 2879 pertinere,
1528 2824 1650 2880 quae
1680 2818 1841 2882 porta
1869 2819 1952 2870 est
1976 2812 2287 2885 ingredien-

683 2895 816 2952 tium
843 2895 914 2952 ad
945 2894 1118 2953 Deum
1144 2914 1158 2951 :
1183 2896 1312 2952 dum
1347 2906 1404 2954 et
1432 2898 1598 2954 Pater
1637 2898 1693 2954 in
1721 2899 1861 2957 Filio
1892 2909 2000 2969 est,
2031 2911 2087 2958 et
2117 2902 2287 2960 Filius

675 2988 735 3047 in
763 2988 945 3057 Patre,
972 2995 1030 3046 et
1076 2989 1134 3045 in
1162 2997 1397 3061 utroque
1431 2989 1673 3062 Spiritus
1701 3000 1962 3051 sanctus:
1987 2994 2081 3065 qui
2112 2996 2288 3051 trinus

675 3094 934 3138 numerus
975 3096 1083 3137 una
1115 3091 1276 3155 porta
1303 3091 1388 3140 est
1419 3099 1630 3152 eorum,
1660 3085 1755 3157 qui
1793 3097 1920 3158 post
1944 3086 2284 3159 baptismum

676 3170 977 3241 Trinitatis,
1004 3175 1329 3245 perveniunt
1362 3176 1434 3233 ad
1461 3176 1712 3234 salutem.

748 3263 902 3331 Quod
927 3272 1109 3322 autem
1158 3267 1407 3338 sequitur
1438 3285 1456 3320 ι
1496 3267 1776 3337 longitudo
1821 3268 2074 3326 vestibuli
2101 3269 2278 3341 vigin-

680 3358 721 3414 ti
756 3357 1060 3415 cubitorum
1093 3397 1109 3426 ,
1154 3368 1211 3416 et
1258 3359 1491 3418 latitudo
1546 3362 1801 3419 undecim
1854 3362 2198 3432 cubitorum,
2253 3382 2274 3416 ι

676 3453 892 3508 videtur
930 3451 1115 3510 facere
1174 3456 1530 3525 quaestionem
1565 3496 1581 3523 ,
1630 3456 1900 3526 quomodo
1959 3455 2134 3512 dualis
2171 3472 2274 3512 nu-

675 3554 861 3601 merus
882 3582 899 3610 ,
961 3543 1056 3614 qui
1114 3542 1352 3603 refertur
1407 3546 1478 3603 ad
1525 3546 1662 3602 duas
1722 3546 1957 3603 decadas
1979 3586 1995 3614 ,
2046 3556 2103 3603 et
2179 3562 2279 3604 un-

674 3636 944 3704 decimus,
982 3638 1076 3708 qui
1121 3654 1233 3695 uno
1272 3640 1481 3712 indiget
1519 3649 1581 3695 ut
1614 3656 1832 3697 sacrum
1860 3656 2150 3697 numerum
2187 3657 2278 3699 ex-

675 3725 818 3797 pleat
844 3726 1223 3784 duodecimum
1258 3728 1315 3784 in
1355 3728 1630 3787 vestibulo
1669 3730 1857 3802 templi
1881 3745 2002 3789 esse
2023 3731 2272 3788 dicatur:

675 3817 833 3886 Quod
859 3817 1108 3890 plerique
1133 3819 1215 3876 sic
1246 3819 1484 3875 solvunt.
1531 3820 1791 3888 Quamvis
1828 3822 2004 3878 sancti
2033 3821 2145 3879 sint
2188 3837 2275 3879 sa-

673 3908 943 3977 cerdotes,
965 3910 1095 3966 etin
1119 3910 1304 3981 templi
1333 3910 1651 3968 ministeriis
1675 3911 1943 3977 collocati,
1961 3920 2018 3969 et
2037 3912 2279 3983 quotidie

673 4002 925 4059 victimas
952 4002 1187 4061 oﬂ‘erant
1225 4003 1465 4072 Christo,
1500 4014 1683 4069 tamen
1717 4008 1844 4079 quia
1884 4008 1939 4063 in
1985 4007 2089 4065 hoc
2132 4024 2278 4065 mor-

674 4092 770 4149 tali
810 4091 1097 4166 fragilique
1147 4096 1491 4167 corpusculo,
1534 4107 1592 4154 et
1618 4098 2063 4172 aegrotationibus
2102 4099 2277 4157 vitiis-

671 4198 780 4254 que
838 4183 1082 4254 subjecto
1147 4195 1555 4245 commorantur
1576 4229 1594 4256 ,
1660 4190 1995 4246 vicenarium
2076 4191 2279 4249 habent

674 4288 923 4339 numero,
963 4282 1021 4330 et
1057 4276 1419 4334 undecimum.
1475 4278 1631 4337 Unde
1681 4280 1895 4336 dicebat
1946 4287 2004 4336 et
2033 4281 2275 4351 Aposto-

673 4363 760 4417 lus
798 4378 812 4415 :
854 4381 872 4413 ι
914 4361 1077 4419 Miser
1109 4379 1211 4437 ego
1234 4366 1417 4435 homo,
1458 4370 1581 4440 quis
1619 4385 1709 4425 me
1749 4370 2005 4427 liberabit
2042 4372 2110 4427 de
2150 4389 2273 4431 cor-

2392 1893 2495 1950 bus
2518 1891 2719 1948 Paulus
2747 1892 2824 1951 ait
2842 1889 2984 1965 (Gal.
3008 1890 3071 1956 ιι)
3096 1908 3110 1946 :
3147 1908 3165 1942 ι
3192 1889 3411 1956 Jacobus.
3436 1887 3691 1962 Cephasetlm

2393 1999 2525 2053 nes,
2577 1983 2673 2054 qui
2725 1983 3049 2041 videbantur
3096 1981 3336 2039 columna:
3376 1995 3488 2048 esse,
3524 1981 3637 2041 deum
3659 1980 3690 2032 de

2380 2075 2589 2141 derunt
2620 2074 3124 2130 mihietBarnabae
3162 2073 3416 2139 societatis,
3438 2071 3605 2129 utnosin
3625 2079 3689 2137 gat
3740 2100 3741 2143 ξ

2390 2169 2517 2237 bus,
2547 2168 2624 2224 illi
2653 2177 2838 2223 autem
2884 2168 2946 2224 in
2993 2165 3388 2229 circumcisione.
3413 2184 3429 2217 ι
3466 2162 3589 2231 Quibus
3612 2158 3687 2219 me

2392 2262 2551 2335 quasi
2569 2276 2845 2334 exponere
2861 2262 3076 2319 videtur
3116 2259 3399 2332 mysterium
3419 2258 3687 2313 columnarum»
3740 2256 3741 2335 θ

2391 2354 2667 2412 terialium
2694 2371 2709 2423 ;
2732 2362 2790 2410 et
2822 2354 2956 2425 quid
2998 2352 3243 2411 videlicet
3264 2351 3555 2424 liguraverint
3574 2354 3601 2401 et
3622 2358 3688 2413 qun

2391 2445 2513 2503 duae
2548 2445 2657 2502 sint
2680 2443 2857 2502 factae.
2887 2444 3177 2515 Apostolus
3198 2457 3400 2514 namque
3419 2450 3461 2496 et
3478 2440 3689 2495 ductusdu-

2391 2535 2463 2591 tis
2482 2534 2753 2607 spiritales
2774 2535 3104 2609 signiﬁcant.
3145 2533 3319 2591 Fortes
3351 2531 3536 2589 nimirum
3552 2528 3599 2583 litt
3620 2532 3688 2592 illi?

2388 2640 2557 2699 opere
2598 2636 2657 2685 et
2685 2627 3242 2700 contemplationead
3287 2638 3470 2695 superna
3502 2620 3621 2702 citem
3642 2613 3689 2668 ll!

2388 2728 2521 2779 sunt
2545 2728 2753 2788 autem,
2798 2728 2861 2774 ut
2912 2729 2971 2776 et
3006 2727 3211 2792 gentes,
3248 2712 3691 2775 etcircumctsionenm

2388 2810 2621 2868 dicando
2661 2810 2716 2866 in
2746 2809 3051 2867 Ecclesiam
3093 2810 3414 2867 introducam.
3436 2804 3576 2861 Stabant
3603 2799 3690 2864 nm-

2388 2903 2503 2959 ticu
2529 2912 2657 2959 ante
2690 2901 2839 2960 fores
2885 2888 3117 2975 templi,
3137 2912 3192 2959 et
3234 2901 3474 2974 ingressum
3499 2894 3584 2987 illius

2386 3007 2515 3050 core
2551 3008 2619 3050 ac
2660 2992 3073 3065 pulchritudine
3106 3009 3175 3051 ex
3199 3004 3396 3063 utraque
3421 2994 3521 3060 parte

2387 3085 2674 3142 ornabant.
2699 3084 2915 3143 Ostium
2942 3094 3125 3143 autem
3156 3085 3327 3157 templi
3347 3081 3602 3138 Dominusesl:
3623 3080 3695 3138 tl“

2310 3163 2356 3227 C
2386 3189 2548 3232 nemo
2581 3175 2733 3233 venit
2756 3176 2826 3232 ad
2856 3175 3099 3247 Patrem,
3131 3177 3230 3234 nisi
3254 3192 3342 3249 per
3362 3175 3474 3244 ipsum
3486 3168 3585 3240 (Im.
3604 3159 3697 3226 ιμ’)ιν

2385 3269 2456 3327 Et
2508 3270 2650 3328 sicut
2696 3270 2825 3329 alibi
2875 3271 3053 3328 dicit:
3090 3290 3109 3325 ι
3136 3271 3245 3342 Ego
3268 3284 3373 3327 sum
3390 3260 3701 3349 suum?“

2374 3362 2510 3434 quis
2561 3362 2854 3429 introierit,
2906 3338 3208 3421 salvabitur
3230 3362 3389 3435 (Joan.
3424 3354 3472 3425 ι).
3489 3371 3501 3403 ι
3519 3338 3698 3440 eumue

2380 3438 2511 3508 licet
2525 3451 2791 3509 columnae
2804 3452 2872 3509 ab
2902 3460 3138 3525 utroque
3154 3452 3310 3509 latere
3327 3459 3462 3505 coram
3472 3437 3583 3529 vos“?

2379 3551 2549 3612 stant,
2571 3558 2694 3599 cum
2723 3543 2965 3600 ministri
3004 3534 3264 3602 sermonis
3287 3540 3453 3609 utrique
3483 3525 3598 3604 populo

2378 3646 2499 3715 tum
2525 3636 2677 3709 regni
2728 3636 2972 3695 ccelestis
2998 3626 3310 3695 ostendunt:
3332 3640 3380 3689 ut
3399 3628 3482 3686 sive
3506 3619 3694 3717 ειιξξεξξππς

2380 3714 2470 3786 tiae
2516 3698 2705 3800 legvalis
2751 3729 3007 3800 quisque,
3068 3744 3163 3787 seu
3201 3744 3264 3784 ex
3310 3698 3694 3803 rigori:$611111“me+4

2378 3819 2542 3876 ﬁdem
2565 3788 2844 3895 Evangelii
2869 3788 3102 3889 venerit,
3132 3819 3317 3877 habeat
3343 3788 3507 3888 paratus
3525 3792 3646 3895 εοενξῑυί

2376 3915 2484 3971 iter
2538 3878 2810 3971 salutisvet
2837 3914 3007 3971 verbo
3053 3878 3396 3970 demonstrent
3435 3878 3694 3995 α-ειθξξινωςξ

2377 4013 2549 4074 certe,
2582 4005 2709 4075 quia
2735 4005 2804 4062 de
2841 4005 3037 4064 iisdem
3056 4002 3310 4063 columnis
3334 4000 3446 4087 libro

2377 4096 2457 4152 ita
2504 4072 2768 4166 scriptum
2828 4103 2955 4152 est:
3007 4115 3027 4149 ι
3071 4096 3313 4167 Ιρεθδίιυθ
3351 4072 3692 4191 columnas.

2376 4147 2667 4254 νθδῑίῦυιῖ).
2714 4202 2876 4242 unam
2904 4202 2939 4243 a
2966 4147 3171 4244 dext;is
3195 4147 3249 4242 ei
3278 4182 3465 4238 alteram
3492 4188 3513 4227 a

2378 4279 2511 4334 Par.
2542 4249 2663 4351 Ill);
2690 4298 2709 4331 ›
2750 4278 2878 4335 Ideo
2904 4289 3034 4336 sunt
3059 4280 3175 4335 duae
3199 4278 3341 4332 facta:
3364 4249 3692 4351 columna-ill?

2378 4348 2675 4442 dispositae,
2704 4379 2763 4426 ut
2785 4372 2943 4429 nobis
2965 4380 3023 4428 et
3048 4373 3103 4427 in
3126 4365 3377 4442 prosperis
3401 4368 3445 4417 et
3468 4358 3506 4413 in
3530 4348 3693 4442 ad???

673 4467 810 4527 pore
827 4427 1198 4527 mortis'hujus
1217 4427 1526 4530 (Romani).
1559 4477 1578 4510 ι
1605 4457 1725 4513 Non
1745 4460 1888 4530 quod
1901 4460 2060 4531 juxta
2089 4427 2272 4519 saevis-
2307 4530 2341 4535 _
2379 4427 2628 4535 gressum
2660 4427 2853 4534 patriae
2883 4427 3145 4531 caelestis:
3170 4427 3289 4517 ante
3315 4452 3467 4514 oculos
3480 4427 3694 4505 melius”

675 4543 872 4601 simam
898 4544 1149 4602 haeresim
1171 4546 1436 4605 abolenda
1456 4562 1688 4621 corpora
1702 4564 1822 4606 esse
1844 4530 2155 4621 credamus,
2177 4553 2272 4610 sed
2299 4530 2354 4591 Β
2378 4530 2508 4613 dum
2530 4570 2651 4613 esse
2661 4530 2932 4613 doceant.

674 4638 822 4711 quod
864 4639 977 4697 voti
1024 4641 1199 4698 nostri
1244 4642 1318 4699 sit
1364 4646 1741 4717 supervestiri,
1773 4661 1884 4703 non
1934 4649 2177 4722 spoliari,
2214 4658 2270 4709 et

673 4732 905 4790 mortale
954 4732 1061 4791 hoc
1108 4736 1356 4809 accipere
1400 4738 1868 4797 immortalitatem
1891 4782 1907 4810 ,
1955 4750 2013 4798 et
2075 4758 2268 4802 corru-

669 4825 880 4896 ptivum
908 4825 1132 4884 induere
1155 4827 1639 4899 incorruptionem.
1666 4829 1735 4886 Et
1762 4838 1886 4888 octo
1906 4832 2162 4905 gradibus
2182 4848 2271 4890 as-

2449 4651 2748 4723 (Μλυκυε.)
2794 4652 2923 4710 Haec
2971 4667 3188 4726 quoque
3235 4646 3397 4707 sobrio
3440 4632 3569 4697 Ιθοιοῐί

2372 4712 2662 4810 credimus,
2688 4712 2810 4817 quae
2835 4712 3012 4815 juxta.
3039 4712 3299 4814 majorum
3340 4714 3620 4793 documenim
3638 4712 3694 4817 ξ

2375 4850 2505 4893 sura
2531 4802 2746 4893 ratione
2780 4802 2987 4910 templi,
3012 4845 3068 4894 et
3103 4802 3355 4897 vestibuli,
3382 4835 3428 4885 et
3444 4802 3695 4910 οίεῑεωηῖῇῗ

670 4890 1004 4973 cendebatur
1040 4918 1107 4974 ad
1144 4932 1287 4973 eam.
1332 4890 1468 4975 octo
1493 4920 1610 4975 sive
1645 4921 1832 4978 decem
1871 4890 2130 4994 gradibus
2175 4925 2267 4995 qui
3087 4890 3478 4982 disimus.'Nunc

670 5004 1041 5075 perfectusest
1063 5022 1345 5074 numerus,
1363 5015 1457 5063 aut
1469 5009 1744 5076 undecim,
1772 5011 1839 5068 de
1859 4982 1968 5084 quo
1987 5013 2101 5085 jam
2129 4982 2268 5071 diiti-
2373 4982 2631 5087 propheta
2650 4982 2991 5075 introductus
3012 5018 3086 5075 sit
3112 5018 3167 5074 in
3192 5012 3442 5086 templum,
3465 5010 3508 5062 ει
3522 4982 3700 5071 quium

676 5108 822 5166 mus,
851 5096 1162 5156 ascenditur
1180 5097 1248 5156 ad
1266 5102 1482 5172 portam
1503 5109 1837 5161 sanctorum.
1852 5101 1913 5160 ln
1939 5104 2094 5178 cujus
2118 5104 2267 5165 fron-

2370 5107 2529 5179 ‘set‘it,
2560 5121 2831 5181 exponere
2859 5107 3189 5168 curabimus.
