3908 6356
109 336 213 393 969

1031 330 1389 390 COMMENT.
1430 330 1499 386 ΙΝ
1533 330 1988 391 EZECHIELEM.
2030 367 2100 379 —
2136 338 2266 396 LIB.
2308 338 2470 400 XVII.

3269 347 3374 404 970

147 458 3354 494 W

997 569 1297 649 LIBER
1377 533 1832 646 DECIMUS
1913 568 2467 656 SEPTIMUS.

687 772 916 832 CAPUT
950 772 1084 831 XLI.

104 883 442 957 Mensuratur
469 883 716 957 templum
750 896 798 941 et
821 886 1076 942 Sanctum
1102 895 1405 944 sanctorum
1453 901 1472 938 :
1504 887 1569 941 de
1599 903 1686 942 co-

171 954 318 1010 chlea
333 971 538 1029 quoque
561 954 771 1026 agitur:
793 958 859 1012 de
884 959 1069 1014 hostiis
1092 958 1270 1029 templi
1298 968 1348 1016 et
1371 959 1682 1025 sanctuarii,

169 1035 216 1079 et
244 1026 476 1080 ostiariis
502 1029 814 1082 sanctuarii.

174 1157 193 1190 ι
224 1137 290 1194 Ει
323 1139 625 1198 introduxit
663 1157 751 1198 me
801 1142 857 1198 in
904 1143 1160 1214 templum
1187 1183 1204 1210 ,
1251 1152 1308 1200 et
1347 1159 1568 1203 mensus
1605 1155 1688 1204 est

103 1250 122 1284 ι
161 1230 370 1290 frontes
404 1248 500 1289 sex
532 1234 745 1290 cubitos
769 1233 1069 1289 latitudinis
1096 1233 1242 1301 hinc,
1273 1243 1330 1290 et
1359 1251 1456 1292 sex
1477 1237 1689 1296 cubitos

103 1344 122 1379 ι
155 1327 457 1384 latitudinis
485 1326 631 1393 inde,
657 1324 995 1380 latitudinem
1027 1325 1384 1382 tabernaculi.
1408 1328 1476 1383 Et
1504 1329 1688 1386 latitu-

103 1437 121 1471 ι
157 1419 225 1475 do
282 1427 451 1490 portae
499 1417 685 1473 decem
732 1417 1034 1474 cubitorum
1082 1427 1223 1484 erat,
1257 1428 1313 1475 et
1359 1420 1528 1476 latera
1567 1438 1689 1491 por-

102 1528 122 1563 ι
153 1518 222 1566 ta:
267 1509 508 1582 quinque
552 1509 751 1566 cubitis
802 1509 929 1566 hinc
967 1518 1023 1565 et
1058 1512 1298 1582 quinque
1319 1513 1516 1568 cubitis
1539 1514 1684 1571 inde.

104 1621 123 1656 ι
157 1611 212 1659 ει
236 1617 458 1659 mensus
482 1610 568 1659 est
598 1601 990 1673 longitudinem
1021 1602 1139 1673 ejus
1161 1605 1515 1675 quadraginta
1538 1607 1688 1663 cubi-

102 1716 121 1749 ι
158 1705 360 1762 torum,
376 1704 432 1751 et
452 1695 794 1751 latitudinem
812 1694 1004 1766 viginti
1027 1695 1356 1753 cubitorum.
1378 1715 1396 1748 ι
1417 1696 1686 1770 (Ηὶενοη.)

95 1786 222 1844 Post
249 1785 418 1841 multa
441 1785 702 1857 mysteria
737 1783 1027 1854 variosque
1053 1771 1328 1850 introitus,
1361 1793 1419 1842 et
1446 1785 1688 1843 locorum

95 1875 429 1949 singulorum
453 1877 836 1947 proprietates,
858 1876 1082 1931 tandem
1109 1875 1400 1947 aliquando
1425 1877 1512 1933 vir
1535 1878 1689 1947 cujus

97 1969 366 2027 funiculus
403 1969 910 2037 caementariorum,
951 1977 1007 2026 et
1045 1982 1314 2026 mensura:
1357 1969 1596 2027 calamus
1634 1972 1688 2027 in

95 2079 257 2121 manu
278 2072 419 2131 erat,
446 2062 792 2121 Ezechielem
819 2063 1140 2135 prophetam
1161 2063 1459 2122 introducit
1473 2065 1530 2120 in
1552 2073 1690 2121 tem-

1708 775 1765 837 Α
1786 784 1912 830 octo
1959 773 2169 847 (Eccte.
2231 777 2342 849 ιιι).
2383 796 2404 832 ι
2433 776 2530 834 .De
2575 777 2729 848 cujus
2771 781 2981 838 numeri
3031 741 3390 847 sacramento-

1789 867 1984 923 crebro
2017 867 2324 939 disputasse
2351 885 2438 926 me
2463 869 2609 927 novi.
2637 870 2764 928 Sive
2790 871 2918 942 quia
2939 887 3038 944 per
3071 876 3380 937 tribulatio—
3415 896 3444 943 νς

1788 970 1886 1012 nes
1923 964 1978 1012 et
1999 958 2276 1028 angustias
2320 957 2483 1028 hujus
2509 960 2690 1016 saeculi
2736 960 3004 1020 intramus
3031 965 3101 1022 ad
3124 978 3378 1026 sanctum
3425 959 3432 985 ⁵

1789 1050 1988 1105 atrium
2018 1049 2252 1118 Domini,
2268 1051 2479 1126 idcirco
2521 1053 2800 1124 longitudo
2826 1063 2998 1126 portae
3028 1057 3259 1114 habebat
3282 1076 3381 1116 cu-

1788 1140 1932 1197 bitos
1961 1141 2336 1214 quadraginta,
2358 1142 2452 1214 qui
2473 1157 2978 1218 numerus-semper
3001 1148 3058 1203 in
3079 1148 3264 1207 labore
3292 1167 3381 1220 po-

1787 1229 1928 1287 situs
1973 1239 2078 1287 est.
2117 1230 2272 1288 Unde
2324 1241 2380 1288 et
2413 1233 2626 1305 Moyses
2677 1235 2876 1306 (Exod.
2921 1240 3110 1312 xxxiv)
3146 1250 3202 1296 et
3232 1241 3382 1300 Elias

1791 1318 1912 1390 (ΙΙΙ
1965 1318 2096 1390 Reg.
2144 1319 2261 1390 xxx)
2294 1321 2653 1393 quadraginta
2701 1323 2894 1380 diebus
2947 1340 3055 1382 non
3087 1329 3380 1386 comedunt

1789 1427 2008 1483 panem,
2031 1421 2088 1469 et
2121 1421 2319 1485 aquam
2343 1429 2454 1471 non
2481 1415 2693 1470 bibunt.
2739 1417 2808 1472 Et
2836 1417 2992 1474 annis
3020 1421 3381 1491 quadraginta

1789 1503 2018 1576 populus
2043 1503 2212 1560 lsrael
2235 1512 2464 1561 vexatur
2494 1515 2549 1562 et
2590 1507 2850 1578 probatur
2889 1509 2944 1565 in
2987 1510 3296 1578 solitudine,
3327 1519 3384 1570 et

1788 1609 1888 1666 per
1917 1595 2119 1652 multos
2155 1594 2372 1653 labores
2428 1605 2630 1653 terram
2683 1599 3120 1669 repromissionis
3147 1603 3384 1672 ingredi-

1794 1696 1882 1743 tur
1901 1687 2094 1760 (Num.
2129 1703 2254 1756 xiv;
2281 1688 2442 1744 Deut.
2470 1689 2554 1761 ιι).
2596 1689 2666 1747 Ει
2709 1690 2974 1748 Dominus
3001 1701 3166 1764 atque
3192 1693 3384 1750 Salva-

1793 1787 1879 1834 tor
1904 1778 2201 1850 secundum
2238 1780 2502 1850 assumpti
2529 1794 2774 1850 corporis
2825 1780 3204 1852 fragilitatem,
3247 1798 3384 1853 qua-

1791 1871 2042 1943 draginta
2082 1872 2272 1928 diebus
2309 1879 2550 1928 tentatur
2576 1873 2632 1928 in
2686 1873 2974 1931 solitudine
3001 1875 3218 1947 (Matth.
3269 1876 3384 1948 iv),

1792 1970 1852 2017 ut
1881 1972 2005 2033 post
2030 1962 2312 2018 victoriam
2362 1963 2624 2018 accedant
2669 1964 2846 2036 angeli
2892 1973 2948 2020 et
2977 1966 3286 2022 ministrent
3309 1967 3383 2024 ei.

1791 2051 1929 2108 Cum
1955 2060 2135 2108 autem
2157 2067 2254 2123 per
2270 2053 2647 2111 tribulationes
2665 2063 2722 2112 et
2752 2057 3028 2128 angustias
3047 2060 3387 2128 potuerimus

95 2157 264 2228 plum,
287 2165 344 2214 et
367 2172 588 2214 mensus
607 2166 692 2214 est
715 2156 950 2213 {mntem
979 2156 1163 2229 templi
1193 2175 1206 2213 ε
1235 2172 1337 2230 pro
1379 2172 1488 2229 quo
1512 2154 1683 2214 ’ωιαηι
1709 2151 1760 2212 Β
1788 2144 1969 2201 dicere
1995 2143 2128 2200 illud
2154 2143 2511 2216 apostolicum
2535 2164 2548 2201 :
2579 2164 2598 2197 ι
2630 2146 2689 2202 ln
2714 2147 2966 2204 omnibus
3001 2149 3268 2216 tribulati,
3291 2152 3386 2208 sed

95 2245 474 2322 Septuaginta,
511 2258 567 2307 et
593 2249 733 2308 wlim
760 2249 1082 2317 Theodotio,
1112 2260 1165 2306 et
1197 2251 1256 2304 in
1279 2250 1504 2305 circuitu
1527 2250 1682 2322 Sym-

93 2341 320 2396 machus
341 2341 755 2398 transtulerunt.
784 2340 853 2398 Et
895 2349 1126 2413 utraque
1150 2348 1308 2412 parte
1347 2340 1576 2398 latitudo
1604 2350 1685 2398 ta-

98 2431 377 2488 bernaculi
439 2447 630 2490 senum
701 2433 1007 2488 cubitorum
1076 2441 1230 2500 erat,
1284 2443 1684 2490 sacramentum

95 2530 470 2578 creaturarum
499 2523 741 2579 omnium
774 2522 1083 2589 continens,
1116 2523 1172 2578 in
1199 2538 1297 2580 sex
1325 2523 1472 2580 enim
1495 2524 1686 2581 diebus

95 2615 323 2671 mundus
369 2623 460 2671 est
522 2624 946 2671 consummatus.
998 2615 1103 2670 Per
1151 2629 1385 2685 quorum
1436 2616 1686 2672 notitiam

95 2719 395 2776 causasque
449 2705 776 2762 conditionis
825 2714 992 2776 atque
1019 2706 1289 2763 rationem
1321 2707 1591 2764 intramus
1618 2707 1688 2764 ad

94 2797 350 2868 templum
378 2797 503 2865 Dei,
540 2807 595 2854 et
625 2813 694 2854 ex
721 2795 1111 2855 Creaturarum
1141 2799 1333 2855 ordine
1365 2807 1526 2870 atque
1551 2816 1687 2856 con-

95 2889 288 2945 etantia
347 2889 735 2959 cognoscimus
789 2888 1123 2946 Creatorem.
1185 2890 1440 2947 Latitudo
1511 2901 1690 2948 autem

96 2988 260 3052 portae
286 2980 476 3050 templi
501 2991 619 3036 erat
642 2981 828 3038 decem
859 2983 1187 3049 cubitorum,
1221 2983 1314 3053 qui
1344 2993 1590 3040 sacratus
1635 2994 1691 3041 et

97 3072 358 3141 perfectus
400 3080 488 3128 est
507 3087 788 3140 numerus,
816 3074 950 3129 etin
977 3089 1086 3145 quo
1108 3089 1295 3131 mense
1323 3075 1578 3146 septimo,
1605 3075 1692 3132 die

99 3166 299 3222 decima
328 3167 560 3233 mensis,
588 3166 854 3239 jejunium
905 3177 961 3224 et
1001 3169 1312 3240 propitiatio
1338 3177 1440 3224 est.
1472 3169 1692 3226 Decima

101 3265 276 3314 autem
302 3259 392 3314 die
428 3259 632 3316 mensis
653 3261 836 3330 primi,
857 3261 949 3331 qui
972 3261 1274 3332 appellatur
1291 3262 1482 3330 Nisan,
1499 3263 1566 3318 ad
1588 3264 1690 3319 im-

101 3348 448 3418 molationem
483 3357 541 3406 et
571 3352 1023 3422 praeparationem
1051 3351 1278 3409 Pascha:
1325 3368 1498 3424 agnus
1541 3369 1694 3410 assu-

98 3442 284 3498 nitur.
321 3441 567 3513 Septimo
610 3443 775 3512 igitur
802 3459 988 3501 mense
1043 3446 1266 3502 decimae
1307 3444 1611 3503 offeruntur
1634 3447 1692 3504 in

97 3533 195 3589 Dei
211 3534 433 3600 horrea,
447 3533 583 3602 sive,
605 3542 666 3589 ut
681 3533 962 3606 Scriptura
983 3538 1240 3608 appellari
1261 3541 1565 3608 consuevit,
1581 3551 1693 3598 tor-

99 3626 326 3684 cuiaria.
386 3624 541 3682 Unde
588 3625 721 3682 dicit
773 3635 828 3682 et
871 3627 1200 3698 Apostolus:
1241 3649 1259 3681 ι
1295 3628 1606 3686 Dilatamini
1641 3637 1698 3688 et

99 3733 196 3774 vos
225 3717 312 3791 (ΙΙ
335 3716 459 3775 Cor.
484 3718 582 3790 vr).
615 3738 633 3771 ι
670 3717 741 3776 Ut
766 3726 1054 3791 postquam
1078 3735 1176 3792 per
1200 3720 1388 3778 decem
1408 3729 1577 3791 portas
1601 3737 1696 3778 cu-

98 3809 241 3866 bitos
263 3811 522 3883 templum
542 3811 664 3882 quis
684 3809 848 3868 fuerit
868 3813 1171 3886 ingressus,
1199 3830 1266 3870 ex
1289 3823 1518 3885 utraque
1541 3823 1696 3886 parte

96 3909 268 3972 portae
293 3901 465 3972 ipsius
484 3901 678 3969 latera,
706 3901 843 3968 sive,
867 3911 926 3958 ut
946 3904 1166 3975 proprie
1191 3904 1246 3960 in
1269 3903 1536 3961 Hebraico
1558 3905 1696 3962 dici—

100 4000 205 4059 tur,
229 3993 446 4050 humeri
481 4001 888 4060 mensurentur,
912 3994 1005 4064 qui
1025 4008 1242 4065 semper
1283 3993 1596 4052 referuntur
1625 3999 1695 4054 ad

97 4099 283 4154 opera.
323 4085 479 4143 Unde
505 4091 560 4141 et
581 4083 856 4151 Issachar,
894 4101 913 4136 ι
961 4084 1292 4142 desideravit
1347 4087 1566 4153 bonum,
1605 4103 1695 4145 reo

96 4178 389 4248 quiescens
432 4178 577 4234 inter
609 4177 816 4233 medios
860 4176 1055 4243 cleros,
1092 4177 1386 4248 vidensque
1429 4178 1694 4248 requiem,

99 4268 226 4338 quia
256 4268 400 4324 bona
424 4276 527 4334 est,
557 4277 613 4324 et
637 4276 858 4333 terram,
875 4267 1000 4338 quia
1023 4267 1258 4339 pinguis,
1287 4269 1568 4340 supposuit
1589 4270 1695 4324 hu-

97 4374 310 4416 merum
352 4359 419 4416 ad
467 4359 818 4416 laborandum
843 4400 859 4425 ,
902 4366 958 4413 et
987 4357 1164 4414 factus
1198 4359 1410 4418 estvir
1459 4359 1695 4431 agricola

100 4449 254 4524 (Gen.
280 4450 452 4524 χιιι).
487 4469 506 4503 ι
538 4450 606 4504 Ει
629 4449 686 4505 in
721 4457 872 4506 veste
921 4450 1194 4521 pontiﬁcis
1238 4451 1518 4508 humcrale
1571 4468 1692 4509 cum

101 4540 353 4596 rationali
378 4539 684 4612 stringitur,
711 4549 771 4596 ut
796 4541 993 4597 rationi
1044 4557 1209 4614 opera
1238 4544 1590 4614 copulentur,
1639 4556 1697 4604 et

99 4631 273 4702 possit
313 4631 498 4688 dicere
542 4631 629 4687 vir
667 4631 1108 4689 ecclesiasticus:
1147 4654 1166 4685 ι
1191 4634 1238 4688 Α
1278 4637 1550 4693 mandatis
1588 4637 1695 4694 tuis

103 4721 342 4778 intellexi
370 4719 545 4794 (Psal.
569 4720 786 4791 cxvru).
822 4742 841 4774 ι
874 4719 978 4787 Qui
1010 4722 1223 4777 humeri
1251 4734 1422 4793 porta:
1445 4740 1514 4780 ex
1538 4733 1694 4781 utra-

103 4828 207 4884 que
231 4823 408 4887 parte,
453 4813 652 4886 quinas
682 4813 955 4870 habebant
993 4815 1257 4885 porticus,
1289 4825 1351 4871 ut
1380 4832 1479 4888 per
1526 4827 1695 4876 terre-

102 4919 201 4961 nos
227 4920 421 4963 sensus
462 4914 627 4976 atque
655 4904 887 4971 divinos,
914 4920 1078 4976 super
1105 4921 1335 4976 quorum
1389 4907 1688 4966 differentia

105 5006 246 5066 saepe
279 4994 620 5067 scripsimus,
645 4994 1018 5065 ingrediamur
1067 4995 1214 5052 adita
1269 4997 1500 5068 templi,
1543 4999 1695 5069 cujus

104 5101 323 5146 mensus
346 5095 430 5144 est
450 5087 536 5142 vir
564 5085 675 5152 ille,
699 5087 791 5158 qui
817 5087 1009 5143 ductor
1035 5089 1315 5160 propheta:
1353 5097 1494 5158 erat,
1525 5090 1695 5164 longi-

107 5179 344 5236 tudinem
373 5178 729 5250 quadraginta
751 5179 1084 5248 cubitorum,
1133 5187 1190 5235 et
1213 5178 1556 5237 latitudinem
1607 5184 1693 5238 vi-

107 5271 238 5340 ginti
266 5273 595 5339 cubitorum,
622 5271 757 5340 sive,
782 5280 843 5327 ut
861 5272 1054 5330 melius
1072 5282 1176 5343 est,
1204 5283 1374 5347 portae
1401 5277 1692 5348 longitudi-

109 5377 232 5420 nem
257 5381 323 5422 ac
339 5366 698 5433 latitudinem,
728 5368 856 5438 quia
881 5383 1045 5438 supra
1073 5377 1288 5428 tantum
1314 5371 1384 5429 de
1406 5372 1692 5431 latitudine

108 5463 164 5510 et
191 5457 433 5515 humeris
456 5459 574 5530 ejus
596 5459 828 5515 dixerat.
853 5459 1008 5527 Quod
1049 5470 1229 5518 autem
1260 5465 1428 5522 vicies
1455 5466 1692 5538 quadra-

111 5545 252 5615 ginta
276 5548 784 5622 octingentesimum
825 5567 1110 5608 numerum
1137 5553 1320 5623 faciat,
1351 5558 1445 5628 qui
1482 5558 1692 5615 vicinus

110 5645 191 5692 est
216 5641 515 5708 octonario,
545 5641 679 5697 nulli
727 5643 949 5699 dubium
979 5652 1081 5701 est.
1135 5645 1288 5702 Unde
1340 5657 1395 5704 et
1423 5650 1478 5705 in
1506 5651 1692 5708 Eccle—

114 5728 275 5789 siaste
312 5733 664 5804 prmcipitur:
708 5754 726 5786 ι
766 5736 900 5793 Date
949 5749 1129 5810 partes
1162 5750 1367 5812 septem
1391 5783 1408 5811 ,
1465 5744 1592 5804 date
1637 5753 1693 5804 et

504 5827 780 5892 Parnm.
825 5832 954 5895 CX.

1786 2251 1896 2292 non
1925 2238 2268 2308 coangustati
2293 2237 2379 2309 (ΙΙ
2405 2235 2528 2293 Cor.
2561 2237 2660 2311 iv),
2692 2258 2712 2293 ι
2741 2247 2902 2311 atque
2937 2240 3068 2298 illud
3113 2244 3388 2313 propheti-

1785 2341 1942 2384 cum:
1973 2346 1992 2380 ι
2023 2327 2083 2383 In
2106 2327 2454 2385 tribulatione
2480 2329 2716 2386 dilatasti
2742 2332 2876 2388 mihi
2896 2330 3072 2404 (Ρωι.
3090 2333 3186 2407 iv),
3211 2353 3229 2386 ι
3259 2345 3388 2393 tunc

1773 2419 1944 2476 nobis
1986 2419 2286 2476 latissimus
2325 2421 2568 2492 aperitur
2589 2422 2864 2490 introitus,
2902 2426 2995 2495 qui
3017 2426 3207 2498 viginti
3235 2429 3388 2486 cubi-

1790 2519 1967 2567 torum
1992 2511 2159 2568 habet
2185 2510 2527 2568 latitudinem
2557 2529 2573 2567 :
2600 2523 2662 2569 ut
2693 2517 2962 2586 superatis
2995 2518 3182 2574 mundi
3211 2528 3388 2576 certa-

1787 2604 2026 2660 minibus
2037 2612 2202 2674 atque
2219 2605 2470 2673 terrenis,
2488 2605 2580 2675 qui
2600 2615 2655 2662 et
2674 2607 2788 2677 ipse
2804 2610 2980 2666 dualis
2998 2619 3084 2666 est
3102 2627 3385 2681 numerus,

1790 2694 2124 2766 ingrediatur
2137 2696 2319 2768 templi
2333 2698 2648 2768 penetralia,
2668 2707 2722 2755 et
2735 2701 3016 2758 audiamus
3029 2703 3386 2774 imperantem

1791 2788 2070 2860 discipulis
2087 2789 2378 2846 Dominum
2399 2806 2412 2845 :
2433 2809 2464 2861 γε
2493 2790 2780 2860 Conﬁdite,
2798 2809 2900 2865 ego
2922 2795 3028 2850 vici
3047 2798 3328 2853 mundum.
3361 2817 3382 2851 ι

1794 2928 1796 2930 ,
1869 2897 1888 2932 ‹
1919 2880 1988 2934 Ει
2035 2881 2312 2950 ingressus
2361 2881 2690 2939 intrinsecus
2743 2899 2962 2941 mensus
2996 2888 3169 2943 estin
3208 2887 3388 2946 fronte

1799 2989 1817 3021 ι
1853 2980 2024 3042 portae
2068 2971 2204 3026 duos
2236 2971 2469 3039 cubitos,
2500 2981 2557 3030 et
2580 2981 2794 3044 portam
2818 2975 3005 3031 decem
3051 2978 3384 3046 cubitorum,

1798 3080 1818 3113 ι
1854 3071 1911 3118 ει
1936 3062 2279 3119 latitudinem
2307 3073 2478 3134 portae
2501 3074 2708 3136 septem
2737 3066 3066 3135 cubitorum,
3092 3078 3148 3124 et
3167 3086 3389 3130 mensus

1800 3171 1819 3206 ‹
1851 3160 1937 3208 εει
1963 3153 2354 3223 longitudinem
2386 3152 2502 3223 ejus
2526 3146 2716 3227 viginti
2766 3143 3075 3213 cubitorum
3103 3168 3158 3216 et
3207 3160 3389 3216 latitu-

1801 3263 1820 3297 ι
1854 3245 2037 3302 dinem
2061 3245 2252 3317 viginti
2279 3247 2590 3303 cubitorum
2618 3258 2746 3306 ante
2770 3251 2965 3307 faciem
2991 3254 3194 3326 templi.
3223 3256 3292 3310 Et
3313 3257 3388 3314 di-

1799 3351 1820 3387 t
1845 3335 1929 3390 xit
1951 3335 2020 3390 ad
2044 3350 2133 3391 me
2158 3353 2170 3390 :
2197 3334 2313 3392 Hoc
2332 3326 2417 3392 est
2440 3337 2700 3395 Sanctum
2722 3349 3086 3398 sanctorum.»
3113 3345 3387 3420 (Hier-on.)

1779 3425 2155 3494 Quantumvis
2191 3427 2562 3497 proﬁciamus,
2601 3445 2816 3502 semper
2837 3433 2995 3490 nobis
3015 3435 3188 3506 major
3209 3439 3390 3508 profe-

1719 3510 1765 3573 C
1795 3528 1918 3578 ctus
1939 3520 2202 3591 aperitur,
2231 3522 2371 3578 unde
2397 3531 2521 3593 post
2547 3522 2830 3579 introitum
2853 3527 3038 3596 templi
3064 3544 3278 3584 rursum
3307 3531 3390 3586 in-

1795 3610 2090 3680 gredimur,
2117 3609 2465 3677 intrinsecus,
2483 3612 2616 3676 sive,
2636 3619 2697 3666 ut
2718 3603 2862 3668 LXX
2878 3617 3290 3686 transtulerunt,
3307 3620 3391 3677 in-

1796 3700 1966 3756 terius
1987 3701 2209 3767 atrium,
2225 3701 2279 3756 in
2295 3701 2450 3772 cujus
2468 3699 2647 3758 fronte
2660 3703 2766 3759 duo
2785 3713 2941 3760 erant
2959 3706 3151 3774 cubiti,
3166 3710 3388 3778 utjuxta

1796 3791 2133 3864 superiorem
2174 3808 2393 3850 sensum
2415 3808 2514 3864 per
2534 3794 2749 3851 dualem
2789 3811 3076 3852 numerum
3121 3799 3372 3871 ingredia-

1795 3901 1922 3942 mur
1963 3887 2032 3943 ad
2073 3901 2198 3942 eum
2251 3887 2448 3952 locum,
2487 3887 2578 3942 ubi
2629 3896 2755 3943 sunt
2809 3898 2995 3945 sancta
3049 3902 3385 3952 sanctorum.

1797 3976 1954 4034 Unde
2002 3987 2060 4033 et
2098 3978 2215 4048 ipsa
2240 3983 2397 4046 parta
2426 3992 2522 4034 sex
2547 3978 2852 4034 cubitorum
2891 3990 3008 4036 erat
3028 4022 3044 4048 ,
3097 3999 3195 4054 per
3223 4001 3388 4056 quam

1797 4069 2112 4139 introgressi
2161 4078 2421 4126 aeternam
2463 4073 2705 4141 requiem
2742 4075 3083 4142 possidemus
3106 4117 3121 4142 ,
3168 4094 3290 4148 quae
3332 4081 3389 4136 in

1797 4159 2104 4228 septenario
2123 4175 2348 4216 numero
2362 4161 2787 4221 demonstratur.
2806 4163 2912 4220 Pro
2933 4179 3040 4234 quo
3052 4166 3198 4224 LXX
3210 4178 3390 4227 trans-

1798 4249 2052 4314 tulerunt,
2094 4270 2112 4302 ι
2145 4250 2212 4305 Ει
2250 4251 2591 4308 latitudinem
2616 4262 2786 4324 porta:
2825 4265 3036 4326 septem
3079 4260 3388 4320 cubitorum

1795 4341 1924 4396 hinc
1951 4349 2008 4397 et
2035 4351 2241 4412 septem
2270 4341 2574 4399 cubitorum
2617 4345 2762 4412 inde,
2792 4367 2811 4399 ι
2843 4349 2896 4404 in
2936 4349 3166 4408 Hebraeo
3199 4364 3256 4409 et
3284 4372 3390 4414 ca:-

1794 4432 1929 4487 teris
1989 4433 2319 4491 cditionibus
2361 4425 2538 4492 semel
2586 4447 2796 4494 tantum
2852 4449 3078 4512 septem,
3103 4446 3270 4503 cubiti
3307 4449 3388 4504 in

1794 4521 2078 4579 latitudine
2104 4534 2273 4595 portae
2312 4527 2474 4596 positi
2503 4537 2650 4584 sunt.
2682 4528 2836 4598 Quod
2884 4543 3066 4590 autem
3096 4539 3381 4607 sequitur:

1801 4633 1820 4666 ι
1841 4614 1910 4669 Ει
1929 4631 2151 4673 mensus
2172 4629 2254 4673 est
2283 4618 2672 4691 longitudinem
2688 4624 2816 4693 ejus
2839 4627 3030 4696 viginti
3055 4630 3382 4700 cubitorum,

1793 4717 1852 4764 et
1871 4708 2208 4766 latitudinem
2230 4712 2421 4782 viginti
2449 4715 2755 4771 cubitorum
2780 4724 2906 4772 ante
2937 4718 3133 4775 faciem
3174 4723 3384 4792 templi,

1795 4809 1852 4857 et
1878 4801 2014 4859 dixit
2044 4801 2112 4856 ad
2135 4817 2222 4857 me
2248 4821 2261 4857 :
2295 4802 2409 4860 Hoc
2437 4813 2522 4860 est
2551 4805 2810 4863 Sanctum
2833 4817 3168 4879 sanctorum,
3203 4831 3224 4864 ι
3251 4813 3383 4870 illud

1798 4892 2069 4964 signiﬁcat
2121 4895 2264 4964 quod
2298 4902 2422 4950 ante
2467 4897 2650 4968 templi
2691 4897 2908 4967 faciem,
2937 4910 2995 4957 et
3015 4902 3072 4958 in
3098 4903 3383 4962 introitum

1797 4984 1914 5055 ejus
1927 4986 2188 5057 praeteriti
2214 4987 2417 5045 laboris
2433 4997 2594 5061 atqne
2613 4994 2930 5052 certaminis
2949 4997 3106 5054 nobis
3125 5012 3383 5058 mensura

1797 5093 2012 5150 semper
2044 5089 2314 5136 occurrat.
2354 5082 2528 5148 Quam
2557 5085 2702 5140 enim
2740 5086 3006 5143 rationem
3053 5088 3110 5144 in
3153 5091 3380 5166 singulis

1796 5173 2038 5228 numeris
2071 5173 2268 5244 duplex
2293 5189 2550 5230 numerus
2578 5176 2839 5247 possidet,
2862 5179 3110 5236 eamdem
3132 5181 3252 5240 duae
3279 5185 3399 5251 ha-,

1794 5267 1926 5324 bent
1945 5267 2194 5324 decades.
2222 5266 2288 5322 Et
2310 5269 2416 5326 hoc
2434 5269 2905 5339 considerandum,
2931 5276 3075 5344 quod
3107 5277 3399 5349 ingressus,

1795 5357 2121 5415 intrinsecus
2149 5373 2238 5430 per
2270 5368 2482 5430 portam
2504 5361 2733 5418 duorum
2758 5362 2812 5417 in
2847 5363 3024 5422 fronte
3047 5367 3378 5440 cubitorum,

1796 5459 1851 5506 et
1872 5467 1966 5507 sex
1991 5453 2279 5510 habentem
2309 5453 2541 5521 cubitos,
2569 5463 2884 5526 septemque
2910 5456 2966 5511 in
3006 5456 3286 5518 latitudine
3313 5479 3380 5519 ex

1797 5556 2026 5620 utraque
2059 5558 2233 5622 parte,
2279 5559 2336 5606 et
2356 5549 2543 5621 viginti
2575 5551 2785 5607 cubitos
2812 5551 2868 5607 in
2910 5551 3264 5623 longitudine,
3301 5567 3382 5610 to-

1797 5645 2070 5715 tidemque
2094 5646 2148 5700 in
2168 5647 2300 5715 ipsis
2320 5647 2503 5716 templi
2544 5646 2782 5716 foribus,
2816 5648 3076 5706 doceatur
3117 5651 3381 5720 propheta

1798 5740 1890 5810 qui
1912 5741 1984 5797 sit
2004 5739 2092 5794 ille
2113 5739 2385 5806 locus,vcl
2417 5755 2523 5810 quo
2561 5740 2859 5812 appelletur
2909 5741 3189 5800 vocabulo.
3239 5741 3384 5803 Dixit

2902 5836 2978 5898 31
