3908 6356
155 310 259 368 975

1071 297 1424 358 WHT.
1460 296 1534 354 IN
1559 292 2016 354 HEHELEM.
2055 308 2128 338 ι·-
2162 291 2289 352 LIB.
2326 287 2487 351 XVII.

3314 301 3420 358 974

157 421 366 478 cbleam
387 415 748 474 ascendebant
769 413 824 469 in
846 413 1086 470 medium
1107 412 1468 476 cmnaculum,
1493 416 1549 465 et
1570 424 1603 463 a
1625 410 1813 475 mer'A
1835 407 2082 477 corporis
2128 408 2290 480 hujus
2331 417 2538 474 sumus,-
2575 407 3001 480 ingemiScirnus,
3038 411 3376 486 dicimusque
3405 435 3420 473 :

159 515 247 570 dio
268 512 320 566 in
347 507 585 573 tertium,
619 525 636 557 ι
666 521 774 560 non
807 503 1246 560 incenvenienter
1261 500 1422 570 juxta
1447 498 1734 570 mysticam

157 598 600 672 significationem
613 597 742 654 huic
763 596 880 652 loco
902 594 1073 665 aptari
1097 600 1295 664 petest.
1311 590 1449 646 Nam
1469 591 1558 648 hic
1584 589 1735 645 locus

156 690 368 763 proprie
396 688 463 745 ad
493 703 689 758 corpus
713 686 1050 742 Dominicum
1081 684 1272 740 referri
1297 691 1494 753 potest.
1523 681 1736 736 Ostium

156 792 388 851 namque
433 778 623 834 lateris
650 777 812 834 medii
853 778 908 832 in
942 785 1098 848 parte
1127 783 1246 832 erat
1287 776 1480 832 domus
1509 774 1731 837 dextrae,

156 873 304 944 quia,
329 870 582 926 defuncto
603 871 657 924 in
683 884 846 925 cruce
865 869 1116 934 Domino,
1136 882 1274 923 unus
1291 867 1522 921 militum
1544 864 1734 919 lancea

155 961 296 1018 latus
324 963 441 1034 ejus
469 962 702 1031 aperuit.
746 961 814 1016 Et
840 962 980 1016 bene
1011 961 1068 1015 in
1097 969 1252 1029 parte
1281 959 1471 1014 domus
1507 956 1732 1020 dextrae,

154 1053 276 1124 quia
304 1053 554 1108 dextrum
584 1053 636 1110 ei
657 1053 805 1108 latus
826 1069 856 1107 a
885 1052 1058 1107 milite
1083 1060 1328 1122 apertum
1351 1058 1537 1106 sancta
1562 1047 1737 1104 credit

151 1147 394 1213 Ecclesia
437 1167 450 1203 :
478 1149 570 1204 ubi
606 1149 772 1204 etiam
808 1159 935 1219 apto
970 1148 1139 1204 verbo
1175 1162 1305 1204 usus
1346 1157 1431 1203 est
1467 1145 1738 1217 evangeli-

151 1251 254 1308 sta,
285 1252 346 1300 ut
373 1258 481 1298 non
524 1244 749 1308 diceret,
770 1242 1046 1300 Percussit
1088 1243 1230 1298 latus
1266 1249 1358 1297 aut
1409 1242 1735 1309 vulneravit,

155 1337 270 1395 sed
302 1337 536 1406 aperuit,
567 1334 837 1400 videlicet,
887 1335 1045 1405 quasi
1089 1336 1289 1391 ostium
1320 1335 1508 1390 lateris
1549 1333 1737 1401 medii,

147 1438 246 1492 per
290 1425 434 1498 quod
485 1425 640 1480 nobis
686 1425 792 1482 iter
842 1425 909 1480 ad
966 1425 1210 1481 coelestia
1258 1425 1605 1496 panderetur.
1633 1425 1737 1480 D’e-

149 1513 314 1583 nique
342 1515 419 1570 ita
445 1512 750 1583 subjunxit:
789 1532 808 1565 ι
845 1515 913 1569 Et
957 1516 1215 1571 continuo
1246 1516 1410 1572 exivi“
1440 1515 1658 1585 sanguis
1684 1524 1740 1570 et

147 1619 292 1674 aqua
317 1602 500 1675 (locu.
530 1605 669 1677 xix),
690 1625 708 1656 ι
727 1619 869 1675 aqua
898 1606 1102 1662 scilicet
1129 1621 1234 1676 qua
1259 1606 1530 1662 abluimur
1556 1606 1609 1660 in
1638 1605 1736 1660 ba-

147 1695 364 1764 ptismo,
394 1705 453 1750 et
479 1696 720 1770 sanguis,
757 1711 864 1766 quo
889 1703 1274 1752 consecram‘ur
1301 1697 1357 1751 in
1400 1695 1570 1751 calice
1613 1701 1739 1752 san-

1844 519 1864 550 r
1901 500 2064 556 Miser
2107 516 2208 572 ego
2256 501 2453 568 homo,
2504 503 2627 573 quis
2663 509 2752 559 me
2785 503 3035 560 liberabit
3085 507 3153 562 de
3198 524 3426 580 corpore

1835 593 2028 649 mortis
2056 593 2250 664 hujus?
2278 588 2456 666 (Rom.
2489 593 2610 666 vn.)
2639 591 2747 652 Sed
2777 605 2830 651 et
2869 598 2936 653 ad
2963 589 3106 654 viam
3133 602 3425 658 australem

1835 687 1952 740 erat
1967 685 2261 750 ostidln,et
2286 684 2462 756 ipsam
2488 686 2642 756 juxta
2659 681 2984 744 beraicum
3015 687 3221 748 habens
3246 693 3422 750 locant

1835 773 2133 836 orationis,
2184 780 2240 830 et
2285 774 2524 845 quinque
2565 765 2792 832 te'nti‘ens
2839 779 3036 835 cubitis
3087 795 3186 852 per
3217 784 3420 840 circui-

1836 871 1973 919 turn.
2005 864 2110 921 P‘er
2135 865 2305 938 frigus
2329 869 2473 922 enim
2505 859 2789 938 aquilonis,
2820 863 2884 925 ad
2919 873 3210 930 australem
3238 885 3422 933 trans-

1837 957 1978 1012 imus
1998 957 2252 1022 calorem,
2276 965 2330 1013 et
2353 968 2531 1015 tamen
2563 971 2780 1015 rursum
2826 963 3084 1019 orationis
3129 967 3422 1035 quaerimus

1825 1047 2012 1103 locum
2040 1048 2095 1103 in
2125 1048 2392 1118 aquilonis
2439 1049 2598 1114 ostio,
2648 1058 2706 1105 ut
2742 1051 3034 1107 evadamus
3060 1053 3330 1126 pericula;
3362 1056 3423 1114 in

1839 1138 2080 1204 australi,-
2114 1146 2172 1194 ut
2200 1154 2423 1209 agamus
2453 1140 2655 1210 gratias
2681 1155 2778 1210 pro
2808 1142 3120 1211 prseteritis,
3146 1151 3200 1200 et
3231 1146 3301 1202 sit
3326 1161 3430 1204 no-

1836 1226 1922 1283 bis
1951 1229 2192 1284 victoria:
2228 1233 2420 1285 seettra
2447 1230 2736 1299 possessio.
2772 1230 3020 1301 Quinque
3049 1241 3227 1289 autem
3257 1236 3427 1293 cubiti

1839 1327 1894 1377 et
1921 1322 1978 1375 in
2007 1321 2109 1377 hoc
2139 1321 2256 1378 loco
2298 1318 2508 1378 divinos
2547 1322 2791 1377 indicant
2818 1333 3028 1389 sensus,
3062 1327 3158 1396 per
3186 1343 3321 1396 quos
3354 1328 3422 1386 de

1839 1415 2072 1471 terrenis
2120 1415 2188 1469 ad
2241 1413 2435 1469 altiora
2479 1413 2908 1470 conscendimus.
2947 1435 2966 1467 ‹
3001 1415 3067 1472 Et
3115 1418 3422 1486 aediﬁcium,

1838 1505 2034 1575 inquit,
2064 1504 2208 1575 quod
2231 1507 2350 1561 erat
2377 1507 2708 1574 separatum,
2732 1517 3057 1576 versumque
3078 1507 3146 1562 ad
3170 1507 3312 1564 viam
3340 1525 3427 1566 re-

1840 1593 2158 1665 spicientem
2190 1580 2259 1649 ad
2285 1608 2454 1657 mare,
2483 1593 2781 1648 latitudinis
2832 1596 3174 1666 septuaginta
3212 1597 3425 1655 cubito-

1843 1692 1984 1756 rum,
2016 1707 2036 1743 ι
2070 1693 2129 1744 'ut
2170 1693 2292 1760 post
2319 1687 2550 1753 labores,
2581 1693 2637 1742 et
2664 1676 2924 1756 pericula,
2947 1690 3001 1744 et
3046 1687 3230 1744 saeculi
3271 1689 3428 1746 istius

147 1793 253 1839 cto.
287 1784 392 1840 Per
430 1785 536 1842 hoc
574 1801 808 1856 namque
835 1788 1035 1842 ostium
1064 1787 1221 1843 nobis
1263 1795 1348 1842 est
1396 1795 1652 1842 ascensus
1679 1787 1744 1842 in-
1769 1772 1812 1832 Β
1840 1782 2037 1866 ﬂuctus
2098 1789 2261 1852 atque
2320 1779 2621 1851 naufragia,
2651 1788 2710 1835 et
2750 1783 2920 1835 annos
2970 1781 3330 1851 Septuaginta,
3360 1782 3429 1840 de

145 1874 384 1936 medium
417 1876 788 1945 caenaculum,
835 1885 894 1932 et
931 1891 964 1930 a
1004 1876 1184 1932 medio
1215 1877 1271 1934 in
1310 1876 1528 1932 tertium
1551 1917 1564 1941 ,
1612 1877 1739 1946 quia

144 1981 242 2035 per
268 1965 432 2021 ﬁdem
470 1976 525 2023 et
566 1968 828 2040 mysteria
881 1968 1053 2024 nostri
1098 1968 1477 2038 redemptoris,
1509 1969 1574 2023 de
1599 1981 1741 2038 prae-

145 2057 287 2112 senti
313 2057 570 2114 Ecclesiae
607 2060 1018 2116 conversatione
1066 2060 1136 2114 ad
1164 2060 1410 2129 requiem
1436 2059 1740 2114 animarum

141 2155 269 2219 post
298 2157 533 2203 mortem
561 2148 904 2204 ascendimus
933 2165 948 2205 :
992 2161 1288 2218 rursusque
1317 2148 1384 2204 de
1407 2149 1596 2218 requie
1625 2149 1742 2203 ani-

144 2253 380 2306 marum,
427 2239 746 2296 adveniente
789 2239 878 2295 die
899 2238 1116 2308 iudicii,
1164 2240 1230 2294 ad
1275 2239 1740 2294 immortalitatem

143 2342 363 2399 quoque
393 2344 702 2400 corporum,
731 2331 886 2402 quasi
925 2330 979 2384 in
1018 2330 1239 2386 tertium
1275 2330 1614 2385 caenaculum
1641 2345 1736 2384 su-

142 2416 395 2473 blimiore
435 2417 680 2488 profectu
715 2419 1119 2490 penetrabimus
1145 2459 1161 2485 ,
1215 2434 1282 2474 ex
1311 2435 1418 2489 quo
1460 2420 1514 2475 in
1544 2427 1740 2492 magna

147 2507 433 2562 amborum
463 2515 515 2562 el
545 2509 788 2578 corporis
821 2509 1073 2566 videlicet
1095 2518 1152 2567 et
1190 2511 1385 2567 animae
1408 2512 1742 2568 beatitudine

142 2597 412 2654 vivamus.
439 2597 595 2666 Quod
615 2601 834 2670 quidem
861 2602 964 2656 iter
983 2601 1328 2660 invisibiliter
1355 2603 1636 2674 agebatur,
1663 2603 1741 2658 ita

143 2701 202 2747 ut
222 2692 323 2750 soli
363 2691 473 2746 hoc
502 2691 594 2761 qui
636 2692 968 2746 intraverant
1011 2702 1254 2760 nossent,
1281 2694 1532 2765 quamvis
1565 2693 1741 2764 ipsum

143 2789 342 2844 ostium
385 2784 558 2841 etiam
599 2782 734 2840 foris
784 2782 948 2853 positi
986 2783 1250 2839 viderent.
1301 2783 1435 2852 Quia
1485 2784 1741 2838 nimirum

143 2889 301 2937 actus
333 2877 581 2934 fidelium
607 2876 663 2930 in
692 2877 795 2930 hoc
816 2875 1035 2940 saeculo,
1051 2883 1108 2931 et
1133 2874 1527 2932 celebrationes
1558 2889 1742 2930 sacra-

141 2975 459 3030 mentorum
486 2970 653 3025 etiam
678 2967 893 3039 reprobi
925 2974 1154 3038 possunt
1180 2966 1401 3034 intueri,
1428 2981 1618 3023 verum
1653 2980 1741 3020 ar-

144 3083 282 3123 cana
306 3063 440 3145 fidei
464 3062 693 3126 intimae,
719 3071 776 3115 et
816 3059 1048 3130 gratiam
1071 3057 1396 3125 dilectionis,
1428 3057 1606 3114 nullus
1631 3057 1739 3113 nisi

1843 1873 2038 1944 quibus
2057 1872 2322 1929 Jeremias
2346 1871 2558 1937 scribit,
2581 1879 2634 1927 et
2653 1869 2861 1936 Daniel,
2892 1877 2944 1926 et
2972 1867 3264 1929 Zacharias
3291 1873 3426 1945 (Jer.

1843 1979 1979 2031 xxv;
2009 1964 2151 2018 Dan.
2169 1978 2257 2030 rx;
2285 1953 2448 2017 Zach.
2473 1960 2593 2033 'vn),
2625 1975 2812 2016 verum
2835 1968 2891 2016 et
2910 1961 3208 2033 legitimum
3223 1972 3430 2034 septem

1842 2055 2168 2111 decadarum
2223 2053 2505 2109 sabbatum
2555 2055 2996 2122 consequamur,
3051 2059 3113 2107 ut
3163 2053 3234 2109 sit
3269 2054 3427 2111 nobis

1841 2146 2277 2216 aeterna'requies
2302 2163 2315 2199 :
2344 2152 2398 2199 et
2410 2159 2508 2215 per
2520 2143 2758 2213 quinque
2773 2143 3078 2199 cubitorum
3091 2143 3430 2201 latitudinem

1843 2238 2124 2294 veniamus
2145 2235 2212 2292 ad
2250 2236 2643 2308 longitudinem
2674 2235 2967 2308 nonaginta
3002 2235 3332 2301 cubitorum,
3375 2236 3432 2292 in

1843 2343 1950 2399 qua
1977 2337 2137 2384 actate
2151 2328 2217 2384 de
2231 2327 2650 2400 repromissione
2667 2326 2834 2381 illium
2849 2325 2983 2382 Sara
2999 2327 3298 2399 generavit,
3313 2342 3434 2398 quae

1843 2423 2135 2494 nonaginta
2154 2435 2442 2487 annorum,
2457 2421 2513 2476 id
2530 2427 2613 2476 est
2629 2435 2822 2476 novem
2850 2419 3198 2487 decadarum,
3226 2419 3436 2491 peperit

1851 2515 2025 2581 Isaac,
2047 2513 2231 2584 juncta
2251 2511 2526 2570 Abraham
2543 2513 2876 2580 centenario,
2911 2513 2964 2569 id
2994 2519 3100 2580 est,
3125 2512 3311 2568 decem
3335 2512 3431 2567 de-

1843 2609 2101 2663 cadarum
2125 2605 2345 2661 habenti
2375 2605 2690 2676 mysterium
2716 2602 2867 2675 (Gen.
2888 2603 3025 2674 xxi).
3044 2603 3146 2671 Qui
3176 2617 3436 2658 numerus

1842 2697 1972 2768 quid
2000 2696 2304 2768 significet,
2361 2703 2596 2765 sequens
2641 2693 2920 2765 Scriptura
2966 2693 3308 2748 monstrabit.

1920 2797 1939 2840 ι
1970 2788 2038 2860 Et
2065 2801 2284 2844 mensus
2317 2795 2399 2841 est
2434 2785 2627 2842 domus
2659 2785 3044 2856 longitudinem
3084 2793 3300 2840 centum
3335 2797 3434 2839 cu-

1849 2888 1867 2935 i
1897 2881 2153 2946 biturum,
2181 2887 2236 2934 et
2265 2879 2409 2948 quod
2435 2887 2744 2949 separatum
2776 2888 2898 2933 erat
2933 2875 3222 2932 redificium
3248 2884 3304 2932 et
3335 2891 3436 2946 pa-

1851 2989 1869 3024 r
1897 2973 2064 3028 rietes
2085 2971 2200 3042 ejus
2222 2969 2574 3041 longitudinis
2597 2977 2814 3024 centum
2839 2969 3166 3024 cubitorum.
3181 2967 3439 3024 Latitudo

1849 3077 1868 3114 ι
1897 3072 2079 3117 autem
2099 3070 2223 3116 ante
2271 3061 2464 3116 faciem
2492 3060 2684 3116 domus
2717 3067 2771 3115 et
2799 3059 2914 3129 ejus
2945 3059 3088 3130 quod
3114 3068 3234 3113 erat
3283 3074 3434 3128 sepa-

145 3158 238 3228 (ιιιί
287 3136 389 3229 ῥεῖ
445 3155 578 3216 hac,
632 3151 862 3208 Domino
913 3152 1072 3217 duce,
1113 3151 1182 3206 ad
1217 3151 1461 3208 ctelestia
1505 3151 1740 3217 scandit,
1768 3136 1816 3200 (ἶ
1853 3170 1872 3204 ι
1903 3160 2082 3207 ratum
2109 3159 2297 3208 contra
2326 3153 2590 3208 orientem
2613 3157 2828 3206 centum
2851 3142 3176 3204 cubitorum.
3201 3147 3268 3204 Et
3289 3163 3438 3206 men-

146 3247 434 3320 agnoscit:
474 3262 494 3296 ι
529 3243 632 3312 Qui
665 3243 811 3298 enim
833 3242 966 3298 dicit
1002 3257 1062 3297 se
1089 3255 1248 3298 nosse
1269 3242 1460 3308 Deum,
1494 3249 1550 3298 et
1584 3257 1739 3300 man-

147 3339 274 3396 data
303 3336 426 3407 ejus
466 3350 574 3390 non
608 3333 866 3400 custodit,
897 3337 1129 3390 mendax
1168 3341 1252 3388 est
1285 3332 1339 3404 (Ι
1373 3331 1535 3388 Joan.
1587 3333 1673 3404 ιι).
1716 3351 1736 3386 ι

153 3453 173 3487 ι
206 3435 276 3489 Et
301 3433 432 3496 vidi,
471 3430 664 3500 inquit,
701 3430 756 3484 in
786 3429 946 3482 domo
966 3428 1300 3483 altitudinem
1320 3442 1417 3498 per
1435 3427 1742 3494 circuitum,

147 3524 376 3580 fundata
403 3521 575 3577 latera
615 3521 681 3576 ad
731 3533 1042 3574 mensuram
1071 3519 1263 3574 calami
1297 3534 1391 3574 sex
1438 3519 1744 3574 cubitorum

148 3612 356 3684 spatio,
375 3619 432 3665 et
457 3607 795 3665 latitudinem
823 3621 923 3678 per
947 3607 1210 3679 parietem
1233 3606 1420 3663 lateris
1444 3606 1746 3662 forinsecus

153 3705 404 3775 quinque
460 3701 784 3758 cubitorum.
845 3700 914 3754 Et
967 3699 1111 3756 inter
1175 3699 1559 3774 gazophylacia
1605 3700 1747 3772 (qua:

151 3798 516 3870 Symmachus
561 3796 780 3851 exedras
817 3793 1013 3867 vocat)
1055 3793 1392 3850 latitudinem
1426 3793 1616 3866 viginti
1656 3808 1748 3848 cu-

151 3890 394 3945 bitorum
440 3903 536 3959 per
577 3888 863 3942 circuitum
915 3887 1128 3943 domus.
1162 3903 1182 3940 ι
1223 3885 1494 3959 (Ηὶενοη.)
1542 3886 1750 3955 Quibus

151 3979 404 4036 numeris
432 3977 757 4042 ostenditur,
785 3976 930 4046 quod
952 3976 1019 4031 de
1041 3977 1242 4032 mundo
1271 3978 1374 4031 hoc
1407 3987 1464 4032 et
1489 3977 1556 4032 de
1580 3985 1750 4031 terre-

152 4073 242 4130 nis
264 4071 537 4136 sensibus,
558 4077 614 4126 et
639 4069 704 4125 de
725 4069 872 4123 duali
894 4069 1124 4124 duarum
1153 4067 1481 4124 decadarum
1502 4079 1749 4133 numero,

151 4166 252 4236 qui
282 4164 518 4218 refertur
557 4162 625 4216 ad
653 4161 846 4233 viginti
878 4175 984 4215 non
1009 4157 1182 4215 solum
1215 4159 1269 4213 in
1301 4157 1501 4214 Sancta
1531 4166 1750 4213 sancto-

156 4273 308 4323 rum,
341 4257 437 4312 scd
485 4264 540 4312 et
587 4255 642 4310 in
680 4253 956 4309 ewnacula
1005 4267 1191 4308 eorum
1226 4265 1534 4306 mereamur
1561 4265 1752 4306 ascen-

155 4347 383 4412 dere,et
401 4358 616 4414 semper
640 4343 839 4398 habere
861 4343 914 4398 in
936 4342 1219 4407 memoria,
1234 4339 1376 4410 quod
1399 4354 1497 4410 per
1517 4355 1613 4395 sex
1641 4339 1756 4394 dies

156 4436 491 4495 conditionis
535 4442 758 4500 nostrae,
792 4441 845 4490 et
888 4447 985 4504 per
1038 4434 1277 4504 quinque
1327 4433 1539 4499 senstis,
1575 4439 1631 4486 et
1658 4443 1756 4500 per
1781 4485 1812 4504 __

156 4532 353 4604 viginti
381 4529 562 4586 cubita
603 4529 901 4584 latitudinis
950 4527 1358 4583 ascenderimus
1403 4527 1470 4582 ad
1505 4541 1757 4583 cmnacu-
1781 4499 1836 4560 Ῑ)

157 4623 276 4677 lum
307 4620 586 4691 templi,et
607 4627 879 4674 terrenam
907 4618 1290 4684 humilitatem,
1316 4631 1642 4688 sensumque
1664 4615 1755 4670 lit-

164 4724 296 4770 terae
327 4713 715 4782 relinquentes,
741 4711 1118 4766 transierimus
1157 4707 1225 4764 ad
1259 4709 1626 4764 summitatem
1651 4707 1756 4762 Ec-

162 4805 366 4868 clesiae,
397 4803 738 4874 Spiritusque
765 4803 939 4856 sancti
966 4802 1240 4857 consortio
1263 4800 1612 4871 gaudeamus.
1645 4818 1662 4849 ε
1693 4799 1760 4852 Et

168 4899 391 4963 ostium,
431 4896 640 4966 inquit,
692 4894 879 4949 lateris
931 4894 1000 4949 ad
1048 4893 1350 4949 orationem
1395 4898 1583 4946 contra
1613 4889 1758 4944 viam

169 4987 464 5060 aquilonis,
497 5005 514 5038 ι
544 5001 574 5040 a
611 4976 718 5056 quo
746 4985 1110 5041 exardescunt
1160 4983 1299 5038 mala
1347 4997 1508 5054 super
1544 4995 1760 5036 omnem

170 5091 390 5143 terram,
418 5086 473 5133 et
493 5093 652 5147 quem
674 5076 934 5132 Dominus
963 5075 1282 5131 abacturum
1320 5089 1378 5129 se
1410 5089 1441 5128 a
1475 5073 1628 5129 nobis
1651 5073 1764 5144 pol-

167 5172 362 5230 licetur
383 5170 605 5227 dicens:
638 5188 655 5220 ‹
686 5169 754 5224 Et
785 5183 905 5224 eum
928 5169 1019 5239 qui
1047 5169 1115 5224 ab
1159 5167 1410 5239 aquilone
1439 5176 1523 5223 est
1551 5182 1579 5221 a
1610 5167 1764 5222 vobis

169 5264 405 5335 abigam.
444 5279 464 5314 ι
491 5260 828 5330 Pulchreque
859 5259 912 5314 in
944 5258 1084 5314 ostio
1121 5265 1311 5314 contra
1359 5257 1664 5326 aquilonem
1687 5255 1764 5311 lo-

123 5344 130 5348 ’
169 5365 267 5414 cus
295 5353 558 5412 orationis
603 5360 707 5418 est,
741 5359 800 5405 ut
843 5349 1139 5406 secundum
1188 5349 1503 5418 Apostolum
1544 5361 1762 5403 oremus

167 5450 292 5508 line
337 5446 641 5504 cessatione
689 5441 741 5516 (Ι
771 5441 947 5498 Thess.
979 5441 1057 5513 'v),
1090 5449 1143 5496 et
1180 5441 1422 5496 dicamus
1447 5451 1568 5494 cum
1615 5435 1765 5493 Jere-

168 5541 325 5602 mia:
361 5558 381 5592 ι
413 5539 530 5594 Non
561 5538 720 5595 sileat
764 5535 966 5607 pupilla
1016 5533 1155 5591 oculi
1195 5533 1302 5587 mei
1334 5531 1549 5603 (Thren.
1599 5531 1694 5603 n);
1741 5551 1759 5584 ι

168 5634 260 5690 vel
283 5633 567 5705 prm‘sentia
594 5630 732 5686 mala
760 5630 932 5684 vitare
959 5627 1255 5699 cupientes,
1287 5623 1371 5679 vel
1396 5632 1616 5694 agentes
1644 5638 1768 5694 gra-

170 5725 284 5786 tias
316 5739 416 5799 pro
460 5723 765 5796 praeteritis.
814 5720 1057 5791 Quandiu
1115 5717 1262 5775 enim
1311 5715 1366 5772 in
1423 5715 1770 5773 tabernaculo

1856 3264 1875 3298 ι
1909 3261 2000 3302 sus
2037 3251 2120 3300 est
2152 3243 2543 3316 longitudinem
2574 3241 2786 3298 aedificii
2838 3249 3026 3298 contra
3074 3239 3269 3296 faciem
3298 3239 3437 3311 ejus,

1856 3353 1875 3389 ι
1908 3337 2053 3407 quod
2103 3341 2220 3390 erat
2276 3343 2586 3407 separatum
2631 3333 2700 3390 ad
2727 3325 2968 3400 dorsum,
3004 3331 3294 3390 hecthecas
3353 3332 3441 3405 (id

1857 3447 1876 3480 ι
1913 3434 1998 3483 est
2030 3425 2346 3496 eminentia)
2379 3441 2442 3481 ex
2493 3433 2722 3497 utraque
2777 3435 2945 3498 parte.
2972 3435 3194 3482 centum
3224 3423 3439 3482 cubito-

1857 3542 1875 3573 σ
1906 3535 2048 3586 rum,
2080 3526 2135 3574 et
2157 3516 2414 3589 templum
2438 3518 2667 3574 interius
2687 3519 2743 3574 et
2763 3517 3030 3574 vestibula
3059 3518 3204 3584 atrii,
3231 3517 3438 3586 limina,

1860 3631 1878 3665 ι
1907 3621 1962 3668 et
1985 3611 2256 3667 fenestras
2283 3611 2548 3682 obliquas,
2570 3611 2854 3667 hecthecas
2878 3614 2930 3667 in
2954 3612 3184 3668 circuitu
3211 3628 3310 3684 per
3328 3596 3441 3668 tres

1861 3723 1880 3755 ‹
1912 3711 2092 3774 partes
2145 3710 2338 3758 contra
2404 3702 2830 3773 uniuscujusque
2875 3700 3060 3771 limen,
3104 3711 3442 3774 stratumque

1861 3812 1881 3847 ‹
1917 3794 2061 3865 ligno
2109 3806 2206 3864 per
2237 3808 2427 3865 gyrum
2473 3792 2528 3848 in
2562 3793 2810 3849 circuitu.
2859 3787 3027 3848 Terra
3053 3801 3234 3849 autem
3261 3807 3445 3864 usque

1863 3901 1881 3938 ι
1919 3885 1984 3940 ad
2036 3884 2323 3951 fenestras,
2373 3893 2429 3939 et
2469 3883 2718 3939 fenestrae
2761 3883 2957 3940 clausae
2995 3901 3157 3956 super
3189 3884 3351 3952 ostia,
3388 3892 3442 3939 et

1864 3994 1881 4028 ι
1918 3987 2090 4044 usque
2116 3975 2182 4029 ad
2209 3975 2425 4029 domum
2459 3973 2772 4029 interiorem
2803 3985 2857 4030 et
2881 3975 3180 4033 forinsecus
3205 3991 3305 4047 per
3329 3991 3444 4032 om-

1864 4086 1884 4119 ι
1919 4081 2042 4122 nem
2073 4067 2333 4136 parietem
2359 4067 2412 4121 in
2439 4066 2666 4120 circuitu
2692 4067 3032 4131 intrinsecus,
3067 4076 3122 4123 et
3145 4067 3447 4124 forinsecus

1867 4178 1886 4211 α
1925 4160 1990 4213 ad
2016 4172 2348 4222 mensuram,
2378 4165 2434 4213 et
2460 4155 2752 4212 fabrefacta
2776 4159 3037 4214 cherubin
3063 4167 3118 4215 et
3141 4158 3349 4229 palmae.
3378 4159 3448 4216 Et

1868 4269 1888 4303 ι
1925 4250 2102 4322 palma
2129 4251 2270 4305 inter
2297 4251 2501 4305 cherub
2526 4256 2580 4304 et
2612 4248 2834 4304 cherub.
2872 4247 3125 4322 Duasque
3158 4250 3323 4308 facies
3352 4252 3448 4308 lia-

1869 4361 1890 4394 ‹
1924 4342 2085 4399 bebat
2106 4339 2329 4397 cherub.
2349 4340 2563 4396 Faciem
2587 4339 2820 4397 hominis
2835 4338 2989 4409 juxta
3008 4339 3240 4413 palmam
3261 4357 3324 4397 ex
3346 4343 3449 4398 hac.

1869 4452 1889 4486 ι
1925 4443 2101 4504 parte,
2127 4440 2182 4489 et
2207 4432 2404 4489 faciem
2441 4431 2614 4487 leonis
2633 4430 2787 4502 juxta
2813 4429 3046 4503 palmam
3070 4449 3138 4489 ex
3170 4433 3272 4487 alia
3297 4441 3450 4502 parte

1868 4545 1887 4577 ι
1922 4542 2232 4598 expressam
2252 4541 2352 4597 per
2371 4540 2590 4581 omnem
2612 4517 2828 4580 domum
2853 4524 2909 4580 in
2932 4525 3180 4581 circuitu.
3203 4523 3280 4578 De
3304 4532 3453 4579 terra

1867 4622 1887 4671 ἡ
1921 4634 2093 4688 usque
2114 4619 2180 4674 ad
2202 4617 2479 4688 superiora
2493 4624 2680 4688 portze,
2695 4615 2956 4672 cherubin
2973 4627 3027 4672 et
3046 4616 3238 4686 palma:
3251 4614 3452 4674 curiatae

1867 4727 1886 4760 ι
1924 4715 2080 4763 erant
2100 4709 2154 4761 in
2176 4707 2381 4778 pariete
2404 4705 2606 4776 templi.
2632 4703 2821 4760 Limen
2846 4705 3272 4775 quadrangulum
3295 4712 3447 4769 erat;

1868 4818 1887 4851 ‹
1923 4805 1979 4854 et
2005 4796 2172 4852 facies
2194 4795 2487 4850 sanctuarii
2508 4802 2759 4864 aspectus
2782 4803 2969 4849 contra
3017 4803 3293 4864 aspectum
3317 4792 3453 4847 alta-

1871 4908 1890 4942 r
1930 4890 2005 4944 ris
2027 4887 2221 4960 lignei,
2244 4886 2409 4941 trium
2432 4885 2738 4941 cubitorum
2771 4884 2996 4940 altitudo
3021 4883 3170 4954 ejus,
3202 4893 3257 4939 et
3283 4881 3456 4953 longi-

1871 5000 1890 5032 ι
1930 4980 2059 5034 tudo
2081 4978 2197 5048 ejus
2219 4977 2446 5034 duorum
2470 4977 2775 5033 cubitorum
2793 5017 2808 5044 ,
2836 4985 2890 5033 et
2910 4975 3090 5050 anguli
3115 4974 3232 5044 ejus
3251 4982 3306 5030 et
3331 4975 3453 5031 lon-

1871 5089 1890 5122 ‹
1929 5069 2113 5144 gitudo
2138 5067 2273 5139 ejus,
2301 5077 2355 5124 et
2375 5067 2612 5140 parietes
2633 5065 2750 5137 ejus
2770 5067 2952 5140 lignei.
2985 5086 3005 5119 ι
3035 5063 3304 5138 (Ηὶετοη.)
3327 5065 3458 5123 Des-

1866 5161 2147 5217 cribuntur
2170 5169 2352 5215 autem
2386 5158 2585 5216 Sancta
2611 5168 2924 5214 sanctorum
2951 5168 3006 5215 et
3032 5157 3289 5229 templum
3318 5158 3458 5214 inte-

1870 5257 1982 5311 rius
2003 5255 2146 5328 quod
2168 5264 2291 5327 post
2326 5255 2618 5328 nonaginta
2657 5253 2865 5310 cubitos
2903 5269 2970 5308 ex
3001 5251 3175 5309 tribus
3209 5251 3459 5324 partibus

1871 5353 2130 5403 centenos
2156 5346 2366 5402 cubitus
2390 5343 2590 5400 habere
2613 5343 2842 5399 dicatur.
2875 5335 3180 5399 Perfectum
3203 5340 3459 5398 videlicet

1871 5443 2157 5491 numerum
2207 5433 2531 5490 decadarum
2587 5429 2808 5499 decem,
2851 5442 2909 5488 ut
2948 5439 3001 5488 et
3041 5441 3219 5488 mente
3257 5441 3314 5489 et
3345 5445 3462 5489 ser-

1873 5544 2059 5595 mone,
2099 5533 2155 5584 et
2193 5527 2446 5600 operibus
2472 5526 2701 5581 Domino
2739 5525 3067 5593 serviamus,
3116 5525 3461 5583 recordantes

1875 5621 2016 5678 illius
2057 5619 2337 5691 apostolici
2368 5617 2599 5690 exempli
2631 5619 2686 5674 in
2713 5635 2818 5690 quo
2847 5621 2943 5688 ait,
2977 5639 2996 5671 ι
3036 5628 3094 5675 ιιι
3121 5621 3260 5676 scire
3288 5615 3435 5688 possi

1876 5731 2019 5784 mus,
2046 5729 2164 5786 quae
2204 5712 2274 5769 sit
2307 5705 2558 5778 latitudo,
2601 5721 2656 5768 et
2683 5713 2978 5784 longitudo,
3018 5723 3072 5771 et
3110 5709 3457 5785 profundum,
