3908 6356
134 345 244 454 tm

1031 386 1380 446 COMMENT.
1422 385 1492 442 IN
1529 381 1982 443 EZECHIELEM.
2021 411 2092 425 —
2124 383 2252 441 LIB.
2291 383 2454 442 XVII.

3276 381 3382 438 9'18

149 522 264 578 qua
291 501 619 576 aperiebatur
648 509 1013 558 sanctuarium
1045 510 1101 557 et
1137 501 1393 573 templum
1432 515 1529 572 per
1565 515 1696 571 quae
1724 503 1776 564 Α
1805 516 1824 550 ι
1851 498 2239 584 Oprofundum
2267 499 2581 556 divitiarum
2620 498 2895 570 sapientia
2916 507 2973 554 et
3000 498 3240 556 scientia
3261 497 3384 566 Dei,

137 610 265 654 tuor
291 595 504 666 angulos
533 601 723 650 contra
759 593 952 648 faciem
992 601 1319 648 sanctorum.
1371 591 1529 648 Prius
1558 591 1702 664 enim

133 690 394 744 habemus
439 685 678 742 scientia
721 683 1142 750 multitudinem,
1185 699 1283 756 per
1308 700 1492 756 quam,
1535 683 1704 740 victo-

143 781 273 833 riam
317 781 382 833 de
420 778 572 834 hoste
613 776 1016 847 consequimur,
1064 784 1118 833 et
1161 784 1350 848 postea
1384 777 1541 833 nobis
1581 791 1704 833 san-

141 871 402 926 ctuarium
430 869 673 942 aperitur
698 877 753 924 et
780 867 1060 940 templum,
1104 869 1248 940 quod
1273 868 1436 924 habet
1475 876 1707 939 quatuor

85 1011 91 1022 ,
138 959 370 1032 angulos,
394 968 448 1016 et
480 959 768 1015 stationem
800 957 1189 1025 ﬁrmissimam,
1234 966 1435 1030 etquae
1477 957 1535 1012 in
1579 956 1704 1014 nul-

139 1051 241 1104 lam
275 1057 479 1120 partem
507 1048 771 1105 declivior
793 1047 884 1104 sit.
927 1045 1080 1104 Hanc
1105 1049 1248 1104 enim
1271 1048 1432 1103 habet
1460 1055 1707 1106 naturam

136 1157 382 1198 mensura
407 1140 784 1212 quadranguli,
811 1147 872 1195 ut
894 1139 1075 1195 stabili
1102 1140 1524 1212 consistatgbasi.
1561 1139 1628 1194 Et
1652 1139 1706 1195 in

131 1234 360 1304 mystico
384 1209 627 1296 numero,
651 1209 743 1302 qui
769 1230 1021 1302 prudenti
1045 1230 1235 1285 lectori
1259 1209 1576 1302 perspicuus
1599 1236 1706 1295 est,

131 1321 396 1377 elementa
439 1323 671 1390 quatuor
711 1333 779 1374 ex
825 1317 1020 1389 quibus
1056 1325 1306 1373 constant
1336 1317 1516 1373 omnia
1540 1316 1707 1376 solida

130 1423 496 1485 perpetuaque
550 1411 842 1483 possideat.
902 1412 970 1466 Et
1027 1420 1223 1468 cuneta
1274 1421 1460 1467 contra
1516 1411 1710 1467 faciem

133 1505 424 1563 sanctuarii
448 1505 802 1578 aspiciebant.
844 1505 984 1561 Ante
1009 1505 1151 1576 quod
1179 1504 1567 1568 sanctuarium,
1597 1505 1712 1560 sive

135 1599 197 1653 in
211 1613 319 1669 quo
346 1599 656 1654 sanctuario
677 1607 797 1654 erat
821 1599 1029 1668 species
1050 1597 1235 1652 altaris
1256 1597 1417 1668 lignei
1445 1597 1606 1652 trium
1625 1611 1713 1654 cu-

133 1685 364 1744 bitorum
383 1689 684 1757 altitudine,
703 1698 758 1745 et
773 1687 1104 1762 longitudine
1131 1688 1437 1746 cubitorum
1461 1689 1710 1754 duorum,

131 1781 184 1832 et
206 1779 487 1834 latitudine
510 1781 816 1836 cubitorum
841 1782 1091 1846 duorum,
1110 1781 1200 1850 qui
1220 1779 1396 1850 juncti
1412 1788 1620 1851 septem
1634 1779 1715 1834 fa—

1801 607 1962 662 quam
1997 592 2391 648 .inscrutabilia
2436 591 2639 662 judicia
2682 593 2832 662 ejus,
2883 603 2938 650 et
2979 592 3383 665 investigabiles

1800 684 1904 738 via
1930 682 2110 763 illius!
2146 701 2167 736 ι
2196 681 2375 755 (Rom.
2413 683 2514 753 xi.)
2539 683 2626 749 Et,
2660 701 2679 734 ι
2711 682 2844 750 Quis
2873 685 3122 754 cognovit
3161 698 3381 740 sensum

1788 762 2016 832 'oomini
2041 774 2275 848 (Ibid.)?
2305 797 2324 830 ι
2359 777 2462 850 nisi
2494 777 2582 832 ille
2609 777 2701 847 qui
2727 785 2810 833 est
2831 779 3014 848 magni
3047 777 3256 834 consilii
3285 792 3382 831 an-

1801 866 1972 938 gelus,
1995 875 2051 922 et
2078 881 2172 924 sua
2200 876 2381 938 potest
2409 868 2584 940 dignis
2617 868 2828 938 aperire
2848 870 3107 939 mysteria
3133 886 3145 923 :
3175 870 3378 931 ἐκθετας

1804 968 1985 1016 autem
2010 960 2197 1017 Roma
2223 961 2492 1032 appellant
2519 961 2717 1028 solaria
2755 964 2823 1017 de
2849 951 3248 1017 canaculorum
3279 975 3377 1031 pa-

1805 1053 2030 1110 rietibus
2045 1053 2358 1118 eminentia,
2382 1053 2496 1109 sive
2511 1054 2782 1120 meniana,
2802 1053 2870 1110 ab
2883 1067 2949 1109 eo
2974 1053 3067 1126 qui
3092 1068 3155 1109 ea
3174 1053 3384 1124 primus

1808 1143 2031 1210 invenit,
2077 1159 2198 1214 qua
2246 1144 2488 1199 nonnulli
2533 1145 2845 1200 Graeorum
2882 1147 3141 1221 ἕξώστρας
3167 1153 3384 1202 vocant.

1809 1283 1818 1288 .
1883 1255 1904 1288 ‹
1945 1235 2016 1291 Et
2037 1234 2250 1292 locutus
2281 1245 2364 1291 est
2393 1237 2459 1291 ad
2505 1251 2634 1291 me:
2663 1236 2790 1293 Hac
2837 1246 2923 1292 est
2966 1252 3154 1293 mensa
3201 1251 3386 1294 coram

1815 1343 1835 1378 ι
1880 1325 2128 1380 Domino.
2169 1325 2240 1380 Et
2268 1326 2374 1381 duo
2402 1328 2537 1380 ostia
2564 1334 2720 1381 erant
2755 1326 2809 1382 in
2839 1327 3036 1396 templo
3065 1334 3119 1382 et
3159 1328 3214 1381 in
3265 1341 3391 1382 san-

1816 1431 1838 1467 t
1879 1413 2108 1479 ctuario,
2135 1421 2190 1469 et
2220 1413 2277 1469 in
2303 1413 2512 1480 duobus
2537 1415 2692 1470 ostiis
2721 1430 2786 1470 ex
2817 1423 3048 1486 utraque
3079 1427 3235 1486 parte
3263 1417 3389 1471 bina

1817 1521 1837 1556 ι
1867 1507 2038 1558 erant
2057 1503 2271 1569 ostiola,
2296 1518 2415 1574 qua
2440 1505 2493 1558 in
2524 1520 2581 1560 se
2606 1505 2835 1560 invicem
2862 1505 3200 1575 plicabantur
3225 1523 3237 1558 :
3265 1506 3390 1561 bina

1819 1615 1838 1647 ι
1884 1594 2028 1649 enim
2057 1595 2198 1650 ostia
2243 1605 2400 1652 erant
2443 1611 2507 1651 ex
2539 1605 2769 1666 utraque
2807 1604 2961 1666 parte
2997 1598 3280 1652 ostiorum.
3326 1597 3395 1652 Et

1821 1704 1840 1736 ι
1889 1683 2074 1740 calata
2120 1685 2365 1740 erantin
2411 1685 2542 1756 ipsis
2582 1687 2738 1742 ostiis
2779 1687 2964 1758 templi
3013 1689 3296 1768 cherubin,
3337 1696 3394 1743 ct

1823 1777 2176 1848 «sculptura
2212 1779 2513 1848 palmarum
2562 1779 2703 1835 sicut
2744 1779 2797 1834 in
2844 1780 3141 1851 parietibus
3183 1785 3396 1852 quoque

132 1869 277 1924 ciunt
297 1871 526 1926 cubitos.
550 1870 701 1938 Quod
717 1871 886 1926 altare
908 1871 1382 1939 liabebatcornua,
1405 1881 1460 1928 et
1485 1882 1595 1928 tam
1618 1873 1715 1929 ba-
1746 1865 1795 1927 B
1829 1885 1848 1918 ι
1885 1881 2160 1938 expressae
2183 1876 2358 1924 erant.
2409 1868 2771 1936 Quamobrem
2810 1879 2866 1925 et
2918 1871 3187 1942 ενοεείοη
3241 1881 3399 1927 erant

93 2038 95 2040 η
130 1967 425 2030 ses,’qnam
461 1961 692 2031 parietes
714 1961 852 2030 ejus,
881 1963 984 2018 hoc
1015 1970 1117 2030 est,
1143 1963 1312 2019 latera
1336 1971 1494 2020 erant
1515 1963 1712 2036 lignea.

129 2051 187 2106 In
227 2068 336 2123 quo
361 2052 672 2125 Scriptura
705 2063 906 2111 sancta
945 2057 1202 2128 mysteria
1228 2058 1496 2114 humanus
1537 2072 1718 2116 sermo

124 2146 309 2212 potest
336 2143 640 2216 explicare,
680 2147 947 2217 quomodo
988 2146 1157 2204 altare
1212 2148 1264 2203 in
1299 2163 1406 2218 quo
1426 2148 1568 2219 ignis
1595 2165 1747 2206 suc-o

125 2235 446 2292 cendendus
458 2246 592 2302 erat,
610 2254 797 2295 mensa
819 2237 1068 2294 videlicet
1083 2239 1470 2310 thymiamatis,
1495 2241 1631 2297 nihil
1650 2243 1719 2299 ab

124 2326 249 2397 igne
265 2328 534 2399 patiatur,
551 2332 664 2412 sed,
689 2338 748 2386 ut
767 2332 841 2386 ita
865 2332 1064 2397 dicam,
1081 2331 1203 2402 igne
1224 2333 1411 2403 purius
1432 2333 1546 2390 fiat.
1567 2334 1722 2391 Sicut

124 2420 272 2474 enim
304 2431 624 2478 sanctorum
658 2437 842 2492 opera,
872 2423 940 2477 de
966 2423 1162 2494 quibus
1186 2424 1376 2480 scribit
1394 2425 1721 2495 Apostolus:

129 2533 147 2566 ‹
175 2513 627 2588 Uniuscujusque
665 2533 800 2590 opus
850 2521 1011 2590 quale
1051 2522 1138 2587 sit,
1191 2523 1335 2593 ignis
1379 2523 1654 2592 probabit,
1694 2543 1713 2576 ι

127 2621 234 2661 non
275 2617 538 2676 pereunt,
585 2610 680 2666 sed
725 2626 823 2680 per
851 2611 1030 2680 ignem
1059 2613 1281 2682 puriora
1313 2619 1717 2670 monstrantur:

125 2698 198 2752 ita
248 2707 306 2753 et
348 2699 546 2756 altaris
591 2700 756 2770 ligna,
813 2717 934 2772 qua
976 2703 1043 2758 de
1089 2703 1252 2774 lignis
1299 2705 1534 2776 paradisi
1574 2713 1719 2772 sunt,

125 2807 233 2847 non
264 2802 591 2849 cremantur
621 2794 745 2866 igne
777 2795 976 2863 vicino,
1011 2797 1104 2852 sed
1134 2797 1356 2868 puriora
1401 2797 1719 2854 redduntur.

125 2877 240 2938 Nec
268 2885 478 2938 mirum
506 2885 610 2940 hoc
633 2886 700 2940 de
727 2888 1037 2944 sanctuario
1063 2895 1117 2943 et
1143 2888 1488 2945 interioribus
1517 2890 1722 2961 templi,

125 2983 183 3032 et
212 2977 381 3031 altari
431 2977 800 3049 thymiamatis
833 2981 1075 3046 credere,
1109 2996 1233 3036 cum
1271 2982 1434 3037 etiam
1457 2984 1722 3053 ἀμίαντος,

127 3067 276 3136 quod
320 3067 457 3138 ligni
493 3082 664 3140 genus
699 3077 782 3126 est
823 3071 906 3126 vel
934 3071 1029 3127 lini
1065 3071 1270 3128 habens
1296 3073 1722 3141 similitudinem,

126 3163 343 3229 quanto
369 3160 494 3232 plus
524 3161 736 3230 arserit,
767 3171 917 3218 tanto
945 3153 1198 3220 mundius
1222 3164 1547 3220 inveniatur.

1825 1979 1844 2013 ι
1889 1961 2033 2034 ligna
2069 1962 2122 2018 in
2151 1961 2404 2016 vestibuli
2433 1961 2609 2017 fronte
2639 1962 2960 2030 forinsecus,
2989 1979 3152 2036 super
3179 1979 3297 2033 qua
3321 1963 3399 2020 fe-

1825 2071 1846 2107 ι
1870 2042 2086 2110 ἠθειιεαξ
2114 2053 2346 2126 obliqua
2366 2063 2420 2109 et
2445 2055 2739 2112 similitudo
2764 2057 3061 2126 palmarum
3088 2057 3215 2111 hinc
3239 2065 3401 2127 atque

1825 2165 1844 2198 ‹
1890 2147 2014 2203 inde
2049 2147 2103 2202 in
2135 2147 2432 2204 humerulis
2459 2148 2732 2216 vestibuli,
2764 2150 3058 2204 secundum
3099 2149 3271 2204 latera
3305 2148 3400 2205 do-

1825 2254 1855 2292 ι
1890 2253 2011 2293 mus
2041 2237 2488 2309 latitudinemque
2526 2241 2814 2311 parietum.
2853 2261 2870 2293 ›
2904 2239 3000 2296 Vir
3028 2256 3158 2312 ergo
3188 2240 3274 2296 ille
3305 2241 3398 2311 qui

1818 2328 2137 2399 prophetam
2173 2330 2228 2383 in
2279 2329 2458 2386 abdita
2503 2331 2689 2403 templi
2725 2332 3116 2398 introduxerat,
3161 2342 3216 2390 et
3260 2334 3402 2389 inter

1819 2427 2016 2478 caetera
2042 2421 2356 2476 ostenderat
2383 2422 2434 2476 ei
2459 2421 2629 2477 altare
2653 2423 2905 2494 ligneum,
2929 2425 3068 2494 quod
3096 2432 3150 2478 ct
3176 2423 3402 2495 angulos

1819 2520 1878 2567 et
1919 2528 2140 2578 cornua,
2173 2513 2328 2584 juxta
2368 2513 2750 2586 Septuaginta,
2799 2525 2853 2571 et
2896 2516 3129 2587 parietes
3168 2514 3404 2570 habebat

1821 2601 2052 2674 “meos,
2076 2603 2213 2660 dixit
2244 2605 2332 2660 ei:
2376 2605 2491 2662 Hoc
2531 2607 2704 2662 altare
2733 2606 2874 2677 quod
2908 2607 3130 2677 respicis
3175 2607 3288 2676 ipsa
3317 2615 3402 2662 est

1823 2707 2010 2750 mensa
2039 2709 2223 2750 coram
2254 2695 2502 2764 Domino,
2530 2712 2651 2768 qua
2694 2699 2750 2753 in
2789 2698 3140 2754 similitudine
3171 2698 3290 2753 rubi
3317 2713 3405 2753 ar-

1823 2785 1914 2841 det
1941 2793 1997 2840 et
2023 2800 2128 2840 non
2158 2787 2517 2841 comburitur.
2545 2790 2620 2843 De
2660 2805 2766 2858 qua
2809 2799 3028 2844 sanctus
3068 2789 3306 2859 loquitur
3336 2788 3403 2843 ad

1823 2874 2025 2931 Deum:
2048 2895 2067 2926 ί
2094 2874 2302 2930 Parasti
2326 2876 2381 2930 in
2399 2888 2688 2946 conspectu
2712 2891 2832 2932 meo
2858 2892 3122 2942 mensam,
3145 2876 3406 2932 adversus

1825 2979 1919 3019 eos
1962 2964 2053 3034 qui
2103 2963 2366 3020 tribulant
2413 2981 2501 3020 me
2557 2963 2730 3034 (Ρεαι.
2759 2967 2916 3037 xxtt).
2966 2984 2983 3016 ι
3042 2967 3158 3020 Duo
3192 2979 3404 3035 quoque

1823 3056 1962 3112 ostia
2005 3064 2164 3110 erant
2207 3056 2263 3111 in
2309 3056 2528 3126 templo,
2575 3065 2628 3110 et
2677 3058 2730 3111 in
2778 3058 2894 3128 ipso
2939 3056 3269 3122 sanctuario,
3306 3071 3404 3127 per

1827 3161 1948 3217 tnta
1968 3147 2248 3218 utriusque
2272 3147 2615 3203 instrumenti
2643 3157 2977 3204 sacramenta
3011 3155 3402 3203 monstrantur.

201 3226 511 3323 (pum-ws.)
559 3226 795 3308 possum
839 3261 1018 3308 tamen
1079 3254 1134 3308 ίη
1183 3253 1467 3310 altitudine
1511 3254 1720 3322 auaris,
1752 3226 1797 3289 C
1829 3237 1896 3292 Et
1945 3238 1998 3292 in
2042 3238 2250 3294 duobus
2298 3239 2452 3294 ostiis
2495 3255 2561 3293 ex
2611 3247 2842 3310 utraque
2894 3248 3047 3310 parte
3086 3239 3212 3293 bina
3252 3246 3406 3292 erant

123 3341 253 3411 qua
281 3350 374 3396 est
401 3343 565 3396 trium
603 3342 928 3410 cubitorum,
957 3345 1182 3414 mystice
1218 3344 1388 3416 accipi
1422 3345 1586 3401 corda
1617 3344 1727 3402 ele-

123 3429 389 3498 ctorum,
431 3446 551 3502 qua
592 3447 690 3504 per
734 3432 916 3499 tidem,
971 3447 1140 3503 spem,
1193 3442 1249 3490 et
1295 3434 1616 3490 cbaritatem
1657 3432 1726 3489 ad

120 3524 391 3600 caelestia
423 3523 679 3590 tendunt;
732 3524 787 3580 in
814 3524 1165 3594 longitudine,
1193 3541 1312 3596 qua
1339 3535 1455 3582 erat
1497 3527 1728 3581 duorum

122 3615 475 3687 cubitorum,
505 3615 887 3687 longanimitas
909 3625 967 3673 et
987 3617 1247 3688 patientia
1270 3633 1457 3674 eorum
1479 3617 1725 3690 intelligi,

119 3706 221 3776 qui
277 3713 607 3776 exspectant
658 3721 880 3777 regnum
928 3707 1212 3776 futurum,
1269 3717 1323 3765 et
1366 3717 1622 3765 exercent
1668 3723 1728 3766 se

120 3798 273 3853 bene
301 3798 581 3866 operando
607 3798 661 3854 in
685 3799 894 3856 duobus
916 3800 1200 3871 praeceptis
1227 3799 1526 3866 charitatis,
1557 3801 1728 3855 donec

116 3878 466 3958 perveniant
513 3887 581 3944 ad
635 3890 828 3960 gaudia
878 3891 1224 3962 sempiterna.
1291 3889 1430 3960 Apte
1473 3891 1619 3946 enim
1671 3891 1727 3945 in

117 3968 553 4037 construetione
593 3980 926 4037 tabernaculi
954 3981 1050 4036 Dei
1077 3982 1143 4036 de
1171 3981 1332 4052 lignis
1378 3982 1572 4048 setim,
1609 3996 1730 4051 qua

113 4069 274 4126 alba
309 4072 483 4140 spina
507 4071 726 4138 similia,
754 4081 810 4128 et
831 4086 952 4128 esse
999 4073 1428 4143 incorruptibilia
1454 4073 1726 4140 dicuntur,

115 4170 442 4230 utrumque
471 4161 643 4217 altare
671 4161 787 4218 ﬁeri
825 4163 1157 4234 pracipitur.
1191 4164 1306 4220 Hoc
1333 4173 1437 4231 est,
1467 4164 1728 4221 holocau-

116 4249 200 4306 sti
220 4265 224 4267 ’
243 4258 309 4304 et
344 4251 712 4322 thymiamatis
740 4270 754 4307 :
798 4254 926 4323 quia
952 4254 1208 4310 nimirum
1238 4271 1344 4310 una
1367 4265 1450 4312 est
1477 4256 1600 4312 ﬁdei
1623 4273 1731 4337 non

116 4343 284 4398 ficta
315 4342 568 4399 firmitas.
601 4344 735 4411 Quia
775 4347 1018 4402 omnium
1057 4349 1221 4404 corda
1251 4348 1547 4406 electorum
1595 4366 1732 4422 pra-

116 4431 352 4488 muniri
398 4441 561 4504 atque
605 4435 673 4490 ad
720 4437 1122 4509 suscipiendum
1175 4440 1353 4512 ignem
1401 4442 1727 4508 dilectionis,

115 4529 177 4576 et
209 4518 504 4575 offerenda
547 4521 654 4576 Deo
680 4522 944 4578 virtutum
976 4523 1256 4591 libamina,
1285 4527 1486 4582 debent
1511 4541 1724 4596 prapa-

1827 3328 2041 3396 ostiola,
2070 3344 2192 3400 qua
2220 3330 2275 3384 in
2303 3345 2360 3384 se
2390 3330 2620 3385 invicem
2655 3331 2995 3402 plicabantur
3021 3348 3034 3383 :
3063 3337 3123 3384 ut
3150 3337 3205 3384 et
3239 3329 3292 3384 iu
3324 3329 3408 3383 lti-

1829 3423 2000 3478 storia
2044 3421 2340 3494 spiritalem
2368 3422 2569 3477 habeas
2599 3422 3025 3494 intelligentiam,
3056 3429 3111 3476 et
3146 3421 3201 3476 in
3229 3428 3409 3490 trepo-

1827 3515 1969 3586 logia
2011 3515 2251 3570 historia
2297 3517 2605 3579 veritatem,
2639 3532 2868 3586 quorum
2914 3525 3202 3586 utrumque
3232 3515 3406 3569 altero

1830 3604 2052 3675 indiget,
2083 3613 2138 3660 et
2160 3605 2204 3659 si
2230 3620 2394 3660 unum
2422 3605 2676 3671 defuerit,
2708 3606 2946 3676 perfecta
2977 3614 3129 3661 caret
3157 3605 3405 3660 scientia.

1831 3694 1984 3762 Quod
2012 3705 2190 3752 autem
2217 3699 2460 3768 sequitur
2487 3715 2499 3750 :
2531 3719 2550 3753 ι
2573 3697 2705 3753 Bina
2731 3699 2868 3754 ostia
2899 3706 3056 3754 erant
3081 3713 3146 3754 ex
3173 3707 3402 3767 utraque

1829 3795 1986 3856 parte
2025 3787 2320 3854 ostiorum,
2358 3809 2376 3840 ι
2424 3787 2577 3858 juxta
2623 3789 2864 3844 litteram
2913 3789 3254 3860 perspicuum
3300 3796 3405 3844 est.

1831 3877 2018 3938 Solent
2052 3880 2195 3934 enim
2238 3880 2293 3936 in
2324 3881 2618 3949 majoribus
2645 3881 2895 3936 tricliniis
2919 3883 3043 3937 bina
3071 3881 3171 3938 sibi
3199 3881 3405 3936 haerere

1830 3976 1993 4038 atque
2016 3968 2291 4040 conjungi,
2320 3977 2381 4023 ut
2405 3955 2578 4038 major
2602 3971 2856 4025 introitus
2901 3985 3241 4040 nequaquam
3270 3971 3401 4024 duo-

1828 4058 1930 4115 bus
1959 4069 2013 4115 et
2039 4053 2362 4129 ingentibus,
2400 4060 2494 4114 sed
2529 4068 2763 4130 quatuor
2794 4060 3092 4114 minoribus
3125 4060 3409 4114 claudatur

1828 4151 1915 4205 vel
1940 4151 2214 4221 aperiatur
2244 4149 2468 4204 foribus.
2489 4149 2702 4220 (Βσάα.)
2722 4151 3039 4219 llacitaqnc
3064 4150 3205 4205 ostia
3224 4165 3321 4220 per
3340 4150 3414 4204 si-

1831 4241 2231 4316 gnificationem
2250 4239 2547 4296 multifarie
2569 4250 2796 4311 possunt
2814 4241 3003 4310 accipi.
3022 4238 3156 4295 Nam
3174 4250 3226 4294 et
3250 4255 3412 4310 ange-

1832 4333 1965 4388 licos
1991 4332 2214 4402 spiritus
2241 4345 2468 4402 quorum
2499 4331 2805 4386 ministerio
2833 4331 2885 4385 in
2912 4331 3296 4387 habitationem
3318 4348 3415 4402 pa-

1835 4427 1956 4480 tria
1983 4425 2220 4481 calestis
2254 4424 2667 4489 introducimur,
2696 4424 2973 4494 aptissime
2998 4424 3285 4495 designant
3317 4442 3328 4477 :
3361 4431 3416 4478 et

1838 4515 2203 4584 apostolorum
2246 4530 2398 4585 aque
2437 4514 2964 4584 apostolicorumquc
3002 4515 3264 4576 virorum,
3295 4515 3412 4584 qui-

119 4612 277 4678 rari,
295 4612 429 4680 quia
451 4612 702 4668 omnibus
714 4613 1041 4685 generaliter
1061 4616 1270 4685 pusillis
1290 4633 1416 4672 cum
1436 4579 1731 4688 majoribus
1756 4579 1809 4640 Β
1835 4607 1934 4663 bus
1959 4607 2138 4664 clave-8
2161 4607 2313 4678 ιόεηὶ
2339 4607 2599 4662 οωιοτιιῐῐι
2627 4614 2750 4660 sl"!t
2774 4605 2932 4669 datm.
2961 4613 3143 4658 lenem
3163 4605 3411 4675 ﬁguram-

115 4703 392 4775 loquitur
415 4703 702 4774 Apostolus
726 4703 946 4760 dicens:
982 4724 1000 4756 ι
1031 4705 1351 4761 Mundemus
1369 4721 1468 4760 nos
1491 4709 1558 4761 ab
1581 4706 1730 4761 omni

119 4793 567 4862 inquinamento
604 4793 785 4848 carnis
809 4801 866 4849 et
895 4793 1140 4864 spiritus,
1164 4795 1509 4862 perﬁcientes
1533 4795 1732 4849 sancti—

118 4873 462 4939 ficationem
511 4883 563 4938 in
595 4883 789 4938 timore
812 4883 907 4939 Dei
936 4882 989 4955 (1
1013 4883 1136 4939 Cor.
1163 4882 1280 4953 vn).
1330 4902 1348 4934 ι
1401 4882 1539 4953 Apte
1592 4897 1732 4938 unus

119 4992 198 5032 ac
231 4969 355 5030 non
389 4975 571 5045 dispar
599 4985 718 5030 erat
751 4977 906 5047 ignis,
937 4977 1029 5046 qui
1075 4978 1130 5031 in
1155 4977 1259 5032 hoc
1281 4975 1440 5031 altari
1462 4976 1728 5040 victimas,

117 5069 183 5124 in
218 5067 328 5122 illo
360 5067 521 5123 thura
559 5067 882 5124 incendebat
906 5109 936 5151 ,Ι
970 5069 1096 5138 quia
1142 5068 1401 5123 nimirum
1456 5083 1598 5122 unus
1648 5074 1735 5122 est

118 5160 398 5231 spiritus,
451 5159 542 5230 qui
590 5167 906 5216 cunctorum
959 5167 1168 5214 mentes
1211 5157 1447 5215 ﬁdelium
1489 5158 1732 5214 variante

117 5252 504 5330 donationum
520 5252 691 5324 gratia
702 5251 956 5308 vivificat.
971 5250 1248 5325 (Hieron.)
1271 5251 1514 5322 Ignosce,
1539 5251 1726 5316 lector,

117 5332 474 5410 didicuttati,
508 5354 563 5401 et
603 5344 814 5400 veniam
859 5344 1034 5400 tribue
1073 5343 1298 5416 pauperi
1343 5343 1728 5415 intelligentia.

114 5429 271 5514 Per'
297 5433 566 5492 fenestras
593 5436 737 5492 enim
764 5435 1010 5506 obliquas
1048 5442 1102 5490 et
1132 5435 1187 5490 in
1218 5435 1436 5491 modum
1464 5435 1599 5490 retis
1653 5435 1734 5488 fa-

1837 4700 1939 4765 Qui
1978 4708 2196 4769 accepta
2224 4705 2493 4768 potestate
2540 4712 2568 4750 a
2609 4697 2837 4750 Domino
2883 4694 3081 4765 ligandi
3118 4705 3278 4764 atque
3311 4694 3416 4748 θοι-ο

1837 4791 1992 4845 vendi
2041 4789 2253 4860 (Matth.
2297 4789 2436 4859 xvr),
2485 4794 2539 4841 et
2568 4787 2759 4858 dignos
2805 4787 2946 4842 intra
2991 4786 3141 4855 regni
3185 4785 3408 4855 januam

1839 4879 2147 4945 admittunt,
2172 4887 2227 4934 et
2248 4888 2613 4943 contumaces,
2641 4880 2877 4949 impuros
2907 4895 2970 4934 ac
3016 4878 3294 4948 superbos,
3322 4893 3414 4933 ex-

1840 4970 2309 5036 communicando,
2352 4971 2466 5026 sive
2509 4968 3035 5034 anathematizando,
3073 4969 3140 5023 ab
3172 4969 3416 5038 ingressu

1837 5060 1962 5117 vita
1983 5061 2241 5130 perennis
2273 5060 2574 5114 eliminant.
2618 5060 2722 5116 Sed
2758 5070 2814 5114 et
2836 5074 3000 5128 opera
3023 5056 3246 5125 justitiac
3285 5070 3418 5124 quo-

1842 5168 1959 5208 rum
2005 5153 2198 5207 merito
2243 5153 2310 5207 ad
2358 5168 2583 5223 regnum
2634 5150 2854 5205 cmleste
2892 5147 3226 5220 pervenitur,
3269 5155 3417 5200 recte

1837 5259 1935 5314 per
1951 5245 2112 5310 ostia,
2139 5259 2238 5314 per
2261 5259 2381 5314 qua
2409 5244 2461 5298 in
2493 5243 2693 5297 Sancta
2725 5249 3034 5296 sanctorum
3077 5237 3416 5310 ingredieba-

1839 5345 1945 5399 tur,
1978 5340 2207 5405 possunt
2236 5333 2412 5405 typice
2438 5330 2730 5400 designari,
2763 5327 2918 5397 juxta
2949 5328 3054 5384 hoc
3078 5325 3219 5397 quod
3261 5327 3314 5382 in
3354 5325 3418 5379 li-

1838 5425 1938 5481 bro
1977 5425 2264 5497 Sapientia
2293 5424 2552 5494 scriptum
2587 5431 2670 5478 est
2699 5439 2712 5475 :
2746 5441 2764 5474 ‹
2802 5421 3103 5478 Custoditio
3133 5428 3322 5494 autem.
3343 5419 3419 5475 lc-

115 5511 300 5601 ctas,
326 5536 380 5582 et
414 5542 532 5599 qua
576 5542 791 5598 semper
819 5527 1016 5585 clausa
1049 5535 1195 5592 sunt,
1222 5525 1317 5580 vix
1344 5539 1516 5596 usque
1561 5526 1629 5581 ad
1659 5525 1740 5580 in-
1842 5534 1989 5590 gum,
2025 5509 2419 5574 consummatio
2467 5513 2886 5583 incorruptionis
2911 5520 3026 5579 est;
3083 5508 3416 5579 incorruptio

116 5617 417 5676 ter-iorem
445 5619 662 5674 domum
683 5617 863 5674 cordis
886 5617 1059 5674 nostri
1087 5615 1300 5672 oculum
1331 5629 1620 5685 possumus
1648 5613 1736 5668 in-
1844 5618 2025 5666 autem
2056 5609 2190 5666 facit
2213 5624 2335 5665 esse
2356 5607 2662 5678 proximum
2686 5607 2797 5662 Deo
2829 5604 2977 5679 (δίῳ.
3009 5604 3107 5677 vi).
3144 5623 3162 5656 ι
3206 5602 3420 5658 Concu-

115 5710 492 5777 tramittere,
539 5715 602 5765 ut
629 5708 809 5765 omnia
837 5724 957 5779 qua
1000 5709 1278 5766 cernimus
1325 5707 1380 5762 in
1414 5706 1608 5762 umbra
1655 5705 1739 5760 vi-
1842 5701 2106 5773 piscentia
2148 5701 2334 5770 itaque
2361 5697 2639 5768 sapientia
2677 5697 2904 5751 deducet
2935 5695 3002 5749 ad
3045 5706 3269 5764 regnutn
3296 5703 3418 5760 per-

120 5803 387 5862 deatuus
425 5808 481 5859 et
523 5799 790 5874 imagine,
829 5809 886 5856 et
922 5814 1044 5856 cum
1083 5796 1341 5870 Apostolo
1407 5796 1734 5852 clamemus:
1845 5802 2088 5866 petitum.
2128 5791 2341 5872 Quibus
2384 5789 2633 5846 omnibus
2677 5797 2800 5860 apte
2846 5785 3110 5856 congruit.
3155 5784 3269 5838 Duo
3299 5785 3426 5836 sunt
