3908 6356
39 452 173 512 981

999 455 1346 514 ΕΟΜΜΕΝΤ.
1384 455 1448 510 IN
1489 453 1934 522 EZECIIIELEM.
1979 485 2047 494 —
2085 456 2209 510 LIB.
2251 455 2408 514 XVII.

3131 459 3144 478 '
3235 457 3338 513 982

42 569 208 622 dras
234 565 500 636 quinque,
537 565 594 621 in
615 565 879 622 chraieo
913 583 1020 622 non
1044 568 1299 634 habetur;
1333 567 1475 638 quod
1504 581 1664 638 gazo-
1694 570 1746 630 Α
1771 565 2006 634 tulimus.
2048 563 2324 634 Signiﬁcat
2369 573 2546 620 autem
2575 565 2715 635 quod
2745 575 2868 624 ante
2901 565 3043 632 fores
3072 568 3338 640 gazophy-

46 657 398 730 phy—lacium
426 667 546 712 erat
580 664 770 712 contra
794 666 1097 727 separatum
1132 658 1435 723 aedilicium,
1467 658 1534 719 de
1560 672 1668 727 quo

46 765 246 818 supra
266 747 524 812 diximus,
549 761 743 818 gaaer-a
763 766 774 801 :
791 755 1094 818 separatum
1116 755 1295 812 autem
1316 755 1432 810 erat
1451 760 1663 810 608.5113

47 842 296 908 (-ipieus
341 841 431 909 qui
471 841 538 894 ab
581 840 829 909 aquilone
881 841 1187 904 veniebant.
1227 841 1294 902 Et
1331 849 1448 905 erat
1481 849 1668 906 contra

48 933 254 984 112.3011)
287 939 598 999 vergentem
627 931 696 986 ad
725 931 1042 1000 aquilonem,
1077 931 1130 990 id
1163 940 1267 996 est,
1293 931 1672 1001 respicientem

49 1021 305 1087 quidem
339 1021 604 1091 aquilonis
634 1030 847 1090 partes,
883 1021 976 1078 sed
1004 1034 1112 1076 non
1151 1021 1205 1076 in
1250 1022 1498 1090 aquilone
1527 1021 1671 1090 posi-

52 1118 193 1164 tum
220 1151 237 1176 ,
286 1119 350 1166 ut
391 1112 600 1168 facilior
642 1121 784 1168 esset
837 1113 1091 1172 transitus
1136 1112 1219 1170 his
1265 1113 1355 1182 qui
1401 1112 1665 1182 aquilonis

53 1201 294 1273 frigora
333 1203 741 1276 relinquebant,
772 1220 804 1260 a
829 1219 935 1273 quo
962 1205 1319 1270 exardescunt
1341 1205 1481 1270 mala
1508 1220 1672 1274 super

55 1304 318 1351 terram.
353 1297 605 1368 Legimus
627 1299 682 1354 in
713 1297 1068 1359 Numerorum
1100 1297 1236 1361 libro
1271 1299 1460 1370 (Num.
1497 1299 1670 1370 xxxu)

58 1385 266 1440 tribus
309 1386 446 1450 Dan,
481 1394 535 1440 et
562 1385 884 1456 Nephtalim,
921 1396 975 1442 et
1012 1387 1148 1442 Aser
1178 1387 1410 1443 ﬁliorum
1436 1388 1582 1444 Bake
1617 1397 1672 1443 et

54 1472 327 1540 Zelphm,
358 1473 674 1537 ancillarum
708 1474 910 1539 Rachel
937 1484 992 1531 et
1019 1476 1149 1542 Line,
1175 1477 1243 1545 ad
1271 1476 1536 1546 aquilonis
1559 1477 1672 1548 pla,-

58 1576 178 1630 gas
207 1570 397 1624 castra
424 1563 676 1620 tenuisse.
718 1563 868 1618 Nunc
894 1580 1106 1635 quoque
1134 1565 1186 1618 iu
1216 1563 1350 1619 facie
1379 1565 1666 1637 longitudi-

61 1648 170 1704 nis
195 1651 326 1706 ostii
352 1651 615 1722 aquilonis
637 1660 850 1720 centum
872 1651 1036 1710 fuisse
1054 1653 1282 1720 cubitos,
1299 1661 1349 1710 et
1371 1654 1672 1717 latitudinis

63 1740 510 1810 quinquaginta,
556 1750 613 1797 ut
654 1758 720 1797 ex
772 1743 954 1806 decem
1021 1743 1236 1800 decadis
1275 1744 1672 1814 quadrangulus

66 1844 352 1884 numerus
391 1836 551 1899 atque
581 1831 870 1902 perfectus,
899 1842 952 1888 et
988 1849 1053 1888 ex
1087 1842 1290 1902 septem
1326 1835 1670 1889 hebdomadi-

1767 658 2032 722 laciorum
2067 657 2304 723 omnium
2353 657 2465 722 sive
2501 655 2823 724 exedrarum
2873 665 2927 714 et
2979 657 3336 726 thalamorum

1767 748 1930 808 fuerit
1979 747 2336 814 deambulatio
2386 747 2722 814 latitudinem
2777 748 2982 812 habens
3035 750 3336 810 cubitorum

1767 841 1983 909 decem,
2018 839 2108 910 qui
2135 847 2190 903 et
2219 839 2334 910 ipse
2368 838 2639 914 perfectus
2663 848 2748 906 est
2787 855 3063 906 numerus,
3090 837 3177 894 vel
3209 853 3336 908 pro-

1765 938 1888 999 pter
1914 931 2224 1003 decalogum
2253 932 2337 1001 vel
2363 940 2579 1003 propter
2605 931 2877 1006 Evangelii
2917 940 3335 998 sacramentum.

1770 1018 1830 1089 Si
1853 1021 1994 1092 enim
2024 1024 2091 1088 ab
2120 1037 2229 1090 uno
2265 1037 2360 1094 per
2386 1023 2519 1078 duos
2549 1031 2603 1094 et
2630 1031 2738 1086 tres
2767 1023 2836 1092 ad
2870 1032 3117 1094 quartum
3152 1036 3342 1078 nume-

1762 1123 1893 1178 rum
1920 1110 2126 1178 venias,
2165 1112 2418 1178 denarius
2445 1112 2858 1184 Evangeliorum
2895 1128 3151 1180 numerus
3179 1111 3342 1170 cilici-

1769 1203 1875 1260 tnr,
1907 1197 1960 1268 in
1991 1198 2143 1278 cujus
2170 1199 2452 1268 latitudine
2480 1200 2821 1266 deambulant
2849 1202 3184 1267 sacerdotes,
3216 1208 3350 1280 ante

1770 1287 1980 1358 singula
2042 1288 2422 1360 gazophylacia
2471 1289 2803 1362 gradientes,
2853 1290 2928 1360 ita
2977 1290 3236 1359 duntaxat
3287 1296 3344 1350 ut

1772 1388 1986 1443 semper
2013 1374 2080 1429 ad
2121 1376 2379 1432 interiora
2421 1378 2711 1448 respiciant
2744 1379 2842 1434 viae
2871 1380 3008 1449 ejus,
3049 1395 3169 1450 quae
3199 1378 3346 1432 ducit

1773 1463 1842 1520 ad
1882 1463 2120 1528 cubitum
2160 1480 2359 1532 unum,
2397 1469 2464 1523 ad
2500 1459 2702 1522 cultum
2735 1468 2983 1524 videlicet
3015 1470 3172 1525 unius
3211 1469 3345 1523 divi-

1772 1551 1982 1620 nitatis,
2011 1551 2228 1622 dicente
2261 1553 2399 1610 Filio
2425 1555 2492 1611 ad
2519 1555 2734 1612 Patrem
2764 1572 2778 1610 :
2813 1575 2830 1610 ι
2865 1557 3121 1613 Revelavi
3153 1545 3343 1612 nomen

1773 1649 1928 1712 tuum
1955 1643 2262 1712 hominibus
2298 1644 2477 1716 (Joan.
2508 1646 2660 1718 xvii).
2705 1647 2823 1717 Ipsa
2852 1657 2933 1704 est
2967 1650 3108 1703 enim
3139 1649 3223 1718 via
3261 1650 3344 1702 iu-

1773 1731 1972 1786 teriora
2017 1732 2323 1801 respiciens,
2365 1748 2481 1802 quae
2521 1735 2649 1790 dicit
2695 1737 2748 1790 in
2793 1734 3080 1810 Evangelio
3122 1757 3133 1792 :
3182 1757 3200 1790 ‹
3237 1728 3348 1808 Ego

1774 1842 1893 1882 sum
1920 1827 2026 1891 via,
2048 1838 2102 1881 et
2125 1828 2253 1894 vita,
2284 1836 2338 1882 et
2369 1829 2570 1884 veritas
2600 1827 2778 1900 (Joan.
2814 1817 2956 1902 xiv),
2981 1849 2998 1881 ι
3033 1830 3157 1900 quia
3189 1845 3346 1882 nemo

65 1919 209 1988 lius,
244 1920 341 1990 qui
377 1921 710 1978 remissionis
742 1932 826 1980 est
865 1938 1140 1990 numerus,
1176 1933 1230 1980 et
1266 1925 1319 1986 in
1351 1925 1673 1994 principium
1702 1914 1750 1978 B
1774 1916 1922 1972 venit
1945 1916 2009 1969 ad
2033 1917 2274 1971 notitiam
2303 1918 2477 1973 Patris
2507 1918 2610 1973 nisi
2635 1934 2731 1988 per
2754 1916 2972 1971 Filium.
3001 1919 3066 1972 Et
3091 1919 3227 1973 ostia
3252 1934 3345 1973 ea-

67 2015 343 2082 uuiouis,
392 2016 445 2074 id
479 2025 595 2084 est,
637 2018 894 2090 ogdoadis
938 2019 1190 2088 erumpit,
1229 2019 1590 2084 sacerdotalia
1619 2020 1676 2075 in

69 2107 293 2176 templo
347 2109 442 2164 Dei
497 2110 666 2179 spatia
721 2117 1169 2166 monstrarentur.
1227 2109 1466 2180 llludque
1532 2108 1676 2182 quod

69 2198 245 2268 juxta
270 2198 592 2256 Hebraicum
616 2201 860 2274 jungitur
890 2210 1074 2270 contra
1098 2201 1285 2271 viginti
1315 2201 1524 2270 cubitos
1552 2199 1674 2254 atrii

70 2288 393 2356 interioris,
431 2307 528 2362 pro
570 2307 676 2362 quo
722 2292 1070 2363 Septuaginta
1119 2292 1535 2356 transtulerunt,
1583 2292 1676 2350 de-

73 2390 298 2450 scripta
325 2391 480 2438 erant
515 2382 654 2439 sicut
676 2391 842 2452 porta:
871 2384 996 2440 atrii
1026 2384 1318 2449 interioris,
1349 2385 1489 2447 hunc
1515 2385 1677 2440 habet

75 2484 314 2540 sensum
356 2487 368 2524 :
409 2471 548 2539 quod
577 2471 862 2530 exterioris
899 2471 1020 2538 atrii
1053 2472 1394 2526 centonarius
1430 2480 1480 2528 et
1518 2472 1676 2543 quin-

79 2559 460 2628 quagenarius
483 2573 742 2630 numerus
769 2561 1010 2618 eamdem
1036 2560 1142 2614 vim
1171 2559 1386 2627 habeat,
1415 2577 1575 2632 quam
1596 2561 1675 2614 vi-

81 2648 346 2710 cenarius
371 2649 494 2704 atrii
527 2649 818 2706 interioris.
862 2649 919 2706 Si
954 2650 1096 2712 enim
1134 2659 1365 2720 quatuor
1392 2651 1674 2720 quinquies

83 2747 354 2810 supputes
390 2739 442 2792 in
485 2753 710 2809 munero
746 2739 1034 2806 vicenario,
1091 2746 1378 2810 utrumque
1409 2737 1674 2810 reperies

85 2834 501 2893 testamentum,
549 2836 607 2883 ut
654 2835 708 2884 et
750 2827 832 2898 lex
875 2835 1123 2882 teneatur
1172 2828 1224 2880 in
1267 2827 1574 2898 Evangelio,
1621 2837 1676 2898 et

87 2915 443 2986 Evangcllum
481 2916 545 2972 de
581 2916 718 2987 legis
757 2918 934 2988 radice
974 2925 1226 2990 nascatur
1266 2932 1280 2971 :
1320 2933 1416 2988 pro
1443 2933 1547 2988 quo
1577 2935 1675 2974 nu-

90 3020 251 3076 mch
292 3004 636 3077 Septuaginta
676 3007 1076 3076 similitudinem
1119 3008 1242 3062 atrii
1282 3009 1552 3064 interioris
1593 3010 1675 3065 in-

91 3096 382 3165 terpretati
442 3105 607 3170 sunt,
662 3095 885 3152 forsitan
940 3097 1292 3170 formidantes
1341 3100 1674 3156 vicenarium

91 3201 416 3254 numerum,
457 3185 512 3241 in
551 3203 656 3258 quo
681 3187 978 3244 offeruntur
1008 3190 1149 3244 Esau
1188 3205 1408 3246 munera
1447 3193 1498 3246 in
1536 3195 1672 3256 atrio

94 3276 344 3332 interiori
369 3292 584 3350 ponere.
612 3277 865 3352 Sequitur
894 3297 906 3333 :
947 3300 966 3330 ‹
1003 3281 1067 3338 Et
1093 3289 1279 3337 contra
1311 3283 1676 3364 pavimentum
1705 3259 1750 3324 α

97 3373 332 3419 stratum
377 3364 552 3436 lapide
598 3366 722 3421 atrii
769 3370 1084 3436 exterioris,
1133 3372 1223 3426 ubi
1275 3369 1392 3427 erat
1438 3374 1678 3443 porticus

91 3452 284 3522 juncta
312 3453 542 3520 portieui
573 3454 786 3525 triplici.
818 3476 834 3508 ι
859 3456 965 3511 Pro
996 3474 1102 3526 quo
1131 3457 1478 3531 Septuaginta
1506 3467 1679 3518 trans-

97 3541 343 3597 tulerunt
385 3559 400 3605 ξ
447 3560 466 3610 ς
506 3542 571 3597 Ει
600 3533 739 3599 sicut
782 3546 1042 3602 columna“:
1085 3549 1207 3602 atrii
1256 3551 1541 3605 exterioris
1583 3567 1680 3622 per

102 3633 347 3689 ordinem
401 3635 588 3705 positze
650 3645 839 3692 contra
897 3637 1089 3694 faciem
1147 3641 1447 3710 porticuum
1511 3642 1680 3712 tripli-

103 3723 267 3778 cium.
314 3743 332 3777 ι
381 3723 656 3795 Signiﬁcat
707 3737 916 3799 autem,
964 3732 1106 3800 quod
1146 3732 1512 3802 pavimentum
1558 3734 1680 3788 atrii

106 3817 388 3872 exterioris
411 3817 532 3872 vivo
562 3817 722 3872 fuerit
753 3811 990 3892 stratum.
1009 3821 1206 3892 lapide,
1249 3831 1306 3876 ut
1345 3839 1445 3879 nec
1478 3826 1682 3879 aestatis

106 3906 343 3977 pulvere,
390 3922 490 3963 nec
534 3908 647 3964 luto
684 3909 874 3965 hiemis
927 3913 1261 3966 sacerdotum
1307 3915 1527 3984 vestigia
1569 3915 1682 3984 pol-

109 3995 340 4052 luantur.
383 3998 536 4055 Unde
574 4007 629 4055 et
665 4000 922 4057 Dominus
961 4018 1286 4058 ascensurus
1325 4007 1393 4059 ad
1439 4005 1680 4073 Patrem,

112 4089 466 4157 apostolorum
508 4089 650 4144 lavat
675 4091 838 4161 pedes
886 4091 1065 4163 (Joan.
1105 4093 1265 4167 xm),
1313 4103 1375 4149 ut
1413 4096 1683 4151 mundatis

112 4178 452 4250 purgatisque
474 4173 713 4250 vestigiis
727 4183 1164 4253 scandantregna
1186 4184 1442 4239 caelorum
1467 4202 1488 4238 -τ
1512 4192 1566 4240 et
1587 4185 1684 4242 iuv-

114 4273 263 4333 perat
300 4267 553 4337 apostolis
580 4267 806 4340 (Ma-(th;
840 4288 919 4338 x;‘
952 4271 1121 4328 Marc.
1164 4274 1260 4344 vr),
1307 4283 1366 4329 ut
1410 4275 1462 4329 in
1497 4288 1685 4345 quam»

112 4367 316 4424 cunque
356 4356 583 4427 ingressi
625 4358 821 4415 fuerint
854 4362 1160 4430 civitatem,
1197 4375 1254 4420 et
1292 4380 1410 4420 uon-
1436 4377 1685 4437 suscepe-

113 4442 361 4510 rint-eos,
395 4448 669 4502 excutiant
714 4449 910 4518 pedum
959 4467 1177 4508 suorum
1223 4453 1526 4524 pulverem,
1570 4459 1680 4526 quo

117 4531 314 4587 scilicet
352 4533 484 4588 nihil
515 4552 806 4593 munerum
847 4548 1182 4597 terrenorum
1224 4535 1293 4596 ab
1325 4542 1406 4598 eis
1445 4543 1585 4613 apud
1622 4559 1682 4605 se

118 4637 386 4680 remanere
413 4626 704 4694 patiantur.
743 4628 860 4684 Non
902 4631 1074 4687 solum
1102 4642 1284 4687 autem
1309 4636 1675 4705 pauimentum
1691 4618 1756 4678 ω

117 4720 336 4768 stratum
363 4725 484 4772 erat
515 4717 710 4789 lapide,
740 4721 833 4776 sed
859 4729 914 4776 et
935 4725 1176 4792 porticus
1197 4734 1316 4779 erat
1342 4725 1526 4794 juncta
1553 4744 1679 4798 per»

119 4803 241 4858 ticui
265 4805 476 4876 triplici.
509 4807 623 4863 Una
659 4810 898 4878 porticus
940 4814 1007 4867 ab
1043 4815 1219 4869 imbre
1245 4823 1301 4869 et
1333 4824 1465 4870 testu
1495 4827 1680 4888 proto-

117 4909 244 4965 gens
267 4897 596 4966 sacerdotes,
627 4908 684 4954 et
708 4898 891 4966 juncta
927 4904 1157 4971 portioni
1193 4905 1420 4976 triplici,
1457 4907 1680 4964 demnti-

121 4993 348 5057 stratque
389 4989 700 5062 mysterium
731 4991 1030 5062 Trinitatis,
1073 4997 1216 5064 quod
1253 5010 1381 5052 eum
1415 4996 1678 5056 Patriset

122 5076 572 5152 Filiiet-Spiritus
610 5082 784 5138 sancti
811 5083 1084 5140 dividatur
1119 5087 1455 5155 nominibus,
1497 5098 1678 5160 tamen

121 5184 220 5222 una
262 5170 359 5224 sibi
403 5170 685 5226 divinitate
727 5175 1087 5247 coniungitur.
1127 5177 1258 5234 Erat
1301 5193 1515 5248 quoque
1553 5187 1678 5242 ante

125 5260 484 5331 gazophylaoia
511 5261 625 5318 sire
651 5264 881 5320 exedras
908 5266 992 5321 vel
1021 5267 1287 5324 thalamos
1311 5267 1680 5327 deambulatio

123 5350 294 5406 decem
327 5352 628 5410 cubitorum
653 5355 953 5425 latitudinis
979 5357 1048 5411 ad
1083 5357 1350 5415 interiora
1384 5359 1678 5430 respiciam

121 5441 214 5498 uite
239 5445 396 5501 cubiti
407 5446 591 5503 unius.
621 5448 881 5519 Quodque
904 5464 937 5504 ει
957 5448 1312 5520 Septuaginta
1331 5453 1570 5510 additum
1596 5462 1680 5512 est

130 5549 146 5584 ι
177 5547 262 5601 per
281 5535 489 5594 cubitus
515 5537 860 5610 longitudinis
876 5550 1134 5606 centum,
1169 5559 1189 5594 ι
1217 5541 1552 5612 superﬂuum
1571 5551 1674 5611 est,

125 5624 236 5692 quia
252 5624 298 5682 in
309 5625 574 5686 Hebr-nico
596 5645 706 5686 non
722 5632 970 5698 habetur,
995 5632 1140 5702 quod
1157 5641 1424 5702 ponentes
1441 5634 1680 5694 tulerunt

117 5715 174 5775 id
194 5717 319 5787 (310d
331 5719 562 5778 habetur
581 5722 642 5778 in.
656 5722 881 5782 Hebrum
905 5743 918 5778 :
957 5743 976 5778 ι
1012 5726 1080 5782 ad
1097 5727 1363 5782 interiora
1387 5730 1676 5800 respiciens

127 5805 377 5871 minutim
399 5812 578 5884 unius.
590 5814 760 5888 iquod
777 5831 883 5877 nos
895 5815 1249 5893 de-Ilebrnica
1258 5820 1487 5886 Neritan
1513 5833 1676 5884 trans-

65 5534 76 5660 ι

1779 2019 1896 2058 rum
1923 2004 1990 2058 ad
2025 2005 2357 2074 aquilonem,
2388 2007 2476 2060 ubi
2503 2015 2655 2060 erant
2693 2007 3072 2076 gazophylacia
3097 2007 3150 2061 in
3188 2021 3346 2077 supe-

1778 2095 2011 2149 rioribus
2044 2082 2354 2160 humiliora,
2377 2096 2500 2165 quia
2528 2081 2914 2166 supportabaut
2938 2099 3196 2168 porticus,
3233 2113 3351 2166 qua:

1775 2197 1842 2240 ex
1888 2186 1991 2240 illis
2019 2187 2322 2241 eminebant
2349 2186 2413 2240 de
2445 2179 2785 2258 inferioribus
2807 2196 2861 2241 et
2888 2181 3078 2243 mediis
3110 2186 3348 2241 aedificii.

1777 2276 2021 2349 Tristega
2049 2277 2192 2333 enim
2216 2287 2371 2333 erant
2398 2287 2452 2333 et
2478 2294 2585 2334 non
2610 2279 2880 2335 habebant
2908 2279 3184 2336 columnas
3214 2279 3354 2334 sicut

1776 2381 1932 2425 erant
1975 2371 2234 2426 columna:
2274 2371 2554 2425 atriorum.
2601 2371 2893 2442 Propterea
2936 2372 3245 2426 eminebant
3289 2371 3354 2425 dc

1720 2480 1729 2489 ·
1777 2462 2154 2528 inferioribus,
2193 2470 2248 2516 et
2285 2463 2350 2516 de
2383 2462 2574 2517 mediis
2612 2477 2642 2516 a
2677 2471 2820 2517 terra
2862 2463 3055 2518 cubitis
3085 2463 3353 2532 quinqua-

1776 2555 1942 2625 ginta.
1961 2554 2110 2620 Quod
2127 2553 2400 2625 jungitur:
2421 2573 2440 2605 ‹
2461 2554 2598 2610 ostia
2610 2569 2817 2619 earum,
2846 2573 2863 2604 ι
2884 2554 3200 2609 subauditur
3223 2568 3352 2608 exc-

1777 2637 1994 2698 drarum
2016 2643 2128 2698 sive
2142 2641 2667 2714 gazophylaciorum,
2687 2643 2752 2697 de
2769 2643 2964 2712 quibus
2988 2659 3147 2712 supra
3175 2657 3351 2697 sermo

1777 2733 1898 2809 fuit.
1933 2734 2060 2801 Qure
2092 2734 2471 2808 gazophylacia
2502 2744 2656 2790 erant
2688 2737 2741 2790 in
2771 2737 3154 2808 superioribus,
3186 2737 3238 2791 id
3273 2746 3356 2791 est

1777 2819 1832 2876 in
1884 2824 2179 2879 eoenaculis
2233 2825 2538 2879 humiliora.
2601 2824 2729 2891 Qua:
2781 2825 3055 2880 cmnaeula
3113 2825 3356 2881 ascendit

1777 2909 1942 2978 Elias,
1969 2921 2021 2968 et
2050 2913 2272 2968 Elisaeus
2300 2913 2420 2986 (ΙΙΙ
2451 2913 2577 2983 Reg.
2599 2929 2684 2979 vi;
2710 2913 2793 2967 IV
2821 2913 2944 2985 Reg.
2974 2915 3070 2986 ιν),
3096 2923 3149 2968 et
3176 2914 3357 2969 Domi-

1777 3020 1878 3059 nus
1905 3022 2025 3060 cum
2056 3005 2330 3076 discipulis
2354 3007 2550 3076 pascha
2576 3006 2816 3060 facturus
2844 3005 3036 3076 (Marc.
3067 3022 3189 3070 xiv;
3227 3006 3352 3059 Luc.

1777 3096 1933 3168 xxii),
1967 3106 2021 3150 et
2050 3096 2303 3162 Tabitha,
2343 3113 2461 3169 qua:
2501 3108 2555 3152 et
2593 3097 2696 3151 ﬁde
2742 3097 2966 3166 apostoli
3005 3105 3062 3151 et
3097 3097 3354 3150 virtutum

1779 3201 1998 3242 suarum
2030 3188 2224 3244 merito
2248 3189 2504 3243 suscitata
2539 3195 2620 3244 est
2653 3187 2790 3259 (Act.
2820 3190 2919 3261 ιχ).
2964 3189 3068 3242 Ista
3091 3197 3216 3242 sunt
3244 3199 3355 3266 coe-

1779 3278 1988 3344 nacula,
2022 3279 2087 3353 de
2121 3279 2316 3349 quibus
2340 3279 2396 3332 in
2418 3278 2626 3348 psalmo
2655 3279 2914 3350 scriptum
2938 3287 3019 3332 est
3048 3295 3060 3330 :
3098 3295 3116 3328 ι
3152 3275 3254 3344 Qui
3284 3276 3359 3330 ri-

1780 3377 1872 3440 gat
1921 3378 2133 3424 montes
2183 3368 2250 3424 de
2295 3368 2587 3424 cmnaeulis
2628 3367 2756 3440 ML,
2811 3364 3198 3438 superioribus]
3247 3365 3359 3420 suis

1781 3449 1953 3531 (Psal'.
1987 3458 2124 3529 cm).
2166 3478 2184 3510 ι
2220 3457 2333 3514 Nisi
2363 3460 2512 3513 enim
2542 3459 2662 3530 quis
2690 3459 2811 3513 fons
2841 3457 3003 3513 fuerit
3025 3457 3266 3522 effectus,
3303 3465 3359 3512 et

1781 3549 1849 3602 ad
1879 3548 2068 3602 altiora
2100 3548 2432 3613 surrexerit,
2472 3548 2668 3618 pluviis
2696 3547 2906 3602 Domini
2937 3562 3044 3602 non
3071 3547 3353 3619 rigabitur;

1778 3637 1873 3708 qui
1903 3649 2014 3706 pro:
2045 3636 2356 3693 diversitate
2379 3637 2698 3692 meritorum
2723 3637 3014 3706 deprime,
3045 3637 3282 3693 sectmdo
3303 3645 3360 3693 et

1779 3725 1945 3780 tertio
1989 3725 2245 3795 irrigatur
2285 3725 2583 3781 caenaculo.
2619 3724 2748 3795 Ipsa
2789 3739 3001 3795 quoque
3033 3727 3359 3797 gazophylaa.

1781 3818 1887 3884 cia,
1924 3817 2026 3873 hoc
2063 3827 2184 3884 est,
2221 3818 2460 3873 thesauri
2487 3831 2743 3888 :gazarum
2782 3819 2994 3873 Domini
3029 3819 3083 3872 in
3112 3820 3358 3888 superio-

1779 3907 1933 3962 ribus
1977 3906 2264 3962 humiliora
2305 3914 2448 3962 sunt.
2497 3906 2710 3985 Quanto
2749 3907 2890 3961 enim
2931 3907 3051 3977 quis
3080 3909 3362 3965 excelsior

1777 3997 1975 4061 fuerit,
2008 3992 2168 4051 tanto
2193 4011 2316 4056 cum
2351 3997 2937 4066 Apostoloiuumilitate
2974 3996 3240 4065 dejicitur,
3281 3998 3364 4052 di-

1783 4095 1952 4146 cens:
1986 4100 2012 4140 ς’
2033 4089 2148 4156 Qui"
2181 4103 2288 4144 non
2309 4107 2312 4112 '
2333 4103 2450 4144 sum
2479 4089 2672 4160 dignus
2705 4090 2893 4146 vacari
2910 4090 3206 4160 apostolus,
3237 4089 3360 4158 quia

1781 4186 2098 4252 persecutus
2132 4187 2268 4234 sumi
2289 4179 2587 4235 Ecclesiam
2619 4179 2714 4234 Dei
2751 4179 2807 4250 (ιι
2833 4178 2955 4234 Cor.
2989 4181 3100 4252 xv).
3141 4200 3159 4232 ι
3197 4181 3364 4234 Erant

1783 4278 1962 4326 autem
1993 4271 2130 4340 ipsa
2177 4271 2556 4341 gazophylacia
2585 4271 2656 4324 in
2700 4270 3355 4335 maculis-humiliora,

1773 4357 2324 4432 .quia'supporuibant
2358 4359 2616 4430 porticus,
2655 4373 2773 4430 quae
2809 4375 2876 4416 ex
2912 4360 3360 4416 illis'emiuebaut

1771 4451 1852 4508 de
1873 4445 2332 4518 inferioribus,"et
2355 4451 2638 4506 de'mediis
2675 4451 3134 4509 atditiciiuReddit
3167 4466 3362 4506 causas

1777 4541 2284 4614 ene-gazophylacia
2311 4541 2365 4595 in
2403 4541 2890 4610 creuaeu‘listposita
2922 4541 3209 4596 humiliora
3246 4541 3360 4598 fue-

1774 4636 1900 4692 rint-
1918 4651 1942 4689 ε·
1956 4637 2090 4706 quia
2109 4635 2516 4705 supper-tabam,
2546 4634 3026 4703 inquit,-porticus,
3055 4649 3175 4703 qtne
3199 4634 3361 4690 liben-

1771 4727 1890 4782 Ltate
1909 4728 2054 4782 aeris
2080 4727 2414 4781 fruebantur.
2457 4725 2525 4778 Et
2550 4724 2862 4789 entitlehpnt
2885 4724 2971 4779 'de
3013 4724 3359 4780 inferioribus

1775 4816 2146 4882 elidemediis
2173 4814 2410 4879 aedilicii,
2443 4822 2502 4868 ut
2529 4813 2823 4870 sculndum
2847 4813 3185 4869 annalium
3211 4816 3359 4883 pavi-

1779 4903 2270 4961 mento..«iut‘euioris
2297 4903 2488 4970 domus
2510 4910 2660 4962 esset
2685 4903 3030 4970 eminentius,
3058 4910 3115 4958 et
3140 4903 3356 4958 tertium

1775 4995 2124 5056 cenaculum
2147 4994 2384 5051 sewudo
2415 5002 2561 5051 esset
2584 4994 2875 5051 excelsius.
2913 4995 2982 5049 Et
3004 5002 3207 5065 quanto
3235 4996 3357 5065 quis

1776 5085 1850 5142 ad
1876 5084 2154 5154 superiora
2171 5083 2758 5157 -canacenderet,-tanto
2783 5083 2942 5142 adtior
2964 5085 3226 5140 utereturi
3243 5100 3354 5142 cce-

1767 5175 2004 5242 macula.
2041 5182 2252 5245 quanto
2295 5175 2602 5234 humilitate
2646 5175 2948 5241 coemebat,
2993 5175 3206 5231 dicente
3250 5175 3355 5240 Do,—

1769 5267 1965 5327 mino:
1998 5267 2462 5336 (Quivult-inter.
2487 5283 2585 5326 me
2617 5266 2790 5335 major
2813 5282 2956 5333 esse,
2998 5267 3091 5322 ﬁat
3114 5268 3353 5323 omnium

1778 5359 2036 5417 minimus
2062 5359 2277 5432 (Matth.
2305 5361 2481 5432 XXIII).
2513 5379 2534 5413 ι
2565 5359 2750 5430 Neque
2771 5362 2917 5416 enim
2945 5361 3206 5420 columnis
3234 5363 3355 5418 aliis

1779 5453 2155 5521 portabantur,
2179 5451 2320 5506 sicut
2345 5451 2399 5504 in
2423 5450 2681 5513 atriorum
2704 5451 2965 5511 columnis
2993 5451 3237 5522 legimus,
3260 5451 3354 5509 sed

1767 5544 2090 5602 eminebant
2115 5541 2184 5598 de
2214 5540 2579 5604 inferioribus,
2609 5541 2766 5598 etde
2794 5542 2986 5606 urediis
3008 5557 3040 5596 a
3070 5549 3212 5598 terra
3255 5553 3350 5594 ou-

1781 5635 1904 5693 bitis
1932 5632 2317 5703 quinquaginta
2353 5646 2581 5691 numero.
2622 5633 2954 5702 remissionis
2987 5633 3226 5693 omnium
3255 5630 3353 5684 de-

1777 5728 2034 5793 bitorum.
2054 5723 2198 5780 Haec
2235 5729 2375 5794 sunt.
2401 5730 2585 5778 autem
2625 5723 2866 5794 tristega,
2897 5725 2965 5780 de
2994 5723 3186 5792 quibus
3214 5732 3352 5788 prter

1778 5822 1975 5896 cipitur
2006 5837 2018 5875 :
2057 5839 2076 5874 ι
2109 5816 2368 5876 Describe
2387 5814 2788 5890 «dupliciter,
2817 5815 3041 5878 milia
3078 5823 3132 5875 et
3175 5812 3361 5887 sciet»,
