3908 6356
115 407 220 473 985

975 397 978 400 ’
1071 399 1419 462 COMMENT.
1453 397 1528 456 ΙΝ
1562 389 1967 456 EZEHIELEM.
2007 429 2076 440 --
2101 394 2228 456 UB.
2267 396 2429 456 XVII.

3251 393 3355 454 986

119 529 404 603 proccdcnt
424 523 489 578 ad
509 518 784 592 populum.
818 519 928 585 Sic,
960 520 1152 590 inquit,
1189 519 1472 590 loquentur
1495 519 1561 572 ad
1586 532 1682 588 po-
1707 519 1756 579 Α
1791 534 1810 568 ‹
1853 524 1937 571 est
1955 525 2142 572 contra
2166 515 2386 572 ventum
2399 511 2666 584 aquilonis
2681 512 3000 582 quingentos
3019 509 3277 576 calamos,
3297 509 3354 565 in

120 621 329 693 pulum,
377 615 642 685 quomodo
689 618 862 682 potest
909 611 1095 679 audire
1141 610 1386 680 populus.
1437 609 1588 665 Unde
1629 616 1684 664 et

105 705 399 779 Apostolus
421 701 488 757 ad
525 699 830 757 Corinthios
864 699 1200 768 loquebatur,
1228 699 1282 753 in
1309 698 1503 768 quibus
1533 717 1551 749 ε
1587 713 1685 752 au-

120 797 359 854 diebatur
385 791 664 848 fornicatio
701 797 754 844 et
787 789 910 844 talis
939 788 1247 854 fornicatio,
1274 789 1446 858 qualis
1476 804 1576 844 nec
1603 789 1686 843 in-

120 895 198 941 ter
211 882 456 958 gentes(l
475 880 697 952 Conv):
719 899 739 934 ι
767 897 787 930 ‹
808 878 920 934 Lac
932 877 1147 948 quidem
1165 878 1316 933 vobis
1336 887 1519 947 potum
1543 877 1683 942 dedi,

111 992 222 1032 non
251 987 430 1029 escam
453 971 530 1044 (id
557 977 641 1027 est
667 969 896 1025 solidum
920 968 1148 1039 cibum),
1180 969 1407 1023 necdum
1432 969 1573 1024 enim
1598 982 1690 1025 ca-

118 1079 244 1138 pere
267 1061 529 1136 poteratis
555 1060 607 1135 (1
629 1058 754 1117 Cor.
793 1060 897 1131 ιιι).
935 1078 954 1112 ι
1001 1059 1082 1114 Ad
1110 1073 1245 1128 quos
1271 1074 1483 1114 rursum
1513 1059 1644 1114 dicit
1669 1069 1687 1114 :

122 1175 142 1209 ς
172 1155 346 1211 Filioli
380 1155 515 1219 mei,
547 1168 683 1224 quos
711 1153 906 1208 iterum
942 1153 1206 1222 parturio,
1251 1152 1422 1208 donec
1444 1152 1691 1210 Christus

98 1246 378 1302 fformetur
425 1247 481 1301 in
524 1245 676 1301 vobis
697 1242 840 1315 (Gal,
873 1242 968 1314 tv).
1011 1262 1032 1294 ι
1076 1241 1321 1299 Parvulis
1359 1243 1504 1298 enim
1529 1251 1692 1314 atque

115 1337 569 1395 laetantibusnon
596 1337 766 1393 solum
787 1352 900 1392 non
926 1337 1146 1408 prodest
1166 1335 1370 1392 solidus
1394 1336 1566 1400 cibus,
1597 1335 1692 1391 sed

116 1429 373 1485 interﬁcit
413 1444 526 1496 eos,
572 1429 664 1500 qui
702 1428 955 1500 perfectae
996 1431 1172 1486 aetatis
1213 1429 1520 1485 hominibus
1559 1442 1690 1484 con-

103 1522 278 1593 'Qﬂlil-
301 1521 455 1590 Quod
481 1521 639 1577 aliter
661 1521 880 1592 intelligi
902 1529 1100 1592 potest.
1138 1517 1339 1593 (Greg.)
1371 1519 1693 1576 Sacerdotes

115 1629 244 1670 vero
282 1613 447 1669 etiam
479 1622 600 1683 post
627 1613 1092 1682 compunctionem
1120 1626 1182 1666 ac
1209 1612 1473 1681 lacrymas
1497 1625 1694 1680 cogun-

115 1711 204 1758 tur
241 1705 548 1760 necessaria
593 1702 824 1758 ﬁliorum
872 1716 1090 1758 suorum
1135 1716 1492 1772 cognoscere,
1537 1709 1592 1756 et
1629 1715 1693 1756 ea

101 1807 233 1864 quae
270 1794 545 1864 refugiunt
589 1795 770 1850 animo
811 1795 1080 1866 patienter
1119 1795 1326 1861 audire,
1368 1802 1531 1864 atque
1571 1801 1696 1864 post

1791 625 1811 658 ι
1854 607 2061 663 calamo
2084 622 2350 662 mensura:
2370 621 2467 676 per
2491 621 2701 678 gyrum.
2723 605 2791 659 Et
2811 604 2879 659 ad
2894 611 3112 658 ventum
3141 610 3352 656 austra-

1789 715 1812 751 α
1848 697 1955 754 lem
1974 713 2192 754 mensus
2206 705 2290 753 est
2301 697 2622 768 quingentos
2636 695 2891 760 calamos,
2908 694 2961 748 in
2981 693 3188 749 calamo
3208 707 3358 748 men-

1790 807 1814 842 ι
1851 804 1990 845 surae
2020 805 2118 860 per
2159 789 2464 844 circuitum.
2504 787 2570 841 Et
2608 786 2677 840 ad
2715 793 2934 840 ventum
2971 784 3358 840 occidentalem

1792 899 1813 933 ‹
1858 897 2075 938 mensus
2093 888 2175 937 est
2195 881 2515 950 quingentos
2540 879 2791 942 calamos,
2828 876 2884 930 in
2913 875 3119 932 calamo
3144 889 3354 932 mensu-

1791 988 1814 1024 ί
1855 987 1950 1027 rte.
1975 970 2080 1028 Per
2100 979 2327 1040 quatuor
2347 977 2534 1024 ventos
2554 981 2772 1023 mensus
2790 973 2874 1022 est
2888 979 3101 1020 murum
3121 963 3237 1033 ejus
3259 979 3362 1019 un-

1792 1083 1813 1118 c
1857 1065 2017 1134 dique
2038 1078 2136 1133 per
2159 1063 2467 1128 circuitum,
2484 1060 2810 1133 longitudine
2829 1059 3243 1129 quingentorum
3267 1071 3361 1113 cu-

1793 1173 1814 1209 ι
1855 1154 2123 1220 bitorum,
2166 1161 2222 1209 et
2266 1152 2546 1208 latitudine
2599 1151 3012 1221 quingentorum
3058 1147 3363 1204 cubitorum
3421 1175 3428 1180 ο

1794 1263 1817 1299 ι
1858 1245 2184 1302 dividentem
2226 1246 2368 1300 inter
2406 1243 2768 1300 sanctuarium
2806 1248 2860 1296 et
2899 1240 3042 1310 vulgi
3086 1239 3285 1295 locum.
3336 1255 3357 1291 ι

1789 1332 2060 1408 (Περι-οη.)
2090 1335 2380 1391 Sciendum
2405 1333 2548 1404 quod
2576 1339 2697 1403 post
2720 1340 2938 1386 ventum
2965 1329 3284 1385 orientalem
3307 1335 3366 1384 et

1789 1427 2094 1499 aquilonem
2139 1427 2194 1482 in
2223 1434 2385 1481 vento
2411 1424 2631 1480 australi
2663 1434 2718 1479 et
2747 1422 3062 1479 occidentali
3091 1422 3231 1493 apud
3261 1421 3362 1479 Se—

1789 1515 2067 1589 ptuaginta
2093 1515 2227 1570 ordo
2253 1521 2614 1584 praeposterus
2630 1511 2720 1568 sit.
2746 1511 2827 1566 Illi
2849 1511 2992 1567 enim
3012 1512 3244 1582 primum
3268 1525 3365 1582 po-

1793 1613 2018 1662 suerunt
2043 1605 2450 1669 occidentalem,
2481 1603 2536 1658 id
2562 1613 2645 1659 est
2669 1615 2835 1667 mare,
2871 1611 2926 1658 et
2949 1610 3134 1672 postea
3157 1613 3366 1658 austra-

1794 1697 1921 1763 lem,
1969 1711 2094 1752 cum
2139 1695 2280 1766 apud
2318 1694 2572 1750 Hebraeos
2617 1694 2849 1763 primum
2895 1701 3128 1762 ponatur
3173 1700 3366 1748 ventus

1795 1783 2068 1853 australis,
2099 1796 2156 1844 et
2176 1795 2364 1859 postea
2392 1786 2759 1842 occidentalis.
2802 1784 3060 1855 Quodque
3088 1784 3368 1855 Scriptura

103 1884 345 1954 suspiria
365 1884 688 1952 caelestium,
710 1884 1070 1954 quorumlibet
1091 1884 1392 1940 carnalium
1413 1885 1691 1940 hominum
1719 1878 1766 1938 B
1794 1894 1938 1934 nunc
1966 1877 2096 1934 dicit
2124 1891 2140 1932 :
2177 1897 2195 1929 ι
2233 1877 2476 1948 Cumque
2501 1875 2824 1945 complesset
2869 1889 3150 1930 mensuras
3178 1874 3370 1928 domus

115 1988 278 2028 onera
317 1981 558 2044 portare,
587 1983 644 2029 et
670 1987 808 2044 saepe
835 1989 958 2029 cum
993 1974 1492 2045 supervenientibus
1517 1989 1610 2029 cor
1636 1974 1692 2028 in

109 2065 328 2120 diversa
362 2066 622 2136 qualitate
668 2065 1063 2121 transfundere.
1112 2063 1248 2119 Nam
1284 2065 1570 2136 aliquando
1609 2079 1695 2120 sa-

113 2158 305 2214 cerdos
331 2158 398 2213 de
424 2157 592 2214 lucris
621 2157 952 2228 spiritalibus
979 2158 1195 2228 gaudet.
1245 2155 1348 2212 Sed
1379 2171 1501 2212 cum
1539 2156 1698 2227 quilio

99 2250 203 2304 bet
246 2263 487 2304 mrens
530 2249 924 2319 supervenerit;
969 2249 1074 2303 nisi
1101 2246 1217 2316 ejus
1244 2262 1532 2303 maerorem
1560 2247 1614 2302 in
1638 2262 1698 2303 se

111 2340 445 2408 susceperit,
471 2338 798 2396 tribulationi
825 2337 966 2394 illius
990 2339 1324 2407 compatiens
1355 2353 1462 2394 non
1503 2345 1605 2394 est.
1630 2338 1700 2394 Et

93 2430 406 2501 taliquando
429 2431 495 2486 de
519 2431 728 2486 damnis
745 2431 1052 2486 animarum
1070 2430 1248 2501 luget,
1275 2438 1331 2486 et
1355 2439 1576 2500 repente
1603 2445 1696 2486 su-.-

95 2523 478 2594 perveniunt,
514 2522 607 2592 qui
645 2521 712 2577 de
747 2522 1070 2590 .quibusdam
1103 2523 1215 2577 suis
1254 2521 1699 2592 prosperitatibus

111 2610 388 2677 laetantur,
421 2626 651 2682 quorum
695 2611 741 2666 si
769 2611 968 2667 laetitiae
1015 2611 1274 2667 sacerdos
1316 2627 1425 2666 non
1469 2626 1701 2682 congau-

99 2702 254 2768 deat,
282 2704 468 2770 minus
493 2715 679 2757 amare
707 2703 946 2758 creditur
979 2703 1139 2768 filios,
1167 2703 1221 2758 in
1253 2718 1480 2773 quorum
1507 2703 1700 2773 gaudio

109 2805 220 2848 non
247 2791 509 2858 exsultat,
529 2793 798 2863 praecipue
820 2807 943 2847 cum
973 2792 1167 2847 Paulus
1190 2793 1333 2848 dicat
1357 2807 1373 2846 :
1411 2813 1429 2845 ‹
1457 2791 1703 2849 Gaudere

111 2899 233 2940 cum
265 2884 649 2955 gaudentibus,
690 2882 820 2939 ﬁere
856 2898 977 2939 cum
1022 2883 1276 2940 flentibus
1311 2883 1489 2956 (Rom.
1516 2883 1639 2955 xu).
1677 2903 1697 2936 ι

99 2975 256 3032 ιΝἱιιΞΙ
280 2992 417 3048 ergo
439 2985 548 3034 tam
569 2991 856 3032 onerosum
881 2976 1060 3032 ordini
1083 2976 1262 3044 video,
1284 2992 1444 3047 quam
1469 2977 1702 3048 rigorem

114 3068 308 3128 mentis
322 3067 698 3136 compatiendo
720 3064 952 3131 ﬂectere,
973 3075 1170 3122 etcum
1189 3067 1434 3137 personis
1450 3079 1704 3137 superve-

113 3159 389 3216 nientibus
426 3159 666 3214 animum
704 3165 951 3225 mutare;
995 3167 1050 3216 et
1088 3167 1268 3216 tamen
1302 3160 1405 3215 hoc
1429 3159 1587 3214 valde
1621 3163 1705 3212 est

1797 1968 2090 2035 interioris,
2131 1968 2317 2023 eduxit
2358 1981 2445 2022 me
2482 1981 2580 2036 per
2603 1965 2746 2019 viam
2775 1972 2968 2035 ρει-ιω,
2995 1979 3115 2032 qua:
3153 1962 3371 2032 respicit

1797 2061 1866 2116 ad
1888 2061 2031 2116 viam
2058 2058 2398 2124 orientalem,
2435 2076 2455 2110 ι
2514 2055 2753 2111 ostendit
2797 2063 3010 2120 cuncta,
3053 2069 3173 2124 quae
3207 2066 3369 2123 supra

1796 2149 1943 2206 dicta
1989 2156 2134 2214 sunt,
2166 2157 2221 2203 ct
2247 2147 2548 2203 forinsecus
2576 2154 2631 2202 et
2663 2145 3014 2210 intrinsecus,
3045 2153 3102 2199 et
3130 2144 3185 2197 in
3236 2142 3372 2196 inte-

1797 2240 2029 2297 rioribus
2059 2239 2264 2310 templi,
2314 2239 2418 2294 hoc
2455 2245 2560 2303 est,
2589 2236 2761 2292 sancti
2788 2244 3122 2300 sanctorum,
3152 2233 3371 2305 proprie

1799 2333 1867 2388 ad
1910 2332 2092 2402 templi
2118 2330 2402 2386 aediﬁcium
2430 2330 2723 2401 pertinere,
2767 2336 2822 2384 et
2864 2326 3050 2398 templi
3074 2325 3369 2382 interioris.

1801 2421 1954 2480 Unde
1983 2437 2126 2478 nunc
2150 2421 2394 2492 sequitur
2419 2438 2432 2474 :
2472 2439 2491 2472 ι
2526 2420 2724 2476 Eduxit
2749 2433 2837 2474 me
2879 2433 2976 2490 per
3003 2417 3146 2473 viam
3171 2423 3371 2488 portas,

1800 2530 1918 2585 quae
1940 2514 2262 2585 respiciebat
2288 2514 2360 2570 ad
2395 2512 2540 2568 viam
2581 2510 2918 2576 orientalem,
2949 2518 3006 2566 et
3045 2523 3262 2566 mensus
3290 2514 3375 2563 est

1800 2621 1920 2662 eam
1960 2605 2200 2675 undique
2253 2618 2352 2674 per
2422 2603 2739 2669 circuitum,
2793 2601 2907 2657 sive
2970 2597 3374 2655 similitudinem

1802 2697 2010 2752 domus.
2040 2713 2061 2747 ι
2095 2693 2361 2764 Perquod
2386 2693 2782 2749 demonstratur
2800 2704 2907 2745 non
2937 2689 3110 2758 ipsam
3131 2686 3372 2751 domum,

1802 2789 1897 2845 sed
1934 2785 2341 2843 similitudinem
2371 2786 2562 2841 domus
2591 2797 2734 2849 esse,
2783 2797 2904 2852 qua:
2938 2780 3198 2844 cernitur,
3249 2776 3374 2847 quia

1809 2899 1827 2932 ι
1872 2893 2016 2934 nunc
2064 2893 2162 2950 per
2213 2876 2490 2946 speculum
2518 2874 2764 2929 videmus
2809 2872 2863 2926 in
2891 2872 3196 2944 aenigmate.
3239 2867 3376 2922 Cum

1802 2982 1984 3028 autem
2013 2969 2225 3025 venerit
2269 2967 2412 3038 quod
2452 2965 2749 3037 perfectum
2798 2972 2902 3029 est,
2945 2971 3074 3016 tunc
3119 2959 3265 3030 quod
3307 2972 3377 3013 ex

1801 3071 1959 3134 parte
1984 3069 2069 3116 est
2097 3059 2407 3114 destruetur
2435 3055 2488 3128 (Ι
2516 3054 2636 3110 Cor.
2667 3053 2812 3125 xm).
2852 3071 2870 3104 ι
2907 3051 3059 3107 Unde
3085 3059 3141 3105 et
3169 3049 3378 3120 Moyses

1809 3154 1866 3208 in
1909 3150 2273 3214 tabernaculo,
2312 3157 2367 3202 et
2396 3146 2650 3201 Salomon
2683 3145 2739 3198 in
2768 3142 2995 3198 aediﬁcio
3041 3154 3149 3194 non
3176 3137 3376 3193 verita-

103 3249 507 3306 necessarium.
536 3245 669 3302 Nam
694 3247 962 3318 quomodo
982 3263 1050 3303 ex
1073 3248 1457 3318 praedicatione
1485 3246 1603 3317 ejus
1634 3247 1704 3302 ad
1730 3225 1775 3288 ο
1805 3255 1916 3302 tem
1965 3242 2178 3299 tentorii
2232 3239 2438 3310 templi,
2471 3237 2566 3294 sed
2603 3232 3006 3292 similitudinem
3042 3229 3379 3300 ﬁguramque

113 3336 242 3396 noni
265 3339 451 3410 operis
483 3339 712 3410 gratiam
735 3347 989 3409 peccator
1040 3340 1343 3407 adducitur,
1381 3340 1428 3396 si
1457 3341 1574 3410 ipse
1613 3339 1704 3409 qui

98 3432 382 3501 praedicat
413 3429 628 3486 videtur
655 3430 935 3500 ingratus?
979 3430 1134 3488 Unde
1171 3446 1268 3502 per
1305 3431 1449 3487 hunc
1493 3445 1707 3500 quoque

103 3522 374 3588 eumdem
409 3522 727 3592 prOphetam
754 3529 940 3593 postea
967 3522 1184 3588 dicitur,
1216 3532 1276 3577 ut
1302 3537 1424 3578 eum
1466 3523 1709 3578 sacerdo-

245 3610 573 3667 iutriuseeus
612 3611 942 3676 ministrant,
985 3611 1222 3666 vestibus
1266 3610 1423 3666 lineis
1466 3608 1710 3676 utantur,

99 3696 198 3777 Ade,
223 3702 422 3774 quibus
456 3703 707 3759 subditur
736 3720 750 3759 :
778 3721 813 3779 pc
848 3702 1089 3774 Cumque
1128 3704 1474 3774 egredientur
1508 3702 1709 3758 atrium

118 3792 366 3860 exterius
405 3793 474 3848 ad
509 3793 785 3868 pupulum,
813 3801 1014 3850 exuent
1057 3809 1116 3850 se
1158 3795 1478 3850 vestimenta
1522 3809 1620 3850 sua
1653 3793 1708 3849 in

117 3883 320 3954 quibus
351 3884 809 3949 ministraverunt,
846 3894 903 3941 et
925 3895 1127 3956 ponent
1153 3901 1216 3941 ea
1243 3887 1296 3941 in
1324 3886 1710 3958 gawphylacio

117 3976 442 4033 sanctuarii.
497 3996 516 4028 ι
555 3976 844 4031 Grossiora
879 3978 1076 4047 quippe
1107 3978 1426 4033 vestimenta
1464 3987 1590 4033 sunt
1627 3977 1709 4033 la-

117 4081 246 4121 nea.
285 4064 394 4121 Sed
418 4080 544 4122 cum
574 4067 828 4122 sacerdos
857 4067 924 4120 ad
954 4074 1199 4122 sanctum
1227 4067 1588 4123 ministerium
1618 4083 1712 4124 ac-

117 4158 292 4222 cedit,
309 4173 432 4213 cum
455 4158 599 4214 intus
624 4173 719 4228 per
744 4159 1208 4228 compunctionem
1233 4158 1549 4229 ingreditur,
1579 4160 1713 4214 sub-

97 4247 225 4314 tili,
256 4246 531 4304 intellectu
567 4261 789 4302 necesse
830 4255 947 4312 est,
1003 4247 1157 4317 quasi
1204 4247 1348 4305 lineo
1390 4249 1712 4305 vestimento

120 4343 405 4413 induatur.
436 4344 542 4400 Sed
571 4360 695 4401 cum
715 4347 781 4400 ad
810 4345 1061 4416 populum
1084 4346 1214 4404 foris
1237 4349 1531 4420 egreditur,
1552 4363 1712 4418 opor-

101 4443 202 4517 tet
241 4442 304 4488 ut
337 4436 688 4503 vestimenta,
737 4437 791 4492 in
835 4438 1030 4508 quibus
1069 4439 1398 4498 intrinsecus
1437 4442 1711 4498 ministra-

121 4534 307 4592 verat,
350 4536 590 4598 reponat,
632 4528 792 4600 atque
830 4531 1028 4601 papqu
1067 4531 1186 4588 aliis
1216 4534 1456 4589 vestibus
1490 4534 1710 4590 indutus

103 4627 410 4691 appareat.
445 4619 580 4686 Quia
601 4620 648 4674 si
672 4621 726 4674 in
750 4623 1178 4693 compunctionis
1199 4641 1308 4680 sua:
1337 4627 1514 4697 rigore
1543 4641 1602 4682 se
1630 4634 1712 4682 te-

101 4719 277 4790 neat,
300 4710 356 4765 ’si
379 4711 434 4765 in
465 4726 551 4784 eo,
575 4725 733 4781 quem
769 4714 1029 4769 orationis
1060 4722 1304 4785 tempore
1334 4716 1542 4782 habuit,
1576 4730 1711 4772 mte-

106 4819 256 4885 ι[ειτε
275 4805 553 4883 perduret,
573 4805 901 4876 exteriorum
924 4821 1104 4862 rerum
1126 4806 1290 4860 verba
1310 4805 1585 4876 suscipere
1606 4821 1713 4862 non

124 4894 394 4976 admittit,
420 4905 474 4952 et
491 4896 621 4967 quid
643 4912 775 4966 grex
807 4896 873 4966 de
895 4895 1220 4952 necessariis
1241 4894 1424 4962 faciat,
1459 4896 1508 4958 si
1526 4896 1713 4952 audire

103 4975 297 5072 atque
317 4989 649 5058 perpendere
668 4988 736 5043 ad
757 4989 878 5053 hoc,
895 4988 1036 5058 quod
1049 5002 1287 5056 praesens
1302 4995 1509 5057 tempus
1522 4987 1710 5058 exigit,

128 5087 318 5156 pastor
348 5080 593 5134 recusat?
628 5077 908 5146 Grossiora
940 5095 1069 5150 ergo
1107 5079 1424 5134 vestimenta
1465 5079 1716 5136 sacerdos

119 5171 326 5248 exiens
338 5159 460 5227 ante
469 5171 724 5248 populum
738 5173 943 5244 induat,
955 5180 1017 5226 ut
1029 5172 1224 5226 mentis
1237 5187 1348 5248 suae
1363 5171 1605 5226 habitum
1619 5185 1717 5242 pro

130 5249 366 5342 utilitate
385 5264 614 5340 ﬁliorum
629 5265 790 5320 etiam
804 5263 872 5320 ad
886 5273 1100 5320 terrena
1113 5264 1388 5330 toleranda
1410 5270 1712 5334 componat.

132 5405 154 5438 Ὗ
168 5343 188 5438 ς
209 5374 235 5438 ε
249 5425 254 5436 ι
279 5354 519 5428 Cumque
543 5356 873 5438 complesset;
884 5370 1166 5430 mensuras
1180 5357 1383 5424 domus
1415 5354 1714 5426 interioris,

209 5433 399 5522 eduxit
424 5441 508 5506 me
539 5433 649 5527 per
674 5450 817 5503 viam
865 5458 1066 5521 portze,
1113 5464 1233 5518 qua:
1272 5448 1597 5518 respiciebat
1647 5446 1715 5523 ad

195 5542 349 5621 viam
375 5543 711 5612 orientalem,
742 5550 796 5614 et
845 5556 1061 5606 mensus
1092 5547 1178 5594 est
1201 5531 1321 5594 eam
1351 5539 1588 5608 undique
1616 5551 1716 5606 per

114 5619 165 5714 εἴ
209 5613 750 5700 εἰιειιὶιυιιι.,Μειιειιδ
771 5641 853 5686 est
875 5638 1261 5706 autcmﬂcontra
1288 5638 1508 5706 ventum
1536 5629 1716 5703 orien-

133 5708 612 5798 titalemcalamo
647 5739 914 5794 mensura:
950 5708 1053 5798 per
1075 5722 1360 5778 circuitum
1396 5720 1716 5792 quingentos

135 5832 164 5894 ¹ι
195 5799 471 5890 calamos,
499 5817 552 5877 in
574 5816 1064 5894 calamo‘mensurtc
1084 5799 1181 5885 per
1193 5827 1400 5892 gyrum.
1419 5799 1483 5866 Et
1499 5817 1716 5886 mensus

1804 3323 2082 3398 fecerunt,
2104 3339 2164 3384 ut
2192 3344 2289 3400 per
2325 3329 2459 3392 haec,
2497 3340 2617 3396 quae
2659 3323 2871 3378 minora
2899 3327 3024 3375 sunt
3051 3327 3106 3372 et
3137 3325 3376 3380 terrena,

1805 3438 1871 3481 ea
1900 3438 2021 3493 quae
2050 3422 2104 3476 in
2135 3418 2468 3482 caelestibus,
2514 3423 2570 3472 et
2619 3413 2674 3467 in
2717 3409 2944 3480 spiritali
2974 3406 3202 3463 aedilicio
3229 3411 3376 3472 sunt,

1806 3513 2107 3585 intelligere
2147 3510 2436 3582 possimus.
2495 3505 2591 3562 Vir
2642 3511 2820 3558 autem
2846 3542 2862 3568 ,
2918 3499 3009 3570 qui
3057 3497 3379 3569 prophetam

1806 3608 2104 3670 eduxerat,
2139 3609 2479 3671 nequaquam
2528 3597 2582 3652 in
2626 3595 2824 3650 atrium
2853 3590 3112 3654 exterius,
3149 3587 3245 3644 sed
3283 3599 3381 3658 per

1806 3696 1949 3751 viam
1977 3701 2145 3764 portae
2195 3705 2313 3760 quae
2361 3685 2684 3756 respiciebat
2726 3683 2794 3738 ad
2836 3682 2978 3736 viam
3023 3676 3378 3742 orientalem,

1807 3786 2041 3858 primum
2071 3797 2292 3838 mensus
2330 3787 2413 3835 est
2443 3785 2633 3834 contra
2671 3768 3237 3830 ventum'orientalem
3261 3806 3278 3832 ,
3326 3765 3382 3821 id

1808 3891 1911 3950 est,
1951 3882 2018 3938 ad
2046 3878 2362 3935 orientalem
2397 3876 2608 3945 plagam
2653 3872 2974 3942 quingentos
3005 3867 3243 3923 calamos
3283 3877 3383 3935 per

1811 3987 2000 4046 gyrum
2029 3989 2042 4026 :
2072 3969 2308 4025 secundo
2336 3967 2405 4020 ad
2428 3963 2735 4034 aquilonem
2759 3979 2772 4014 :
2812 3959 2972 4014 tertio
3001 3958 3069 4012 ad
3097 3963 3338 4012 austrum
3365 3972 3379 4008 :

1812 4076 2005 4138 quarto
2040 4066 2109 4121 ad
2157 4078 2327 4127 mare,
2358 4061 2410 4116 id
2461 4068 2565 4124 est,
2605 4057 2674 4112 ad
2715 4055 3073 4112 occidentem.
3100 4052 3205 4107 Per
3244 4064 3379 4120 qua—

1813 4170 1936 4216 tuor
1962 4157 2215 4213 videlicet
2238 4161 2428 4208 vcntos
2460 4165 2674 4206 murum
2704 4151 2756 4204 in
2789 4148 3021 4205 circuitu
3050 4156 3158 4201 tam
3187 4144 3241 4199 in
3264 4142 3383 4198 lon-

1811 4236 2090 4327 gitudine,
2150 4264 2312 4321 quam
2364 4249 2420 4304 in
2471 4245 2774 4310 latitudine,
2817 4244 2921 4298 hoc
2962 4248 3063 4308 cst,
3110 4253 3208 4309 per
3248 4251 3384 4327 qua-

1812 4326 1989 4402 drum.
2022 4342 2124 4411 Qui
2171 4355 2359 4396 murus
2411 4338 2574 4394 simul
2614 4336 2851 4392 habebat
2885 4335 2988 4388 duo
3026 4330 3192 4385 millia
3238 4326 3385 4383 cala-

1813 4450 1950 4490 mos.
2002 4432 2099 4488 Sin
2150 4439 2331 4486 autem
2379 4429 2619 4484 calamus
2665 4440 2759 4482 sex
2792 4424 3095 4481 cubitorum
3137 4426 3289 4485 erat,
3332 4424 3387 4474 et

1811 4530 2066 4588 παλαιστῆ
2099 4526 2260 4581 unius
2297 4540 2415 4595 qua:
2442 4523 2692 4580 παλαιστή
2711 4560 2726 4585 ,
2753 4526 2903 4574 sexta
2935 4531 3062 4587 pars
3087 4513 3255 4570 cubiti
3280 4518 3386 4576 est,

1810 4621 2155 4694 perspicuum
2209 4623 2295 4672 est
2348 4627 2560 4669 murum
2613 4608 2936 4666 exteriorem
2975 4604 3228 4659 habuisse
3290 4613 3390 4670 per

1815 4691 2103 4770 circuitum
2152 4708 2387 4764 calamos
2431 4706 2536 4759 duo
2566 4700 2756 4765 millia,
2794 4698 2886 4768 qui
2933 4695 3135 4750 faciunt
3175 4691 3386 4746 cubitos

1817 4805 2102 4866 duodecim
2143 4799 2306 4854 millia
2333 4804 2600 4850 trecentos
2637 4791 2860 4862 triginta
2884 4792 3094 4850 tres,,et
3125 4784 3387 4838 trientem

1817 4897 1884 4952 de
1926 4893 2132 4950 duobus
2165 4888 2421 4944 millibus.
2452 4882 2696 4939 Prudens
2723 4881 2893 4936 lector
2918 4886 2974 4934 et
3001 4875 3228 4945 diligens
3249 4870 3391 4941 legat

1816 4985 2014 5053 librum
2043 4981 2170 5037 Jesu
2191 4980 2359 5044 Nave,
2386 4984 2440 5032 et
2465 4973 2706 5029 inveniet
2736 4969 3002 5042 quomodo
3045 4966 3099 5021 in
3126 4962 3390 5021 suburba-

1817 5078 1903 5132 nis
1933 5077 2049 5131 bacc
2068 5086 2320 5127 mensura
2351 5075 2616 5124 servetur.
2647 5063 2804 5119 Unde
2840 5068 2895 5117 et
2917 5059 3062 5130 legio
3087 5057 3390 5114 daemonum

1818 5168 1964 5222 hunc
2023 5175 2306 5218 numerum
2366 5158 2517 5230 eligit
2583 5156 2639 5210 in
2696 5151 3044 5209 suffocatione
3099 5160 3390 5219 porcorum

1819 5255 1970 5328 (Luc.
2019 5253 2163 5325 vm),
2194 5261 2253 5308 ut
2289 5251 2381 5321 qui
2428 5245 2787 5305 servientibus
2831 5243 2943 5297 Deo
2986 5249 3254 5311 praecepto
3281 5236 3390 5292 Do-

1818 5347 1949 5404 mini
1982 5353 2261 5417 separatus
2285 5351 2388 5409 est,
2428 5342 2483 5397 in
2512 5337 2838 5396 contrariam
2879 5342 3090 5405 partem
3121 5331 3389 5385 referatur

1821 5441 1888 5496 ad
1915 5439 2269 5510 perditionem
2317 5447 2503 5509 eorum
2542 5429 2634 5500 qui
2687 5422 2852 5482 vitam
2904 5437 3058 5479 caeno
3097 5421 3312 5493 dignam
3336 5429 3394 5478 et

1821 5531 2068 5586 sordibus
2101 5533 2501 5582 consectantur.
2530 5519 2717 5574 Omnis
2745 5524 2922 5572 autem
2959 5529 3146 5568 murus
3163 5513 3264 5582 qui
3308 5516 3392 5568 est

1821 5623 2081 5685 exterior,
2123 5628 2177 5673 et
2211 5618 2376 5672 habet
2429 5611 2874 5682 spatiosissimam
2904 5605 3293 5675 longitudinem
3333 5607 3392 5657 et

1820 5714 2157 5776 latitudinem
2187 5724 2283 5778 per
2304 5706 2601 5782 quadrum,
2631 5701 2992 5772 apostolorum
3018 5695 3258 5753 continet
3291 5709 3390 5747 nu-

1804 5787 2055 5874 merum,
2087 5802 2138 5860 id
2165 5791 2270 5867 est,
2302 5795 2582 5856 duodecim
2623 5793 2870 5861 millium,
2905 5795 2965 5846 ut
3008 5783 3234 5872 singulis
3260 5797 3389 5856 apt)-
