3908 6356
123 278 236 336 989

1046 281 1394 341 COMMENT.
1439 283 1506 338 lN
1543 240 2001 346 EZECHIELEM.
2042 316 2113 334 ,ρ
2151 286 2278 344 LIB.
2321 285 2482 352 xvu.

3321 289 3425 340 990

123 392 418 461 quomodo
470 391 722 450 Ezechiel
767 392 1044 463 ingressus
1091 394 1200 460 sit,
1267 402 1324 448 ut
1369 404 1598 466 ungcret
1655 395 1731 449 ci-
1760 404 1959 480 Apost
1990 398 2320 468 superbiam,
2349 397 2456 452 imo
2480 410 2576 467 per
2602 395 2911 470 superbiam
2941 395 3190 450 fabricati
3215 405 3340 454 sunt
3366 379 3439 452 li-g

121 485 392 548 vitalem.
446 490 514 544 ad
557 487 714 557 cujus
752 487 1093 558 prophetiam
1148 488 1732 558 comminationcmque

120 578 467 633 conciderit.
503 579 617 634 Nisi
659 579 798 636 forte
827 579 958 635 illud
977 579 1238 644 dicamus,
1281 581 1425 650 quod
1464 580 1733 652 correptio

120 671 425 742 propheta:
457 671 530 729 sit
578 673 762 729 unctio
787 671 1024 728 civitatis
1057 681 1111 728 et
1141 672 1325 727 unctio
1351 671 1455 727 olei
1497 671 1734 726 exsulta-

121 760 300 816 tionis
339 763 702 820 sacerdotalis
729 771 783 818 et
815 763 952 834 regii
986 781 998 816 :
1042 763 1187 833 quod
1214 763 1306 833 qui
1336 762 1568 818 libenter
1589 777 1736 818 rece-

118 853 336 922 perint,
395 863 455 911 et
509 855 695 922 audire
736 854 1028 922 voluerint,
1093 854 1403 911 cﬂiciuntur
1436 856 1584 909 uncti
1625 854 1733 909 Do-

118 944 285 1011 mini,
343 946 418 1002 de
474 947 670 1017 quibus
717 949 980 1018 scriptum
1027 957 1111 1003 est
1162 967 1174 1001 :
1234 968 1251 998 ‹
1289 946 1464 1001 Nolite
1514 957 1733 1017 tangere

119 1037 377 1093 christos
416 1054 594 1106 meos,
639 1047 694 1095 et
749 1040 805 1092 in
853 1038 1133 1110 prophetis
1195 1039 1328 1093 meis
1378 1039 1541 1092 nolite
1581 1038 1734 1093 mali-

117 1127 285 1193 gnari
313 1125 500 1197 (Psal.
529 1128 659 1198 etv).
699 1145 717 1178 ›
754 1127 844 1182 ille
874 1136 1051 1180 autem
1087 1135 1266 1198 potest
1284 1125 1440 1194 juxta
1468 1131 1731 1203 ἀναγωγήν

117 1232 340 1288 ungere
380 1219 682 1285 civitatem,
726 1218 791 1273 de
829 1234 931 1288 qua
977 1219 1240 1287 scriptum
1271 1227 1393 1272 est:
1438 1239 1455 1270 t
1487 1219 1732 1274 Gloriosa

117 1309 274 1364 dicta
304 1319 442 1364 sunt
481 1312 547 1365 de
586 1320 651 1372 te,
694 1309 887 1363 civitas
931 1308 1029 1362 Dei
1065 1305 1237 1379 (Psal.
1287 1308 1534 1380 Lxxxvt),
1573 1329 1590 1359 ι
1641 1309 1750 1378 qui

115 1401 262 1455 vidit
295 1402 571 1456 visionem
615 1416 806 1454 currus
836 1408 888 1453 et
913 1400 1293 1471 mysteriorum
1324 1398 1440 1464 Dei,
1470 1415 1628 1467 quam
1653 1399 1733 1453 in-

119 1491 300 1548 tuitus
325 1501 415 1547 est
449 1491 695 1554 Ezechiel
727 1507 889 1561 super
931 1491 1150 1546 ﬂuvium
1193 1492 1428 1557 Cbobar,
1467 1492 1554 1559 qui
1593 1505 1731 1545 onus

117 1585 462 1656 pondusque
503 1583 793 1656 signiﬁcat.
849 1584 988 1652 Quid
1041 1583 1186 1638 enim
1236 1583 1454 1652 gravius
1500 1581 1733 1635 ﬂumini-

119 1673 226 1728 bus
251 1674 573 1745 Babylonis,
610 1691 772 1746 super
798 1690 917 1744 quae
946 1673 1114 1726 David
1146 1673 1285 1724 sedit
1311 1681 1365 1726 et
1393 1670 1560 1737 ﬂevit,
1608 1687 1730 1724 cum

1836 504 1960 542 men
1996 505 2151 544 suum
2198 490 2354 560 juxta
2397 489 2558 544 limen
2609 489 2740 554 Dei,
2775 497 2830 543 et
2868 494 3052 562 postes
3111 491 3240 543 'suos
3274 489 3444 559 juxta-

1835 589 2016 650 postes
2048 580 2209 636 illius.
2243 579 2477 634 Audiant
2500 580 2614 635 haec
2637 579 2795 648 juxta
2829 578 3067 633 litteram
3097 577 3444 633 muliercula

1836 679 2075 726 onerata:
2121 671 2380 740 peccatis,
2418 686 2538 742 quae
2568 667 3034 725 circumferuntur
3074 669 3224 724 omni
3267 677 3457 724 ventos

1836 761 2099 816 doctrinae
2130 759 2344 834 (Ephes.
2379 748 2477 832 tv),
2508 775 2721 832 semper
2744 759 3040 826 discentes,
3073 767 3129 814 et
3152 773 3448 830 nunquam.

1837 855 1905 910 ad
1932 854 2213 910 scientiam
2236 855 2481 910 veritatis
2502 854 2909 925 pervenientes:
2931 860 3166 908 mentem
3180 849 3431 920 junctam

1836 945 1968 1011 Deo,
2017 963 2122 1000 non
2153 946 2488 1001 vicinitatem
2525 945 2901 1010 ecclesiarum,
2936 952 2991 999 et
3036 943 3447 1022 habitationem-

1833 1037 2140 1105 proximam
2188 1036 2287 1092 Dei
2345 1039 2398 1091 in
2426 1053 2483 1091 se
2532 1049 2826 1107 provocare
2877 1035 3242 1101 clementiam,
3299 1034 3446 1102 quin;

1837 1125 2016 1195 potius
2063 1125 2491 1198 indignationem
2530 1126 2744 1181 Domini
2795 1127 3164 1191 commoveri,
3211 1125 3429 1196 quando

1836 1214 1891 1268 in
1916 1217 2250 1272 consecratis
2272 1218 2383 1272 Deo
2412 1217 2545 1271 locis
2571 1218 2824 1288 indignus
2847 1219 3121 1274 habitator
3137 1226 3234 1274 est.
3273 1236 3290 1268 t
3325 1215 3430 1270 Fat-

1836 1303 2027 1359 bricati
2057 1317 2205 1374 sunt,
2226 1309 2417 1378 inquit,
2436 1309 2597 1363 limen
2623 1325 2779 1364 suum
2815 1309 2970 1379 juxta
2994 1310 3154 1364 limen
3176 1324 3379 1374 meum,
3403 1327 3420 1359 ι

1836 1403 1895 1449 ttt
1936 1396 2070 1450 nihil
2116 1399 2405 1453 interesset
2451 1401 2591 1454 inter
2632 1417 2843 1456 sacrum
2874 1412 2927 1457 et
2954 1401 3262 1473 profanum.
3303 1421 3319 1453 ε
3359 1401 3428 1458 Et

1832 1497 2014 1556 postes
2057 1505 2184 1543 suos
2210 1489 2361 1558 juxta
2393 1500 2576 1560 postes
2607 1493 2793 1560 meos;
2834 1513 2850 1543 ι
2882 1501 2940 1547 ιιι
2971 1508 3111 1548 unus
3161 1493 3426 1552 laicorum

1834 1587 1888 1633 et
1916 1581 2258 1634 sacerdotum
2286 1591 2433 1636 esset
2458 1583 2733 1639 introitus.
2766 1584 2914 1639 Unde
2940 1583 3230 1654 Apostolus
3255 1584 3423 1639 dicit:

1842 1690 1859 1722 ι
1899 1671 2099 1726 Probet
2143 1682 2327 1728 autem
2354 1690 2412 1729 se
2459 1676 2644 1741 horno,
2670 1677 2829 1730 etsie
2858 1676 3083 1738 accedat
3126 1677 3193 1730 ad
3233 1691 3431 1746 corpus

118 1767 529 1820 recordaretur
559 1765 723 1819 Sion?
745 1766 819 1822 De
845 1765 1040 1836 quibus
1068 1765 1330 1833 scriptum
1371 1772 1453 1817 cst
1481 1777 1493 1815 :
1534 1782 1549 1812 ‹
1584 1761 1730 1815 Prae-
1757 1762 1805 1822 B
1832 1771 1888 1816 et
1913 1762 2230 1833 sanguinem
2257 1765 2471 1819 Domini
2496 1765 2548 1838 (Ι
2571 1765 2692 1819 Cor.
2719 1766 2816 1838 xi).
2835 1787 2849 1817 ›
2870 1767 2936 1821 Et
2962 1775 3019 1820 ut
3041 1768 3259 1837 gravius
3283 1766 3430 1821 face-

118 1856 258 1910 terit
297 1857 664 1930 enimjigttra
695 1855 854 1926 hujus
876 1856 1062 1909 tnundi
1097 1853 1148 1926 (Ι
1194 1852 1316 1907 Cor.
1355 1852 1482 1926 vn);
1519 1873 1535 1904 ι
1569 1853 1730 1906 nihil-

118 1963 230 2016 que
259 1946 403 2017 puto
427 1947 483 2002 in
515 1947 693 2002 saeculi
721 1946 880 2015 hujus
902 1945 1222 2001 confusione
1248 1960 1367 1999 esse
1386 1953 1725 2015 perpetuum,

119 2038 218 2093 sed
247 2039 448 2093 omnia
483 2039 764 2107 praeterire
793 2047 848 2092 et
897 2036 1082 2092 ﬂuere.
1113 2036 1243 2102 Qua:
1280 2035 1370 2108 qui
1421 2036 1728 2090 considera-

115 2131 302 2196 verit,
349 2131 514 2186 cadet
545 2146 708 2201 super
756 2129 951 2186 faciem
991 2145 1166 2194 suam,
1223 2127 1529 2198 intelligens
1566 2143 1726 2197 quam

116 2221 324 2292 procul
369 2221 448 2276 sit
486 2237 517 2276 a
551 2220 833 2288 majestate
872 2220 968 2277 Dei
1001 2229 1057 2274 et
1093 2219 1274 2274 llcctet
1300 2234 1474 2292 genua
1515 2219 1580 2272 ad
1631 2218 1730 2270 Pa-

119 2323 267 2368 trem
328 2314 388 2367 in
420 2315 641 2370 nomine
682 2311 808 2369 Jesu
848 2312 1070 2367 Christi.
1126 2333 1142 2364 ι
1193 2312 1455 2381 Cumque,
1491 2312 1584 2376 ait,
1627 2327 1729 2382 ego

120 2406 494 2472 corruissem,
525 2403 779 2476 majestas
825 2405 1037 2460 Domini
1069 2406 1312 2475 ingressa
1342 2411 1427 2458 est
1473 2403 1728 2473 templum

118 2515 221 2569 per
248 2498 400 2552 viam
436 2506 627 2571 portae,
659 2512 778 2567 qua:
823 2496 1149 2566 respiciebat
1191 2495 1259 2550 ad
1289 2495 1576 2560 orientem,
1621 2504 1730 2549 sta—

121 2592 338 2661 timque
416 2606 505 2645 me
564 2590 795 2645 elevavit
846 2590 1069 2659 spiritus
1122 2587 1287 2660 (ipse
1359 2587 1502 2643 enim
1541 2586 1730 2655 jacens

120 2696 356 2752 pergere
389 2698 502 2738 non
529 2681 828 2750 valebam);
874 2689 928 2735 et
975 2680 1279 2736 introduxit
1324 2695 1409 2733 me
1452 2679 1507 2732 in
1533 2679 1729 2732 atrium

121 2774 396 2830 exterius.
437 2793 456 2825 ι
484 2772 641 2829 Foris
666 2773 809 2827 enim
836 2772 1159 2828 ceciderant.
1192 2771 1257 2826 Et
1285 2787 1435 2836 ecce,
1463 2772 1555 2840 qui
1579 2771 1730 2841 prius

126 2883 535 2937 conspexeram
563 2867 788 2939 gloriam
812 2867 906 2921 Dei
941 2865 1107 2920 lsrael
1137 2866 1442 2920 venientem
1466 2880 1562 2936 per
1588 2866 1730 2922 viam

123 2963 479 3029 orientalem,
503 2961 611 3016 vidi
635 2961 894 3030 repletam
913 2959 1084 3030 gloria
1106 2959 1318 3014 Domini
1342 2959 1559 3013 domum
1583 2957 1727 3026 ejus:

125 3064 182 3107 et
210 3069 406 3109 vocem
442 3052 509 3106 ad
538 3068 624 3108 me
650 3051 717 3107 de
756 3052 914 3106 domo
943 3048 1185 3116 interiori
1210 3048 1478 3120 loquentis
1526 3049 1727 3103 audivi.

1833 1862 1917 1908 ret
1964 1856 2106 1924 quod
2159 1846 2409 1922 dicebat,
2461 1867 2778 1928 sequentem
2813 1857 2995 1930 jungit
3050 1859 3425 1915 versiculum:

1838 1962 1856 1995 t
1893 1944 1961 1997 Et
1997 1961 2183 2000 murus
2228 1958 2347 2001 erat
2375 1949 2518 2004 inter
2546 1966 2633 2005 me
2662 1959 2714 2006 et
2761 1967 2878 2018 eos,
2915 1972 2932 2004 ι
2968 1963 3026 2008 ιιι
3068 1951 3430 2007 sacerdotalia

1832 2036 2099 2090 sacrificia
2126 2047 2181 2091 et
2203 2037 2321 2094 loca
2363 2051 2830 2098 sacramentorum
2858 2044 3102 2113 corporis
3131 2049 3187 2097 et
3209 2043 3429 2112 sangui-

1833 2127 1917 2182 nis
1957 2129 2160 2183 Christi
2191 2132 2550 2188 brevissimus
2577 2150 2764 2192 murus
2808 2136 3091 2192 divideret.
3131 2155 3149 2188 ι
3198 2135 3265 2192 Et
3305 2136 3427 2204 pol-

1832 2217 2066 2284 luerunt,
2105 2223 2297 2291 inquit,
2329 2239 2527 2278 nomen
2570 2235 2816 2280 sanctum
2851 2240 3028 2282 meum
3066 2226 3122 2284 in
3149 2226 3425 2284 abomina-

1835 2311 2070 2368 tiouibus
2103 2330 2240 2382 quas
2278 2314 2544 2370 fecerunt.
2581 2335 2598 2367 ι
2648 2315 2785 2384 Quid
2827 2319 3049 2388 prodest
3078 2319 3428 2378 habitationis

1833 2400 2032 2454 vicinia
2094 2412 2146 2455 et
2187 2404 2395 2457 medius
2460 2405 2606 2460 inter
2665 2407 2915 2462 cellulam
2975 2417 3221 2470 nostram
3247 2418 3303 2464 et
3349 2407 3430 2463 al-

1835 2500 1946 2546 tare
1998 2494 2210 2547 Domini
2254 2496 2456 2564 paries,
2514 2513 2637 2552 cum
2688 2499 2742 2554 in
2785 2501 2900 2566 bis,
2953 2517 3074 2571 quae
3103 2509 3316 2558 secreto
3347 2503 3428 2558 fa-

1833 2583 2025 2650 cimus,
2056 2595 2107 2639 ct
2135 2601 2255 2656 qua:
2289 2595 2444 2658 turpe
2473 2596 2556 2642 cst
2587 2589 2751 2644 etiam
2793 2591 2994 2656 dicere,
3023 2593 3426 2648 contaminetur

1832 2684 1887 2728 et
1933 2677 2207 2746 polluatur
2258 2695 2454 2734 nomen
2501 2681 2756 2736 Domini?
2796 2683 2909 2752 Ego
2973 2684 3078 2740 hoc
3139 2685 3423 2751 arbitror,

1833 2767 1975 2838 quod
2026 2785 2130 2823 non
2183 2771 2386 2838 polluat
2432 2787 2631 2827 nomen
2669 2773 2786 2840 Dei,
2832 2774 2938 2830 nisi
2987 2774 3110 2843 ille,
3145 2776 3239 2845 qui
3279 2775 3425 2832 visus

1832 2865 1915 2911 est
1946 2859 2152 2911 nomini
2184 2860 2301 2930 ejus
2335 2862 2583 2928 credere,
2625 2871 2679 2918 et
2721 2878 2789 2918 ex
2835 2865 2978 2933 illius
3011 2867 3224 2930 censeri
3258 2879 3425 2922 voca-

1832 2949 1978 3013 bulo,
2007 2958 2061 3003 et
2089 2951 2356 3022 quomodo
2383 2951 2518 3009 tollit
2543 2955 2785 3012 membra
2808 2957 3008 3014 Christi
3030 2967 3084 3014 et
3107 2958 3237 3016 facit
3255 2975 3426 3018 mem-

1833 3039 1929 3094 bra
1963 3043 2280 3107 meretricis,
2325 3044 2417 3114 qui
2461 3046 2612 3114 prius
2640 3046 2859 3103 Christo
2903 3050 3174 3106 credidit:
3224 3053 3303 3108 sic
3335 3053 3426 3108 ille

127 3147 261 3212 Quae
287 3145 426 3216 quid
454 3144 524 3199 sit
552 3143 749 3210 locuta,
783 3142 1061 3213 Scriptura
1091 3156 1199 3194 non
1226 3148 1436 3204 narrat,
1456 3139 1560 3194 nisi
1587 3138 1727 3195 forte
1754 3131 1802 3200 α
1831 3132 2021 3203 polluit
2049 3149 2243 3188 nomen
2275 3135 2489 3205 Dci,qui
2516 3137 2666 3208 prius
2695 3140 2930 3194 nominis
2968 3141 3086 3210 ejus
3111 3142 3274 3197 iidem
3299 3157 3421 3199 sus-

128 3239 261 3294 illud
287 3238 533 3310 Apostoli
566 3256 577 3291 :
609 3257 627 3290 ι
657 3238 722 3292 Et
746 3237 927 3294 audivi
956 3235 1117 3292 verba
1144 3234 1460 3300 ineffabilia,
1485 3250 1604 3305 qua:
1625 3250 1731 3290 non

128 3329 258 3397 licet
289 3330 500 3386 homini
547 3330 692 3399 loqui
729 3329 812 3401 (II
846 3329 967 3384 Cor.
1021 3328 1142 3399 xu).
1184 3348 1202 3380 ι
1246 3328 1341 3383 Vir
1395 3336 1596 3394 autem,
1648 3329 1730 3384 in-

128 3423 254 3492 quit
282 3422 396 3487 ille,
425 3422 518 3490 qui
543 3423 723 3477 stabat
740 3419 896 3496 juxta
934 3422 1279 3494 prophetam,
1309 3418 1447 3476 dixit
1485 3421 1553 3476 ad
1582 3435 1726 3490 eum,

130 3529 300 3584 quem
349 3513 634 3585 perspicue
685 3514 974 3576 Dominum
1031 3512 1401 3582 intelligimus.
1453 3513 1551 3570 Cui
1582 3515 1728 3570 enim

131 3601 225 3657 alii
255 3602 462 3674 poterit
507 3601 821 3670 convenire,
854 3603 996 3674 quod
1036 3602 1280 3673 sequitur
1311 3623 1324 3658 :
1363 3624 1379 3654 ι
1412 3602 1512 3666 Fili
1557 3607 1730 3662 homi-

131 3693 241 3758 nis,
277 3693 432 3750 locus
479 3693 600 3750 solii
650 3695 778 3778 mei,
829 3702 884 3750 et
927 3694 1076 3752 locus
1131 3700 1487 3772 vestigiorum
1528 3701 1728 3772 pedum

132 3802 424 3855 meorum,
488 3786 580 3842 ubi
621 3788 806 3848 habito
847 3788 916 3860 .in
969 3791 1149 3846 medio
1189 3791 1424 3848 filiorum
1464 3793 1630 3848 lsrael
1671 3793 1726 3848 in

133 3889 432 3947 aeternum;
467 3897 488 3934 ›
514 3879 624 3936 nisi
657 3879 758 3950 illi,
795 3881 887 3952 qui
912 3881 1130 3938 habitat
1149 3884 1204 3938 in
1234 3884 1497 3950 Ecclesia,
1531 3886 1586 3950 in
1613 3899 1725 3940 mc—

135 3971 227 4028 dio
254 3973 494 4034 filiorum
514 3971 681 4030 Israel
710 3975 1046 4032 cernentium
1073 3975 1382 4042 Dominum,
1432 3989 1486 4033 et
1515 3979 1725 4044 habitat

136 4063 194 4117 in
216 4071 565 4132 perpetuum,
589 4079 697 4120 non
716 4065 1012 4122 secundum
1041 4067 1297 4138 templum
1323 4067 1629 4124 Salomonis
1655 4070 1722 4126 ad

137 4153 394 4221 tempus?
421 4152 491 4208 Et
515 4151 667 4216 locus
692 4152 811 4224 ejus
835 4162 918 4213 est
946 4155 1038 4216 ille
1072 4157 1138 4212 de
1159 4171 1265 4227 quo
1300 4158 1560 4229 scriptum
1591 4168 1676 4216 est
1705 4179 1719 4215 :

143 4261 165 4296 ι
201 4244 270 4298 Et
300 4244 480 4302 factus
500 4245 656 4301 estin
676 4259 812 4318 pace
838 4246 989 4306 locus
1008 4247 1498 4323 ejus-(1’sal.nxxv)
1517 4291 1532 4318 ,
1563 4271 1582 4303 δ
1602 4267 1722 4322 qua:

137 4343 433 4408 exsuperat
457 4352 676 4396 omnem
701 4354 944 4409 sensum.
976 4340 1045 4396 Et
1071 4340 1220 4396 locus
1249 4342 1598 4412 vestigiorum
1622 4359 1718 4414 pe-

139 4429 271 4488 dum
295 4427 458 4496 illius,
486 4429 742 4500 apostolis
766 4430 1068 4488 dicentibus
1096 4450 1114 4486 ι
1150 4452 1168 4486 ι
1196 4432 1497 4490 Adoremus
1525 4435 1576 4497 in
1603 4435 1718 4492 loco

1834 3224 2055 3294 ceperit.
2086 3224 2338 3294 Alioquin
2371 3226 2622 3285 ethnicus
2651 3238 2706 3284 et
2749 3228 2967 3286 Judteus
2995 3247 3120 3288 cum
3155 3232 3268 3288 sint
3303 3233 3421 3304 pol-

1833 3312 1930 3367 luti
1979 3322 2031 3368 et
2072 3308 2455 3384 contaminati,
2505 3318 2614 3374 imo
2663 3322 3052 3390 contaminatio
3098 3324 3212 3393 ipsa
3261 3331 3424 3393 atque

1831 3405 2054 3476 pollutio
2082 3423 2277 3462 nomen
2301 3409 2393 3465 Dei
2414 3410 2656 3481 polluere
2684 3421 2738 3468 et
2760 3416 3136 3486 contaminare
3161 3433 3269 3472 non
3290 3433 3414 3488 pos-V

1832 3505 1977 3561 sunt,
2006 3500 2150 3570 quod
2182 3498 2256 3553 illi
2281 3501 2544 3570 polluunt.
2585 3503 2669 3558 Ad
2697 3519 2832 3575 quos
2861 3507 3058 3568 dicitur
3086 3522 3102 3563 :
3146 3527 3164 3560 ι
3197 3508 3305 3564 Per
3327 3523 3424 3565 vos

1831 3606 2028 3644 nomen
2062 3607 2242 3647 meum
2274 3593 2682 3665 blasphematur
2710 3598 2764 3653 in
2796 3600 3046 3668 gentibus
3073 3600 3210 3673 (Ira.
3245 3603 3364 3676 ιιι).
3398 3623 3417 3654 ι

1837 3697 1854 3730 ι
1885 3679 2112 3762 Propter
2156 3683 2256 3740 has
2305 3683 2472 3754 igitur
2519 3701 2716 3743 causas
2751 3691 3065 3760 consumpsi
3112 3705 3207 3748 eos
3238 3693 3295 3748 in
3339 3694 3421 3750 ira

1829 3788 1974 3839 mea,
2016 3793 2033 3824 ι
2071 3775 2194 3844 quia
2249 3777 2364 3831 haec
2413 3779 2592 3834 fecere
2638 3795 2759 3850 quae
2808 3783 3066 3840 diximus.
3114 3785 3184 3845 Et
3236 3793 3423 3844 tamen

1829 3869 2067 3926 clemens
2101 3872 2358 3942 Dominus
2390 3889 2605 3930 rursum
2631 3877 2911 3946 prophetae
2953 3879 3217 3951 praecipit,
3245 3889 3308 3936 ut
3338 3881 3424 3950 ju-

1827 3961 1955 4016 beat
1983 3962 2062 4018 eis
2091 3963 2278 4032 procul
2308 3979 2340 4018 a
2386 3979 2446 4019 se
2496 3981 2778 4024 removere
2824 3968 3211 4026 fornicationes
3239 3973 3423 4042 pristi-

1828 4069 1950 4121 nas,
1981 4063 2037 4110 et
2067 4057 2252 4112 ruinas
2292 4072 2479 4128 regum
2525 4074 2748 4118 suorum
2800 4076 2867 4116 ac
2913 4063 3217 4132 principum
3259 4060 3418 4122 derar-

1826 4132 2074 4217 llnquere
2106 4157 2159 4204 et
2189 4148 2447 4219 repellam
2475 4165 2582 4206 non
2615 4158 2726 4208 tam
2751 4167 2784 4212 ιι
2811 4167 2871 4210 se
2907 4167 3071 4222 quam
3105 4169 3138 4210 a
3179 4153 3310 4209 Deo.
3354 4155 3422 4221 Et

1825 4238 1956 4295 boni
2003 4242 2184 4312 operis
2213 4242 2398 4297 statim
2427 4244 2649 4314 praemia
2688 4245 2990 4316 pollicetur,
3034 4247 3222 4305 dicens
3245 4267 3264 4304 :
3297 4266 3324 4301 ι
3353 4249 3422 4306 Et

1825 4333 2082 4390 habitabo
2110 4335 2164 4388 in
2200 4334 2380 4403 medio
2423 4351 2634 4392 eorum.
2675 4358 2696 4389 ι
2732 4338 2808 4394 De
2835 4353 2944 4410 quo
2967 4340 3103 4396 etin
3131 4340 3420 4413 Evangelio

1829 4427 2025 4482 dicitur
2056 4441 2068 4480 :
2109 4447 2130 4492 ι
2161 4426 2368 4496 Medius
2415 4429 2558 4491 inter
2597 4445 2694 4485 vos
2725 4439 2855 4499 stat,
2893 4447 3054 4502 quem
3103 4447 3200 4489 vos
3244 4433 3420 4489 nesci-

139 4522 235 4581 ubi
263 4496 540 4584 steterunt
558 4522 722 4593 pedes
754 4524 871 4594 ejus
898 4522 1070 4594 (Psat.
1096 4527 1302 4598 cum).
1337 4547 1358 4580 ι
1396 4529 1463 4584 Ει
1493 4529 1725 4598 pulchre
1749 4496 1803 4556 Β
1831 4517 1900 4574 iis
1927 4517 2108 4591 (εῖοαηι
2140 4518 2196 4590 Ι)-
2225 4541 2243 4584 ρ
2272 4520 2335 4584 Et.
2365 4521 2629 4582 habitabit
2656 4539 2764 4579 non
2790 4496 2959 4594 parvo
2986 4532 3249 4595 tempore,
3279 4535 3338 4581 ut
3362 4526 3419 4582 in

140 4614 298 4682 dixit,
322 4623 596 4680 steterunt,
621 4617 676 4669 in
697 4614 940 4671 Ecclesia
964 4617 1111 4672 enim
1135 4627 1283 4674 stant
1300 4621 1466 4688 pedes
1487 4621 1722 4678 Domini.

141 4702 199 4758 In
227 4703 511 4778 Synagoga
532 4704 815 4760 ambulant
833 4712 889 4759 et
918 4714 1264 4774 praetereunt.
1293 4709 1365 4764 Ut
1384 4721 1564 4766 autem
1587 4713 1727 4768 scia-

143 4814 265 4868 mus
294 4801 400 4855 hoc
419 4799 525 4854 dici
556 4798 902 4866 deEcclesia,
918 4798 1184 4870 jungitur,
1218 4818 1237 4862 ς
1271 4792 1336 4856 Et
1359 4818 1472 4863 non
1485 4804 1729 4874 pollueat

145 4890 284 4948 ultra
301 4893 497 4954 domus
507 4891 674 4947 lsrael
694 4907 893 4958 nomen
908 4900 1162 4956 sanctum
1177 4909 1378 4952 meum.
1391 4916 1412 4948 ›
1429 4896 1583 4962 Quod
1603 4915 1730 4968 pro-

143 4982 260 5052 prie
280 4983 350 5039 ad
375 4997 472 5048 eos
488 4983 742 5052 pertinet,
759 4983 852 5052 qui
875 4993 1078 5046 sancta:
1094 4987 1526 5044 conversationis
1548 4990 1602 5043 in
1616 4991 1720 5046 Ec-

145 5074 312 5130 clesia
351 5082 776 5140 memorantur.
805 5074 908 5142 Qui
949 5083 1075 5139 sunt
1110 5085 1288 5136 autem
1316 5079 1407 5148 qui
1435 5080 1725 5149 polluerint

147 5169 297 5238 prius
321 5184 519 5236 nomen
544 5176 792 5226 sanctum
820 5170 916 5226 Dei
942 5173 1094 5242 ponit
1135 5173 1475 5231 manifestius
1506 5195 1518 5229 :
1561 5195 1578 5228 ‹
1619 5178 1723 5247 lpsi

148 5268 202 5326 et
238 5275 394 5333 reges
427 5277 616 5318 eorum
650 5268 762 5318 tam
801 5263 1052 5334 populus,
1090 5281 1254 5335 quam
1310 5269 1618 5325 sacerdotes
1672 5272 1724 5325 in

149 5354 595 5418 formationibus
619 5357 756 5422 suis,
785 5359 982 5427 quibus
1009 5359 1178 5416 aDeo
1208 5360 1460 5417 fornicati
1486 5374 1634 5431 sunt,
1671 5375 1727 5420 et

151 5447 206 5502 in
233 5449 404 5508 ruinis
431 5464 621 5521 regum
647 5465 889 5515 suorum,
923 5469 946 5503 ι
978 5452 1072 5521 qui
1103 5452 1306 5508 frustra
1352 5455 1456 5510 sibi
1489 5471 1588 5526 per
1633 5473 1724 5513 su-

149 5538 392 5606 perbiam
417 5541 624 5610 regium
667 5555 862 5596 nomen
905 5552 1211 5597 assumunt.
1251 5542 1495 5613 Denique
1536 5549 1724 5616 sequi-

153 5634 279 5688 tur:
322 5649 342 5686 ι
375 5630 446 5688 Et
479 5631 536 5688 in
561 5633 832 5699 excelsis;
863 5653 882 5686 ι
913 5649 1173 5706 arrogans
1201 5635 1346 5690 enim
1378 5650 1528 5693 mens
1553 5638 1722 5694 offen-

150 5717 231 5785 dit
254 5721 448 5795 Deum,
483 5725 702 5783 humilis
730 5727 799 5784 ad
831 5727 1257 5786 misericordiam
1290 5741 1566 5802 provocat.
1614 5733 1718 5800 Qui

1831 4607 2136 4681 .Synagoga,
2171 4613 2266 4666 sed
2305 4611 2360 4666 in
2406 4599 2729 4682 perpetuum
2767 4633 2784 4669 ι
2815 4617 2960 4685 quod
2990 4617 3045 4669 in
3074 4616 3276 4671 Christi
3319 4618 3419 4672 Ee-

1833 4700 1996 4758 clcsia
2025 4702 2429 4771 comprobatur.

1910 4812 1926 4842 ι
1965 4791 2042 4846 Tu
2073 4800 2278 4858 autem,
2325 4792 2402 4848 liii
2452 4793 2712 4861 hominis,
2756 4797 2981 4853 ostende
3016 4797 3202 4854 domui
3250 4799 3416 4857 Israel

1835 4902 1856 4946 ᾳ
1904 4885 2182 4957 templum,
2211 4895 2265 4942 et
2292 4886 2697 4943 confundantur
2747 4890 2818 4946 ab
2854 4890 3230 4961 iniquitatibus
3270 4895 3413 4961 suis,

1833 4995 1855 5030 ι
1898 4985 1952 5034 ct
1980 4979 2307 5037 meditemur
2346 4977 2630 5046 fabricam,
2663 4990 2718 5037 et
2763 4982 3088 5038 erubescant
3133 5000 3199 5039 ex
3240 4988 3389 5041 omni

1837 5086 1855 5120 ι
1900 5068 2000 5124 bus
2024 5083 2143 5137 quae
2166 5066 2430 5124 fecerunt.
2454 5068 2710 5140 Figuram
2733 5072 2924 5127 domus
2947 5082 3002 5130 et
3030 5072 3250 5131 fabrica:
3273 5075 3410 5146 ejus,

1837 5181 1856 5225 ς
1901 5163 2077 5218 exitus
2119 5174 2172 5222 et
2199 5164 2476 5234 introitus,
2507 5177 2563 5223 et
2587 5183 2801 5222 omnem
2827 5167 3246 5237 descriptionem
3275 5171 3411 5241 ejus,

1835 5278 1854 5308 ι
1899 5264 1957 5311 et
1990 5254 2241 5314 universa
2278 5267 2543 5328 praecepta
2574 5257 2712 5326 ejus,
2753 5252 3116 5330 cunctumque
3165 5262 3411 5318 ordinem

1837 5365 1855 5398 ι
1901 5355 1956 5402 et
2001 5363 2188 5404 omnes
2240 5348 2386 5420 leges
2425 5349 2541 5418 ejus
2582 5351 2810 5407 ostende
2862 5353 2958 5416 eis,
3005 5360 3060 5407 et
3103 5355 3310 5410 scribes
3341 5356 3408 5409 'in

1835 5458 1854 5496 ς
1901 5441 2072 5496 oculis
2101 5458 2308 5507 eorum,
2355 5455 2416 5496 ut
2447 5443 2757 5520 custodiant
2789 5457 2980 5500 omnes
3019 5445 3408 5515 descriptiones

1833 5551 1852 5585 ι
1897 5534 2036 5604 ejus,
2068 5542 2122 5587 et
2151 5542 2417 5602 prmeepta
2452 5533 2612 5598 illius,
2639 5542 2695 5589 et
2731 5534 2933 5589 faciant
2959 5551 3041 5591 ea.
3070 5537 3179 5592 ista
3217 5545 3297 5592 est
3326 5533 3404 5590 lex

1835 5642 1855 5676 ι
1899 5625 2090 5679 domus
2125 5625 2178 5678 in
2210 5625 2518 5679 summitate
2556 5626 2776 5693 montis,
2807 5641 2996 5684 omnes
3033 5628 3170 5683 lines
3212 5625 3326 5696 ejus
3356 5628 3407 5682 ir

1834 5734 1856 5774 ι
1895 5716 2123 5772 circuitu
2157 5734 2171 5772 ;
2211 5723 2455 5772 sanctum
2485 5727 2793 5776 sanctorum
2834 5720 2957 5778 erit.
2990 5720 3116 5779 Haec
3157 5729 3243 5777 est
3278 5732 3404 5796 ergr
