3908 6356
367 307 473 364 975

1290 298 1644 359 domum.
1680 297 1750 354 ιιι
1779 273 2235 355 unum“.
2275 311 2348 338 ε.-
2369 293 2509 354 un.
2547 293 2707 352 χιιι.

3533 303 3640 361 974

370 419 583 476 chlcam
605 416 967 476 ascendebant
989 414 1043 470 in
1065 413 1305 472 medium
1326 413 1688 477 etenaeulum,
1712 419 1769 467 et
1790 425 1822 464 ιι
1845 411 2034 477 ιιιεφΑ
2055 409 2300 478 corporis
2348 409 2509 481 hujus
2551 424 2758 476 sumus,
2794 409 3220 482 ingemi'scinius,
3257 413 3596 488 dicimusquc
3625 437 3640 475 :

372 511 462 566 dio
482 510 537 565 in
563 508 804 574 tertium,
838 526 855 558 ι
885 522 992 562 ιιοιι
1027 501 1642 572 incon-venienterjuxta
1667 499 1954 572 mysticam

371 599 818 671 significationem
829 598 961 653 huic
978 597 1100 654 loco
1121 595 1294 667 aptari
1317 602 1516 665 potest.
1532 592 1668 648 Nam
1689 592 1778 649 hic
1804 591 1954 647 locus

371 690 587 761 proprie
614 689 682 746 ad
711 704 908 759 corpus
933 687 1270 744 Dominicum
1301 685 1492 742 referri
1516 692 1713 754 potest.
1743 682 1957 739 Ostium

371 793 607 851 namque
652 780 842 835 lateris
868 779 1032 835 medii
1074 780 1130 834 in
1161 786 1320 849 parte
1347 785 1466 833 erat
1507 778 1700 834 domus
1728 775 1951 838 dextrae,

372 873 522 943 quia,
547 870 802 927 defuncto
823 872 877 926 in
903 886 1066 926 cruce
1085 870 1336 935 Domino,
1355 884 1494 924 unus
1509 868 1742 923 militum
1763 865 1954 921 lancea

371 961 515 1018 latus
543 963 660 1034 ejus
689 963 922 1032 aperuit.
966 963 1034 1017 Et
1060 963 1200 1018 bene
1230 962 1287 1016 in
1317 971 1472 1031 parte
1500 961 1690 1016 domus
1726 958 1951 1021 dextrae,

372 1054 496 1124 quia
524 1054 774 1110 dextrum
804 1055 855 1111 ei
878 1054 1024 1110 latus
1045 1070 1076 1108 a
1105 1053 1276 1108 milite
1301 1059 1546 1124 apertum
1570 1059 1756 1107 sancta
1781 1048 1956 1105 credit

312 1213 316 1216 ,
369 1148 613 1214 Ecclesia
657 1168 671 1204 :
698 1150 790 1206 ubi
825 1151 990 1205 etiam
1026 1161 1153 1220 apto
1189 1150 1357 1205 verbo
1394 1164 1525 1205 usus
1565 1158 1650 1204 est
1685 1146 1958 1218 evangeli-

370 1251 474 1309 sta,
506 1253 566 1300 ut
591 1259 699 1300 non
743 1245 968 1309 diceret,
989 1243 1264 1301 Percussit
1307 1245 1449 1299 latus
1485 1251 1577 1299 aut
1628 1243 1954 1311 vulneravit,

374 1337 490 1395 sed,
522 1338 754 1407 aperuit,
785 1335 1056 1401 videlicet,
1107 1337 1263 1406 quasi
1309 1337 1509 1392 ostium
1539 1335 1727 1391 lateris
1768 1335 1956 1403 medii,

363 1437 466 1492 per
510 1426 654 1498 quod
705 1426 860 1481 nobis
905 1427 1012 1482 iter
1061 1427 1128 1481 ad
1185 1427 1429 1482 emlestia
1476 1427 1824 1497 panderetur.
1853 1426 1956 1482 De-

369 1513 536 1584 nique
563 1515 639 1572 ita
665 1513 969 1583 subjunxit:
1007 1533 1027 1566 ι
1065 1516 1132 1570 Ει
1177 1517 1434 1572 continuo
1465 1517 1630 1573 exivi‘
1659 1516 1877 1586 sanguis
1903 1525 1959 1572 et

368 1620 512 1674 aqua
539 1604 720 1675 (Joan.
750 1606 888 1678 xix),
909 1625 927 1657 ι
947 1620 1088 1676 aqua
1117 1607 1322 1663 scilicet
1348 1623 1453 1677 qua
1478 1607 1750 1664 abluimur
1776 1607 1828 1662 in
1857 1606 1955 1662 ba-

367 1695 585 1765 ptismo,
615 1705 673 1752 et
699 1697 939 1770 sanguis,
976 1712 1083 1766 quo
1108 1704 1494 1753 consecramur
1521 1698 1576 1752 in
1619 1697 1790 1753 calice
1833 1713 1958 1753 san-

2063 520 2084 553 ε
2121 501 2284 558 Miser
2327 518 2428 573 ego
2476 503 2673 570 homo,
2724 505 2846 574 quis
2883 513 2971 560 me
3004 505 3254 562 liberabit
3305 509 3372 564 de
3417 525 3645 582 corpore

2056 594 2248 651 mortis
2276 595 2469 666 hujus?
2498 591 2675 667 (Rom.
2708 594 2830 668 vn.)
2859 594 2967 653 Sed
2997 606 3050 653 et
3088 600 3154 655 ad
3183 601 3325 656 viam
3352 604 3644 660 australem

2055 693 2172 741 erat
2187 686 2409 752 ostium,
2423 695 2481 742 et
2507 686 2682 757 ipsum
2708 688 2861 758 juxta
2879 681 3203 746 Hiibr‘aicum
3234 691 3440 750 habens
3465 694 3642 751 locum

2055 776 2353 838 orationis,
2403 783 2460 831 et
2506 777 2743 847 quinque
2786 769 3012 833 tendens
3058 781 3254 837 cubitis
3306 799 3404 853 per
3437 785 3640 842 circui-

2055 873 2192 921 tum.
2223 866 2330 923 Per
2355 867 2524 940 frigus
2549 871 2693 924 enim
2725 871 3008 940 aquilonis,
3039 865 3104 927 ad
3138 875 3429 932 australem
3458 886 3642 935 trans-

2057 959 2198 1014 imus
2218 958 2472 1024 calorem,
2495 967 2549 1014 et
2572 970 2750 1016 tamen
2783 971 2999 1017 rursum
3045 965 3303 1021 orationis
3348 969 3641 1037 quaerimus

2045 1049 2232 1105 "locum
2260 1050 2314 1105 in
2345 1049 2611 1120 aquilonis
2658 1051 2817 1116 ostio,
2868 1060 2925 1106 ut
2962 1053 3254 1108 evadamus
3280 1055 3549 1128 pericula;
3581 1058 3642 1116 in

2059 1139 2299 1205 australi,
2332 1148 2390 1195 ut
2419 1155 2642 1211 agamus
2671 1141 2874 1212 gratias
2901 1157 2998 1212 pro
3028 1144 3340 1213 pneteritis,
3365 1153 3420 1202 et
3451 1147 3521 1203 sit
3545 1163 3649 1206 no-

2055 1227 2141 1285 bis
2171 1230 2411 1286 victoriae
2447 1234 2638 1287 secura
2666 1231 2955 1301 possessio.
2991 1232 3239 1303 Quinque
3269 1243 3448 1290 autem
3477 1238 3646 1295 cubiti

2059 1329 2113 1378 et
2141 1323 2197 1376 in
2225 1323 2329 1379 hoc
2358 1322 2475 1379 loco
2517 1319 2727 1379 divinos
2766 1323 3010 1378 indicant
3037 1334 3246 1392 sensus,
3282 1329 3377 1397 per
3405 1334 3541 1399 quos
3573 1330 3642 1388 de

2059 1416 2292 1472 terrenis
2339 1416 2408 1471 ad
2461 1414 2654 1471 altiora
2698 1415 3127 1472 conscendimus.
3165 1437 3186 1469 ι
3221 1418 3287 1474 Et
3333 1419 3642 1488 aediﬁcium,

2058 1507 2254 1577 inquit,
2283 1506 2428 1576 quod
2450 1507 2570 1562 erat
2596 1508 2927 1577 scparatum,
2951 1511 3276 1577 versumque
3297 1509 3365 1564 ad
3390 1509 3532 1566 viam
3559 1527 3647 1568 re-

2059 1595 2378 1666 spicientem
2410 1583 2478 1650 ad
2505 1610 2673 1660 mare,
2703 1594 3000 1650 latitudinis
3051 1598 3392 1667 septuaginta
3431 1599 3645 1656 cubito-

2061 1694 2204 1758 rum,
2235 1709 2255 1744 ι
2289 1692 2348 1746 ut
2389 1695 2512 1761 post
2539 1689 2770 1755 labores,
2801 1695 2857 1744 et
2883 1677 3143 1758 pericula,
3166 1691 3220 1745 et
3265 1689 3449 1745 saeculi
3489 1691 3647 1748 istius

367 1793 476 1840 etc.
510 1785 613 1841 Per
651 1786 756 1842 hoc
794 1801 1027 1857 namque
1054 1789 1255 1842 ostium
1283 1788 1441 1843 nobis
1483 1797 1567 1844 est
1615 1797 1871 1844 ascensus
1899 1789 1963 1843 in.
1989 1774 2032 1833 Β
2059 1784 2256 1840 fluetus
2317 1791 2480 1853 atque
2539 1781 2841 1853 naufragia,
2871 1789 2928 1836 et
2969 1785 3139 1836 annos
3189 1783 3550 1853 Septuaginta,
3579 1784 3648 1842 de

368 1875 606 1936 medium
637 1877 1007 1945 cmnaeulum,
1055 1885 1112 1933 et
1151 1892 1183 1930 a
1224 1877 1404 1933 medio
1435 1877 1490 1934 in
1529 1878 1784 1942 tertium,
1831 1878 1958 1947 quia

366 1981 466 2036 per
492 1966 652 2021 ﬁdem
690 1977 745 2023 et
786 1968 1048 2041 mysteria
1100 1970 1273 2024 nostri
1317 1969 1696 2039 redemptoris,
1728 1969 1793 2024 de
1819 1983 1960 2039 prat-

368 2057 511 2113 senti
536 2057 790 2114 Ecclesiae
827 2061 1237 2118 conversatione
1285 2060 1354 2114 ad
1384 2060 1629 2130 requiem
1655 2060 1959 2115 animarum

363 2155 492 2219 post
521 2157 751 2204 mortem
781 2149 1123 2205 ascendimus
1153 2166 1167 2206 :
1211 2161 1506 2218 rursusque
1536 2148 1604 2204 de
1626 2150 1815 2219 requie
1843 2149 1960 2204 ani-

355 2253 602 2306 .marum,
645 2240 965 2296 adveniente
1008 2239 1096 2295 die
1118 2239 1334 2308 iudicii,
1383 2241 1450 2294 ad
1495 2240 1959 2295 immortalitatem

366 2344 586 2400 quoque
614 2339 922 2401 corporum,
949 2332 1105 2402 quasi
1145 2330 1198 2384 in
1236 2331 1458 2386 tertium
1494 2331 1833 2386 ctenaeulum
1861 2346 1956 2385 su-

366 2417 617 2474 blimiore
653 2418 900 2490 profectu
935 2420 1338 2490 penetrabimns
1363 2459 1380 2486 ,
1435 2434 1502 2475 ex
1531 2435 1638 2490 quo
1680 2420 1734 2475 in
1763 2427 1959 2492 magna

371 2508 653 2562 amborum
683 2517 735 2563 et
765 2510 1008 2579 corporis
1042 2509 1292 2566 videlicet
1315 2519 1372 2567 et
1409 2511 1604 2567 animat
1628 2512 1962 2568 beatitudine

367 2597 633 2655 vivamus.
660 2598 814 2667 Quod
835 2601 1053 2672 quidem
1080 2603 1184 2657 iter
1202 2601 1548 2659 invisibiliter
1574 2604 1855 2674 agebatur,
1881 2604 1960 2658 ita

368 2702 429 2748 ut
449 2693 550 2751 soli
589 2692 692 2747 hoc
721 2693 813 2762 qui
855 2693 1187 2748 intraverant
1230 2703 1474 2762 nossent,
1500 2695 1751 2766 quamvis
1783 2694 1960 2764 ipsum

369 2789 569 2845 ostium
610 2785 776 2842 etiam
818 2783 954 2840 foris
1003 2783 1167 2854 positi
1205 2784 1469 2840 viderent.
1519 2783 1654 2854 Quia
1703 2785 1960 2840 nimirum

369 2889 528 2938 actus
560 2877 800 2934 ﬁdelium
827 2877 881 2931 in
911 2877 1014 2931 hoc
1035 2876 1254 2941 saeculo,
1270 2884 1327 2932 et
1351 2875 1746 2932 celebrationes
1777 2890 1960 2931 sacra-

365 2980 678 3030 mentorum
705 2970 872 3026 etiam
896 2968 1111 3040 reprobi
1144 2975 1372 3039 possunt
1398 2967 1619 3033 intueri,
1647 2981 1836 3024 verum
1871 2981 1960 3021 ar-

369 3082 508 3123 cana
531 3064 659 3144 fidei
683 3062 912 3128 intimai,
938 3072 995 3116 et
1035 3061 1266 3131 gratiam
1289 3058 1614 3126 dilectionis,
1646 3058 1824 3115 nullus
1849 3058 1957 3114 nisi

369 3157 464 3228 qui
515 3171 612 3228 per
664 3156 796 3217 haec,
851 3152 1080 3208 Domino
1131 3153 1291 3218 duce,
1331 3152 1399 3207 ad
1436 3152 1679 3208 caelestia
1723 3152 1959 3217 scandit,

371 3247 653 3320 agnoscit:
694 3263 713 3297 ι
749 3244 852 3312 Qui
884 3243 1030 3298 enim
1052 3244 1185 3299 dicit
1221 3257 1280 3299 se
1307 3257 1466 3299 nosse
1487 3243 1679 3309 Deum,
1711 3249 1768 3299 et
1803 3257 1957 3301 man-

371 3339 498 3395 data
527 3335 645 3406 ejus
686 3350 793 3390 non
828 3335 1084 3401 custodit,
1117 3337 1348 3391 mendax
1386 3343 1472 3389 est
1503 3333 1557 3405 (Ι
1591 3332 1753 3389 Joan.
1807 3333 1891 3406 ιι).
1935 3352 1955 3387 ι

377 3453 398 3486 ι
429 3434 498 3489 Ει
523 3432 651 3496 vidi,
689 3430 882 3499 inquit,
919 3430 975 3484 in
1005 3429 1164 3483 domo
1185 3429 1519 3484 altitudinem
1539 3443 1636 3499 per
1653 3427 1960 3494 circuitum,

371 3523 595 3579 fundata
622 3521 794 3576 latera
833 3521 900 3575 ad
950 3533 1260 3574 mensuram
1289 3519 1482 3575 calami
1515 3535 1610 3575 εειι
1657 3519 1962 3575 cubitorum

372 3611 574 3684 spatio,
594 3617 651 3664 et
677 3607 1014 3664 latitudinem
1043 3621 1141 3678 per
1165 3608 1428 3679 parietem
1452 3606 1639 3663 lateris
1661 3607 1964 3663 forinsecus

377 3705 623 3774 quinque
679 3700 1003 3757 cubitorum.
1064 3700 1133 3754 Et
1186 3699 1330 3756 inter
1394 3700 1777 3773 gazophylacia
1824 3701 1965 3772 (qua:

376 3797 736 3869 Symmachus
781 3795 999 3849 exedras
1035 3793 1232 3866 vocat)
1273 3793 1611 3850 latitudinem
1645 3793 1836 3867 viginti
1874 3808 1967 3848 cu-

375 3889 613 3945 bitorum
659 3901 756 3958 per
797 3887 1082 3941 circuitum
1135 3887 1347 3943 domus.
1381 3901 1401 3940 ι
1443 3885 1713 3959 (Ηὶενοη.)
1760 3886 1968 3955 Quibus

376 3978 622 4036 numeris
651 3976 976 4044 ostenditur,
1005 3976 1149 4046 quod
1170 3975 1238 4032 de
1260 3977 1462 4032 mundo
1489 3978 1592 4032 hoc
1626 3987 1682 4032 et
1707 3977 1774 4032 de
1799 3985 1968 4032 terre-

376 4073 464 4130 nis
485 4071 755 4137 sensibus,
776 4078 832 4126 et
858 4070 923 4126 de
943 4069 1090 4124 duali
1113 4069 1342 4124 duarum
1371 4067 1698 4124 decadarum
1720 4081 1966 4134 numero,

378 4167 473 4238 qui
501 4165 736 4220 refertur
775 4163 844 4218 ad
871 4162 1063 4234 viginti
1095 4176 1203 4216 non
1227 4158 1400 4217 solum
1431 4159 1486 4214 iu
1519 4157 1720 4215 Sancta
1749 4166 1968 4214 sancte“-

381 4275 528 4325 rum,
558 4259 653 4314 sed
702 4265 757 4314 et
804 4257 860 4312 in
897 4254 1174 4311 cecnaeula
1223 4267 1409 4309 eorum
1443 4267 1752 4307 mereamur
1778 4265 1969 4308 ascen-

382 4349 600 4415 dere,et
619 4361 834 4417 semper
857 4345 1057 4400 habere
1079 4345 1132 4399 in
1154 4343 1437 4408 memoria,
1452 4340 1594 4411 quod
1617 4355 1715 4411 per
1735 4356 1831 4397 sex
1859 4340 1973 4396 dies

382 4438 709 4496 conditionis
753 4444 976 4504 nostrae,
1010 4443 1064 4492 et
1107 4449 1204 4505 per
1257 4435 1496 4506 quinque
1545 4443 1757 4501 sensus,
1793 4440 1850 4488 et
1876 4445 1974 4502 per
2000 4489 2030 4506 __

2063 1875 2258 1946 quibus
2276 1874 2540 1930 Jeremias
2565 1873 2777 1938 scribit,
2800 1880 2854 1928 et
2873 1871 3080 1937 Daniel,
3111 1877 3164 1928 et
3191 1871 3483 1931 Zacharias
3510 1874 3644 1946 (Jer.

2063 1981 2198 2032 xxv;
2227 1965 2370 2020 Dan.
2389 1979 2476 2031 rx;
2504 1961 2668 2018 Zach.
2693 1962 2812 2034 vn),
2845 1977 3032 2018 verum
3055 1969 3110 2017 et
3129 1962 3427 2034 legitimum
3443 1974 3648 2035 septem

2061 2055 2387 2112 decadarum
2443 2054 2724 2110 sabbatum
2775 2057 3215 2123 consequamur,
3271 2057 3332 2108 ut
3383 2054 3454 2110 sit
3489 2055 3646 2113 nobis

2061 2147 2495 2217 mterna'requics
2521 2164 2534 2200 :
2563 2154 2616 2200 et
2629 2160 2727 2216 per
2739 2145 2977 2215 quinque
2992 2144 3296 2200 cubitorum
3310 2144 3648 2202 latitudinem

2063 2240 2342 2294 veniamus
2364 2237 2431 2293 ad
2469 2237 2862 2309 longitudinem
2893 2236 3186 2308 nonaginta
3221 2237 3551 2302 cubitorum,
3593 2237 3651 2294 in

2063 2343 2169 2400 qua
2197 2338 2355 2384 actate
2370 2329 2436 2384 de
2451 2329 2869 2400 repromissione
2886 2327 3052 2382 lilium
3068 2327 3202 2383 Sara
3219 2328 3517 2400 generavit,
3531 2343 3652 2398 quze

2062 2424 2355 2494 nonaginta
2373 2431 2661 2488 annorum,
2676 2421 2732 2477 id
2749 2427 2832 2477 est
2847 2437 3040 2477 novem
3069 2421 3416 2488 decadarum,
3445 2420 3655 2492 peperit

2071 2516 2244 2583 lsaac,
2265 2514 2451 2585 juncta
2470 2513 2746 2571 Abraham
2762 2515 3094 2581 centenario,
3130 2515 3182 2570 id
3213 2521 3318 2581 est,
3343 2513 3530 2569 decem
3553 2513 3650 2568 de-

2063 2609 2319 2664 cadarum
2345 2606 2566 2662 habenti
2594 2605 2910 2676 mysterium
2935 2603 3086 2677 (Gen.
3108 2604 3244 2675 χχι).
3263 2603 3365 2672 Qui
3394 2617 3654 2659 numerus

2061 2697 2191 2769 quid
2219 2696 2524 2768 signiticet,
2582 2709 2815 2765 sequens
2861 2694 3139 2765 Scriptura
3186 2694 3528 2749 monstrabit.

2139 2797 2158 2841 ι
2189 2789 2256 2860 Et
2283 2801 2503 2844 mensus
2536 2796 2618 2842 est
2654 2785 2847 2842 domus
2878 2785 3264 2857 longitudinem
3304 2794 3520 2840 centum
3554 2798 3654 2840 cu-

2068 2901 2086 2936 ι
2115 2882 2372 2947 bitorum,
2400 2887 2454 2935 et
2484 2880 2627 2949 quod
2653 2887 2964 2950 separatum
2996 2889 3118 2934 erat
3153 2876 3442 2933 aedificium
3468 2885 3523 2933 et
3554 2893 3654 2948 pa-

2069 2989 2087 3024 ι
2115 2974 2282 3029 rietes
2303 2973 2419 3043 ejus
2441 2970 2793 3042 longitudinis
2816 2978 3033 3026 centum
3059 2969 3384 3025 cubitorum.
3401 2967 3658 3024 Latitudo

2068 3077 2086 3115 ι
2115 3073 2297 3118 autem
2317 3071 2441 3117 ante
2489 3062 2683 3117 faciem
2711 3061 2902 3117 domus
2936 3067 2990 3116 et
3019 3059 3132 3130 ejus
3163 3060 3306 3131 quod
3333 3068 3453 3115 erat
3502 3075 3653 3130 sepa-

1987 3137 2034 3201 Ο
2071 3171 2090 3206 ι
2122 3161 2301 3209 ratum
2327 3157 2515 3209 contra
2544 3153 2808 3209 orientem
2832 3158 3047 3207 centum
3069 3151 3396 3206 cubitorum.
3419 3145 3487 3205 Et
3507 3165 3657 3208 meu-

2074 3265 2094 3299 ‹
2127 3262 2218 3303 ειιε
2255 3251 2338 3302 εει
2371 3245 2761 3317 longitudinem
2793 3242 3005 3300 azdiﬁcii
3056 3247 3244 3299 contra
3292 3240 3488 3297 faciem
3517 3241 3656 3312 ejus,

2075 3355 2094 3390 ι
2127 3338 2271 3408 quod
2321 3345 2439 3391 erat
2495 3343 2804 3408 separatum
2850 3335 2918 3390 ad
2946 3335 3186 3401 dorsum,
3222 3331 3513 3391 hecthecas
3572 3334 3661 3406 (id

2076 3447 2095 3481 ‹
2131 3435 2218 3484 εει
2249 3426 2565 3498 eminentia)
2597 3442 2660 3482 ex
2711 3435 2941 3498 utraque
2995 3436 3164 3499 parte.
3191 3427 3413 3484 centum
3443 3425 3658 3483 cubito-

2075 3543 2093 3574 ι
2125 3536 2266 3587 runt,
2299 3527 2354 3575 et
2378 3517 2634 3590 templum
2658 3519 2886 3575 interius
2906 3527 2962 3575 et
2983 3519 3249 3575 vestibula
3279 3519 3424 3586 atrii,
3450 3518 3656 3587 limina,

2079 3633 2097 3666 ι
2125 3621 2180 3669 ει
2204 3613 2476 3668 fenestras
2502 3611 2767 3683 obliquas,
2789 3612 3074 3669 hecthecas
3097 3615 3149 3668 in
3173 3613 3403 3669 circuitu
3431 3629 3529 3685 per
3549 3598 3660 3669 tres

2079 3724 2098 3756 ‹
2131 3712 2311 3775 partes
2364 3711 2556 3759 contra
2623 3703 3048 3774 uniuscujusque
3094 3701 3278 3772 limen,
3323 3712 3662 3775 stratumque

2079 3812 2099 3847 ‹
2135 3795 2279 3865 ligno
2327 3807 2425 3865 per
2457 3809 2646 3866 gyrum
2692 3793 2746 3849 in
2780 3794 3029 3850 circuitu.
3077 3788 3246 3850 Terra
3271 3803 3453 3850 autem
3481 3809 3664 3865 usque

2081 3901 2100 3938 ‹
2137 3885 2202 3940 ad
2254 3885 2542 3951 fenestras,
2591 3895 2647 3939 et
2687 3884 2938 3940 fenestrae
2979 3884 3176 3941 clausae
3214 3901 3376 3957 super
3409 3885 3570 3952 ostia,
3606 3893 3661 3940 et

2082 3994 2100 4028 ι
2137 3987 2308 4044 usque
2335 3975 2400 4030 ad
2427 3975 2644 4029 domum
2677 3974 2990 4030 interiorem
3021 3986 3076 4031 et
3099 3975 3399 4034 forinsecus
3424 3993 3524 4047 per
3547 3992 3663 4032 om-

2083 4087 2102 4120 ‹
2137 4082 2260 4122 nem
2291 4068 2552 4138 parietem
2577 4067 2630 4122 in
2658 4067 2885 4122 circuitu
2911 4067 3250 4132 intrinsecus,
3285 4078 3340 4125 et
3362 4068 3666 4125 forinsecus

2084 4179 2103 4212 ι
2143 4161 2208 4214 ad
2234 4173 2566 4223 mensuram,
2595 4166 2652 4214 ct
2678 4157 2970 4213 fabrefacta
2995 4160 3255 4215 cherubin
3281 4169 3336 4216 et
3357 4159 3568 4230 palmae.
3596 4160 3666 4216 Et

2085 4271 2105 4305 ι
2142 4251 2319 4323 palma
2347 4252 2488 4307 inter
2515 4252 2718 4306 cherub
2743 4258 2798 4306 et
2830 4250 3052 4306 cherub.
3090 4249 3342 4323 Duasque
3376 4251 3540 4309 facies
3571 4253 3666 4308 ha-

2087 4363 2107 4396 (
2142 4344 2302 4400 behat
2324 4341 2547 4399 cherub.
2566 4341 2782 4398 Faciem
2805 4341 3039 4398 hominis
3053 4339 3207 4411 juxta
3225 4341 3457 4415 palmam
3478 4359 3540 4398 ex
3563 4344 3668 4399 hac.

2088 4454 2107 4488 ‹
2144 4445 2318 4506 parte,
2344 4442 2400 4491 et
2424 4434 2623 4491 faciem
2659 4432 2833 4490 leonis
2852 4431 3006 4504 juxta
3032 4433 3263 4505 palmam
3287 4450 3355 4490 ex
3388 4433 3490 4489 alia
3515 4441 3668 4504 parte

382 4534 572 4604 viginti
600 4531 782 4586 cubita
822 4531 1120 4586 latitudinis
1169 4529 1576 4585 ascenderimus
1621 4528 1688 4583 ad
1724 4543 1976 4584 cmnacu-
2000 4501 2055 4562 Ῑ)
2087 4533 2106 4580 ι
2141 4544 2449 4601 expressam
2470 4542 2570 4599 per
2590 4542 2810 4583 omnem
2831 4519 3047 4582 domum
3072 4525 3128 4581 in
3150 4527 3398 4582 circuitu.
3422 4513 3498 4581 De
3522 4533 3670 4582 terra

383 4622 498 4676 lum
528 4621 805 4690 templi,et
827 4627 1098 4675 terrenam
1126 4620 1509 4685 humilitatem,
1535 4632 1861 4690 sensumque
1882 4617 1974 4672 lit-

389 4723 516 4769 tera:
547 4713 935 4781 relinquentes,
960 4712 1338 4766 transierimus
1377 4709 1444 4765 ad
1478 4710 1845 4765 summitatem
1870 4707 1976 4764 Ec-

387 4805 585 4868 clcsiaz,
617 4802 958 4874 Spiritusque
985 4803 1159 4857 sancti
1185 4802 1459 4857 consortio
1482 4801 1832 4872 gaudeamus.
1864 4820 1882 4850 ‹
1913 4801 1979 4854 Ει

394 4900 610 4963 ostium,
651 4897 860 4966 inquit,
912 4894 1098 4949 lateris
1151 4894 1218 4948 ad
1267 4893 1569 4949 orationem
1613 4899 1802 4947 contra
1833 4891 1977 4946 viam

394 4989 682 5061 aquilonis,
716 5006 734 5039 ι
764 5003 793 5040 a
831 4976 938 5057 quo
965 4985 1329 5041 exardescunt
1379 4983 1518 5038 mala
1566 4995 1727 5055 super
1763 4997 1979 5038 omnem

396 5092 609 5145 terram,
637 5087 692 5134 et
713 5093 871 5148 quem
893 5077 1154 5133 Dominus
1182 5076 1502 5132 abacturum
1539 5089 1596 5130 se
1629 5091 1660 5128 a
1694 5074 1848 5129 nobis
1870 5073 1983 5144 pol-

393 5172 581 5231 licetur
603 5171 824 5228 dicens:
857 5189 875 5222 ι
905 5170 974 5224 Ει
1004 5185 1124 5225 ειιιιι
1147 5169 1239 5240 qui
1266 5170 1334 5225 ab
1378 5167 1629 5239 aquilone
1658 5176 1742 5224 est
1769 5183 1798 5221 a
1828 5167 1982 5222 vobis

394 5264 624 5334 abigam.
663 5280 682 5316 ι
710 5261 1047 5330 Pulchrequc
1078 5260 1132 5315 in
1163 5259 1303 5315 ostio
1340 5267 1530 5315 contra
1577 5257 1883 5327 aquilonem
1905 5256 1983 5312 lo-

350 5343 357 5349 ”
393 5365 488 5414 cus
515 5354 778 5412 orationis
822 5361 926 5418 est,
961 5360 1019 5406 ut
1062 5351 1358 5407 secundum
1407 5349 1722 5420 Apostolum
1763 5359 1981 5403 oremus

391 5450 512 5508 line
557 5447 859 5504 cessatione
907 5442 960 5517 (Ι
989 5442 1032 5498 Τ
1033 5443 1166 5498 hers.
1199 5441 1276 5514 'v‘),
1309 5451 1362 5497 et
1399 5441 1641 5497 dicamus
1665 5449 1786 5495 cum
1833 5435 1983 5495 Jerc—

391 5541 544 5602 mia:
581 5558 600 5592 ι
632 5539 750 5595 Non
781 5539 939 5595 sileat
983 5535 1186 5608 pupilla
1235 5533 1374 5592 oculi
1415 5534 1520 5588 mei
1552 5532 1769 5604 (Thrcn.
1817 5532 1912 5604 ιι);
1960 5552 1978 5584 ι

391 5634 480 5691 vel
502 5633 786 5705 praesentia
812 5631 951 5687 mala
979 5631 1151 5686 vitare
1178 5627 1474 5700 cupientes,
1506 5624 1590 5679 vel
1614 5633 1834 5695 agentes
1862 5639 1986 5695 gra-

392 5725 502 5789 tias
534 5739 634 5798 pro
679 5723 984 5796 prmtcritis.
1033 5720 1277 5792 Quandiu
1334 5717 1480 5775 enim
1530 5716 1584 5772 in
1641 5715 1988 5773 tabernaculo

2087 4625 2106 4674 ἄ
2139 4637 2311 4690 usque
2332 4621 2400 4676 ad
2421 4619 2698 4690 superiora
2713 4627 2900 4690 portae,
2914 4615 3175 4673 cherubin
3192 4628 3245 4673 et
3265 4617 3456 4687 palmae
3469 4616 3670 4676 caelata:

2086 4729 2105 4762 ι
2143 4717 2298 4765 erant
2318 4699 2372 4763 in
2395 4709 2600 4779 pariete
2623 4707 2824 4777 templi.
2851 4705 3040 4761 Limen
3065 4706 3491 4777 quadrangulum
3513 4715 3665 4772 erat;

2087 4820 2106 4852 ι
2142 4806 2197 4855 ει
2224 4797 2390 4853 facies
2412 4796 2705 4851 sanctuarii
2727 4805 2977 4865 aspectus
3000 4804 3187 4850 contra
3235 4805 3511 4866 aspectum
3536 4795 3672 4849 alta-

2089 4910 2109 4943 ι
2147 4891 2222 4945 ris
2245 4889 2439 4962 lignei,
2463 4887 2627 4943 trium
2650 4887 2956 4942 cubitorum
2989 4886 3215 4942 altitudo
3239 4885 3388 4955 ejus,
3420 4894 3475 4941 ct
3500 4883 3674 4955 longi-

2089 5001 2108 5034 ‹
2149 4981 2277 5035 tudo
2299 4979 2415 5049 ejus
2437 4979 2664 5035 duorum
2688 4979 2994 5035 cubitorum
3012 5019 3026 5046 ,
3055 4986 3109 5034 et
3128 4977 3308 5051 anguli
3333 4976 3450 5046 ejus
3469 4985 3524 5033 et
3549 4976 3672 5033 lon-

2089 5091 2109 5124 ι
2147 5070 2332 5144 gitudo
2356 5068 2492 5141 ejus,
2519 5079 2574 5125 et
2593 5069 2830 5141 parietes
2852 5067 2968 5139 ejus
2989 5068 3170 5141 lignei.
3203 5087 3223 5121 ›
3253 5065 3522 5140 (Ηὶειοη.)
3546 5067 3677 5126 Des-

2085 5162 2366 5218 cribuntur
2389 5171 2570 5216 autem
2604 5159 2802 5217 Sancta
2831 5170 3142 5217 sanctorum
3169 5169 3225 5217 et
3250 5159 3507 5231 templum
3537 5160 3677 5216 inte-

2088 5258 2200 5312 rius
2221 5257 2365 5328 quod
2387 5266 2510 5328 post
2546 5257 2836 5330 nonaginta
2875 5255 3083 5312 cubitos
3121 5271 3188 5310 ex
3220 5254 3393 5310 tribus
3427 5253 3678 5326 partibus

2089 5355 2349 5404 centenos
2375 5348 2585 5404 cubitos
2609 5345 2808 5402 habere
2832 5345 3060 5401 dicatur.
3093 5343 3400 5401 Perfectum
3423 5343 3678 5401 videlicet

2090 5443 2376 5493 numerum
2426 5435 2750 5492 decadarum
2807 5431 3026 5501 decem,
3069 5444 3128 5490 ut
3167 5442 3220 5490 ct
3260 5444 3438 5491 mente
3476 5443 3533 5492 et
3564 5449 3680 5492 ser-

2092 5546 2277 5596 mone,
2318 5535 2374 5586 et
2413 5529 2665 5602 operibus
2691 5527 2920 5583 Domino
2959 5528 3287 5596 serviamus,
3335 5528 3679 5585 recordantes

2093 5623 2235 5680 illius
2276 5621 2556 5693 apostolici
2587 5618 2818 5691 exempli
2851 5620 2904 5675 in
2932 5635 3038 5690 quo
3067 5623 3162 5689 ait,
3196 5641 3215 5673 ι
3257 5631 3313 5676 ιιι
3340 5623 3479 5678 scire
3506 5618 3653 5690 possi

2095 5731 2238 5785 mus,
2265 5729 2383 5787 qua:
2423 5714 2492 5771 sit
2526 5705 2777 5780 latitudo,
2820 5722 2875 5770 ct
2903 5714 3198 5786 longitudo,
3237 5723 3291 5772 et
3329 5710 3675 5786 profundum,
