3908 6356
311 449 409 514 981

1217 451 1564 512 COMMENT.
1603 453 1666 508 ΙΝ
1708 451 2152 520 ΕΖΕΕῌΙΕΙΑΕΜ.
2198 483 2266 492 -
2303 453 2427 508 LIB.
2469 453 2626 512 XVII.

3350 457 3362 477 ⁴
3453 455 3556 511 982

312 566 439 619 dras
462 562 718 633 quinque,
755 562 812 618 in
833 563 1097 619 Hebraico
1130 580 1238 619 non
1262 565 1517 631 habetur;
1552 565 1694 635 quod
1723 579 1882 635 gazo-
1912 568 1965 627 Α
1989 562 2224 628 tulimus.
2267 560 2542 632 Signiﬁcat
2588 571 2765 618 autem
2793 563 2934 632 quod
2963 573 3086 620 ante
3118 563 3261 630 fores
3290 566 3556 637 gazophy-

313 654 615 726 phyiacium
644 664 764 709 emt
797 661 987 709 contra
1011 664 1316 725 separamur
1351 655 1653 720 aedilicium,
1685 655 1752 712 de
1777 669 1886 724 quo

312 761 472 814 supra
490 744 742 809 diximus,
766 758 960 815 gasera
980 763 992 798 :
1009 753 1312 814 separatum
1335 752 1513 808 autem
1534 753 1651 806 erat
1670 758 1766 808 eos
1777 760 1881 808 sus-

312 838 518 906 cipiens
559 837 649 906 qui
689 838 756 891 ab
799 837 1047 906 aquilone
1098 838 1404 902 veniebam.
1443 837 1512 899 Et
1549 847 1666 902 erat
1698 846 1886 902 contra

312 929 478 980 audet-1t
509 936 816 996 vergentem
845 929 913 983 ad
943 928 1260 997 aquilonem,
1295 929 1348 984 id
1381 937 1484 993 est,
1511 928 1888 998 respicientem

312 1019 526 1085 uiridem
556 1018 822 1088 aquilonis
852 1026 1064 1086 partes,
1101 1017 1192 1076 sed
1222 1031 1330 1072 non
1369 1019 1422 1073 in
1468 1019 1716 1088 aquilone
1745 1019 1889 1087 posi-

314 1116 463 1173 tum,
509 1116 568 1162 ut
609 1108 816 1165 facilior
859 1117 1001 1164 esset
1054 1110 1308 1167 transitus
1352 1109 1436 1166 his
1483 1110 1573 1179 qui
1619 1109 1883 1179 aquilonis

313 1197 514 1270 frigora
551 1200 958 1273 relinquebant,
989 1217 1021 1258 a
1046 1216 1152 1270 quo
1179 1203 1536 1268 exardescuut
1559 1202 1698 1268 mala
1725 1217 1890 1272 super

315 1300 536 1347 terram.
569 1293 822 1364 Legimus
844 1295 899 1350 in
929 1294 1285 1356 Numerorum
1318 1295 1454 1358 libro
1488 1296 1678 1368 (Num.
1715 1297 1888 1368 xxxu)

315 1381 488 1436 tribus
527 1382 663 1446 Dan,
697 1390 752 1437 et
779 1381 1102 1453 Nephtalim,
1139 1393 1193 1438 et
1229 1384 1365 1440 Aser
1396 1385 1627 1446 ﬁliorum
1655 1386 1800 1442 Belua
1834 1395 1890 1441 et

312 1468 544 1538 Zelphas,
575 1469 892 1534 ancillarum
926 1472 1128 1536 Rachel
1155 1481 1210 1528 et
1237 1473 1366 1539 Liac,
1392 1475 1460 1542 ad
1489 1474 1753 1544 aquilonis
1777 1475 1891 1545 pla-

312 1572 408 1627 gas
434 1567 614 1616 castra
641 1559 894 1616 tenuisse.
935 1561 1086 1616 Nunc
1112 1577 1324 1632 quoque
1352 1562 1404 1616 in
1433 1561 1568 1617 facie
1597 1563 1884 1635 longitudi-

312 1645 398 1701 nis
421 1647 544 1702 ostii
569 1647 832 1718 aquilonis
854 1658 1068 1716 centum
1090 1649 1254 1708 fuisse
1272 1651 1500 1718 cubitos,
1516 1660 1567 1706 et
1589 1652 1890 1709 latitudinis

313 1736 728 1807 quinquaginta,
774 1747 831 1794 ut
872 1755 939 1794 ex
989 1740 1172 1804 decem
1239 1741 1454 1798 decadis
1493 1742 1889 1812 quadrangulus

314 1841 569 1881 numerus
609 1834 768 1897 atque
799 1827 1088 1900 perfectus,
1117 1840 1170 1885 et
1206 1846 1271 1885 cx
1305 1839 1508 1900 septem
1544 1833 1887 1886 hebdomadi-

1985 655 2250 720 laciorum
2286 655 2524 720 oruuium
2572 655 2684 720 sive
2719 653 3041 723 exedrarum
3091 663 3145 711 et
3196 655 3554 724 thalamorum

1985 746 2148 806 fuerit
2197 745 2555 813 deambulatio
2605 745 2940 814 latitudinem
2995 746 3200 810 habens
3253 747 3554 812 cubitorum

1984 839 2200 902 decem,
2235 837 2326 908 qui
2353 845 2408 894 et
2439 837 2552 910 ipse
2587 835 2858 910 perfectus
2882 845 2966 902 est
3006 852 3281 904 numerus,
3308 835 3395 892 vel
3427 851 3553 907 pro:

1982 935 2105 996 pter
2131 929 2442 1002 deealogum
2471 930 2555 998 vei
2581 938 2797 1000 propter
2824 929 3095 1002 Evangelii
3135 938 3553 994 sacramentum.

1988 1015 2049 1088 Si
2070 1019 2212 1090 euim
2241 1022 2309 1087 ab
2339 1035 2448 1080 uno
2483 1035 2578 1092 per
2604 1021 2736 1080 duos
2766 1029 2820 1092 et
2849 1030 2956 1090 tres
2985 1021 3054 1091 ad
3088 1029 3336 1092 quartum
3371 1034 3560 1078 nume-

1980 1121 2110 1176 rutu
2139 1109 2344 1175 venias,
2383 1110 2635 1178 denarius
2663 1110 3076 1182 Evangeliorum
3113 1126 3369 1178 numerus
3398 1109 3559 1168 cilici-

1987 1201 2092 1258 tur,
2124 1195 2177 1265 in
2209 1196 2361 1274 cujus
2387 1196 2670 1268 latitudine
2697 1197 3038 1266 deambulant
3067 1200 3403 1266 sacerdotes,
3435 1206 3568 1274 ante,

1988 1284 2198 1356 Singula
2260 1273 2640 1359 gazophylacia
2689 1287 3020 1358 gradientes,
3069 1288 3145 1356 ita
3194 1288 3454 1354 duntaxat
3505 1295 3563 1346 ut

1989 1386 2203 1441 semper
2231 1371 2298 1427 ad
2339 1374 2596 1430 interiora
2638 1363 2928 1446 respiciant
2961 1377 3059 1431 viae
3088 1378 3226 1447 ejus,
3267 1393 3387 1448 quae
3417 1376 3564 1430 ducit

1990 1461 2059 1518 ad
2099 1461 2337 1522 cubitum
2378 1479 2576 1529 unum,
2614 1467 2681 1522 ad
2717 1455 2918 1520 cultum
2952 1466 3200 1522 videlicet
3233 1468 3389 1523 unius
3429 1467 3564 1521 divi-

1989 1549 2199 1617 nitatis,
2229 1550 2444 1620 dicente
2481 1551 2616 1607 Filio
2642 1553 2710 1610 ad
2737 1554 2952 1610 Patrem
2981 1570 2995 1608 :
3029 1573 3047 1608 ι
3082 1555 3338 1611 Revelavi
3369 1571 3561 1610 nomen

1991 1647 2146 1712 tuum
2171 1641 2480 1708 hominibus
2515 1641 2694 1715 (Joan.
2725 1644 2877 1716 χιιι).
2922 1645 3039 1715 Ipsa
3069 1655 3149 1702 est
3183 1647 3324 1714 enim
3356 1647 3441 1700 via
3479 1648 3562 1700 in-

1991 1729 2189 1784 teriora
2233 1730 2540 1799 respiciens,
2583 1746 2699 1800 quae
2738 1733 2866 1788 dicit
2911 1735 2964 1788 in
3010 1735 3297 1808 Evangelio
3339 1755 3350 1790 :
3399 1755 3416 1788 ι
3455 1726 3565 1806 Ego

1991 1840 2110 1879 sum
2136 1825 2243 1889 via,
2265 1836 2319 1880 et
2341 1826 2470 1892 vita,
2501 1834 2555 1880 et
2587 1827 2787 1888 veritas
2817 1826 2994 1899 (Joan.
3031 1817 3215 1899 x1v),3
3250 1828 3374 1897 quia
3406 1842 3563 1880 nemo

313 1915 434 1986 bus,
465 1917 558 1986 qui
595 1919 927 1976 remissionis
959 1929 1044 1978 est
1083 1935 1358 1987 numerus,
1393 1931 1448 1976 et
1484 1922 1536 1982 in
1569 1923 1890 1992 principium
1918 1915 1967 1975 B
1991 1914 2138 1969 venit
2162 1914 2226 1967 ad
2249 1916 2491 1969 notitiam
2520 1916 2694 1970 Patris
2724 1916 2826 1970 nisi
2850 1932 2949 1986 per
2972 1915 3189 1970 Filium.
3217 1917 3283 1970 Et
3307 1917 3444 1970 ostia
3469 1932 3562 1971 ea-

313 2011 560 2080 uniouis,
610 2013 663 2078 id
697 2022 813 2081 est,
855 2016 1111 2087 ogdoadis
1155 2016 1408 2086 erumpit,
1446 2016 1806 2082 sacerdotalia
1835 2017 1892 2073 in

315 2103 511 2172 templo
564 2105 659 2160 Dei
713 2106 884 2176 spatia
937 2114 1386 2170 monstrareutur.
1446 2106 1684 2176 illudque
1749 2106 1893 2178 quod

311 2194 465 2264 juxta
488 2193 808 2263 Hebraicum
833 2197 1076 2270 jungitur
1107 2207 1291 2266 contra
1315 2197 1503 2268 viginti
1532 2197 1740 2268 cubith
1769 2196 1891 2254 atrii

311 2284 609 2354 interioris,
647 2304 745 2359 pro
787 2304 893 2358 quo
939 2288 1287 2360 Septuaginta
1336 2289 1752 2354 transtulerunt,
1801 2289 1893 2348 de-

311 2387 516 2446 scripta
541 2387 697 2434 erant
733 2378 872 2434 sicut
894 2389 1060 2449 porta:
1088 2381 1213 2440 atrii
1243 2381 1536 2446 interioris,
1565 2381 1706 2436 hunc
1733 2382 1894 2446 habet

313 2480 530 2536 sensum
573 2484 585 2520 :
625 2467 766 2535 quod
795 2467 1080 2538 exterioris
1117 2468 1238 2536 atrii
1271 2468 1611 2522 centonarius
1647 2476 1698 2526 et
1736 2469 1893 2540 quin-

315 2555 678 2624 quagenarius
702 2570 960 2626 numerus
987 2558 1228 2614 eamdem
1252 2557 1360 2610 vim
1387 2556 1603 2623 habeat,
1633 2573 1792 2628 quam
1813 2558 1892 2612 vi-

315 2644 562 2715 cenarius
587 2645 712 2700 atrii
744 2645 1034 2704 interioris.
1078 2645 1136 2702 Si
1171 2646 1314 2707 enim
1351 2655 1582 2718 quatuor
1609 2648 1892 2717 quinquies

315 2742 570 2806 supputcs
607 2734 660 2788 in
702 2749 927 2804 numero
963 2735 1251 2802 vicenario,
1308 2743 1594 2806 utrumque
1655 2735 1891 2808 reperies

317 2830 719 2889 testamentum,
766 2832 825 2879 ut
871 2831 924 2880 et
967 2823 1050 2894 lex
1092 2832 1340 2878 teneatur
1389 2824 1440 2877 in
1484 2823 1790 2894 Evangelio,
1838 2833 1893 2894 et

317 2911 661 2982 Evangelium
698 2912 763 2968 de
798 2912 934 2984 legis
973 2913 1151 2983 radice
1191 2922 1442 2983 nascatur
1483 2928 1496 2966 :
1536 2930 1632 2985 pro
1659 2930 1764 2984 quo
1795 2932 1892 2976 nu-

319 3015 467 3072 mero
509 2999 853 3074 Septuaginta
893 3002 1294 3059 similitudinem
1336 3005 1458 3078 atrii
1499 2996 1768 3060 interioris
1808 3006 1892 3062 in-

319 3091 599 3162 terpretati
659 3101 824 3162 sunt,
879 3092 1104 3148 forsitan
1158 3093 1509 3166 formidantes
1558 3097 1890 3162 vicenarium

317 3196 633 3253 numerum,
674 3182 729 3236 in
768 3199 874 3254 quo
899 3183 1195 3240 oll'cruntur
1226 3186 1367 3240 Esau
1405 3201 1624 3242 munera
1662 3190 1714 3242 in
1752 3191 1889 3252 atrio

319 3271 560 3329 interiori
585 3288 802 3345 ponere.
830 3273 1082 3349 Sequitur
1111 3293 1124 3329 :
1165 3296 1184 3327 ‹
1219 3277 1284 3336 Ει
1310 3286 1496 3333 contra
1526 3280 1892 3358 pavimentum
1921 3256 1966 3320 Β

319 3369 549 3415 stratum
593 3360 769 3432 lapide
815 3361 940 3416 atrii
986 3365 1301 3431 exterioris,
1350 3368 1440 3422 ubi
1491 3377 1609 3422 erat
1655 3370 1895 3440 porticus

313 3445 499 3517 juncta
528 3447 759 3515 porticui
787 3449 1003 3520 triplici.
1035 3471 1052 3503 ι
1076 3451 1182 3506 Pro
1213 3469 1319 3522 quo
1348 3453 1694 3526 Septuaginta
1722 3465 1895 3514 trans-

318 3537 559 3592 tulerunt
601 3555 616 3590 :
664 3555 682 3604 ι
722 3538 788 3604 Et
817 3529 955 3594 sicut
999 3540 1259 3596 columna:
1302 3537 1434 3616 atrii
1473 3547 1757 3601 exterioris
1799 3563 1897 3618 per

319 3628 564 3683 ordinem
617 3631 805 3700 posita:
867 3640 1056 3687 contra
1114 3632 1306 3688 faciem
1363 3636 1664 3708 porticuum
1728 3638 1897 3709 tripli-

320 3717 482 3773 cium.
531 3736 550 3772 ι
597 3717 873 3789 Signiﬁcat
924 3731 1134 3794 autem,
1181 3727 1323 3794 quod
1364 3728 1729 3796 pavimentum
1774 3730 1896 3785 atrii

320 3811 604 3866 exterioris
627 3811 748 3867 vivo
778 3812 939 3868 fuerit
970 3807 1208 3888 stratum.
1227 3817 1422 3887 lapide,
1467 3827 1523 3872 ut
1560 3835 1661 3875 nec
1694 3821 1898 3875 insutis

318 3901 559 3972 pulvere,
607 3917 707 3974 nec
751 3903 864 3960 luto
901 3905 1091 3961 hiemis
1144 3909 1478 3962 sacerdotum
1523 3910 1743 3984 vestigia
1785 3911 1899 3981 pol—

320 3989 555 4048 luantur.
597 3993 752 4050 Unde
790 4005 844 4051 et
880 3996 1138 4053 Dominus
1177 4014 1501 4055 ascensurus
1541 4003 1608 4056 ad
1655 4001 1895 4069 Patrem,

321 4085 682 4153 apostolorum
724 4085 864 4141 lavat
891 4087 1053 4158 pedes
1101 4088 1280 4160 (Ialm.
1321 4090 1480 4163 xm),
1529 4099 1590 4145 ut
1628 4093 1898 4147 mundatis

320 4175 667 4246 purgatisquc
689 4176 927 4246 vestigiis
942 4179 1203 4233 scandant
1216 4195 1378 4250 regna
1401 4181 1657 4236 caelorum
1683 4199 1703 4235 -:
1727 4189 1781 4237 et
1802 4183 1898 4238 im-

319 4271 475 4330 perat
515 4265 767 4334 apostolis
795 4264 1020 4336 (Matth:
1055 4284 1116 4333 x;
1168 4268 1335 4324 Marc.
1379 4271 1474 4341 vt),
1522 4278 1581 4326 ut
1625 4271 1678 4326 in
1711 4285 1900 4341 quam-

1996 2018 2113 2057 rum
2141 2002 2207 2056 ad
2243 2004 2574 2072 aquilonem,
2605 2005 2694 2058 ubi
2720 2013 2872 2058 erant
2909 2005 3288 2075 gazophylacia
3315 2005 3367 2059 in
3404 2019 3563 2074 supe-

1995 2093 2227 2147 rioribus
2261 2093 2565 2157 humiliora,
2594 2095 2717 2163 quia
2745 2079 3130 2164 supportabant
3154 2097 3414 2168 porticus,
3451 2111 3567 2165 quae

1992 2195 2058 2237 ex
2105 2183 2208 2238 illis
2235 2184 2539 2238 eminebant
2565 2184 2630 2238 de
2661 2177 3001 2254 inferioribus
3023 2195 3078 2239 et
3104 2186 3295 2241 mediis
3327 2184 3566 2240 aediﬁcii.

1995 2273 2238 2347 Tristega
2266 2275 2408 2330 enim
2433 2285 2588 2330 erant
2615 2286 2668 2331 et
2695 2292 2802 2332 non
2828 2277 3096 2332 habebant
3125 2278 3401 2333 columnas
3431 2277 3571 2333 sicut

1993 2377 2149 2422 erant
2192 2368 2452 2423 columnae
2490 2369 2771 2423 atriorum.
2816 2368 3109 2439 Propterea
3153 2371 3461 2424 eminebant
3506 2370 3570 2422 de

1938 2476 1946 2486 ·
1994 2459 2371 2525 inferioribus,
2411 2468 2465 2514 et
2502 2461 2567 2514 de
2599 2460 2791 2514 mediis
2829 2476 2858 2514 a
2893 2468 3036 2515 terra
3079 2461 3271 2516 cubitis
3301 2461 3569 2530 quinqua-

1993 2551 2159 2622 ginta.
2179 2550 2328 2617 Quod
2344 2549 2617 2622 jungitur:
2638 2571 2657 2602 ι
2679 2552 2815 2607 ostia
2826 2567 3033 2618 earum,
3062 2571 3080 2603 ι
3101 2553 3416 2607 subauditur
3439 2557 3570 2606 exe-4

1995 2632 2211 2694 drarum
2233 2641 2345 2695 sive
2359 2635 2883 2712 gazophylaciorum,
2903 2641 2968 2695 de
2986 2641 3181 2710 quibus
3205 2657 3363 2710 supra
3391 2655 3568 2695 sermo

1993 2730 2116 2807 fuit.
2149 2731 2277 2798 Quae
2309 2731 2688 2804 gazophylacia
2718 2742 2873 2788 erant
2906 2734 2958 2788 in
2989 2735 3370 2805 superioribus,
3402 2735 3455 2789 id
3490 2744 3573 2790 est

1994 2815 2048 2873 in
2101 2820 2396 2875 caenaculis
2451 2821 2755 2876 humiliora.
2817 2821 2946 2889 Qum
2998 2823 3273 2877 coenaeula
3330 2823 3573 2878 ascendit

1993 2907 2158 2975 Elias,
2185 2918 2238 2964 et
2267 2909 2489 2965 Eliszeus
2517 2910 2638 2983 (III
2667 2910 2794 2981 Reg.
2816 2927 2900 2975 v1;
2926 2910 3010 2964 IV
3037 2911 3160 2982 Reg.
3190 2912 3287 2983 tv),
3312 2921 3365 2965 et
3393 2912 3573 2967 Domi-

1994 3017 2095 3055 nus
2122 3018 2242 3071 cum
2273 3002 2546 3072 discipulis
2572 3004 2767 3073 pascha
2793 3003 3032 3057 facturus
3061 3003 3252 3074 (Marc.
3283 3019 3406 3068 xxv;
3444 3003 3568 3057 Luc.

1994 3093 2150 3164 χχιι),
2184 3103 2236 3147 et
2267 3092 2519 3159 Tabitha,
2559 3110 2676 3166 qua:
2717 3103 2771 3149 et
2809 3094 2913 3148 ﬁde
2957 3094 3181 3163 apostoli
3221 3103 3277 3148 et
3313 3095 3569 3147 virtutum

1995 3197 2214 3238 suarum
2248 3185 2439 3240 merito
2464 3186 2721 3240 suscitata
2755 3193 2836 3241 est
2869 3184 3006 3256 (Act.
3037 3186 3135 3257 ιιι).
3179 3186 3283 3240 lsta
3306 3193 3432 3239 sunt
3459 3197 3571 3264 coe-

1996 3275 2204 3340 nacula,
2239 3275 2304 3348 de
2338 3275 2611 3346 quibusin
2634 3275 2842 3344 psalmo
2871 3275 3129 3346 scriptum
3154 3284 3235 3329 est
3263 3292 3275 3327 :
3313 3291 3332 3325 ι
3368 3273 3470 3341 Qui
3501 3273 3574 3327 ri-

1997 3374 2088 3436 gat
2138 3374 2350 3420 montes
2400 3365 2466 3421 de
2512 3365 2802 3421 coenaeulis
2844 3363 2973 3437 μμ
3027 3361 3413 3435 superioribus]
3464 3362 3575 3418 suis

1998 3447 2170 3528 (Psat.
2204 3454 2341 3525 cm).
2382 3474 2402 3507 ι
2438 3453 2549 3510 Nisi
2583 3456 2729 3510 enim
2759 3455 2879 3526 quis
2907 3456 3028 3510 fons
3058 3454 3219 3510 fuerit
3241 3454 3483 3520 etl’ectus,
3519 3463 3575 3510 et

1997 3545 2066 3598 ad
2097 3537 2285 3599 altiora
2317 3545 2648 3611 surrexerit,
2673 3545 2885 3614 pluviis
2914 3543 3122 3599 Domini
3153 3559 3260 3600 non
3289 3545 3570 3616 rigabitur;

1995 3633 2088 3704 qui
2120 3646 2230 3703 pro'
2261 3632 2574 3690 diversitate
2597 3635 2915 3688 meritormn
2941 3635 3011 3688 de
3035 3634 3229 3703 primo,
3261 3634 3498 3689 secundo
3519 3642 3576 3690 et

1995 3722 2162 3776 tertio
2206 3721 2462 3792 irrigatur
2501 3721 2800 3777 caenaculo.
2835 3721 2965 3792 'lpsa
3005 3736 3216 3793 quoque
3249 3724 3575 3794 gazophylas

1998 3815 2104 3879 eia,
2140 3814 2243 3870 hoc
2281 3823 2365 3868 est
2386 3854 2400 3881 ,
2437 3814 2676 3870 thesauri
2707 3827 2959 3885 gazarum
2992 3815 3209 3870 ‘Domini
3245 3816 3298 3870 in
3328 3817 3574 3885 superio-

1997 3903 2150 3958 ribus
2194 3903 2480 3958 humiliora
2521 3911 2664 3958 sunt.
2713 3903 2927 3982 Quanto
2965 3905 3107 3958 enim
3147 3905 3267 3974 quis
3315 3907 3578 3961 excelsior

1993 3993 2191 4057 merit,
2225 3991 2378 4048 tanto
2409 4007 2532 4050 cum
2567 3993 2826 4063 Apostolo
2847 3994 3153 4049 humilitate
3190 3993 3456 4062 dejicitur,
3497 3995 3580 4049 dl-

1998 4093 2170 4143 cen‘s:
2202 4097 2226 4137 ι·
2250 4086 2364 4153 Qui
2397 4101 2502 4141 non
2549 4099 2666 4142 sum
2695 4086 2887 4156 dignus
2919 4087 3109 4146 vocari
3126 4087 3421 4156 apostolus,
3452 4086 3576 4155 quia

1995 4183 2313 4249 persecutus
2347 4183 2483 4231 sumi
2505 4176 2802 4232 Ecclesiam
2835 4177 2930 4232 Dei
2965 4176 3023 4248 (II
3049 4175 3170 4231 Cor.
3204 4177 3316 4250 xv).
3356 4198 3374 4230 ι
3413 4178 3580 4232 Erant

1997 4276 2178 4322 autem
2209 4267 2345 4338 ipsa
2369 4287 2372 4290 ·
2392 4267 2770 4338 gazophylacia
2801 4267 2872 4320 'in
2916 4267 3570 4332 causantis-humiliora,

318 4365 530 4422 cunque
571 4354 798 4425 ingressi
839 4355 1036 4412 fuerint
1069 4359 1375 4426 civitatem,
1412 4371 1468 4417 et
1507 4377 1625 4417 non
1651 4373 1900 4434 suscepe-
1989 4360 2124 4430 quia
2151 4359 2540 4428 almum-tabam
2574 4356 2832 4427 Ροιίίαυεν
2870 4370 2989 4427 ίιυεβ
3025 4371 3092 4412 61
3128 4358 3576 4414 ἱίιὶῡ’θιιὶίιιθῦ²ιιι

319 4439 577 4506 rint'eos,
611 4445 884 4499 excutiant
929 4447 1126 4516 pedum
1175 4463 1393 4505 suorum
1437 4450 1742 4521 pulverem,
1786 4465 1892 4523 quo

1991 4449 2069 4505 de
2089 4450 2548 4515 infeﬁoribus,"et
2571 4448 2854 4504 de'medii's
2891 4448 3351 4505 aedilium-Reddit
3384 4464 3578 4504 causas

320 4528 531 4583 scilicet
569 4530 701 4584 nihil
731 4548 1022 4590 [munerum
1063 4545 1399 4594 terrenorum
1441 4533 1509 4594 ab
1541 4539 1622 4595 eis
1661 4541 1801 4610 apud
1838 4556 1898 4602 se
1993 4549 2104 4595 cur
2120 4539 2506 4611 gazophylacla'
2527 4539 2582 4592 in
2619 4538 2909 4594 «cenaculis
2923 4542 3106 4609 posita
3139 4539 3424 4593 humiliora
3462 4539 3576 4595 fuas

321 4632 603 4675 remanere
629 4621 920 4689 patiantur.
959 4624 1076 4680 Non
1118 4629 1290 4684 solum
1319 4639 1500 4684 autem
1525 4615 1972 4702 pavimentorum
1991 4633 2146 4692 sint:
2173 4635 2304 4703 quia‘
2323 4632 2733 4703 supper-tabam,
2762 4632 3243 4700 inquit,-porticus,
3272 4647 3391 4700 quae
3416 4632 3576 4687 liber-

301 4715 552 4763 stratum
573 4719 700 4766 erat
731 4711 926 4784 lapide,
956 4717 1050 4772 sed
1075 4725 1130 4773 et
1147 4721 1392 4788 porticus
1414 4731 1532 4775 erat
1558 4722 1742 4791 juncta
1769 4741 1895 4794 poo-

318 4797 451 4854 ticui
477 4799 692 4872 triplici.
725 4801 839 4858 Una
874 4807 1115 4874 porticus
1155 4810 1223 4864 ab
1259 4811 1435 4865 imbue
1461 4819 1516 4866 et
1548 4821 1681 4867 testu
1711 4824 1896 4884 proto-

317 4904 454 4960 gens
480 4892 812 4962 sacerdotes,
844 4904 900 4951 et
924 4895 1106 4964 juncta
1143 4901 1373 4968 porticui
1409 4902 1636 4973 triplici,
1673 4904 1896 4961 damon»

307 4989 564 5052 stmtque
604 4986 917 5058 mysterium
948 4987 1246 5056 Trinitatis,
1289 4993 1432 5061 quod
1469 5007 1597 5049 cum
1631 4993 1893 5052 Patrisct

314 5071 530 5129 Filiiet
555 5075 788 5145 Spiritus
825 5079 1000 5135 sancti
1027 5079 1300 5136 dividatur
1335 5084 1671 5152 nominibus,
1713 5095 1893 5158 tamen

319 5179 428 5218 una
473 5166 574 5219 sibi
619 5166 900 5223 divinitate
943 5171 1302 5244 conjungitur.
1343 5173 1474 5230 Erat
1517 5190 1730 5245 quoque
1768 5184 1894 5238 ante

321 5255 702 5326 gazophylacia
727 5257 840 5314 sive
865 5261 1096 5317 exedra:
1123 5263 1208 5318 vel
1239 5263 1502 5321 thalamos
1525 5264 1895 5324 deambulatio

317 5345 508 5401 decem
543 5347 844 5405 cubitorum
869 5351 1168 5408 latitudinis
1194 5355 1262 5408 ad
1299 5354 1565 5412 interiora
1600 5356 1893 5426 respiciens

247 5509 250 5512 η
315 5436 420 5495 stite
446 5439 807 5498 cubiti-unius.
837 5443 1096 5514 Quodque
1119 5460 1152 5500 a
1173 5444 1528 5517 Septuaginta
1546 5449 1786 5506 additum
1811 5458 1896 5508 est

323 5543 342 5580 ι
377 5541 472 5595 per
495 5530 705 5588 cubitus
731 5531 1076 5604 longitudinis
1099 5546 1316 5593 centum
1333 5577 1350 5602 ,
1384 5556 1404 5592 ι
1431 5537 1766 5608 superﬂuum
1787 5548 1890 5608 est,

315 5618 442 5686 quia
459 5619 514 5676 in
525 5619 790 5681 Hebraioo
811 5641 922 5682 non
937 5628 1198 5694 habetur,
1211 5628 1354 5698 quod
1371 5637 1640 5698 ponentes
1655 5631 1894 5690 tulerunt

309 5709 371 5770 id
393 5711 534 5782 qum!
552 5713 778 5773 habetur
797 5717 854 5772 in
872 5717 1097 5778 Hebraeo
1121 5739 1134 5774 :
1172 5739 1192 5774 ι
1227 5722 1295 5778 ad
1313 5722 1579 5778 interitura
1602 5727 1891 5796 respiciens

315 5800 420 5865 vita
615 5807 792 5879 unius,
806 5810 976 5883 iqued
992 5827 1096 5872 nos
1111 5811 1463 5888 du'Hebraicat
1475 5816 1701 5882 veritate
1727 5829 1892 5881 trans-

1988 4725 2106 4780 itate
2127 4726 2270 4779 aevis
2297 4725 2632 4779 fruebantur;
2673 4722 2740 4776 Et
2767 4722 3080 4787 euincunt
3100 4723 3187 4777 'de
3229 4721 3575 4778 inferioribus

1991 4814 2362 4879 et’dcmediis
2389 4811 2626 4876 aedilicii,-
2659 4819 2718 4866 ut
2744 4810 3039 4866 seminium
3063 4811 3400 4866 cenaculum
3426 4814 3574 4880 pavi-

1993 4901 2485 4958 mentonint‘elﬁoris
2512 4899 2704 4966 domus
2725 4907 2875 4960 esset
2901 4901 3245 4971 eminentius,
3274 4908 3331 4955 et
3356 4901 3572 4956 tertium

1991 4993 2340 5054 maculam
2363 4991 2598 5049 sectanda
2631 5000 2777 5049 esset
2801 4992 3090 5050 excelsius.
3129 4991 3198 5046 Et
3220 5001 3422 5062 quanto
3450 4994 3573 5062 quis

1991 5082 2066 5140 ad
2091 5081 2370 5152 superiora
2391 5081 2810 5155 conscenderet,
2824 5089 2974 5138 tanto
2989 5081 3158 5140 latior
3180 5082 3441 5138 mereturi
3458 5097 3570 5139 cce-

1983 5172 2220 5239 ..Iseule,
2259 5180 2467 5242 quanto
2511 5173 2818 5234 humilitate
2862 5173 3164 5238 emanabat,
3209 5173 3421 5229 dicente
3465 5173 3570 5238 De-

1985 5265 2181 5324 ωηο-ε
2214 5284 2234 5320 ι
2267 5264 2678 5334 ρυὶνιιιιιὶιιιιιιτ
2704 5280 2801 5336 vos
2833 5264 3005 5333 major
3028 5279 3172 5331 esse,
3213 5265 3306 5320 ﬁat
3330 5265 3568 5320 omnium

1993 5357 2252 5414 minimus
2277 5357 2492 5430 (Matth.
2520 5359 2696 5430 χχιιι).
2727 5376 2750 5411 ι
2780 5357 2966 5428 Neque
2987 5360 3132 5414 enim
3160 5358 3420 5420 columnis
3449 5360 3570 5415 aliis

1985 5450 2370 5518 portabantur,
2395 5449 2535 5505 sicut
2560 5448 2614 5502 in
2638 5448 2898 5511 atriorum
2919 5448 3181 5508 columnis
3209 5448 3452 5520 legimus,
3475 5450 3570 5507 sed

1982 5541 2306 5601 eminebant
2331 5539 2400 5602 de
2430 5537 2794 5602 interioribus,
2825 5547 2881 5594 et
2916 5540 2981 5598 de
3010 5539 3202 5603 mediis
3224 5555 3255 5594 a
3285 5547 3429 5596 terra
3469 5551 3565 5593 eu-

1995 5631 2120 5690 bitis
2148 5631 2534 5700 quinquaginta
2569 5644 2794 5689 numera
2837 5630 3170 5706 remissionis
3203 5631 3441 5690 omnium
3471 5628 3568 5682 de—

1993 5720 2414 5790 bitorum-Huic
2451 5728 2576 5790 sunt
2617 5729 2800 5778 autem
2840 5721 3082 5792 tristega,
3112 5723 3180 5778 de
3209 5721 3401 5790 quibus
3429 5730 3566 5787 prae:-

1993 5819 2191 5891 cipitnr
2221 5834 2233 5872 :
2273 5835 2291 5870 ι
2326 5814 2668 5872 Describeea
2703 5812 3003 5889 tripliciter,
3293 5821 3347 5872 et
3391 5810 3576 5886 scien-I
