3908 6356
237 414 328 470 985
1087 401 1090 404 ’
1184 405 1532 466 COMMENT.
1567 405 1642 463 IN
1676 399 2081 463 EZEHIELEM.
2120 439 2189 449 -—
2214 405 2340 465 UB.
2380 406 2542 466 XVII.

3365 408 3469 468 986

239 527 515 600 precedent
535 525 600 579 ad
621 522 897 594 populum.
931 522 1041 588 Sic,
1073 525 1266 595 inquit,
1302 525 1586 596 loquentur
1608 526 1674 579 ad
1700 540 1794 595 po-
1821 527 1869 587 Α
1905 543 1923 576 σ
1968 534 2049 580 est
2067 535 2255 581 contra
2280 534 2498 582 ventum
2513 522 2778 594 aquilonis
2793 524 3113 595 quingentos
3131 523 3390 590 calamos,
3410 523 3468 579 in

240 619 439 691 pulum,
468 617 754 689 quomodo
801 622 975 686 potest
1021 615 1208 684 audire
1254 616 1499 686 populus.
1551 616 1700 672 Unde
1741 623 1796 671 et

226 706 510 777 'Apostolus
533 703 600 758 ad
637 703 942 760 Corinthios
977 703 1312 772 loquebatur,
1341 705 1395 758 in
1422 705 1616 774 quibus
1645 723 1664 757 ι
1700 720 1797 759 att-

227 796 470 852 ‘diebatur
495 794 776 850 fornicatio
812 801 867 847 et
897 793 1023 848 talis
1052 793 1358 860 fornicatio,
1386 795 1558 864 qualis
1588 811 1688 851 nec
1715 796 1798 850 in-

221 887 310 940 iter
321 883 568 957 gentes(l
587 882 707 939 Cor.
723 884 808 955 v):
831 903 850 937 ι
878 901 899 934 ι
919 882 1032 938 Lac
1044 882 1259 953 quidem
1277 884 1427 939 vobis
1447 893 1630 953 potum
1653 884 1794 950 dedi,

231 991 333 1030 non
361 989 540 1030 escam
565 973 642 1045 (id
668 981 752 1029 est
778 973 1006 1028 solidum
1031 973 1259 1045 cibum),
1291 975 1518 1028 necdum
1542 975 1683 1030 enim
1709 990 1800 1033 ca-

224 1069 354 1137 !pere
379 1064 639 1136 poteratis
665 1063 718 1138 (1
739 1061 864 1120 Cor.
904 1063 1007 1135 in).
1045 1081 1064 1116 ι
1111 1063 1193 1118 Ad
1219 1078 1355 1134 quos
1381 1080 1593 1120 rursum
1623 1065 1754 1122 dicit
1779 1077 1797 1122 :

241 1173 260 1209 ι
287 1157 457 1212 Filioli
491 1156 624 1221 mei,
657 1171 792 1226 quos
821 1156 1016 1211 iterum
1053 1157 1315 1227 parturio,
1361 1158 1531 1214 donec
1554 1159 1801 1217 Christus

220 1246 488 1304 ftormetur
534 1248 590 1302 in
634 1247 786 1303 vobis
807 1245 950 1318 (Gal.
983 1246 1078 1318 IV).
1121 1266 1142 1299 ›
1186 1246 1430 1305 Parvulis
1469 1249 1614 1304 enim
1639 1258 1801 1321 atque

219 1337 548 1396 «lactantibus
570 1355 678 1397 non
705 1340 875 1396 solum
904 1355 1010 1396 non
1035 1341 1254 1412 prodest
1275 1340 1478 1398 solidus
1504 1342 1674 1406 cibus,
1706 1342 1800 1398 sed

227 1429 482 1486 interﬁcit
521 1446 635 1498 eos,
681 1432 773 1502 qui
811 1432 1064 1502 perfecta;
1105 1435 1281 1490 aetatis
1321 1435 1628 1491 hominibus
1667 1450 1799 1490 con-

233 1523 388 1594 gmit.
410 1523 563 1591 Quod
590 1523 748 1579 aliter
769 1525 988 1595 intelligi
1011 1533 1208 1595 potest.
1247 1523 1448 1597 (Greg.)
1479 1525 1802 1582 Sacerdotes

234 1629 354 1670 vero
392 1614 555 1671 etiam
587 1625 708 1685 post
735 1617 1199 1686 compunctionem
1227 1631 1290 1672 ac
1318 1617 1581 1686 lacrymas
1605 1631 1802 1688 cogun-

231 1712 315 1758 tur
352 1706 656 1761 necessaria
701 1705 931 1761 ﬁliorum
979 1721 1198 1762 suorum
1243 1721 1600 1777 cognoscere,
1644 1716 1700 1762 et
1736 1721 1800 1763 ea

219 1807 343 1864 quae
380 1796 652 1866 refugiunt
697 1798 877 1853 animo
919 1799 1188 1869 patienter
1227 1799 1434 1867 audire,
1476 1808 1638 1869 atque
1679 1808 1802 1870 post

1903 633 1924 668 ι
1967 615 2174 672 calamo
2197 633 2462 672 mensura:
2482 632 2580 687 per
2603 632 2813 689 gyrum.
2835 617 2903 671 Et
2923 617 2990 672 ad
3007 623 3224 672 ventqu
3253 623 3465 670 austra-

1901 723 1924 759 ι
1962 707 2067 763 lem
2087 723 2304 764 mensus
2318 715 2402 763 est
2415 708 2734 779 quingentos
2747 707 3003 773 calamos,
3019 706 3072 762 in
3093 707 3301 762 calamo
3319 720 3470 762 men-

1901 815 1924 850 ι
1963 813 2102 854 surae
2131 814 2230 869 per
2270 799 2576 854 circuitum.
2615 799 2682 852 Et
2720 798 2789 852 ad
2827 805 3045 853 ventum
3082 797 3470 854 occidentalem

1903 908 1924 942 ‹
1968 905 2186 947 mensus
2204 898 2286 946 est
2306 891 2626 960 quingentos
2651 890 2903 954 calamos,
2940 888 2996 943 in
3023 888 3230 944 calamo
3255 903 3464 946 meusuo

1902 995 1928 1033 ε’
1966 995 2060 1036 rae.
2085 979 2190 1036 Per
2210 989 2438 1050 quatuor
2457 987 2646 1034 ventos
2665 993 2884 1034 mensus
2901 986 2985 1034 est
2999 992 3212 1032 murum
3231 977 3348 1046 ejus
3370 993 3472 1033 un-

1902 1091 1924 1126 c
1968 1073 2126 1142 dique
2147 1087 2246 1143 per
2269 1073 2576 1138 circuitum,
2593 1071 2920 1144 longitudine
2940 1071 3353 1141 quingentorum
3377 1085 3471 1126 cu-

1902 1175 1938 1217 r
1965 1163 2232 1229 bitorum,
2275 1171 2331 1220 et
2375 1163 2654 1218 latitudine
2708 1163 3122 1233 quingentorum
3169 1161 3472 1216 cubitorum
3531 1191 3534 1194 ~

1903 1271 1926 1307 ι
1967 1254 2292 1310 dividentem
2335 1255 2476 1310 inter
2515 1253 2877 1310 sanctuarium
2915 1260 2969 1308 et
3008 1252 3150 1323 vulgi
3196 1251 3395 1308 locum.
3446 1269 3467 1304 ι

1899 1341 2168 1416 (Ηίενοη.)
2199 1343 2488 1400 Sciendum
2514 1345 2656 1414 quod
2684 1351 2806 1414 post
2829 1351 3047 1398 ventum
3073 1342 3394 1398 orientalem
3417 1349 3475 1398 et

1899 1435 2202 1507 aquilonem
2248 1437 2302 1492 in
2331 1444 2493 1491 vento
2519 1435 2738 1490 australi
2771 1444 2826 1490 et
2855 1435 3171 1491 occidentali
3200 1435 3341 1506 apud
3369 1435 3471 1493 Se-

1897 1524 2175 1596 ptuaginta
2201 1524 2335 1579 ordo
2361 1531 2721 1594 prreposterus
2738 1523 2828 1580 sit.
2854 1523 2934 1578 Illi
2956 1523 3099 1580 enim
3121 1525 3353 1594 primum
3377 1539 3474 1596 po-

1901 1623 2125 1670 suerunt
2151 1615 2558 1679 occidentalem,
2589 1614 2643 1669 id
2669 1625 2752 1670 est
2775 1627 2942 1678 mare,
2978 1623 3033 1670 et
3057 1623 3241 1685 postea
3265 1626 3474 1671 austra-

1901 1705 2029 1771 lem,
2077 1720 2202 1760 cum
2246 1705 2387 1776 apud
2427 1705 2679 1761 Hebrzeos
2724 1706 2956 1774 primum
3001 1715 3235 1775 ponatur
3279 1713 3474 1762 ventus

1901 1797 2174 1862 australis,
2205 1805 2262 1853 et
2283 1805 2471 1869 postea
2499 1797 2866 1852 occidentalis.
2908 1797 3166 1868 Quodque
3195 1798 3474 1869 Scriptura

223 1885 454 1954 suspiria
474 1886 796 1954 caelestium,
817 1888 1178 1957 quorumlibet
1199 1889 1498 1944 carnalium
1520 1891 1798 1945 hominum
1825 1885 1873 1945 B
1900 1902 2045 1942 nunc
2073 1886 2203 1942 dicit
2230 1900 2247 1940 :
2284 1907 2302 1938 ε
2340 1887 2582 1958 Cumque
2607 1887 2930 1956 complesset
2975 1902 3257 1943 mensuras
3284 1887 3476 1942 domus

231 1988 389 2030 onera
427 1983 664 2046 portare,
694 1985 750 2031 et
776 1991 916 2046 saepe
942 1993 1065 2032 cum
1100 1979 1598 2049 supervenientibus
1623 1995 1717 2035 cor
1743 1981 1798 2036 in

225 2066 437 2122 diversa
471 2067 728 2138 qualitate
775 2067 1168 2125 transfundere.
1219 2069 1353 2124 Nam
1390 2070 1675 2140 aliquando
1715 2085 1801 2126 sa-

228 2159 414 2215 cerdos
439 2160 504 2214 de
531 2159 698 2215 lucris
726 2160 1057 2230 spiritalibus
1085 2162 1300 2232 gaudet.
1349 2161 1454 2216 Sed
1485 2176 1607 2218 cum
1644 2162 1804 2233 quiti.

216 2251 315 2305 abet
357 2259 592 2306 atterens
635 2252 1030 2321 supervenerit;
1074 2252 1179 2306 nisi
1206 2250 1323 2320 ejus
1349 2267 1636 2308 maerorem
1665 2253 1718 2308 in
1743 2269 1802 2310 se

229 2341 550 2410 susceperit,
575 2340 902 2397 tribulationi
929 2340 1072 2398 illius
1095 2343 1429 2412 compatiens
1461 2359 1567 2399 non
1608 2352 1710 2400 est.
1735 2345 1804 2400 Et

211 2431 510 2502 taliquando
534 2432 600 2488 de
624 2433 832 2488 damnis
850 2433 1156 2490 animarum
1175 2434 1353 2506 luget,
1379 2443 1436 2491 et
1460 2445 1680 2506 repente
1708 2451 1801 2492 su-

211 2524 582 2595 perveniunt,
619 2524 712 2594 qui
749 2523 816 2578 de
853 2525 1174 2593 quibusdam
1206 2527 1320 2582 suis
1358 2528 1803 2597 prosperitatibus

227 2611 496 2678 laetantur,
525 2627 754 2683 quorum
800 2613 846 2669 si
872 2613 1072 2670 laetitiae
1120 2617 1378 2671 sacerdos
1420 2632 1528 2672 non
1572 2632 1804 2689 congau-

215 2702 367 2768 deat,
395 2705 572 2766 minus
597 2717 782 2760 amare
810 2706 1050 2760 creditur
1082 2707 1242 2772 ﬁlios,
1271 2708 1324 2762 in
1355 2723 1584 2778 quorum
1611 2710 1804 2778 gaudio

211 2805 332 2848 non
359 2792 612 2859 exsultat,
632 2795 900 2864 praecipue
923 2810 1046 2850 cum
1076 2795 1270 2852 Paulus
1293 2798 1476 2853 dicat:
1513 2818 1532 2850 ι
1559 2797 1805 2855 Gaudere

225 2899 345 2940 cum
377 2885 751 2955 gaudentibus,
793 2884 922 2942 ﬂere
958 2902 1080 2942 cum
1125 2887 1378 2944 flentibus
1413 2888 1592 2960 (Rom.
1618 2890 1740 2961 xu).
1779 2909 1799 2942 ι

213 2975 366 3032 ιΝίΙιὶΙ
391 2993 520 3049 ergo
541 2986 650 3034 tam
669 2993 958 3034 onerosum
984 2979 1161 3035 ordini
1187 2980 1364 3049 video,
1386 2997 1546 3052 quam
1571 2983 1803 3054 rigorem

226 3068 417 3124 mentis
431 3069 801 3138 compatiendo
822 3068 1054 3134 ﬂectere,
1074 3078 1129 3126 et
1149 3084 1271 3125 cum
1291 3071 1536 3141 personis
1551 3086 1805 3143 superve-

226 3158 492 3215 nientibus
527 3161 767 3216 animum
806 3168 1052 3228 mutare;
1096 3171 1152 3220 et
1189 3172 1370 3220 tamen
1403 3165 1506 3220 hoc
1531 3164 1688 3220 valde
1722 3170 1806 3219 est

1904 1976 2196 2043 interioris,
2237 1977 2423 2032 eduxit
2464 1992 2550 2032 me
2589 1991 2686 2046 per
2711 1977 2852 2031 viam
2882 1985 3075 2047 portae,
3101 1991 3221 2046 quae
3259 1976 3478 2046 respicit

1903 2069 1970 2123 ad
1995 2069 2136 2123 viam
2164 2067 2503 2133 orientalem,
2541 2086 2560 2120 ι
2619 2067 2860 2122 ostendit
2904 2075 3117 2132 cuncta,
3159 2082 3279 2137 qua:
3313 2080 3475 2137 supra

1901 2156 2048 2213 dicta
2094 2165 2240 2223 sunt,
2271 2165 2327 2212 et
2353 2156 2654 2212 forinsecus
2681 2165 2736 2212 et
2769 2157 3120 2222 intrinsecus,
3151 2166 3207 2212 et
3236 2157 3290 2210 in
3341 2155 3478 2210 inte-

1902 2247 2135 2304 rioribus
2165 2247 2370 2318 templi,
2419 2248 2523 2303 hoc
2560 2255 2665 2313 εει,
2693 2247 2866 2304 sancti
2893 2256 3227 2313 sanctorum,
3257 2246 3476 2318 proprie

1903 2341 1971 2396 ad
2015 2340 2197 2410 templi
2223 2339 2506 2395 :editicium
2535 2340 2828 2410 pertinere,
2872 2348 2927 2396 et
2969 2339 3154 2410 templi
3179 2338 3473 2395 interioris.

1905 2429 2059 2487 Unde
2088 2445 2231 2486 nunc
2254 2430 2498 2502 sequitur
2523 2447 2537 2484 :
2577 2449 2595 2482 ι
2630 2431 2828 2487 Eduxit
2853 2444 2940 2486 me
2983 2445 3081 2502 per
3107 2431 3249 2485 viam
3275 2437 3475 2501 portae,

1904 2537 2023 2593 qua:
2044 2523 2367 2594 respiciebat
2393 2523 2464 2579 ad
2499 2522 2644 2578 viam
2685 2521 3022 2590 orientalem,
3053 2531 3110 2578 et
3149 2536 3366 2579 mensus
3394 2528 3479 2577 est

1903 2628 2024 2668 eam
2063 2613 2304 2684 undique
2358 2627 2457 2683 per
2527 2612 2844 2679 circuitum,
2897 2613 3010 2668 sive
3074 2610 3478 2668 similitudinem

1905 2704 2114 2760 domus.
2143 2721 2164 2756 ι
2198 2701 2302 2758 Per
2319 2705 2463 2772 quod
2490 2703 2886 2758 demonstratur
2904 2715 3010 2756 non
3041 2701 3213 2770 ipsam
3234 2699 3475 2765 domum,

1905 2797 2000 2852 sed
2037 2794 2443 2851 similitudinem
2474 2795 2666 2850 domus
2695 2809 2837 2860 esse,
2887 2809 3008 2864 qua:
3041 2792 3302 2856 cernitur,
3352 2790 3478 2861 quia

1910 2906 1930 2939 ‹
1974 2902 2118 2942 nunc
2167 2901 2264 2957 per
2315 2885 2592 2956 speculum
2621 2885 2866 2939 videmus
2911 2884 2966 2938 in
2993 2884 3298 2956 aenigmate.
3342 2880 3479 2936 Cum

1904 2990 2086 3034 autem
2115 2977 2327 3033 venerit
2370 2977 2514 3047 quod
2555 2975 2852 3047 perfectum
2901 2983 3004 3041 est,
3047 2982 3176 3029 tunc
3222 2972 3368 3043 quod
3410 2985 3480 3027 ex

1903 3079 2060 3141 parte
2085 3076 2170 3124 est
2199 3068 2508 3123 destruetur
2537 3065 2590 3137 (Ι
2617 3065 2737 3120 Cor.
2769 3063 2914 3136 xm).
2954 3082 2972 3116 ι
3008 3063 3161 3119 Unde
3187 3071 3242 3118 et
3271 3061 3479 3133 Moyses

1910 3161 1967 3216 in
2010 3158 2374 3224 tabernaculo,
2413 3166 2468 3212 et
2497 3156 2751 3212 Salomon
2783 3156 2840 3210 in
2869 3153 3096 3209 aedificio
3143 3167 3249 3207 non
3277 3149 3477 3206 verita-

212 3249 608 3310 :ttecessarium.
637 3247 772 3304 Nam
796 3251 1063 3320 quomodo
1083 3266 1151 3306 ex
1175 3253 1558 3322 praedicatione
1586 3252 1703 3323 ejus
1735 3253 1804 3308 ad
1831 3231 1876 3295 C
1907 3263 2016 3309 tem
2065 3251 2279 3307 tentorii
2332 3249 2538 3319 templi,
2572 3248 2667 3303 sed
2703 3244 3107 3302 similitudinem
3143 3243 3480 3313 ﬁguramque

222 3334 349 3396 noni
372 3340 552 3410 operis
585 3341 812 3412 gratiam
835 3350 1090 3411 peccator
1141 3345 1443 3411 adducitur,
1482 3345 1528 3401 si
1559 3346 1675 3416 ipse
1713 3346 1805 3415 qui

205 3431 482 3502 pradicant
513 3430 728 3486 videtur
755 3432 1036 3502 ingratus?
1080 3433 1234 3492 Unde
1271 3451 1369 3506 per
1405 3437 1550 3492 hunc
1593 3451 1807 3506 quoque

221 3521 474 3576 eumdem
509 3523 826 3593 prophetam
853 3532 1040 3594 postea
1067 3525 1284 3592 dicitur,
1316 3537 1376 3582 ut
1402 3543 1523 3583 cum
1565 3529 1808 3584 sacerdo-

207 3620 310 3668 tes
348 3609 673 3668 intrinsecus
706 3613 1041 3684 ministrant,
1083 3615 1322 3670 vestibus
1366 3614 1522 3671 lineis
1565 3614 1808 3683 utantur,

204 3702 303 3776 ide,
326 3701 522 3773 quibus
556 3704 806 3759 subditur
835 3721 850 3760 :
894 3722 913 3756 ι
947 3704 1188 3776 Cumque
1227 3708 1573 3778 egredientur
1608 3708 1807 3764 atrium

222 3791 465 3862 exterius
505 3793 573 3847 ad
608 3794 884 3868 populum,
912 3804 1112 3850 exuent.
1156 3812 1216 3852 se
1258 3800 1578 3854 vestimenta
1621 3814 1719 3856 sua
1752 3800 1807 3855 in

213 3882 420 3954 quibus
450 3883 908 3951 ministraverunt,
945 3896 1002 3942 et
1024 3898 1226 3958 ponent
1252 3905 1315 3944 ea
1341 3891 1396 3945 in
1423 3892 1808 3964 galephylacio

221 3976 540 4034 sanctuarii.
595 3997 614 4030 ι
653 3976 942 4033 Grossiora
976 3981 1173 4050 quippe
1205 3983 1524 4037 vestimenta
1561 3993 1688 4039 sunt
1725 3983 1806 4039 la-

221 4080 348 4120 nea.
384 4065 492 4122 Sed
515 4081 640 4123 cum
671 4069 926 4124 sacerdos
954 4069 1020 4123 ad
1051 4078 1297 4126 sanctum
1324 4073 1684 4129 ministerium
1715 4090 1809 4131 ac-

200 4158 529 4239 ‘_cedit,cum
551 4160 695 4216 intus
721 4176 815 4230 per
840 4163 1306 4231 compunctionem
1329 4163 1645 4234 ingreditur,
1675 4166 1809 4221 sub-

196 4248 325 4317 ωε,
355 4248 626 4306 intellectu
662 4265 885 4306 necesse
925 4260 1042 4316 est,
1099 4251 1254 4322 quasi
1301 4251 1443 4310 lineo
1487 4255 1808 4311 vestimento

221 4344 500 4414 induatur.
531 4347 638 4403 Sed
667 4363 790 4411 cum
810 4350 878 4404 ad
905 4350 1157 4421 populum
1180 4351 1310 4408 foris
1332 4355 1626 4426 egreditur,
1647 4370 1807 4426 opor-

197 4444 302 4518 tet
340 4446 400 4492 ut
432 4439 784 4507 vestimenta,
832 4441 887 4496 in
931 4443 1126 4512 quibus
1165 4445 1494 4503 intrinsecus
1533 4448 1807 4505 ministra-

195 4537 402 4592 verat,
447 4539 686 4600 reponat,
728 4540 888 4602 atque
927 4535 1124 4606 populo
1163 4537 1282 4593 aliis
1313 4539 1552 4595 vestibus
1586 4541 1806 4597 indutus

217 4629 506 4690 appareat.
541 4620 676 4687 Quia
697 4623 743 4676 si
767 4624 821 4677 in
845 4628 1273 4695 compunctionis
1293 4647 1403 4686 suae
1433 4633 1610 4703 rigore
1638 4648 1697 4689 se
1726 4641 1808 4688 te-

195 4717 372 4788 vneat‘,
397 4709 452 4765 'si
475 4711 530 4766 in
561 4727 646 4778 eo,
671 4727 828 4782 quem
863 4717 1125 4773 orationis
1157 4726 1400 4790 tempore
1429 4722 1637 4788 habuit,
1671 4737 1806 4779 mte-

197 4819 352 4882 ιτρι-ε
371 4805 648 4875 perduret,
668 4807 995 4878 exteriorum
1019 4824 1198 4866 rerum
1221 4811 1385 4865 verba
1405 4812 1680 4882 suscipere
1701 4828 1807 4870 non

217 4895 490 4976 admittit,
515 4905 568 4953 et
586 4897 715 4968 quid
737 4914 869 4972 grex
902 4899 968 4968 de
990 4899 1313 4956 necessariis
1335 4900 1518 4968 faciat,
1553 4903 1600 4964 si
1620 4903 1807 4959 audire

215 4977 392 5071 atque
412 4991 744 5064 perpendere
762 4991 830 5045 ad
852 4991 972 5057 hoc,
989 4992 1131 5062 quod
1144 5006 1380 5060 praesens
1397 5001 1603 5062 tempus
1615 4994 1803 5065 exigit,

195 5087 412 5157 pastor
442 5081 687 5136 recusat?
721 5079 1002 5138 Grossiora
1034 5099 1163 5153 ergo
1200 5083 1517 5138 vestimenta
1559 5086 1808 5142 sacerdos

207 5171 416 5250 exiens
431 5181 553 5229 ante
561 5173 817 5248 populum
831 5175 1036 5247 induat,
1050 5184 1110 5230 ut
1121 5176 1318 5231 mentis
1330 5192 1441 5232 sua:
1457 5177 1698 5232 habitum
1712 5192 1810 5249 pro

219 5263 459 5344 utilitate
476 5265 707 5322 filiorum
722 5267 883 5322 etiam
897 5267 966 5322 ad
981 5277 1192 5324 terrena
1207 5269 1480 5332 toleranda
1503 5277 1806 5341 componat.

221 5405 268 5437 Ἦ
301 5374 348 5436 ‘1“
371 5355 612 5426 Cumque
635 5359 1475 5435 complesset‘mensurasdomus
1507 5360 1806 5432 interioris,

301 5433 491 5520 eduxit
515 5442 741 5530 meper
766 5453 910 5506 viam
958 5433 1158 5524 portae,
1206 5469 1325 5522 qua:
1365 5454 1690 5525 respiciebat
1739 5453 1808 5508 ad

187 5593 202 5612 ε
219 5558 249 5622 3
283 5542 441 5622 viam
467 5545 803 5619 orientalem,
835 5553 888 5616 ct
937 5559 1152 5612 mensus
1184 5551 1270 5608 est
1292 5560 1412 5600 eam
1443 5545 1680 5614 undique
1708 5559 1808 5613 per

284 5619 608 5700 circuitum,
628 5635 842 5704 Mensas
863 5643 944 5689 est
967 5644 1144 5690 autem
1163 5643 1352 5688 contra
1379 5643 1600 5694 ventum
1628 5635 1807 5690 orien-

213 5713 264 5788 ἐξ
301 5725 703 5804 talcmcalamo
738 5742 1005 5783 mensura:
1041 5742 1138 5798 per
1167 5727 1451 5782 circuitum
1487 5726 1808 5797 quingentos

215 5833 248 5894 ,ᾳ
281 5803 562 5892 calamos,
590 5818 642 5876 in
664 5818 1155 5896 calamemcnsura:
1175 5833 1272 5889 per
1283 5832 1491 5896 gyrum.
1509 5807 1573 5871 Et
1590 5830 1807 5872 mensus

1904 3341 2170 3405 fecerunt,
2204 3348 2264 3393 ut
2292 3353 2390 3409 per
2425 3338 2560 3401 haec,
2597 3351 2717 3406 qua:
2759 3333 2972 3388 minora
2999 3339 3125 3387 sunt
3152 3339 3208 3385 et
3237 3337 3477 3394 terrena,

1905 3445 1970 3488 ea
2001 3446 2121 3501 qua:
2149 3430 2204 3484 in
2235 3427 2568 3491 coelestibus,
2614 3434 2670 3482 et
2719 3424 2774 3478 in
2817 3421 3045 3492 spiritali
3075 3419 3303 3476 :edilicio
3329 3425 3476 3485 sunt,

1907 3521 2207 3593 intelligere
2247 3519 2536 3592 possimus.
2595 3515 2692 3572 Vir
2742 3522 2920 3569 autem
2946 3553 2962 3580 ,
3018 3512 3110 3583 qui
3158 3510 3479 3582 prophetam

1905 3615 2202 3678 eduxerat,
2238 3620 2579 3680 nequaquam
2628 3608 2683 3662 in
2726 3606 2923 3661 atrium
2953 3603 3212 3667 exterius,
3249 3601 3344 3657 sed
3383 3613 3482 3672 per

1905 3703 2048 3758 viam
2075 3709 2244 3772 portae
2293 3714 2412 3770 quae
2461 3696 2783 3766 respiciebat
2825 3695 2892 3749 ad
2935 3693 3078 3748 viam
3121 3689 3478 3756 orientalem,

1905 3794 2140 3864 primum
2165 3780 2390 3847 mensus
2429 3796 2512 3845 εει
2541 3795 2731 3844 contra
2770 3781 3335 3841 ventum'orientalem
3360 3819 3376 3844 ,
3425 3779 3480 3834 id

1906 3898 2009 3957 est,
2049 3889 2116 3944 ad
2145 3887 2460 3943 orientalem
2495 3885 2707 3955 plagam
2751 3883 3073 3953 quingentos
3103 3879 3342 3935 calamos
3382 3890 3482 3948 per

1907 3994 2098 4052 gyrum
2127 3997 2140 4033 :
2170 3978 2406 4033 secundo
2434 3977 2501 4030 ad
2525 3973 2832 4044 aquilonem
2856 3990 2870 4025 :
2910 3971 3069 4026 tertio
3099 3970 3168 4024 ad
3195 3976 3437 4024 austrum
3463 3985 3477 4022 :

1908 4083 2102 4146 quarto
2137 4074 2205 4129 ad
2255 4087 2424 4136 mare,
2455 4071 2508 4126 id
2557 4078 2662 4135 est,
2701 4069 2770 4123 ad
2811 4065 3170 4123 occidentem.
3197 4063 3303 4118 Per
3341 4077 3476 4131 qua-

1909 4178 2032 4224 tuor
2059 4165 2311 4221 videlicct
2335 4171 2524 4218 ventos
2555 4176 2771 4216 murum
2800 4162 2853 4215 in
2885 4159 3115 4216 circuitu
3145 4167 3254 4212 tam
3283 4156 3338 4210 in
3361 4154 3480 4210 lon-

1905 4243 2186 4335 gitudine,
2245 4274 2408 4330 quam
2461 4258 2516 4313 in
2567 4255 2870 4320 latitudine,
2911 4255 3015 4309 hoc
3057 4259 3158 4320 est,
3206 4265 3304 4321 per
3345 4264 3482 4321 qua-

1909 4355 2084 4410 drum.
2117 4351 2220 4419 Qui
2266 4365 2454 4405 murus
2505 4348 2669 4404 simul
2709 4347 2945 4402 habebat
2979 4346 3084 4400 duo
3122 4343 3288 4398 millia
3334 4340 3481 4397 cale-

1905 4448 2045 4498 mos.
2099 4441 2194 4496 Sin
2245 4449 2426 4495 autem
2474 4439 2715 4494 calamus
2760 4451 2855 4493 sex
2887 4436 3191 4493 cubitorum
3233 4440 3384 4498 erat,
3429 4438 3483 4488 et

1907 4539 2162 4596 παλαιστῆ
2193 4535 2356 4590 unius
2391 4550 2510 4605 quae
2537 4534 2787 4592 παλαιστή
2806 4571 2821 4596 ,
2849 4539 2998 4586 sexta
3030 4543 3158 4600 pars
3183 4526 3351 4583 cubiti
3375 4532 3482 4590 est,

1907 4629 2250 4702 perspicuum
2304 4632 2390 4681 est
2442 4637 2655 4679 murum
2708 4620 3030 4676 exteriorem
3070 4616 3323 4671 habuisse
3386 4627 3485 4683 per

1910 4722 2197 4777 circuitum
2246 4717 2482 4773 calamos
2525 4716 2630 4769 duo
2660 4711 2850 4776 millia,
2888 4710 2980 4778 qui
3027 4708 3230 4762 faciunt
3269 4704 3481 4759 cubitos

1911 4813 2196 4869 duodecim
2236 4808 2400 4863 millia
2427 4815 2693 4860 trecentos
2730 4801 2953 4874 triginta
2977 4805 3188 4862 tres,_et
3220 4797 3480 4852 trientem

1911 4905 1977 4959 de
2020 4901 2225 4958 duobus
2259 4898 2514 4954 millibus.
2546 4893 2788 4950 Prudens
2816 4892 2986 4947 lector
3011 4898 3067 4946 et
3096 4888 3322 4959 diligens
3343 4884 3484 4954 legat

1910 4993 2107 5049 librum
2135 4989 2262 5046 Jesu
2284 4989 2452 5055 Nave,
2479 4994 2533 5042 et
2557 4985 2798 5040 inveniet
2829 4981 3096 5054 quomodo
3139 4979 3192 5034 in
3220 4975 3484 5034 suburba-

1911 5085 1996 5140 nis
2026 5085 2142 5139 hmc
2161 5095 2414 5136 mensura
2443 5086 2708 5134 servetur.
2740 5074 2896 5131 Unde
2933 5080 2988 5129 et
3010 5071 3155 5143 legio
3180 5070 3483 5126 dremonum

1911 5175 2056 5230 hunc
2117 5185 2399 5227 numerum
2459 5169 2610 5240 eligit
2675 5167 2731 5221 in
2787 5162 3136 5220 suffocatione
3191 5173 3484 5231 porcorum

1911 5263 2062 5336 (Luc.
2111 5261 2255 5334 vni),
2286 5271 2345 5317 ut
2382 5261 2473 5331 qui
2520 5257 2879 5315 servientibus
2924 5255 3036 5309 Deo
3079 5261 3347 5323 prmcepto
3374 5250 3483 5304 Do-

1911 5355 2042 5412 mini
2074 5363 2354 5426 separatus
2377 5361 2480 5419 est,
2520 5353 2575 5408 in
2604 5349 2930 5406 contrariam
2971 5355 3182 5418 partem
3213 5344 3482 5399 referatur

1913 5449 1980 5504 ad
2006 5447 2381 5519 perditionem.
2409 5458 2594 5498 eorum
2634 5440 2725 5511 qui
2779 5434 2944 5494 vitam
2995 5450 3150 5492 emno
3189 5435 3404 5507 dignam
3429 5443 3487 5492 et

1913 5539 2160 5595 sordibus
2193 5544 2592 5592 consectantur.
2621 5530 2808 5586 Omnis
2837 5537 3013 5584 autem
3052 5542 3237 5582 murus
3261 5527 3356 5597 qui
3400 5530 3484 5582 est

1913 5632 2171 5694 exterior,
2213 5638 2267 5682 et
2301 5628 2466 5682 habet
2520 5622 2965 5693 spatiosissimam
2996 5619 3383 5688 longitudinem
3424 5621 3484 5672 et

1913 5722 2247 5778 latitudinem
2277 5733 2373 5787 per
2409 5717 2691 5786 quadrum,
2721 5713 3084 5784 apostolorum
3109 5709 3347 5767 continet
3381 5723 3480 5761 nu-

1912 5795 2145 5880 merum,
2177 5810 2228 5868 id
2254 5801 2359 5876 est,
2392 5807 2672 5864 duodecim
2713 5805 2962 5873 millium,
2996 5809 3056 5858 ut
3098 5797 3322 5886 singulis
3349 5811 3479 5869 apo-
