3908 6356
354 377 457 449 98.1
490 428 515 441 ..
549 326 637 451 .

357 438 800 559 subaudimus
839 442 1104 547 numerus
1152 474 1482 549 deputetur,
1530 478 1585 524 et
1632 475 1809 522 tamen
1862 463 1927 517 ad
1958 434 2057 524 A‘i

362 595 677 649 insinuatam
704 571 1052 650 plenitudinis
1088 567 1291 635 Christi
1328 575 1383 625 et
1423 562 1651 636 perfecti
1684 559 1783 631 viri
1832 573 1938 614 non

356 674 543 741 veniat
570 669 681 737 nisi
710 649 968 740 iungatur
997 661 1053 731 ei
1073 667 1129 731 et
1162 658 1438 725 παλᾳμστή,
1461 653 1550 735 qui
1578 651 1801 725 trecenti
1840 649 1936 715 tri-

360 767 508 840 ginta
542 769 619 827 et.
641 768 753 821 πθε
778 755 995 827 subitos
1018 759 1073 813 et
1110 749 1278 813 cubiti
1320 746 1540 809 tertiam
1566 752 1798 814 partem,
1846 755 1941 810 per

360 832 709 929 quamneu:
738 858 795 919 et
819 842 1145 919 venerabilis
1172 840 1456 905 Trinitatis
1488 836 1809 908 mysterium
1851 832 1942 887 dc-

361 922 712 1015 manstt'utur,
747 939 969 1011 habeat,
995 951 1116 1009 qua?
1156 932 1325 1007 cingit
1351 938 1407 1007 et
1434 926 1602 984 vallat
1628 922 1808 980 omnia
1829 963 1843 988 ,
1890 929 1943 978 et

363 1045 697 1103 habitatores
722 1033 907 1105 templi
934 1031 1018 1097 sui
1055 1035 1278 1100 priestat
1304 1022 1622 1079 tutissimos.
1658 1017 1807 1074 Unde
1836 1024 1945 1070 tre-

363 1144 647 1195 οωιθωω
670 1130 981 1193 cubitorum
1011 1137 1139 1190 area
1170 1119 1284 1193 Noe
1322 1117 1486 1183 habet
1530 1110 1942 1183 longitudinem,

364 1237 423 1285 et
447 1225 669 1297 triginta
692 1221 997 1283 cubitorum
1038 1211 1377 1275 altitudinem
1399 1250 1413 1274 ,
1452 1222 1571 1277 quae
1601 1215 1947 1263 consumma-

367 1329 457 1381 tur
564 1332 677 1373 uno
697 1314 884 1375 cubito
912 1330 931 1377 :_
971 1307 1117 1379 quod
1144 1314 1324 1367 autem
1371 1302 1447 1357 ibi
1482 1299 1752 1356 adduntur
1790 1293 1947 1365 quin-

367 1412 626 1484 quaginta
656 1406 829 1467 cubiti
877 1404 934 1465 in
981 1399 1269 1465 latitudine
1308 1390 1664 1456 remissionis,
1703 1396 1762 1449 ut
1807 1399 1948 1455 saepe

370 1478 632 1566 disiinus,
668 1496 938 1570 signiticet
970 1496 1395 1556 sacramentum.
1433 1484 1589 1541 Unde
1611 1489 1666 1537 et
1691 1478 1949 1535 Dominus

368 1593 591 1664 triginta
612 1567 876 1649 annulum
891 1582 1039 1653 venit
1050 1581 1119 1637 ad
1132 1578 1460 1648 baptismum
1479 1572 1629 1644 (Luc.
1656 1569 1736 1641 tu)
1748 1608 1760 1621 .
1785 1568 1851 1622 Et
1864 1567 1951 1621 hic

368 1656 831 1754 ipsemphetaiu
862 1672 1133 1747 principio
1158 1665 1448 1725 voluminis
1475 1662 1555 1718 sui
1579 1675 1777 1717 annum
1798 1656 1952 1729 ponit

369 1774 723 1835 ta’eesimum.
747 1769 843 1839 qui
856 1762 1262 1829 triceutesimus
1281 1766 1336 1813 et
1360 1754 1665 1822 tricesimus
1692 1763 1949 1811 numerus

369 1866 543 1923 tribus
566 1862 766 1921 additis
788 1867 845 1916 et
867 1856 1025 1919 tertia
1054 1862 1211 1925 parte
1233 1848 1551 1918 completur.
1584 1844 1718 1899 Illud
1745 1850 1945 1907 autem,

370 1957 517 2029 quod
537 1969 636 2024 per
661 1948 1062 2019 simplicitatem
1092 1937 1575 2011 interpretationis,
1606 1935 1734 1991 dum
1754 1948 1947 2007 parum

376 2028 709 2115 attendimus
755 2041 1034 2101 celeritate
1083 2034 1319 2097 dictand'
1369 2041 1425 2097 et
1473 2029 1824 2101 Septuaginta
1855 2028 1953 2101 ba-i

369 2140 523 2204 butt,
558 2146 613 2193 et
658 2144 845 2192 nostra
895 2130 1183 2191 translatio
1216 2148 1235 2181 ι
1294 2141 1507 2185 murum
1549 2122 1665 2192 eius
1713 2122 1949 2190 undique

368 2244 469 2303 per
517 2227 804 2289 circuitum
859 2220 1198 2293 longitudine
1258 2217 1679 2287 quingentorum
1741 2212 1951 2267 oubito-

370 2335 493 2379 rum
521 2358 536 2385 ,
583 2327 641 2376 et
696 2316 980 2387 latitudine
1010 2346 1011 2349 η
1047 2313 1463 2384 quingentorum
1522 2306 1826 2363 cubitorum
1859 2343 1873 2367 ,
1929 2322 1945 2353 ι

371 2409 629 2475 Hebraeus
686 2420 868 2465 sermo
931 2418 1041 2465 non
1084 2399 1403 2481 continet,
1469 2395 1567 2452 sed
1635 2391 1955 2461 simpliciter

373 2498 765 2572 longitudinem
820 2496 1243 2567 quinGqum
1295 2497 1351 2545 et
1400 2485 1744 2572 latitudinem
1795 2483 1956 2552 quin-

373 2571 677 2661 gentorum,
716 2595 778 2643 ut
798 2585 1153 2645 subaudiatur
1192 2579 1552 2643 calamorum,
1581 2571 1742 2631 sicuti
1764 2578 1956 2642 quarto

375 2694 539 2752 supra
577 2679 785 2735 dictum
806 2685 892 2734 est
918 2673 991 2731 ad
1026 2671 1348 2735 orientalem
1368 2676 1590 2731 ventum
1631 2674 1687 2727 et
1710 2666 1778 2720 ad
1802 2664 1953 2735 aqui—

376 2768 578 2836 lonem,
606 2777 663 2827 et
706 2768 776 2824 ad
819 2774 1083 2830 austrum,
1114 2771 1171 2823 et
1212 2762 1281 2827 ad
1306 2774 1458 2827 mare
1481 2756 1814 2836 .quingentis
1868 2769 1958 2810 ca-

381 2831 544 2917 lamis
565 2831 572 2836 ,
594 2874 807 2917 murum
844 2858 1084 2930 partium
1114 2853 1448 2926 singularum
1488 2851 1556 2909 ab
1585 2864 1650 2903 eo
1679 2848 1771 2918 qui
1799 2831 1958 2913 tene-

377 2953 473 3009 bat
501 2951 766 3021 calamum
794 2948 963 3009 misse
991 2947 1315 3013 dimensum.
1347 2939 1822 3013 Quingentesimus
1861 2952 1959 2991 au-_

378 3052 490 3109 tetu
526 3058 803 3109 numerus,
836 3041 928 3113 qui
960 3040 1171 3111 vicinus
1194 3047 1279 3101 est
1306 3033 1791 3109 quinquagenario,
1820 3028 1963 3101 quod

378 3134 449 3193 ad
470 3134 846 3192 remissionem
872 3132 1147 3203 pertineat
1170 3128 1412 3189 omnium
1442 3132 1813 3197 peccatorum,
1852 3136 1963 3189 nou

379 3227 552 3291 solum
581 3235 736 3295 vetus
763 3225 1067 3296 Scriptura,
1100 3222 1198 3281 sed
1244 3229 1298 3281 et
1340 3216 1641 3279 Salvatoris
1686 3216 1742 3271 in
1778 3213 1958 3281 Evan-

376 3318 710 3390 getiuverba
747 3317 1146 3379 demonstrant,
1198 3311 1427 3369 dicentis
1470 3328 1480 3362 :
1537 3308 1705 3381 «Duo
1750 3304 1960 3371 debito-

378 3424 472 3469 res
511 3417 672 3465 erant
690 3406 987 3464 feneratori
1010 3405 1257 3467 cuidam:
1286 3416 1425 3463 unus
1447 3399 1677 3463 debebat
1713 3395 1966 3465 denarios

380 3498 725 3570 quingentos,
764 3504 824 3552 et
860 3494 1001 3555 alius
1029 3490 1426 3563 quinquaginta
1460 3486 1613 3558 (Luc.
1665 3483 1789 3556 vn).
1824 3504 1844 3537 ι
1899 3482 1966 3543 Et

384 3604 578 3653 murus
603 3587 798 3645 dividit
836 3586 978 3642 inter
998 3580 1366 3641 sanctuarium
1397 3587 1453 3635 et
1486 3577 1631 3649 vulgi
1654 3577 1857 3633 locum.
1885 3573 1967 3629 Ex

374 3696 493 3754 quo
520 3678 872 3749 intelligimus
894 3690 1110 3733 omnem
1150 3686 1315 3741 supra
1339 3669 1519 3739 templi
1551 3666 1969 3739 descriptionem

385 3771 750 3839 sacerdotum,
789 3768 885 3839 qui
913 3773 1043 3825 sunt
1091 3763 1187 3821 ﬁlii
1218 3760 1416 3825 Sedes,
1448 3758 1617 3814 fuisse
1650 3754 1970 3823 ministeriis

386 3865 692 3935 delegatam
719 3881 733 3919 :
764 3863 913 3917 hunc
949 3868 1129 3924 autem
1176 3870 1412 3922 murum,
1456 3853 1549 3924 qui
1598 3858 1749 3907 tanto
1799 3846 1971 3919 spatio

391 3956 668 4023 dilatetur,
699 3962 756 4011 et
782 3954 1039 4011 universa
1068 3950 1387 4014 circumeat,
1431 3957 1686 4017 separare
1719 3946 1973 3997 sanctua-

392 4046 535 4117 rium
559 4054 616 4103 et
637 4045 785 4121 vulgi
808 4045 1010 4105 locum.

951 4174 1182 4234 CAPUT
1217 4170 1398 4230 XLIII.

408 4271 544 4345 Vidit
566 4272 843 4345 propheta
890 4270 1183 4345 claritatem
1233 4267 1334 4345 Dei
1375 4283 1397 4320 :
1433 4262 1611 4345 arguit
1652 4258 1875 4345 laticem

467 4327 621 4399 idolis
648 4327 757 4396 ita
773 4356 795 4392 :
825 4341 1128 4411 praecipitur
1155 4337 1422 4393 ostendere
1449 4327 1679 4411 ﬁgurant
1708 4327 1978 4411 {laeseri-

470 4415 699 4482 ptionem
738 4399 996 4482 idoipusgi'
1023 4410 1087 4467 de
1134 4422 1392 4482 masere
1427 4399 1612 4482 altaris
1657 4399 1980 4482 holocausta-

471 4469 610 4555 imm,
637 4489 684 4561 et
714 4479 777 4536 de
808 4469 910 4533 ritu
935 4469 1048 4548 ejus
1077 4484 1129 4532 et
1149 4475 1419 4546 sacriﬁciis
1440 4469 1694 4542 ejusdem.
1774 4478 1777 4483 '

1000 364 1061 419 Β.
1102 357 1359 425 mnam,
1392 348 1964 417 MAURI'ARCIIIEP.
2006 314 2312 403 uocum.
2352 330 2636 397 orenun
2677 328 2851 386 rans
2888 325 2952 381 ιι.

3516 316 3627 371 988

2100 453 2203 509 Fili
2232 448 2490 512 hominis,
2520 444 2669 501 locus
2697 441 2814 498 solii
2852 438 2959 493 mei
2995 442 3050 492 et
3088 427 3239 490 locus
3269 429 3626 500 vestigiorum

2046 568 2065 601 ι
2106 547 2301 620 pedum
2352 555 2621 603 meorum,
2670 536 2764 591 ubi
2809 533 2997 589 habito
3039 530 3096 585 in
3154 527 3336 583 medio
3388 522 3630 578 ﬁliorum

2045 658 2064 690 ι
2102 615 2266 692 Israel
2314 634 2369 689 in
2405 640 2693 687 mternum.
2723 627 2791 682 Et
2832 639 2941 681 non
2967 621 3211 705 polluerit
3243 617 3384 673 ultra
3433 615 3637 670 domus

2045 754 2065 789 ι
2105 733 2268 795 lsrael
2309 743 2503 785 nomen
2550 734 2795 783 sanctum
2829 732 3032 786 meum,
3094 715 3195 788 ipsi
3236 723 3292 770 et
3341 724 3505 782 reges
3533 722 3633 763 eo-

2048 844 2067 880 ι
2111 841 2230 881 rum
2278 822 2333 879 in
2365 817 2814 876 fornicationibus
2860 812 2996 879 suis,
3038 810 3183 866 etin
3226 804 3403 861 minis
3432 816 3631 872 regum

2047 938 2069 976 ι
2112 934 2333 983 suorum
2354 959 2368 985 ,
2400 924 2458 971 et
2496 915 2550 981 in
2579 910 2833 976 excelsis,
2868 906 2959 991 qui
2982 901 3255 969 fabricati
3284 905 3423 955 sunt
3465 896 3639 950 limen

2048 1032 2069 1068 ι
2112 1028 2268 1070 suum
2288 1011 2440 1083 juxta
2466 1007 2631 1071 limen
2656 1017 2859 1069 meum,
2893 1008 2947 1067 et
2980 1004 3165 1068 postes
3190 1007 3319 1049 suos
3337 990 3495 1062 juxta
3542 1002 3643 1059 pos

2047 1124 2068 1158 ι
2112 1111 2224 1161 stes
2253 1075 2424 1166 meos,
2450 1104 2504 1154 et
2532 1110 2721 1153 murus
2747 1098 2867 1147 erat
2912 1089 3055 1143 inter
3087 1099 3174 1141 me
3199 1090 3254 1138 et
3278 1096 3391 1138 eos.
3423 1079 3494 1134 Et
3519 1075 3642 1148 pol-

2049 1212 2070 1248 r
2115 1192 2331 1250 luerunt
2375 1204 2570 1249 nomen
2601 1193 2851 1245 sanctum
2884 1194 3067 1237 meum
3109 1178 3165 1233 in
3210 1169 3640 1230 abominationi-

2050 1303 2071 1338 ι
2115 1280 2240 1349 bus,
2269 1296 2401 1353 quas
2436 1279 2704 1342 fecerunt,
2748 1280 2972 1344 propter
3005 1267 3149 1339 quod
3187 1260 3505 1331 consumpsi
3544 1272 3645 1312 eos

2052 1394 2071 1430 ‹
2116 1374 2172 1433 in
2202 1350 2447 1431 iravmea.
2480 1368 2637 1425 Nunc
2663 1381 2794 1439 ergo
2820 1360 3085 1432 repellant
3106 1353 3299 1427 procul
3328 1350 3647 1407 fornicatio-

2053 1486 2073 1521 ‹
2117 1481 2241 1522 nem
2264 1477 2439 1529 suam,
2463 1468 2514 1516 et
2544 1460 2730 1514 ruinas
2760 1468 2948 1531 regum
2977 1463 3198 1506 suorum
3218 1462 3250 1502 a
3274 1458 3382 1509 me,
3410 1450 3468 1498 et
3489 1440 3650 1496 habi-

2056 1576 2074 1609 ς
2124 1556 2248 1611 tabo
2299 1554 2353 1609 in
2386 1552 2562 1607 medio
2599 1563 2786 1606 eorum
2837 1556 3071 1616 semper.
3111 1555 3129 1594 ι
3175 1534 3453 1612 (Ηὶετοη.)
3484 1533 3649 1587 Dica-

2048 1659 2169 1699 mus
2197 1642 2427 1697 strictim
2460 1640 2525 1695 de
2550 1636 2777 1709 singulis
2811 1641 3072 1706 quantum
3118 1624 3520 1698 explanationis
3549 1638 3650 1692 pax

2034 1735 2182 1813 titur
2208 1731 2515 1798 dillicultas,
2572 1743 2641 1784 ne
2680 1728 2806 1782 dum
2856 1723 3136 1780 studemus
3168 1716 3449 1781 brevitati,
3500 1713 3650 1768 vela-

1978 1824 2294 1893 Bmcntum
2353 1838 2461 1878 non
2512 1820 2685 1876 solum
2733 1815 2927 1888 Moysi,

2971 1812 3066 1868 sed
3095 1818 3151 1867 et
3187 1809 3471 1882 propheta:
3514 1805 3654 1860 Exeo

2049 1916 2241 1971 cliielis
2272 1920 2547 1970 remaneat
2580 1912 2633 1977 in
2669 1908 2847 1973 nobis,
2889 1905 2981 1976 qui
3013 1900 3260 1974 cupimus
3290 1897 3529 1954 revelata
3565 1894 3649 1949 fa-

2049 2007 2134 2063 cie
2159 2008 2444 2061 veritatem
2485 2002 2699 2059 Domini
2728 1995 3107 2067 contemplari.
3158 1992 3343 2049 Gloria
3389 2004 3521 2063 ergo
3553 1987 3650 2042 Dei

2051 2096 2219 2157 Israel
2266 2098 2565 2172 ingreditur
2604 2110 2704 2167 per
2742 2094 2885 2148 viam
2924 2087 3246 2147 orientalem
3272 2126 3286 2151 ,
3329 2098 3430 2155 per
3486 2097 3661 2153 quam

2053 2200 2108 2249 et
2134 2206 2352 2262 egressa
2381 2188 2575 2251 fuerat,
2602 2183 2818 2256 quando
2842 2181 3036 2238 civitas
3066 2177 3281 2233 Domini
3312 2174 3501 2229 furore
3529 2188 3654 2242 per-

2054 2296 2214 2337 cussa
2238 2287 2342 2335 est.
2371 2277 2677 2347 Ingreditur
2707 2282 2908 2339 autem,
2938 2272 3048 2327 imo
3072 2266 3382 2342 regreditur
3411 2264 3481 2318 ad
3504 2277 3652 2326 eam,

2055 2372 2181 2451 quia
2216 2369 2468 2441 templum
2505 2366 2715 2435 Domini
2761 2363 3087 2420 mdiﬁcatum
3145 2359 3201 2412 in
3258 2364 3446 2411 monte
3498 2367 3653 2407 mon-

2056 2448 2344 2520 straverat.
2378 2461 2445 2515 Et
2478 2467 2657 2514 tamen
2706 2456 2876 2512 multo
2904 2453 3025 2531 plus
3052 2458 3157 2517 est,
3185 2450 3329 2521 quod
3360 2448 3417 2500 in
3464 2458 3657 2500 conse-

2058 2557 2344 2634 quentibus
2390 2555 2627 2611 dicitnr:
2673 2549 2949 2619 qLevavit
3002 2560 3091 2602 me
3135 2544 3416 2616 Spiritus,
3464 2549 3522 2593 et
3571 2538 3659 2601 in--~

2058 2629 2297 2705 troduxit
2341 2662 2429 2713 me
2476 2646 2531 2700 in
2574 2643 2775 2699 atrium
2833 2639 3096 2696 exterius.
3159 2635 3229 2689 Et
3265 2647 3396 2688 ecce
3456 2629 3659 2700 repleta

2060 2747 2177 2795 erat
2217 2732 2385 2810 gloria
2427 2734 2640 2790 Domini
2672 2734 2883 2790 domus.
2923 2749 2942 2781 ι
3001 2728 3101 2797 Hic
3134 2725 3281 2783 enim
3315 2724 3490 2798 gloria
3538 2732 3660 2776 tan-

2062 2840 2177 2888 tum
2209 2800 2305 2883 Dei
2351 2827 2518 2893 Israel
2557 2824 2876 2897 ingreditur,
2910 2821 2984 2877 ibi
3028 2827 3209 2874 autem
3247 2816 3471 2883 dicitur,
3519 2813 3661 2887 quod
3724 2800 3747 2821 ⁹

2059 2920 2335 2993 plenitudo
2364 2917 2546 2990 gloria:
2576 2914 2791 2971 Domini
2822 2911 2988 2966 fuerit
3014 2909 3068 2964 in
3092 2906 3317 2977 templo.
3352 2904 3430 2960 De
3468 2919 3576 2974 qua
3602 2912 3660 2961 et

2062 3014 2230 3068 Isaias
2277 3010 2467 3067 scribit
2518 3027 2530 3061 :
2588 3028 2606 3061 ι
2651 3006 2773 3061 Vidi
2828 3004 3121 3060 Dominum
3168 2999 3452 3069 sedentem
3500 3011 3663 3068 super

2064 3104 2323 3159 thronum
2358 3100 2634 3169 excelsum
2664 3105 2719 3153 et
2744 3096 3013 3165 elevatum
3056 3092 3193 3166 (Isa.
3225 3090 3327 3163 v1).
3364 3110 3383 3142 ›
3413 3088 3485 3144 Et
3508 3087 3664 3160 plena

1988 3182 2033 3245 (Ξ
2064 3196 2251 3249 domus
2298 3192 2464 3263 gloria
2513 3190 2646 3261 ejus,
2697 3186 2912 3259 quando
2954 3170 3195 3241 revelata
3246 3180 3383 3236 facie
3425 3178 3665 3253 gloriam

2063 3288 2279 3345 Domini
2331 3284 2761 3356 contemplantes
2823 3279 3188 3347 reformantur
3241 3275 3294 3330 in
3358 3271 3665 3344 imaginem

2066 3382 2327 3440 creatoris
2365 3379 2451 3454 (Il
2488 3378 2610 3434 Cor.
2662 3374 2745 3448 ιι).
2788 3372 2905 3431 γωδ
2950 3385 3168 3454 quoque
3216 3374 3332 3424 erat
3368 3365 3470 3420 Dei
3510 3362 3666 3435 quasi

2067 3493 2164 3533 vox
2206 3452 2463 3548 aquarum
2500 3468 2791 3524 multarum
2837 3478 2857 3519 :
2887 3452 3131 3521 omnium
3185 3458 3398 3515 scilicet
3446 3457 3505 3512 in
3552 3463 3667 3527 toto

2067 3567 2198 3622 orbe
2247 3546 2589 3637 populorum,
2647 3565 2706 3629 ut
2733 3555 2969 3612 Joannes
3016 3550 3356 3623 evangelista
3408 3548 3597 3621 (Apoc.
3625 3546 3663 3617 ι)

2068 3658 2485 3726 interpretatur,
2523 3653 2636 3709 sive
2671 3648 2826 3721 quasi
2852 3663 2955 3704 vox
2988 3652 3294 3701 castrorum
3325 3651 3382 3696 et
3404 3641 3547 3696 sicut
3565 3648 3662 3695 vox

2069 3745 2463 3821 geminantium
2489 3742 2807 3805 multorum,
2825 3747 2887 3795 ut
2911 3732 3297 3795 exercitusDci
3327 3736 3663 3789 sacramenta

2070 3842 2440 3908 cognosceret.
2487 3830 2639 3900 Quod
2670 3828 2979 3901 intelligens
3003 3834 3059 3882 et
3106 3822 3277 3879 Iacob
3310 3820 3535 3879 vocavit
3568 3832 3662 3882 n0-

2072 3942 2199 3984 men
2240 3926 2383 3982 illius
2431 3925 2533 3980 loci
2577 3929 2760 3979 castra
2805 3917 2957 3991 (Gen.
3015 3915 3210 3987 χχχιι),
3262 3915 3328 3969 de
3375 3912 3582 3984 quibus
3614 3916 3667 3971 et

2076 4019 2205 4093 alibi
2249 4019 2513 4088 scriptum
2561 4024 2691 4072 est:
2749 4033 2770 4067 ‹
2804 4012 3011 4069 Currus
3049 4009 3146 4066 Dei
3196 4008 3387 4064 decem
3438 4004 3666 4063 millium

2075 4109 2357 4181 multiplex
2397 4108 2562 4167 millia
2598 4105 2895 4165 laetantium
2925 4101 3099 4174 (Psal.
3141 4098 3334 4171 vau).
3365 4117 3384 4149 ι
3423 4096 3548 4161 Una
3566 4111 3666 4169 au-

2080 4211 2193 4259 tem
2226 4217 2327 4269 vox
2379 4202 2578 4261 dicitur
2602 4208 2906 4257 castrorum
2937 4205 2991 4253 et
3026 4191 3423 4265 multitudinis,
3452 4197 3671 4261 manu

2079 4309 2249 4349 unum
2293 4293 2350 4349 in
2378 4292 2472 4347 Dei
2520 4292 2680 4349 laude
2726 4303 3074 4357 consensum,
3121 4287 3545 4360 geminaturque
3571 4297 3669 4347 rex

2084 4384 2396 4440 canentium
2423 4383 2573 4438 Patri
2601 4390 2657 4453 et
2690 4381 2830 4438 Filio
2854 4388 2910 4436 et
2952 4377 3181 4460 Spiritui
3228 4384 3446 4440 sancto,
3486 4394 3510 4447 ς
3540 4374 3672 4439 Sau-

1984 4524 2061 4561 m
2085 4485 2238 4544 ctus,
2290 4484 2509 4547 sanctus
2537 4517 2552 4543 ,
2599 4482 2820 4543 sanctus
2869 4471 3133 4543 Dominus
3182 4469 3326 4543 Deus
3388 4467 3671 4529 Sabaoth.

477 4610 498 4647 ς
536 4590 610 4647 Et
864 4605 953 4655 me
996 4590 1069 4653 ad
1098 4596 1344 4661 ραι-ιδεμ,
1387 4600 1507 4655 qua;
1544 4581 1870 4655 respiciebat
1915 4536 2061 4645 alain
2087 4536 2244 4665 plena
2296 4540 2379 4622 est
2416 4536 2561 4621 terra
2613 4536 2784 4638 gloria
2813 4536 2947 4635 ejus.
2983 4536 3120 4636 (Ira.
3162 4536 3322 4633 vr).'i
3380 4560 3669 4633 Sequitur:

406 4702 431 4737 ι
469 4682 615 4739 viam
652 4679 994 4745 orientalem.
1027 4680 1095 4751 Et
1118 4692 1247 4743 ecce
1275 4676 1446 4749 gloria
1470 4674 1585 4731 Dei
1618 4672 1784 4753 Israel
1812 4673 1985 4742 ingre-

407 4791 433 4833 ι
472 4774 726 4845 diebatur
748 4789 848 4846 per
872 4773 1017 4839 viam
1042 4769 1377 4837 orientalem,
1407 4777 1463 4829 et
1491 4783 1591 4824 vox
1617 4775 1736 4822 erat
1757 4764 1809 4823 ei
1829 4764 1985 4835 quasi

410 4886 433 4921 s
474 4884 580 4923 vox
601 4880 863 4936 aquarum
889 4864 1199 4929 multarum.
1225 4871 1281 4919 et
1306 4870 1450 4925 terra
1474 4857 1789 4931 splendebat
1813 4871 1844 4912 a
1870 4870 1985 4910 ma-

411 4980 434 5013 ι
468 4958 669 5031 jestate
695 4955 832 5026 ejus.
864 4956 933 5013 Et
958 4954 1066 5011 vidi
1097 4953 1359 5015 visionem
1400 4951 1695 5019 secundum
1748 4949 1985 5022 speciem

406 5071 433 5106 ι
477 5064 643 5122 quam
668 5047 929 5112 videram,
960 5046 1176 5116 quando
1209 5044 1357 5103 venit
1410 5051 1467 5101 ut
1495 5041 1829 5112 disperderet
1858 5038 1988 5095 civi-

413 5162 435 5195 s
481 5150 681 5209 tatem,
696 5147 752 5195 et
796 5137 1008 5210 species
1034 5135 1331 5195 secundum
1363 5141 1664 5204 aspectum,
1704 5145 1865 5201 quem
1911 5130 1990 5185 vi—

414 5250 438 5284 s
483 5232 668 5287 duram
691 5227 845 5309 iuxta
868 5227 1090 5289 ﬂuvium
1121 5225 1357 5287 Chobar.
1391 5224 1457 5281 Et
1504 5223 1674 5280 cecidi
1703 5238 1867 5293 super
1911 5220 1991 5281 (a-

416 5340 439 5375 ι
482 5320 621 5377 ciem
656 5335 835 5379 meam
877 5337 892 5376 :
928 5325 983 5379 et
1031 5317 1291 5388 maiestas
1344 5315 1556 5375 Domini
1616 5315 1861 5386 ingressa
1907 5319 1992 5369 est

420 5432 444 5467 σ
485 5410 741 5481 templum
788 5425 885 5483 per
938 5411 1084 5469 viam
1138 5416 1328 5481 portae,
1386 5423 1507 5479 quae
1545 5407 1867 5477 respiciebat
1922 5404 1991 5463 ad

374 5580 377 5585 ⁴
420 5524 442 5563 ι
480 5505 770 5561 orientem.
792 5504 860 5561 Et
892 5503 1091 5561 levarit
1110 5517 1199 5559 me
1228 5501 1471 5573 spiritus,
1504 5506 1558 5555 et
1583 5497 1884 5565 introduxit
1907 5511 1993 5553 me

420 5619 444 5654 ι
488 5600 541 5654 in
575 5598 774 5655 atrium
821 5598 1081 5654 exterius.
1134 5596 1203 5650 Et
1237 5608 1365 5653 ecce
1421 5591 1625 5662 repleta
1676 5596 1796 5645 erat
1823 5588 1993 5661 gloria

423 5708 449 5746 ι
488 5689 702 5747 Domini
746 5690 961 5747 domus.
1008 5688 1077 5743 Et
1124 5686 1305 5743 audivi
1338 5686 1646 5758 loquentem
1693 5683 1759 5739 ad
1804 5698 1890 5739 me
1931 5684 1996 5741 de

422 5804 451 5854 ί
488 5786 668 5847 domo.
692 5783 764 5842 Et
792 5782 877 5840 vir
903 5781 998 5858 qui
1024 5781 1204 5840 stabat
1237 5781 1393 5856 juxta
1422 5794 1532 5848 me,
1576 5768 1713 5837 dixit
1751 5778 1816 5834 ad
1859 5792 1946 5837 me
1978 5794 1992 5834 :

2097 4681 2115 4713 ι
2150 4661 2217 4733 Et
2254 4669 2400 4717 terra
2427 4660 2741 4732 Splendebat
2767 4675 2797 4714 a
2824 4658 3111 4730 majestate
3132 4655 3292 4726 eius;
3325 4673 3346 4707 ι
3382 4653 3531 4729 quod
3554 4668 3677 4731 μω-

2088 4752 2206 4827 prie
2233 4753 2286 4809 in
2316 4754 2549 4810 adventu
2580 4750 2782 4809 Christi
2804 4750 3005 4813 factum
3033 4757 3138 4815 est,
3164 4746 3383 4818 quando
3422 4763 3441 4796 ι
3474 4746 3535 4815 in
3572 4748 3679 4801 om-

2092 4861 2218 4914 nem
2241 4853 2443 4901 terram
2465 4844 2633 4903 exivit
2657 4843 3024 4916 apostolorum
3049 4854 3234 4909 sonus,
3260 4847 3321 4899 et
3341 4838 3399 4893 in
3430 4836 3571 4894 lines
3593 4852 3675 4891 or-

2091 4937 2177 4993 bis
2210 4946 2477 4993 terrarum
2511 4936 2679 4991 verba
2705 4949 2893 4991 eorum
2919 4930 3091 5004 (Psal.
3137 4929 3318 5002 xvm).
3350 4948 3370 4982 ›
3400 4926 3676 4996 Quotidie

2095 5049 2200 5107 que
2230 5022 2479 5105 impletur
2508 5032 2561 5088 in
2589 5029 2961 5096 credentibus,
3003 5035 3062 5083 et
3103 5026 3172 5085 ad
3197 5023 3506 5097 perfectum
3534 5036 3680 5091 oorp-

2095 5125 2351 5199 plebitur,
2393 5123 2606 5197 quando
2635 5121 3005 5192 corruptivum
3038 5118 3143 5175 hoc
3164 5116 3405 5175 induerit
3434 5115 3681 5172 incorru-

2096 5218 2356 5295 ptionem,
2388 5226 2444 5272 et
2476 5214 2704 5276 mortale
2734 5212 2878 5279 istud
2901 5210 3063 5267 fuerit
3084 5207 3497 5271 immortalitate
3522 5205 3681 5277 vesti-

2098 5322 2234 5370 tum.
2263 5311 2415 5380 Quod
2431 5320 2610 5373 autem
2634 5307 2897 5367 infertur:
2928 5325 2947 5359 ‹
2972 5304 3043 5361 Ει
3060 5304 3173 5359 vidi
3200 5302 3471 5361 visionem
3489 5313 3681 5357 secun-

2097 5406 2224 5461 dum
2259 5404 2493 5473 speciem
2515 5394 2677 5473 quam
2697 5399 2963 5463 videram,
2978 5394 3196 5467 quando
3218 5391 3371 5449 venit
3390 5400 3450 5449 ut
3470 5389 3679 5460 disper-

2098 5496 2250 5554 deret
2294 5496 2587 5559 civitatem,
2622 5511 2641 5545 »
2672 5506 2772 5563 pro
2821 5503 2930 5562 quo
2977 5484 3331 5557 Septuaginta
3381 5476 3678 5547 transtule-

2096 5594 2227 5645 runt
2270 5626 2284 5652 ,
2326 5604 2344 5638 ι
2392 5584 2607 5655 quando
2651 5582 2926 5653 ingressus
2973 5592 3115 5643 sum,
3170 5583 3231 5631 ut
3281 5586 3552 5644 ungerent
3603 5568 3680 5629 ei-

2098 5681 2340 5746 vitatem,
2390 5698 2413 5732 ι
2467 5692 2593 5733 cum
2628 5673 2785 5746 juxta
2829 5670 3155 5728 Hebraicum
3198 5665 3550 5738 perspicuum
3590 5662 3677 5725 ait.
3734 5658 3741 5663 ’

2092 5773 2248 5851 juxta
2296 5769 2645 5844 Septuaginta
2694 5766 2985 5839 plurimam
3038 5759 3432 5821 obscuritatem
3482 5754 3678 5825 ὕων
