3908 6356
220 312 318 371 907

1126 304 1484 364 COIBIENT.
1525 303 1591 358 1N
1630 299 2085 359 EZECEIELEMJ
2119 326 2189 355 -ττ
2226 296 2354 359 υΒε
2394 294 2558 360 ΧΥΙΙ.
2646 348 2651 355 .

3326 352 3329 359 ,
3364 285 3479 357 998

221 436 321 492 que
345 417 574 478 oﬂ'ertur
590 419 810 476 victima
842 426 900 475 et
919 417 1079 474 datur
1108 415 1480 473 sacerdotibus
1514 412 1580 471 dc
1604 426 1815 481 genere
1826 416 1877 476 Α
1905 421 2111 479 genere
2133 406 2201 464 ad
2245 405 2605 477 expiationem
2659 403 3476 489 immunditiamtumstrarum

219 500 345 570 Levi
362 555 379 582 ,
401 513 495 586 qui
514 520 643 569 sunt
664 514 731 570 de
758 526 957 584 genere
977 511 1170 567 Sadoc.
1195 506 1539 580 Oﬂ‘erturque
1566 506 1795 573 vitulus;
1858 548 1865 555 .

176 646 181 651 ι
221 608 444 663 vitulum
472 615 654 663 autem
675 606 768 678 qui
796 607 896 677 pro
919 605 1075 660 nobis
1104 602 1417 659 immolatus
1437 608 1541 667 est,
1557 611 1613 655 et
1632 599 1803 655 multa

221 696 621 769 Scripturarum
639 695 777 760 loca,
797 703 852 752 et
864 695 1136 766 praecipue
1146 692 1409 748 Barnaba:
1421 689 1667 762 epistola,
1682 704 1803 761 quas
1858 710 1869 749 :

220 784 447 844 habetur
470 787 616 843 inter
634 787 933 857 scripturas
952 783 1309 857 apocryphas,
1333 782 1595 838 nominat.
1610 781 1678 836 Et
1690 770 1805 836 hir-

178 922 183 927 .
222 895 314 934 cus
335 893 625 950 caprarum
648 877 885 933 secundo
899 875 1123 932 oﬁ‘ertur
1136 873 1226 930 die
1243 892 1256 928 :
1272 874 1415 931 unde
1432 882 1489 929 et
1508 872 1711 945 pascha
1722 870 1806 928 fa-

222 954 360 1023 cturi
384 975 666 1024 assumunt
684 966 750 1024 de
770 976 933 1039 grege
953 980 1151 1039 agnum
1170 972 1227 1020 et
1244 964 1457 1020 haedum
1476 972 1563 1020 :et
1581 963 1672 1035 qui
1692 962 1804 1034 pri-

226 1074 366 1113 mum
391 1049 594 1129 pascha
618 1056 799 1114 facere
817 1072 927 1113 non
943 1064 1257 1128 potuerunt,
1281 1057 1337 1112 in
1362 1055 1599 1112 secundo
1619 1069 1804 1111 mense

222 1146 448 1217 faciunt,
477 1156 709 1221 quorum
736 1148 967 1206 alterum
989 1148 1058 1205 ad
1078 1148 1255 1219 justus
1278 1148 1548 1218 pertinet,
1583 1155 1637 1202 et
1672 1145 1805 1203 alte-

172 1280 183 1289 ,
226 1253 342 1293 rum
388 1237 460 1294 ad
500 1237 848 1309 pcenitentes.
876 1234 1055 1308 (Ιεὶά.)
1085 1235 1223 1304 Quia
1269 1237 1414 1293 enim
1442 1236 1690 1297 Christus
1720 1250 1805 1293 se-

222 1329 461 1409 cundum
490 1345 710 1386 carnem
736 1331 805 1387 de
835 1322 1055 1397 Iudaeis,
1097 1330 1197 1401 qui
1215 1332 1315 1387 sub
1341 1329 1471 1403 iugo
1498 1330 1633 1403 legis
1660 1330 1807 1387 vive-

221 1416 372 1486 bant,
398 1432 550 1477 ortus
589 1430 693 1487 est,
740 1430 890 1479 recte
927 1421 1080 1477 vituli
1117 1420 1446 1477 sacriﬁcium
1472 1421 1800 1479 nominatur.

182 1556 185 1559 .
224 1507 322 1578 Qui
360 1506 542 1567 autem
568 1512 865 1570 secundum
901 1513 1044 1584 quod
1081 1512 1399 1569 incarnatus
1424 1519 1544 1569 erat
1566 1513 1634 1568 de
1658 1526 1806 1570 com-

224 1606 372 1662 muni
400 1621 581 1663 massa
610 1607 891 1665 hominum
930 1606 1113 1665 factus
1138 1615 1243 1673 est,
1282 1614 1573 1677 propterea
1615 1620 1806 1662 rursus

226 1697 408 1756 hircus
447 1700 760 1771 appellatur.
789 1700 1056 1771 Asperum
1094 1700 1240 1754 enim
1285 1699 1390 1754 hoc
1424 1697 1626 1754 animal
1662 1698 1805 1769 pilo-

1903 498 2116 557 obtulit.
2168 497 2410 566 Quarum
2430 495 2942 555 immunditiarum?
2969 496 3025 555 id
3050 505 3133 555 est
3158 515 3178 548 ι
3213 510 3245 555 a
3272 510 3478 569 praeva-

1902 588 2250 647 ricationibus
2297 603 2509 656 eorum,
2556 587 2754 659 inquit,
2797 589 3115 661 cunctisque
3155 589 3425 669 peccatis.r
3452 606 3472 641 ι

1900 676 2107 740 Anima:
2135 680 2337 753 quippe
2365 678 2705 737 inmunditia
2737 694 2847 737 non
2873 672 3070 738 mortui
3094 677 3346 752 pollutio,
3370 695 3478 735 non

1900 775 2157 849 porcinus
2182 773 2365 840 cibus,
2411 755 2519 828 non
2557 772 2835 844 quippiam
2884 762 3030 827 aliud
3068 770 3245 829 simile
3296 777 3493 841 nocet,

1901 872 1998 930 sed
2030 883 2230 927 nocere
2277 866 2526 938 proximo
2548 872 2633 923 est
2672 872 2730 921 et
2770 876 3000 936 peccare
3044 863 3100 919 in
3150 861 3363 937 Deum,‘
3395 856 3480 917 vel

1904 967 2159 1023 mandata
2206 958 2304 1021 Dei
2351 970 2719 1019 contemnere.
2779 954 3091 1032 (Hierom)
3158 958 3255 1016 Sin
3303 968 3487 1035 autem

1902 1055 2051 1114 LXX
2073 1055 2230 1114 nobis
2271 1052 2644 1124 interpretatio
2667 1049 2866 1122 placet,
2894 1050 2989 1121 qui
3023 1049 3292 1116 dixerunt,
3334 1070 3354 1107 ι
3385 1042 3487 1125 Die

1904 1155 2084 1205 autem
2120 1143 2357 1203 secundo
2385 1141 2571 1198 tollent
2596 1140 2780 1198 haedos
2810 1139 2949 1196 duos
2975 1138 3355 1197 immaculatos
3382 1155 3481 1211 pro

1902 1247 2148 1313 peccato,
2165 1258 2186 1290 I
2204 1236 2382 1293 audax
2404 1233 2620 1306 quidem
2647 1238 2735 1289 est
2759 1230 2906 1304 quod
2926 1230 3125 1287 dicturi
3152 1246 3358 1298 sumus,
3388 1231 3487 1289 sed

1904 1337 2088 1387 tamen
2132 1329 2361 1387 aliorum
2415 1324 2734 1396 simpliciter
2779 1322 3027 1394 ponenda
3068 1322 3339 1381 sententia
3382 1330 3487 1389 est,

1904 1421 1999 1492 qui
2028 1419 2174 1476 aiunt
2203 1422 2337 1476 duos
2362 1414 2547 1473 haedos
2594 1406 2969 1473 immaculatos
3019 1418 3243 1486 propter
3276 1413 3487 1487 passio-

1866 1570 1867 1573 η
1907 1528 2032 1571 nem
2059 1512 2272 1569 Domini
2294 1509 2505 1569 oblatos
2524 1522 2649 1567 esse
2672 1504 2741 1568 ad
2768 1508 2939 1565 altare
2966 1507 3200 1577 Domini,
3224 1496 3489 1589 dacobum
3556 1552 3563 1557 .

1908 1612 1965 1663 et
1979 1602 2334 1675 Stephanum,
2349 1616 2581 1672 quorum
2602 1594 2740 1656 alter
2759 1600 2828 1656 de
2855 1597 3220 1670 apostolorum
3239 1604 3487 1667 numero,

1911 1693 2048 1753 alter
2072 1694 2143 1752 de
2165 1704 2375 1766 septem
2399 1692 2585 1750 electis
2614 1693 2670 1748 in
2699 1692 3061 1750 ministerium
3103 1690 3319 1748 Domini
3344 1692 3492 1763 prin-

225 1803 344 1844 rum
394 1789 770 1845 indumentum
815 1790 975 1861 gerit,
1010 1804 1266 1858 asperum
1311 1797 1373 1844 ut
1418 1796 1545 1859 pote
1579 1786 1885 1859 peccatdzn
1909 1802 2037 1859 ceps
2092 1786 2213 1843 fuit.
2274 1783 2383 1842 Iste
2424 1792 2509 1843 est
2575 1782 2812 1841 Jacobus
2877 1783 2971 1854 qui
3042 1781 3491 1841 transformatum

224 1878 481 1935 refertum
501 1895 661 1936 omne
689 1881 989 1937 viventium
1014 1895 1205 1951 genus,
1231 1878 1360 1950 quia
1385 1878 1523 1935 nihil
1559 1888 1644 1935 est
1683 1892 1810 1950 pec-

224 1978 344 2026 cato
378 1970 643 2041 asperius.
684 1970 837 2029 Unde
860 1971 964 2028 hoc
986 1980 1175 2043 aperte
1207 1972 1508 2043 approbare
1532 1970 1811 2043 legislator

224 2057 408 2114 volens
439 2077 452 2114 :
483 2079 502 2112 ί
533 2060 776 2130 Cumque
811 2061 1156 2128 mactaverit,
1206 2061 1402 2131 inquit,
1456 2061 1668 2118 hircum
1702 2066 1810 2132 pro

223 2158 443 2220 peccato
473 2150 674 2221 populi,
707 2171 727 2204 ι
755 2160 928 2208 totum
954 2152 1045 2208 hic
1068 2152 1373 2225 intelligens
1402 2153 1697 2208 humanum
1719 2168 1811 2224 ge-

210 2257 344 2307 nus,
374 2240 517 2311 quod
544 2242 818 2312 quondam
862 2258 973 2300 non
1005 2236 1260 2314 populus,
1287 2258 1432 2298 nunc
1471 2243 1720 2314 populus,
1742 2259 1810 2299 ex

222 2348 330 2404 quo
360 2334 424 2391 de
469 2335 628 2391 nobis
658 2335 930 2407 primitias
966 2326 1125 2391 Iesus
1169 2335 1437 2405 suscepit;
1468 2349 1596 2405 ergo
1623 2343 1685 2390 ut
1720 2335 1812 2391 de-

223 2436 550 2483 monstraret
572 2428 638 2484 de
671 2416 874 2484 Iudaeis
899 2429 1117 2499 quidem
1146 2424 1514 2501 principaliter
1534 2429 1811 2485 Christum

221 2526 444 2589 propter
480 2510 758 2575 Abraham
789 2521 1168 2593 cognationem
1197 2535 1334 2587 esse,
1368 2521 1671 2578 sedtamen
1685 2537 1809 2577 om-

223 2610 308 2666 nis
356 2619 555 2666 uostra:
600 2621 828 2680 naturae,
867 2628 988 2683 quae
1030 2614 1086 2668 in
1132 2616 1360 2684 peccato
1392 2619 1495 2679 est,
1545 2612 1811 2682 primitias

222 2713 463 2776 portare,
507 2715 731 2776 propter
755 2708 901 2777 quod
928 2714 986 2764 et
1014 2696 1188 2763 Adam
1236 2706 1538 2777 appellatus
1579 2715 1662 2761 est
1686 2724 1701 2760 :
1731 2706 1812 2761 vi-

223 2797 393 2854 tulum
438 2799 599 2854 simul
622 2801 914 2857 et-hircum
943 2800 1031 2857 lex
1060 2802 1130 2857 ad
1156 2800 1386 2872 ﬁguram
1408 2792 1661 2855 sacriﬁcii
1696 2799 1811 2868 ejus

220 2889 535 2958 assumpsit.
560 2882 698 2945 Cum
725 2900 906 2946 autem
951 2907 1121 2948 unum
1147 2892 1219 2947 sit
1240 2890 1568 2948 sacriﬁcium
1597 2890 1712 2947 sive
1735 2892 1812 2946 vi-

224 2977 387 3044 tulus,
438 2980 554 3034 sive
600 2980 786 3036 hircus
831 2983 1163 3050 nominetur,
1203 2982 1532 3054 eﬁ‘ectusque
1574 2998 1715 3039 unus
1755 2984 1811 3039 in

220 3075 510 3138 utrumque
552 3070 622 3126 sit
672 3069 1052 3142 (peccatorum
1098 3074 1243 3129 enim
1277 3087 1346 3128 ex
1391 3088 1457 3129 eo
1494 3072 1812 3146 proﬂigatur

1909 1868 2247 1934 Salvatorem
2274 1866 2410 1932 vidit
2454 1875 2510 1931 in
2537 1878 2743 1943 monte,
2790 1875 2882 1945 qui
2911 1882 3285 1947 resurgentem
3323 1874 3492 1937 ﬁliam

1907 1966 2337 2042 Archisynagogi
2386 1983 2512 2025 cum
2576 1964 2806 2024 Domino
2863 1958 3136 2038 Petroque
3185 1974 3241 2025 et
3283 1966 3493 2027 Joanne

1908 2054 2134 2118 intuitus
2179 2070 2294 2127 est,
2346 2060 2439 2132 qui
2488 2059 2545 2117 in
2591 2060 2852 2137 καταλόγῳ
2879 2056 3271 2134 apostolorum,
3302 2061 3495 2134 inquo

1908 2150 2035 2211 bina
2072 2152 2374 2227 junguntur
2396 2152 2632 2221 nomina,
2653 2153 2805 2225 prior
2837 2150 3009 2210 fratre
3051 2154 3293 2224 ponitur.
3318 2152 3495 2213 Hunc

1910 2240 2185 2303 interfecit
2227 2245 2490 2314 Herodes,
2537 2252 2594 2301 et
2640 2246 2798 2317 quasi
2825 2236 3041 2302 haedum
3088 2245 3497 2302 immaculatum

1910 2348 2031 2412 post
2054 2340 2360 2410 passionem
2389 2337 2687 2396 Salvatoris
2704 2330 2762 2395 in
2788 2338 2876 2395 die
2903 2326 3207 2395 immolavit
3235 2338 3495 2397 secunda.

1910 2420 2246 2504 Stephanum
2298 2448 2515 2505 quoque
2543 2431 2697 2503 cujus
2723 2430 3002 2505 sapientia:
3048 2444 3212 2505 atque
3239 2434 3500 2491 doctrinae

1911 2522 2092 2581 nullus
2119 2532 2333 2595 poterat
2359 2523 2636 2589 resistere,
2667 2533 2724 2580 et
2756 2524 2848 2595 qui
2879 2520 3114 2581 stantem
3142 2518 3278 2580 vidit
3300 2514 3497 2581 Filium

1908 2612 1980 2672 ad
2009 2615 2286 2672 dexteram
2314 2602 2513 2683 Patris,
2536 2625 2592 2671 et
2618 2612 2773 2681 dixit,
2798 2634 2816 2668 ι
2842 2614 3068 2671 Domine
3095 2610 3222 2673 Jesu
3241 2656 3258 2683 ,
3287 2616 3502 2687 suscipe

1911 2708 2158 2780 spiritum
2175 2725 2377 2776 meum,
2399 2730 2417 2761 ι
2438 2709 2701 2781 lapidibus
2711 2709 2944 2766 obruere
2958 2702 2987 2764 ,Ι
2993 2699 3130 2766 ιιόωἰ
3143 2708 3281 2783 (Act.
3297 2700 3498 2783 vr,vn).

1913 2800 1985 2856 Et
2010 2801 2283 2870 quomodo
2309 2801 2572 2870 quosdam
2599 2801 2939 2858 credentium
2976 2802 3250 2873 primitias
3279 2800 3503 2858 Achaia:

1913 2900 1968 2947 et
1992 2886 2135 2946 Asiae
2160 2888 2449 2961 Apostolus
2477 2891 2721 2947 nominat
2759 2891 2833 2965 (1.
2879 2890 3004 2947 Cor.
3034 2886 3168 2965 xvi),
3224 2893 3307 2949 sic
3328 2901 3385 2948 et
3410 2892 3504 2949 isti

1910 2983 2166 3056 primitiae
2188 2978 2339 3040 fuere
2386 2992 2690 3055 martyrum
2711 2992 2847 3055 quos
2887 2983 3093 3040 Christi
3139 2994 3330 3055 postea
3371 3000 3502 3041 con-

1916 3069 2086 3131 fessio
2133 3072 2441 3129 coronavit.
2495 3072 2565 3128 Et
2606 3068 2712 3130 hoc
2761 3072 3057 3129 notandum
3104 3066 3248 3144 quod
3299 3073 3502 3129 vitulus

221 3157 509 3232 absolutio)
561 3163 869 3218 necessarie
919 3164 1229 3219 communia
1278 3168 1405 3221 sunt
1457 3179 1521 3221 ea
1577 3181 1697 3236 quae
1750 3166 1807 3222 in
1831 3158 1879 3224 C
1912 3174 2056 3222 totus
2081 3163 2307 3222 oﬁ‘ertur
2337 3166 2394 3220 in
2430 3160 2826 3232 holocaustum,
2875 3174 2932 3220 et
2958 3164 3265 3222 crassitudo
3310 3180 3506 3237 corpo-

223 3250 374 3307 hirco
395 3262 629 3323 aguntur
650 3262 708 3309 et
731 3256 921 3312 vitulo.
954 3255 1145 3312 Cernis
1172 3258 1319 3313 enim
1355 3258 1450 3329 qui
1480 3258 1695 3314 hircum
1714 3273 1807 3315 oc-

222 3342 407 3401 cidens
427 3352 552 3400 ante
572 3345 860 3401 Dominum
883 3338 1135 3424 videlicet
1152 3346 1393 3416 Patrem,
1412 3357 1469 3404 et
1488 3350 1809 3422 sanguinem

220 3426 460 3490 inferens
478 3434 540 3489 in
566 3435 828 3491 interiora
854 3438 1162 3507 velaminis,
1184 3440 1240 3495 id
1263 3449 1369 3508 est,
1394 3442 1460 3498 ad
1481 3440 1720 3498 Patrem.
1744 3442 1812 3497 Et

219 3525 404 3594 expiet
427 3527 801 3582 sanctuarium
819 3528 889 3584 ab
915 3529 1273 3588 immunditiis
1293 3516 1529 3589 ﬁliorum
1556 3533 1743 3601 Israel,
1758 3544 1813 3589 et

220 3634 254 3672 a
280 3615 818 3688 praevaricationibus
854 3635 1047 3677 eorum
1083 3624 1401 3695 cunctisque
1439 3625 1697 3695 peccatis.
1720 3624 1814 3681 Vi-

222 3708 378 3765 detur
400 3709 619 3780 quidem
641 3710 707 3767 de
728 3711 1076 3769 tabernaculo
1098 3715 1299 3771 dicere.
1322 3714 1465 3771 Dicit
1501 3722 1682 3771 autem
1704 3731 1812 3773 non

223 3800 289 3854 de
314 3814 399 3868 eo,
433 3800 527 3872 qui
547 3803 732 3858 sensui
746 3804 999 3875 subjacet
1017 3805 1169 3878 (quid
1185 3806 1334 3863 enim
1352 3807 1681 3879 expiationis
1717 3823 1813 3865 seu

219 3892 619 3963 propitiationis
644 3904 889 3965 agerent,
918 3897 1117 3967 quidve
1150 3898 1322 3970 pelles
1361 3898 1447 3955 vel
1486 3894 1715 3971 reliqua,
1744 3916 1813 3956 ex

222 3983 418 4052 quibus
441 3984 849 4041 tabernaculum
868 3985 1180 4045 Judzeorum
1202 3989 1349 4060 quod
1368 3991 1551 4046 sensui
1568 3991 1815 4062 subjace-

220 4077 337 4142 bat,
354 4076 661 4139 confectum
675 4092 766 4133 era
774 4078 814 4150 ι)
834 4079 930 4135 sed
942 4081 1352 4151 generalitatem
1366 4084 1481 4138 sive
1492 4091 1665 4138 totam
1683 4078 1816 4138 dicit

223 4168 506 4225 hominum
520 4160 777 4239 speciem.
797 4169 995 4225 Sancta
1008 4172 1153 4226 enim
1165 4171 1269 4226 fuit
1280 4170 1348 4228 ab
1362 4172 1518 4228 initio
1532 4188 1712 4230 massa
1727 4190 1819 4231 no-

220 4269 359 4326 stra,
376 4259 452 4314 ita
471 4268 530 4313 ut
553 4259 651 4314 Dei
684 4259 741 4315 in
763 4275 829 4316 ea
855 4261 1128 4319 habitaret
1164 4262 1403 4334 spiritus.
1436 4264 1589 4333 Quod
1603 4266 1819 4323 deurun-

1908 3254 1987 3314 ris
2015 3257 2131 3328 ejus
2173 3256 2359 3313 divino
2398 3255 2522 3328 igne
2553 3256 2910 3312 consumitur.
2942 3246 3057 3311 Etsi
3095 3254 3243 3309 enim
3276 3268 3506 3311 novera-

1909 3363 2032 3407 mus
2050 3348 2349 3413 Christum,
2380 3338 2475 3403 sed
2489 3342 2604 3416 jam
2625 3361 2771 3403 nunc
2796 3362 2907 3402 non
2933 3346 3182 3402 novimus
3207 3347 3505 3403 secundum

1908 3456 2151 3498 carnem.
2190 3439 2424 3498 Jacobus
2457 3447 2638 3495 autem
2675 3444 2732 3493 e‘t
2769 3424 3104 3510 Stephanus,
3137 3438 3231 3509 qui
3269 3437 3508 3495 secunda

1911 3533 2000 3588 die
2043 3531 2208 3588 oblati
2254 3541 2398 3599 sunt,
2453 3531 2569 3587 sive
2604 3528 2814 3598 hircus,
2837 3530 2933 3601 qui
2972 3530 3132 3603 juxta
3176 3529 3503 3588 Hebraicum

1913 3636 2185 3693 narratur,
2237 3626 2462 3683 offertur
2489 3625 2708 3696 quidem
2753 3616 2811 3681 in
2860 3626 3080 3683 victima
3110 3626 3204 3683 sed
3247 3626 3507 3685 holocau.

1916 3727 2057 3776 stum
2109 3720 2412 3791 praesentiae
2458 3718 2670 3775 Domini
2741 3727 3071 3775 reservatur.
3122 3718 3277 3787 Quod
3323 3728 3507 3775 autem

1916 3798 2127 3866 tollitur
2152 3811 2373 3882 sanguis
2402 3811 2468 3867 de
2514 3824 2623 3880 quo
2658 3798 2897 3880 loquitur
2932 3809 3165 3867 Petrus:
3228 3828 3248 3862 ι
3276 3809 3510 3868 Redem-

1916 3900 1995 3972 ι)ὶί
2045 3917 2231 3957 sumus
2268 3904 2335 3957 ex
2374 3917 2513 3957 vana
2558 3910 2756 3957 nostra
2806 3904 3220 3961 conversatione
3269 3910 3511 3976 paterna:

1918 3993 2226 4049 traditionis
2268 3993 2510 4064 pretioso
2558 3984 2819 4065 sanguine
2882 3992 3088 4050 Christi
3142 3984 3203 4068 (1
3242 3990 3390 4050 Petr.
3443 3993 3506 4066 ι).

1916 4072 1989 4141 Et
2015 4076 2216 4140 Paulus
2240 4087 2521 4156 apostolus
2542 4086 2738 4142 docet:
2774 4104 2793 4137 ι
2829 4074 3013 4143 Pretio
3059 4086 3339 4158 redempti
3373 4086 3509 4142 estis

1921 4176 1989 4249 (Ι
2020 4176 2142 4231 Cor.
2175 4175 2306 4248 vn).
2346 4197 2365 4230 ι
2400 4178 2468 4231 Et
2494 4179 2550 4232 in
2579 4178 2686 4234 alio
2706 4177 2864 4234 loco:
2908 4195 2927 4231 ι
2955 4178 3151 4235 Pacem
3180 4176 3390 4236 faciens
3414 4195 3511 4251 per

1921 4267 2237 4339 sanguinem
2269 4267 2447 4323 crucis
2471 4282 2602 4335 suae,
2635 4268 2750 4324 sive
2777 4269 2834 4324 in
2858 4275 3036 4337 terra,
3066 4269 3182 4327 sive
3210 4285 3373 4343 super
3398 4285 3512 4328 cce-

232 4356 430 4407 ttratur
454 4364 520 4404 ex
540 4364 606 4406 eo
631 4351 774 4422 quod
799 4350 1015 4407 auferre
1049 4352 1183 4409 illud
1211 4352 1453 4411 irascens
1474 4355 1715 4412 minatus
1736 4364 1821 4414 est
1921 4363 2003 4421 los
2034 4362 2265 4436 (Coloss.
2301 4362 2406 4436 1).»
2436 4363 2572 4419 [llud
2608 4364 2878 4437 signiﬁcat
2906 4365 3051 4436 quod
3088 4366 3353 4438 sanguine
3387 4365 3481 4427 Sal

221 4440 393 4508 Deus,
407 4443 692 4514 quandohi
714 4445 809 4515 qui
822 4460 891 4501 ex
909 4442 1043 4501 Seth
1057 4447 1616 4517 descendebant,cum
1635 4459 1820 4507 essent
1845 4518 1888 4526 ᾳ
1923 4456 2131 4511 vatoris
2158 4463 2395 4526 quatuor
2418 4470 2625 4511 cornua
2673 4456 3029 4526 puriﬁcentur
3076 4455 3285 4523 altaris,
3336 4455 3391 4514 id
3428 4467 3512 4516 est

215 4531 386 4611 justi,
418 4544 476 4589 et
502 4534 597 4591 ﬁlii
626 4536 723 4592 Dei
748 4536 1195 4608 appellarentur,’
1224 4539 1671 4610 concupiscentes
1719 4528 1815 4598 eas
1845 4518 1899 4581 D
1924 4518 2193 4617 quatuor-
2211 4546 2399 4602 mundi
2426 4546 2618 4619 plagze.
2673 4518 3107 4619 aspergiturque
3135 4518 3337 4604 corona
3370 4542 3513 4621 'pro-

222 4640 345 4696 quae
369 4624 570 4681 etﬁliae
589 4627 873 4683 hominum
891 4627 1232 4695 dicebantur,
1270 4630 1429 4685 unius
1448 4632 1667 4702 generis
1687 4647 1813 4687 cum
1917 4637 2199 4708 pitiatorii,
2252 4638 2370 4693 sive
2414 4637 2574 4693 bases
2620 4652 2718 4708 per
2762 4638 3050 4694 circuitum
3077 4677 3095 4703 ,
3146 4645 3206 4693 ut
3253 4636 3508 4694 universa

222 4717 386 4773 malis
414 4724 469 4772 et
492 4717 690 4787 iniquis
712 4708 893 4774 efl'ecti
921 4727 1067 4774 sunt.
1090 4720 1241 4774 Dixit
1267 4721 1412 4775 enim
1437 4722 1518 4777 sie
1540 4740 1553 4776 :
1575 4743 1592 4777 ‹
1618 4723 1817 4779 Viden-
1915 4736 2235 4800 purgentur,
2265 4736 2322 4784 et
2350 4728 2507 4782 ﬁrma
2537 4729 2610 4783 sit
2648 4726 2980 4797 propitiatio.
3010 4726 3301 4798 Propterea
3328 4737 3512 4785 autem

223 4820 307 4868 tes
333 4810 431 4866 ﬁlii
480 4808 578 4865 Dei
608 4809 749 4887 tilias
799 4810 1080 4867 hominum
1130 4812 1273 4882 quod
1321 4822 1505 4868 essent
1553 4813 1813 4883 pulchrae,

223 4909 555 4973 acceperunt
588 4901 692 4958 sibi
719 4917 919 4960 uxores
941 4916 1013 4958 ex
1034 4903 1288 4959 omnibus
1335 4918 1473 4974 quas
1517 4904 1811 4975 elegerant.

220 4993 295 5049 Et
324 4993 463 5049 dixit
498 4978 766 5050 Dominus
814 4993 997 5051 Deus:
1057 4990 1175 5050 Non
1202 4994 1545 5064 permanebit
1593 4995 1819 5067 spiritus

226 5104 382 5144 meus
406 5089 465 5145 in
495 5087 714 5145 homine
737 5087 795 5143 in
815 5095 1100 5154 aeternum,
1122 5076 1248 5157 quia
1270 5103 1401 5145 caro
1428 5097 1515 5144 est
1542 5084 1695 5160 (Gen.
1719 5085 1818 5160 vr).

222 5182 372 5253 Ergo
401 5183 447 5239 si
498 5180 779 5241 habitabat
820 5181 1044 5252 spiritus
1090 5180 1187 5236 Dei
1216 5181 1274 5237 in
1315 5180 1628 5239 hominibus
1672 5191 1823 5237 ante-

224 5292 399 5349 quam
426 5292 617 5335 omnes
639 5277 792 5348 sequi
805 5279 1088 5348 passiones
1105 5278 1327 5335 charius
1356 5279 1678 5349 inciperent,
1693 5294 1819 5335 san-

208 5377 321 5431 με
350 5380 499 5429 recte
526 5380 645 5429 erat
666 5371 951 5426 hominum
975 5386 1176 5427 massa.
1228 5371 1367 5427 Nam
1406 5387 1509 5429 nec
1550 5373 1821 5443 primitias

221 5477 303 5523 ex
347 5478 417 5520 ea
464 5474 693 5525 sanctus
730 5472 1045 5522 sanctorum
1092 5476 1413 5522 assumeret.
1457 5467 1594 5534 Quia
1640 5477 1819 5524 autem

226 5558 508 5618 iardidata
532 5568 635 5626 est,
685 5561 921 5631 expiavit
943 5575 1066 5616 eam
1094 5559 1164 5615 ab
1198 5561 1556 5617 immunditiis
1587 5562 1819 5618 ﬁliorum

227 5649 424 5710 Israel.
455 5652 764 5708 Secundum
799 5655 1059 5711 rationem
1085 5669 1184 5724 pro
1211 5654 1453 5709 sensibili
1484 5655 1643 5711 Israel
1667 5657 1821 5713 Jesus

229 5744 551 5812 immolatus
591 5754 674 5802 est
699 5785 715 5815 ,
764 5755 821 5804 et
871 5747 1197 5805 sacriﬁcium
1246 5762 1347 5818 pro
1389 5746 1537 5803 omni
1584 5749 1821 5804 humano

1916 4808 1973 4874 in
2026 4819 2264 4874 secunda
2312 4810 2399 4873 die
2445 4818 2530 4872 vel
2583 4818 2688 4872 duo
2735 4818 2917 4885 haedi,
2969 4819 3035 4874 de
3087 4817 3284 4889 quibus
3342 4830 3510 4887 supra

1918 4909 2198 4978 diximus,
2249 4910 2333 4965 vel
2375 4909 2561 4966 hircus
2612 4910 2942 4978 assumitur,
2990 4910 3134 4980 quod
3182 4909 3384 4965 animal
3426 4917 3514 4969 est

1922 5016 2140 5072 semper
2174 5001 2243 5057 ad
2271 5000 2487 5057 excelsa
2529 5001 2792 5058 festinans
2827 5011 2883 5059 et
2908 5002 3044 5058 nihil
3084 5001 3312 5075 periculi
3346 5003 3511 5059 susti-

1922 5109 2058 5148 nens
2087 5093 2143 5148 in
2170 5093 2485 5165 praecipitiis
2510 5112 2523 5147 :
2553 5102 2608 5149 et
2634 5094 2710 5149 ibi
2739 5094 2945 5150 invenit
2972 5095 3138 5162 viam,
3168 5094 3261 5151 ubi
3292 5095 3508 5153 catteris

1923 5184 2291 5240 animantibus
2341 5184 2592 5240 interitus
2617 5193 2720 5240 est.
2764 5176 2917 5241 Unde
2954 5192 3010 5240 et
3035 5173 3228 5241 Graeco
3252 5200 3508 5244 sermone

1924 5290 2211 5346 caprarum
2238 5284 2294 5330 et
2318 5274 2593 5331 hircorum
2637 5290 2770 5347 grex
2810 5276 3119 5332 sublimium
3170 5280 3512 5337 conversatio

1929 5370 2144 5426 dicitur.
2200 5368 2370 5426 Porro
2412 5369 2585 5426 altare
2627 5370 2826 5427 Christi
2854 5372 3102 5443 expiatur
3128 5373 3410 5445 sanguine,
3456 5384 3514 5431 et

1928 5465 2201 5521 orationes
2246 5474 2557 5521 sanctorum
2606 5466 2819 5520 mundae
2844 5460 3166 5538 permanent
3202 5469 3271 5524 ad
3318 5448 3510 5524 Deum.

1929 5554 2044 5614 Hoc
2070 5574 2285 5631 quoque
2331 5560 2626 5615 notandum
2669 5561 2812 5631 quod
2834 5562 2988 5634 juxta
3035 5564 3358 5621 Hebraicum
3390 5564 3507 5638 ipse

1929 5651 2179 5707 Ezechiel
2220 5652 2374 5721 quasi
2417 5653 2672 5708 sacerdos
2695 5654 2922 5709 vitulum
2944 5654 3167 5724 jubetur
3206 5672 3506 5722 assumere,

1929 5753 1984 5802 et
2012 5745 2383 5803 holocaustum
2412 5744 2612 5811 facere.
2661 5756 2715 5804 et
2746 5750 3060 5826 sapguinetu
3088 5751 3205 5822 ejus
3234 5750 3291 5805 in
3314 5747 3513 5815 circui-
