3908 6356
395 309 500 367 999

1010 307 1072 364 B.
1113 305 1366 366 RABANl
1405 307 1625 367 MAURI
1659 307 1983 400 ARCHlEP.
2025 307 2338 408 MOCUNT.
2377 309 2668 370 OPERUM
2701 308 2884 370 PARS
2919 311 2986 370 II.

3548 313 3698 371 1000

393 435 451 482 tu
482 417 766 498 aspergere
808 436 918 483 tam
949 426 1138 483 altaris
1163 443 1325 499 quam
1351 445 1668 502 angu.ornm
1693 438 1981 486 etcoronm
2009 407 2162 494 ni,
2211 411 2324 486 hoc
2347 419 2440 486 est
2486 431 2680 501 spiritu
2727 442 2935 508 sancto,
2990 431 3059 489 de
3103 447 3209 504 quo
3263 433 3398 490 dicit
3442 413 3690 494 Paulus;

391 519 506 574 sive
559 518 724 574 basis.
801 517 1154 590 Septuaginta
1203 527 1384 574 autem
1452 521 1778 592 interpretes
1843 522 1980 578 alios

391 609 700 666 sacerdotes
755 611 860 667 hoc
930 615 1111 667 tacere
1186 613 1600 680 demonstrant,
1673 615 1737 669 de
1785 614 1980 684 quibus

391 703 595 759 dictum
627 714 749 760 est:
791 725 810 758 ‹
842 705 1009 762 Dabis
1060 705 1430 763 sacerdotibus
1477 705 1608 764 Levi
1645 707 1736 778 qui
1763 715 1979 763 suntex

390 796 597 851 semine
641 795 840 864 Sadoc,
873 797 965 867 qui
993 797 1258 853 accedunt
1289 799 1359 852 ad
1388 813 1495 854 me.
1527 815 1544 849 ›
1609 800 1612 803 ’

331 865 366 1078 ἶ
465 909 485 942 ι
523 887 769 962 Cumque
798 865 1160 961 compleveris
1182 892 1406 962 expians
1441 889 1592 958 illud,
1624 890 1982 962 oll'eresjvitu-

395 1000 414 1036 ι
450 979 566 1038 lum
615 981 683 1039 de
733 989 980 1038 armento
1027 981 1436 1038 immaculatum
1462 1026 1477 1053 ,
1529 991 1586 1038 et
1633 983 1861 1070 "arietem
1915 981 1982 1039 de

395 1000 414 1036 ι
450 979 566 1038 lum
615 981 683 1039 de
733 989 980 1038 armento
1027 981 1436 1038 immaculatum
1462 1026 1477 1053 ,
1529 991 1586 1038 et
1633 983 1861 1038 "arietem
1915 981 1983 1039 de

393 1091 413 1125 ι
450 1089 613 1144 grege
654 1073 1082 1140 immaculatum,
1136 1080 1189 1128 et
1215 1069 1428 1129 oﬁeres
1458 1087 1554 1130 eos
1582 1071 1638 1128 in
1684 1062 1982 1143 conspectu

398 1121 412 1125 -
450 1121 612 1144 οηο-
655 1121 1082 1140 -------ν-----η-,
1140 1121 1188 1128 --
1219 1121 1406 1129 βπ--
1460 1121 1552 1130 η-
1582 1121 1638 1128 ...
1688 1121 1980 1143 mure---

348 1121 412 1218 ⁵‹
453 1165 687 1221 Domini.
739 1163 807 1219 Et
847 1165 1062 1220 mittent
1115 1163 1428 1220 sacerdotes
1453 1181 1620 1238 super
1649 1179 1744 1222 eos
1775 1165 1882 1231 sal,
1923 1173 1980 1220 et

393 1273 414 1310 ι
449 1255 678 1327 oﬁ‘erent
702 1271 796 1313 eos
820 1256 1198 1312 holocaustum
1225 1257 1478 1314 Domino.
1535 1257 1756 1329 Septem
1787 1259 1980 1314 diebus

393 1363 416 1398 ί
451 1345 620 1402 facies
648 1346 860 1403 hircum
880 1361 980 1418 pro
1008 1356 1236 1418 peccato
1288 1348 1552 1418 quotidie,
1577 1357 1633 1404 et
1659 1349 1886 1404 vitulum
1915 1349 1982 1405 de

393 1456 416 1493 ι
449 1449 729 1508 armento,
766 1448 822 1496 et
863 1441 1091 1498 arietem
1135 1442 1204 1498 de
1247 1444 1554 1513 pecoribus,
1605 1445 1982 1502 immaculatos

391 1550 414 1589 ι
447 1532 694 1591 oﬁ'erent.
728 1532 952 1604 Septem
981 1533 1172 1590 diebus
1197 1535 1495 1607 eXpiabunt
1521 1536 1712 1602 altare,
1746 1546 1801 1592 et
1824 1553 1982 1608 mun-

398 1641 422 1680 e
456 1625 664 1682 dabunt
703 1623 834 1680 illud
864 1635 920 1682 et
949 1623 1251 1695 implebunt
1302 1640 1523 1680 manum
1551 1624 1686 1695 ejus.
1739 1625 1981 1698 Expletis

389 1735 413 1773 ι
445 1725 627 1774 autem
654 1717 867 1783 diebus,
893 1715 950 1772 in
974 1715 1060 1772 die
1087 1723 1278 1772 octavo
1307 1723 1363 1772 et
1388 1716 1529 1772 ultra
1560 1715 1763 1774 facient
1801 1733 1982 1774 sacer-

2092 541 2110 573 ‹
2149 520 2352 592 Spiritu
2401 523 2660 579 ferventis
2713 513 2886 594 (Rem'.
2939 525 3078 596 xn)’,
3127 544 3148 578 ι
3183 525 3237 579 in
3282 525 3587 596 spiritalem
3637 539 3696 584 et

2087 620 2305 669 tenuem
2329 614 2694 671 substantiam
2755 613 3162 672 convertantur.
3215 613 3488 674 Volumus
3548 618 3695 674 scire

2086 705 2326 774 apertius
2371 705 2463 774 qui
2523 705 2594 760 sit
2626 703 2827 761 vitulus
2877 705 2945 761 de
2990 715 3239 762 armento
3283 706 3691 777 immaculatus,

2084 795 2140 848 et
2189 795 2332 849 aries
2385 795 2454 850 de
2499 793 2692 850 ovibus
2739 796 3032 866 purissimo
3075 795 3280 856 vellere
3317 798 3695 872 intelligamus

2085 883 2314 957 Mo‘ysen
2365 895 2421 943 et
2447 883 2632 943 'Eliam
2661 929 2676 954 ,
2728 899 2958 959 quorum
3004 891 3157 962 prior
3207 893 3696 954 mansuetissimus

2087 975 2190 1032 fuit
2245 978 2390 1034 inter
2415 965 2607 1035 omnes
2637 978 2889 1058 homines
2935 982 3029 1052 qui
3059 975 3422 1040 versabantur
3449 986 3508 1041 in
3538 995 3693 1044 terra

2087 1066 2278 1140 (Num.
2306 1067 2447 1142 xu);
2501 1070 2640 1127 alter
2684 1072 2878 1129 ardore
2900 1073 3024 1130 ﬁdei
3065 1074 3260 1131 similis
3293 1075 3488 1148 Moysi,
3543 1081 3692 1136 unde

2084 1165 2140 1215 et
2178 1159 2410 1216 audebat
2449 1161 2671 1218 dicere:
2710 1183 2728 1215 ‹
2769 1155 2899 1236 Εεσ
2935 1163 3161 1222 relictus
3207 1181 3324 1222 sum
3367 1167 3518 1225 solus
3567 1167 3686 1240 (II:

2088 1250 2219 1323 Reg.
2253 1252 2389 1323 tux).
2433 1271 2450 1304 ι
2489 1255 2642 1318 Quod
2671 1263 2856 1312 autem
2885 1257 2941 1312 in
2972 1255 3543 1331 Hebraico‘script'um
3584 1271 3690 1327 est,

2097 1360 2115 1394 ι
2150 1341 2344 1398 oﬁ‘eres
2374 1340 2622 1410 vitulum,
2657 1366 2675 1398 ›
2719 1345 2775 1401 in
2801 1344 3180 1420 Septuaginta,
3223 1349 3458 1406 otl‘erent
3501 1357 3692 1408 sacer-

2084 1431 2259 1499 dotes,
2295 1431 2442 1489 nulla
2478 1433 2548 1488 sit
2579 1436 2828 1505 quaestio,
2873 1447 2930 1492 et
2954 1437 3070 1508 ipse
3117 1439 3264 1495 enim
3308 1439 3568 1499 Ezechiel
3605 1445 3689 1502 cui

2086 1523 2206 1580 haec
2248 1523 2508 1580 dicuntur
2551 1524 2618 1581 de
2665 1541 2894 1584 numero
2935 1530 3279 1586 sacerdotum
3328 1541 3413 1588 est
3437 1574 3453 1601 ,
3512 1532 3687 1606 plena

2084 1615 2260 1670 aetatis
2307 1623 2470 1686 atque
2534 1616 2787 1686 perfectae
2815 1658 2830 1686 ,
2883 1625 2938 1674 et
2992 1621 3383 1678 sacerdotalem
3456 1627 3690 1696 gradum

2085 1705 2383 1778 prophetia:
2412 1707 2564 1762 auxit
2591 1709 2789 1780 gratia.
2833 1706 2901 1764 Et
2927 1708 3140 1782 Moyses
3175 1720 3231 1767 et
3257 1711 3404 1770 Elias
3431 1715 3694 1773 videntur

3730 1145 3743 1419 ξ

386 1826 411 1862 ί
447 1808 601 1864 dotes
634 1822 796 1879 super
823 1807 995 1864 altare
1021 1807 1341 1864 holocausta
1387 1817 1591 1878 vestra,
1642 1819 1700 1865 et
1738 1826 1857 1880 qua:
1881 1826 1975 1882 pro

2087 1797 2140 1850 in
2171 1784 2358 1853 m'onte
2405 1813 2529 1853 cum
2556 1799 2789 1855 Domino
2834 1799 3055 1871 (Matth.
3087 1804 3247 1876 xvn),
3288 1805 3344 1860 id
3389 1816 3476 1862 est
3498 1807 3590 1863 lex
3639 1821 3694 1865 et

389 1915 411 1953 ι
445 1914 582 1972 pace
609 1899 860 1968 oﬁ‘erunt,
891 1909 947 1956 et
973 1899 1220 1972 placatus
1247 1916 1342 1958 ero
1372 1901 1549 1970 vobis,
1613 1902 1690 1957 ait
1717 1902 1983 1960 Dominus

389 2010 410 2044 ι
449 1992 612 2048 Deus.
647 2012 666 2044 ι
695 1991 967 2065 (Ηίενοη.)
989 1991 1280 2063 Postquam
1307 1994 1480 2049 altare
1496 2003 1551 2050 et
1579 2010 1849 2051 mensurte
1869 1994 1985 2066 ejus

385 2085 445 2142 in
488 2085 689 2142 montis
736 2085 943 2142 vertice
988 2089 1376 2144 demonstrata:
1421 2095 1588 2156 sunt,
1655 2103 1984 2157 rursumque

387 2175 631 2248 expiatio
679 2185 736 2232 et
763 2176 1103 2234 consecratio
1136 2177 1279 2234 illius
1303 2177 1586 2251 prophetae
1612 2185 1830 2235 ostensa
1875 2186 1982 2247 est,

388 2282 490 2338 per
512 2283 679 2323 unum
702 2266 932 2324 vitulum
955 2268 1385 2336 immaculatum,
1408 2277 1464 2326 et
1481 2270 1693 2345 hircum
1715 2271 1828 2327 sive
1848 2269 1984 2327 duos

386 2356 600 2424 haedos,
652 2373 882 2430 quorum
932 2361 1169 2432 primum
1207 2363 1275 2418 ad
1315 2359 1605 2418 Dominum
1644 2361 1981 2419 Salvatorem

387 2445 496 2502 duo
523 2448 804 2518 sequentia
834 2447 901 2504 ad
931 2450 1205 2522 apostolos
1252 2452 1639 2524 ministrosque
1667 2451 1977 2522 retulimus,

386 2553 456 2594 ne
481 2538 535 2595 in
571 2540 981 2597 consecratione
1028 2541 1289 2612 spiritalis
1336 2543 1524 2599 altaris
1563 2551 1619 2600 et
1664 2544 1883 2617 proprie
1913 2547 1981 2602 ad

387 2629 688 2688 Ecclesiam
709 2631 1032 2702 pertinentis
1052 2620 1138 2687 lcx
1163 2642 1218 2689 et
1235 2634 1514 2706 propheta:
1552 2635 1864 2693 viderentur
1885 2653 1980 2694 ex-

387 2719 546 2789 clusi,
571 2729 859 2793 propterea
885 2733 1204 2781 consccrato
1234 2725 1393 2782 altari
1425 2726 1625 2784 vitulus
1667 2727 1981 2786 immacula-

383 2821 479 2868 tus
504 2813 800 2868 assumitur
819 2822 876 2871 et
899 2815 1062 2884 aries,
1081 2823 1135 2872 et
1152 2815 1377 2873 oﬁ'ertur
1399 2817 1454 2873 in
1473 2819 1763 2893 conspectu
1789 2819 1978 2877 Domi-

386 2900 444 2956 ni
465 2909 520 2957 et
545 2900 640 2956 ﬁlii
662 2901 861 2972 Sadoc,
891 2905 995 2962 hoc
1037 2915 1120 2962 est
1139 2907 1411 2978 iustorum
1459 2895 1771 2968 sacerdotes
1791 2928 1980 2984 asper-

384 3003 519 3067 gunt
538 3009 700 3067 super
724 2998 902 3070 capita
923 3015 1110 3056 eorum
1125 3001 1225 3070 sal,
1251 3011 1312 3059 ut
1333 3011 1388 3059 et
1411 3004 1495 3060 lex
1517 3014 1572 3059 et
1596 3005 1874 3078 propheta:
1890 3021 1977 3064 sa-

388 3100 523 3156 pore
544 3085 822 3159 Evangelii
841 3090 1184 3146 condiantur.
1213 3093 1325 3150 Ncc
1348 3094 1514 3149 ullum
1541 3104 1626 3151 est
1645 3096 1975 3152 sacriﬁcium

2085 1889 2361 1960 propheta:
2411 1892 2504 1960 qui
2555 1891 2951 1950 annuntiabant
2999 1895 3050 1951 ei
3088 1888 3236 1967 quod
3299 1895 3694 1972 Hierosolymis

2085 1995 2344 2054 passurus
2369 1990 2534 2038 esset.
2583 1981 2814 2055 Expiato
2858 1993 3040 2042 autem
3068 1987 3227 2043 altari
3257 1999 3469 2060 septem
3497 1990 3691 2048 diebus

2085 2071 2312 2130 oﬁ‘ertur
2381 2073 2569 2131 hircus
2620 2076 2736 2133 sive
2779 2077 2967 2134 haedus
3015 2094 3114 2150 pro
3163 2089 3393 2151 peccato
3421 2083 3690 2153 quotidie,

2089 2174 2148 2222 et
2173 2165 2375 2223 vitulus
2399 2167 2467 2223 de
2505 2177 2754 2226 armento
2782 2181 2838 2227 et
2885 2171 3028 2229 aries
3070 2171 3139 2228 de
3176 2173 3468 2244 pecoribus
3498 2175 3690 2231 imma-

2086 2257 2323 2325 culatus,
2378 2267 2438 2314 ut
2483 2275 2584 2330 per
2633 2268 2750 2318 haec
2799 2261 3068 2319 sacriﬁcia
3116 2269 3326 2336 septem
3381 2265 3581 2324 diebus
3622 2268 3689 2323 ad

2085 2350 2395 2425 perfectum
2417 2353 2665 2425 expietur
2704 2354 2896 2411 altare.
2942 2355 3001 2411 In
3025 2363 3234 2428 septem
3261 2357 3457 2414 diebus
3489 2359 3684 2416 sabba-

2087 2444 2283 2500 tismus’
2310 2444 2636 2514 ostenditur,
2695 2445 2786 2520 qui
2812 2445 2966 2516 ju'xta
2997 2446 3320 2518 Apostolum
3345 2449 3543 2520 populo
3586 2451 3687 2507 Do-

2082 2533 2221 2591 mini
2260 2542 2599 2603 reservatur,
2629 2535 2682 2590 in
2716 2536 2912 2607 quibus
2942 2543 3203 2593 aeternam
3227 2554 3526 2610 veramque
3569 2554 3686 2610 spe-

2082 2643 2271 2684 ramus
2325 2626 2592 2698 requiem,
2619 2636 2675 2685 et
2709 2643 3053 2701 nequaquam
3082 2629 3284 2686 servile
3331 2646 3473 2702 opus
3522 2630 3688 2686 facie-

2081 2735 2204 2776 mus
2249 2729 2620 2791 peccatorum.
2671 2719 2732 2776 ln
2756 2719 2911 2778 hirco
2934 2730 3117 2777 autem
3143 2729 3198 2776 et
3221 2720 3392 2778 vitulo
3416 2729 3474 2777 et
3495 2723 3684 2790 ariete,

2081 2811 2186 2866 tria
2245 2809 2518 2883 generalia
2560 2809 2753 2868 delicta
2805 2819 3182 2868 monstrantur
3206 2853 3223 2878 ,
3273 2811 3473 2882 quibus
3527 2828 3687 2868 onme

2080 2891 2392 2959 mortalium
2413 2903 2658 2976 subjacet
2693 2917 2882 2976 genus.
2906 2895 3022 2958 'Aut
3055 2903 3200 2959 enim
3222 2903 3645 2976 cogitationibus
3670 2945 3685 2970 ,

2080 3002 2173 3050 aut
2191 3009 2460 3062 sermone,
2489 3004 2582 3050 aut
2601 3011 2788 3067 opere,
2813 3000 3128 3068 peccamus.
3154 2993 3429 3066 Cogitatio
3452 2994 3687 3051 refertur

2087 3086 2157 3141 ad
2179 3086 2426 3153 arietem,
2475 3086 2602 3158 quia
2629 3086 2805 3158 prima
2831 3094 2918 3142 est
2942 3085 3189 3142 omnium
3225 3096 3600 3158 peccatorum,
3634 3097 3686 3142 et

377 3174 533 3245 juxta
557 3175 690 3248 legis
714 3177 996 3250 imperium
1017 3181 1590 3253 etinterpretationcm
1607 3185 1984 3258 Apostoli,qui
2011 3162 2056 3228 Ο
2087 3195 2156 3236 ex
2201 3193 2309 3250 qua
2341 3179 2447 3234 alia
2473 3180 2580 3236 duo
2608 3188 2837 3251 peccata
2885 3188 3209 3237 naSCuntur.
3262 3179 3686 3241 Ecclusautem

387 3265 500 3320 ait:
538 3284 556 3318 ί
593 3266 786 3324 Sermo
811 3279 991 3328 vester
1016 3272 1086 3327 sit
1112 3273 1226 3330 sale
1248 3275 1500 3331 conditus
1524 3274 1756 3346 (Coloss.
1789 3275 1874 3348 ιν)
1902 3317 1917 3343 ,
1956 3296 1976 3331 ι

391 3356 536 3426 quod
586 3357 698 3414 sale
747 3370 953 3416 careat.
1007 3361 1191 3436 (Isid.)
1249 3364 1400 3430 Quod
1427 3363 1505 3420 sal
1535 3381 1634 3436 pro
1685 3366 1979 3438 apostolica

385 3447 649 3518 sapientia
680 3449 1087 3521 intelligendum
1111 3453 1379 3525 sit,plane
1412 3455 1513 3510 hoc
1538 3455 1693 3510 nobis
1720 3455 1980 3513 Dominus

382 3539 623 3594 ostendit
668 3539 856 3598 dicens
883 3543 1182 3613 apostolis:
1219 3563 1238 3596 ι
1288 3547 1398 3603 Vos
1423 3547 1554 3603 estis
1577 3547 1657 3603 sal
1687 3557 1866 3604 terrae.
1920 3549 1978 3606 Si

381 3636 562 3685 autem
591 3633 897 3702 evanuerit,
938 3633 1006 3689 ad
1054 3635 1289 3692 nihilum
1319 3637 1522 3694 valebit
1548 3638 1711 3705 ultra,
1770 3641 1876 3698 nisi
1918 3649 1980 3697 ut

382 3722 630 3778 mittatur
652 3723 820 3792 foras,
869 3734 924 3782 et
951 3727 1298 3784 conculcetur
1322 3730 1389 3785 ab
1419 3731 1729 3789 horninibus
1755 3729 1974 3805 (Matth.

377 3812 454 3885 v).
495 3834 514 3868 ι
567 3813 863 3886 Propterea
897 3818 988 3875 hic
1017 3820 1096 3875 sal
1127 3823 1481 3893 apostolicam
1532 3825 1855 3895 sapientiam
1886 3843 1978 3900 ap-

379 3903 620 3979 pellavit,
673 3907 800 3980 quia
850 3909 896 3966 si
943 3914 1252 3970 communis
1300 3913 1453 3972 cibus
1504 3915 1573 3973 ad
1622 3915 1974 3975 nutriendum

382 4008 565 4072 aptus,
594 4000 908 4060 omnimodo
934 4003 1048 4060 sale
1074 4005 1347 4074 conditur,
1395 4007 1473 4062 ita
1501 4017 1558 4064 ct
1584 4010 1765 4065 omnis
1793 4025 1973 4067 sermo

373 4091 524 4152 utilis
556 4093 623 4149 ad
655 4091 976 4163 juvandum,
1029 4096 1342 4168 apostolica
1369 4099 1686 4156 omnimodo
1721 4115 1974 4157 necessa-

374 4183 517 4238 rium
547 4183 711 4240 habet
736 4185 1016 4257 sapientia:
1042 4186 1474 4244 condimentum.
1521 4187 1821 4260 Propterea
1860 4203 1971 4246 non

2086 3272 2201 3329 sive
2226 3272 2410 3329 hircus
2440 3272 2508 3327 ad
2536 3270 2814 3344 eloquium
2841 3278 3006 3342 atque
3035 3285 3352 3337 sermonem,
3402 3270 3496 3342 qui
3527 3287 3683 3329 sem-

2083 3381 2182 3438 per
2209 3365 2278 3422 de
2322 3363 2715 3421 excelsioribus
2762 3363 3025 3434 disputat.
3079 3362 3257 3435 Opera
3280 3377 3410 3418 vero
3453 3365 3684 3435 proprie

2082 3455 2252 3512 vitulo
2295 3457 2646 3527 deputantur,
2703 3469 2811 3526 quo
2837 3453 3048 3512 vomeri
3086 3463 3141 3509 et
3165 3453 3340 3510 labori
3366 3463 3421 3510 et
3449 3457 3680 3512 terrenis

2081 3547 2337 3620 operibus
2386 3547 2730 3618 mancipatus
2768 3555 2871 3604 est.
2948 3545 3077 3603 HiBC
3120 3546 3287 3617 igitur
3335 3545 3678 3602 immaculata

2079 3655 2180 3712 per
2225 3648 2432 3712 septem
2486 3637 2603 3694 dies
2654 3635 2770 3693 veri
2817 3636 3032 3694 sabbati
3089 3646 3255 3708 atque
3295 3635 3528 3707 perfecti
3572 3636 3677 3693 Deo

2080 3728 2276 3785 oll‘erre
2303 3728 2581 3795 debemus,
2616 3734 2672 3784 et
2695 3726 2917 3799 expiare
2947 3727 3140 3796 altare,
3193 3738 3256 3783 ut
3285 3729 3467 3784 oratio
3497 3739 3674 3784 nostra

2078 3817 2276 3874 munda
2320 3817 2603 3890 perveniat
2626 3815 2695 3872 ad
2742 3817 2932 3873 Deum.
2986 3817 3141 3887 Quod
3195 3829 3376 3873 autem
3428 3819 3672 3885 infertur,

2084 3930 2102 3962 ι
2141 3920 2196 3965 et
2221 3909 2556 3966 mundabunt
2608 3909 2739 3966 illud
2764 3920 2820 3965 et
2848 3909 3151 3982 implebunt
3199 3926 3426 3968 manum
3477 3913 3615 3984 ejus,
3652 3931 3667 3964 ι

2077 3999 2224 4071 quod
2255 4009 2310 4057 et
2336 3998 2667 4057 Hebraicum
2696 4012 2753 4056 et
2784 4002 2967 4058 caeteri
3013 4002 3341 4074 interpretes
3390 4004 3673 4060 transtule—

2075 4101 2225 4160 runt,
2250 4091 2382 4148 illud
2416 4091 2686 4164 signiﬁcat
2719 4093 2864 4164 quod
2891 4092 3063 4164 ipsius
3097 4109 3312 4167 quoque
3345 4095 3557 4164 altaris,
3580 4112 3674 4168 pro

2073 4183 2227 4253 cujus
2271 4183 2579 4254 expiatione
2623 4182 2849 4240 oﬁ‘ertur
2893 4184 3248 4253 sacriﬁcium,
3328 4187 3478 4242 dona
3529 4202 3672 4242 como

373 4289 494 4331 esse
536 4277 715 4332 minus
768 4277 850 4334 sal
895 4295 927 4334 a
955 4279 1262 4345 sacriﬁciis,
1315 4281 1409 4335 sed
1453 4279 1509 4336 in
1548 4281 1696 4338 omni
1746 4294 1971 4337 munere
2069 4276 2264 4350 plenda
2289 4277 2420 4343 sint,
2449 4275 2836 4332 sicutoﬁ‘ertur
2861 4293 2960 4348 pro
2990 4278 3367 4335 sacerdoubus
3393 4289 3452 4334 et
3478 4280 3671 4352 populo

371 4366 634 4436 praecepit
661 4367 740 4421 sal
775 4367 956 4424 offerri
1004 4378 1064 4425 ut
1092 4370 1450 4444 quodcunque
1478 4372 1744 4440 docueris,
1793 4371 1966 4444 quod-

373 4471 588 4527 cunque
630 4460 956 4526 correxeris,
993 4461 1048 4515 in
1077 4478 1400 4532 quacunque
1429 4462 1631 4519 virtute
1671 4480 1966 4522 conversa-

2078 4379 2243 4436 atque
2290 4365 2569 4438 pontiﬁce,
2618 4381 2687 4422 ne
2712 4367 2843 4438 quid
2875 4383 3104 4422 vacuum
3147 4368 3367 4424 stetisse
3424 4368 3672 4425 videatur

2073 4457 2128 4514 in
2163 4467 2454 4529 conspectu
2489 4457 2722 4513 Domini.
2754 4458 2858 4514 Pro
2887 4474 2994 4528 quo
3017 4475 3250 4530 posuere
3288 4459 3667 4533 Septuaginta,

372 4555 461 4601 tus
481 4544 668 4614 fueris,
721 4550 1078 4621 apostolicam
1113 4552 1514 4610 aemulationem
1574 4563 1739 4627 atque
1785 4557 1965 4628 ignita-
1993 4545 2047 4605 D
2081 4566 2100 4600 ι
2122 4548 2190 4604 Ει
2220 4549 2558 4628 mundabum
2589 4549 2720 4604 illud
2746 4559 2802 4606 et
2826 4551 3124 4622 implebunt
3156 4567 3348 4608 manus
3385 4567 3537 4620 suas,
3560 4574 3579 4606 ›
3613 4563 3669 4608 nt

371 4639 574 4696 tionem
625 4644 922 4715 opereris;
991 4660 1310 4718 memorque
1358 4647 1434 4704 sis
1479 4647 1632 4704 Pauli
1685 4649 1963 4708 dicentis:

373 4753 391 4784 ε
431 4733 743 4794 lmitatores
767 4738 874 4795 mei
895 4749 1092 4808 estote,
1115 4741 1258 4798 sicut
1288 4751 1343 4798 et
1391 4758 1492 4817 ego
1527 4743 1730 4800 Christi
1757 4745 1809 4818 (Ι
1838 4745 1963 4801 Cor.

369 4823 432 4896 i).
465 4845 484 4878 ι
525 4826 596 4883 Et
624 4844 848 4886 rursus:
880 4850 898 4882 ι
929 4831 1204 4906 Ergojam
1231 4849 1342 4892 non
1363 4837 1496 4892 estis
1522 4835 1742 4894 advenae
1763 4847 1820 4894 et
1840 4837 1967 4895 hos-

370 4918 520 4990 pites
570 4919 789 4993 (Ep/tes.
842 4922 927 4996 ιι),
965 4943 985 4977 ι
1019 4925 1119 4982 sed
1167 4927 1299 4984 estis
1353 4929 1502 4986 cives
1544 4936 1860 4986 sanctorum
1910 4937 1965 4986 et

366 5011 651 5070 domestici
692 5014 811 5082 Dei,
873 5007 1294 5090 supermdiﬁcati
1332 5036 1497 5092 super
1543 5020 1964 5080 fundamentum

369 5104 737 5176 apostolorum
765 5115 820 5163 et
847 5110 1259 5179 prophetarum,
1290 5111 1408 5182 ipso
1455 5127 1672 5168 summo
1717 5112 1966 5185 angulari

368 5191 544 5264 lapide
581 5194 802 5254 Christo
838 5197 990 5256 Jesu.
1043 5201 1181 5270 Quia
1216 5203 1306 5260 hic
1353 5219 1460 5262 non
1512 5205 1836 5278 simpliciter
1885 5206 1966 5264 sal

368 5284 531 5351 dixit,
583 5288 678 5343 sed
707 5289 836 5346 illud
859 5291 1193 5364 intelligibile
1237 5295 1515 5367 legislator
1539 5298 1756 5356 innuit:
1793 5317 1812 5351 ί
1845 5298 1965 5357 Non

373 5373 587 5433 auferes
631 5379 732 5446 sal,
785 5381 979 5453 inquit,
1026 5384 1250 5442 foederis
1302 5386 1397 5442 Dei
1449 5389 1522 5444 tui
1582 5388 1770 5460 (Leuit.
1816 5391 1900 5464 ιι).
1937 5410 1959 5444 ι

371 5470 530 5540 Quod
575 5473 620 5529 si
656 5474 831 5534 foedus
858 5480 970 5536 sive
1011 5490 1399 5540 testamentum
1429 5485 1691 5542 rationale
1720 5494 1825 5552 est,
1857 5489 1966 5544 uti-

372 5582 484 5639 que
526 5575 582 5623 et
609 5569 691 5624 sal
725 5573 990 5629 rationale
1019 5585 1121 5630 est.
1180 5575 1482 5645 Utrumque
1527 5585 1708 5634 autem
1741 5576 1967 5634 offertur

372 5660 747 5719 holocaustum
769 5665 1020 5732 Domino.
1045 5676 1103 5723 ut
1121 5683 1318 5739 corpus
1333 5669 1586 5741 pinguius
1606 5669 1797 5726 littera:
1819 5672 1962 5740 quod

374 5754 712 5830 signiﬁcatur
732 5756 790 5816 in
808 5757 946 5832 lege,
969 5770 1026 5818 et
1051 5760 1349 5832 prophetiae
1373 5761 1616 5820 nubilum
1639 5762 1763 5834 igne
1783 5761 1962 5819 Domi-

2074 4646 2432 4704 subaudiatur
2467 4647 2804 4712 sacerdotes,
2836 4647 2930 4718 qui
2964 4646 3251 4718 conspicui
3278 4646 3489 4705 fuerint
3513 4649 3666 4722 bonis

2071 4739 2349 4812 operibus,
2383 4739 2489 4796 hoc
2521 4739 2669 4795 enim
2705 4739 2866 4809 plene
2893 4739 3202 4809 signiﬁcant
3233 4754 3458 4808 manus,
3494 4752 3665 4798 trans-

2075 4841 2200 4888 acto
2263 4832 2490 4888 sabbato
2531 4821 2760 4888 veniant
2785 4831 2854 4886 ad
2885 4831 3029 4888 diem
3074 4833 3493 4890 resurrectionis
3520 4843 3664 4890 ecta.

2071 4939 2224 4992 vam,
2265 4930 2320 4979 et
2348 4923 2532 4978 dicant
2561 4939 2687 4978 cum
2723 4921 3005 4994 Apostolo,
3042 4941 3061 4975 ί
3097 4922 3519 4983 Resurreximus
3541 4941 3661 4982 ctuu

2073 5017 2313 5088 Christo,
2352 5036 2369 5070 ι
2401 5025 2455 5072 et
2484 5017 2628 5074 ultra
2653 5025 2903 5074 octavam
2933 5016 3161 5073 tendant
3203 5015 3272 5072 ad
3298 5015 3573 5084 ccelestia,
3609 5029 3662 5076 et

2072 5106 2304 5165 oﬁ‘erant
2354 5101 2452 5176 pro
2488 5105 2645 5162 nobis
2689 5105 3030 5172 holocausta,
3075 5105 3191 5162 sive
3233 5119 3355 5176 qua:
3397 5119 3502 5176 pro
3531 5120 3660 5177 pace

2071 5205 2418 5270 peccatorum
2467 5205 2798 5265 nostrorum,
2850 5204 2906 5254 et
2940 5195 3114 5253 salute
3164 5206 3292 5272 sunt
3339 5206 3558 5264 nostra,
3607 5204 3662 5250 ut

2075 5305 2174 5362 per
2225 5290 2407 5360 ignem
2447 5288 2678 5359 Spiritus
2733 5288 2909 5344 sancti
2956 5288 3139 5346 omnia
3187 5303 3309 5358 qua:
3361 5290 3664 5362 cogitamus

2072 5382 2345 5454 loquimur
2371 5391 2428 5438 et
2451 5382 2680 5452 facimus
2705 5381 2762 5438 in
2788 5381 3087 5452 spiritalem
3137 5380 3506 5438 substantiam
3534 5393 3664 5443 ωι-

2068 5483 2371 5544 vertantur,
2423 5484 2478 5532 et
2521 5475 2828 5546 hujusmodi
2857 5475 3119 5532 Dominus
3157 5473 3467 5538 delectatus
3502 5479 3662 5550 sacri-

2069 5566 2209 5623 ﬁciis
2232 5568 2388 5625 nobis
2415 5566 2694 5639 placabilis
2719 5565 2832 5624 ﬁat.
2878 5613 2883 5624 .

2789 5721 2989 5762 nil-illi

2837 5899 2858 5928 ,³
2920 5897 2928 5924 Ι
3019 5895 3242 5934 ιςἈιιἾ
