3908 6356
329 386 461 440 1001

889 493 1114 549 CAPUT
1151 490 1334 546 XLIV.

329 588 403 642 De
433 596 589 668 parta
607 587 807 668 clausa,
847 597 995 668 etne
1041 585 1405 668 inefre-amomi
1429 586 1908 668 intrpnthsanctua-

399 653 557 722 rium,
585 666 633 710 et
661 655 725 710 de
745 656 1092 710 sanctimonia
1119 663 1166 709 et
1192 655 1492 708 haereditate
1517 653 1833 732 Levitarum.

405 785 424 820 ι
469 767 535 822 Et
577 767 818 822 converti
848 781 936 822 me
987 767 1056 821 ad
1094 766 1239 822 viam
1281 775 1452 838 portae
1482 766 1778 824 sanctuarii
1807 780 1904 828 ex-

281 844 296 934 :
335 878 352 910 ι
399 861 613 916 terioris
647 875 766 930 qua:
816 859 1141 930 respiciebat
1187 859 1254 914 ad
1312 859 1579 915 orientem
1603 897 1619 924 ,
1693 865 1748 914 et
1792 867 1911 916 erat

334 970 353 1003 ι
402 952 609 1007 clausa.
657 952 726 1006 Et
754 950 893 1006 dixit
920 949 1175 1006 Dominus
1199 949 1268 1008 ad
1288 964 1377 1006 me
1398 963 1413 1002 :
1442 947 1602 1006 Porta
1625 949 1743 1004 haec
1760 946 1910 1008 clau-

337 1063 353 1094 ι
399 1059 454 1098 sa
486 1043 592 1098 erit
615 1052 671 1098 et
717 1057 826 1097 non
853 1041 1145 1112 aperietur,
1181 1048 1237 1094 et
1262 1039 1346 1094 vir
1372 1055 1476 1096 non
1512 1039 1768 1096 transibit
1809 1053 1911 1108 per

337 1152 355 1185 ι
401 1149 542 1198 eam,
569 1133 824 1204 quoniam
866 1131 1123 1186 Dominus
1163 1131 1302 1184 Deus
1329 1129 1495 1192 Israel
1521 1129 1800 1200 ingressus
1825 1136 1912 1188 est

234 1233 239 1302 ς
338 1246 356 1278 ε
405 1227 564 1299 (sive)
594 1225 928 1297 ingredietur
951 1239 1046 1294 per
1067 1237 1209 1286 eam,
1231 1221 1444 1291 eritque
1463 1219 1646 1280 clausa
1657 1217 1906 1290 principi.

337 1339 355 1370 ι
395 1319 659 1389 Princeps
708 1317 822 1388 ipse
853 1313 1080 1376 sedebit
1123 1313 1179 1370 in
1225 1329 1288 1368 ea
1337 1323 1396 1367 ut
1445 1312 1693 1380 comedat
1715 1324 1913 1382 panem

290 1463 295 1482 ε
340 1428 358 1461 ι
405 1407 866 1482 coramDomina.
901 1406 1006 1462 Per
1049 1405 1194 1460 viam
1222 1403 1468 1468 vestibuli
1516 1412 1704 1472 partae,
1755 1401 1916 1462 idest

291 1493 294 1498 ’
341 1520 359 1553 ι
408 1501 704 1556 Ecclesiam
749 1498 1098 1570 ingredietur,
1142 1505 1196 1552 et
1220 1510 1318 1566 per
1341 1495 1629 1564 viamejus
1675 1492 1916 1562 egredie-

340 1609 372 1663 ιι⁸
408 1601 511 1645 tur.
539 1610 557 1643 ι
578 1589 862 1663 ’(Ηὶειόη.)
896 1589 1002 1644 Pro
1031 1603 1096 1644 eo
1122 1585 1348 1658 quodin
1370 1584 1636 1642 Hebraico
1657 1583 1914 1652 scriptum

293 1665 297 1672 ’
335 1689 436 1746 est,
473 1700 490 1731 ι
537 1689 653 1735 erat
687 1679 870 1734 clausa
905 1677 1158 1749 principi,
1192 1697 1211 1728 ι
1243 1675 1594 1746 Septuaginta
1632 1671 1919 1738 tranStule-

338 1761 482 1836 runt,
512 1790 530 1820 ε
557 1770 663 1825 erit
679 1769 878 1836 clausa,
902 1769 992 1838 qui
1016 1768 1124 1822 dux
1147 1767 1261 1838 ipse
1288 1765 1494 1822 sedebit
1510 1765 1563 1818 in
1585 1779 1669 1820 ea.
1693 1783 1714 1814 ›
1739 1762 1920 1817 Multas
1937 1788 1950 1832 ι-

1298 377 1660 466 coumnivr.
1687 376 1753 431 1N
1793 327 2250 474 maculam.
2279 327 2352 417 ἑ
2387 376 2515 432 us.
2556 330 2718 430 xvu.

3357 437 3359 440 ι
3445 372 3582 428 1002

1929 487 2062 554 Ain
2117 488 2336 550 Christo
2385 491 2530 548 enim
2589 487 2745 558 juxta
2821 504 3129 548 sermonem
3196 487 3346 544 Pauli
3405 489 3584 546 omnia

1987 577 2355 644 ,revelanmr:
2386 578 2656 650 quomodo
2683 588 2839 648 parta
2879 578 3060 636 clausa
3085 579 3211 646 erit,
3246 588 3304 633 et
3328 593 3438 636 non
3457 591 3586 648 ape-

1991 671 2202 744 __rietur.,
2251 680 2308 730 et
2354 670 2440 726 vir
2471 686 2590 725 vnan
2618 670 2890 742 transibit
2914 685 3012 739 per
3055 669 3220 724 eam?
3259 668 3340 726 Ex
3386 668 3586 740 quibus

2009 759 2288 826 discimus,
2312 759 2562 828 quamvis.
2582 759 2650 816 ad
2668 773 2948 818 summam,
2965 759 3246 818 scientiam
3277 758 3588 826 venerimus
3612 766 3631 800 ν

1997 851 2412 924 comparatione
2451 852 2644 927 divina:
2681 850 2943 917 scientiae,
2991 865 3135 906 nunc
3180 859 3446 920 exparte
3483 849 3627 922 nasi:

2005 943 2182 1009 scire,
2195 951 2255 1014 et
2278 957 2345 1004 ex
2370 951 2523 1012 parte
2556 955 2881 1013 cognoscere
2905 958 2919 994 :
2945 940 3161 1010 quando
3204 948 3624 1018 autemp‘vlene-qg

1986 1021 1994 1094 ξ
2005 999 2258 1106 ¹ι·ὶ1.,(ιιι‹;ιιί
2286 999 2582 1107 per-lectum
2620 999 2722 1098 est,
2768 1039 2896 1096 tunc
2922 999 3170 1102 qnodex
3196 1040 3352 1101 parte
3387 999 3616 1107 estde-3

1987 1133 2272 1202 istruetur.
2306 1105 2459 1191 Unde
2485 1132 2540 1178 et
2569 1124 2625 1186 in
2653 1122 2758 1180 alio
2784 1121 3043 1196 locolipse
3067 1122 3357 1194 Apostolus
3385 1105 3612 1193 imperrl

1991 1214 2208 1289 factum
2258 1231 2317 1284 se
2371 1231 2492 1272 esse
2539 1216 2797 1288 loquitur,
2826 1231 3168 1286 (rursumque
3202 1215 3501 1288 periectum
3530 1215 3582 1286 (Ι

2006 1303 2133 1380 ρον.
2159 1304 2346 1382 1x111)-
2372 1305 2526 1373 Quod
2572 1305 2617 1362 si
2656 1306 3097 1377 interpretatione
3143 1316 3322 1374 caret,
3349 1307 3586 1370 videtur

1997 1411 2133 1480 esse
2154 1397 2521 1464 contrarium;
2551 1397 2680 1452 dicit
2704 1398 2848 1476 enim
2873 1416 2886 1452 :
2909 1415 2928 1448 ι
2962 1397 3080 1452 Non
3103 1399 3230 1467 quia
3249 1397 3362 1467 jam
3381 1400 3588 1470 accepi,

2013 1493 2115 1568 aut
2129 1486 2252 1562 quia
2273 1488 2386 1557 jam
2400 1485 2675 1570 perlectus
2688 1485 2836 1564 ISum,
2859 1487 3079 1554 fratres,
3095 1504 3194 1560 ego
3219 1505 3305 1544 me
3326 1505 3435 1548 non
3453 1490 3594 1556 arbi-

1991 1565 2130 1658 Ip'tror
2147 1561 2637 1652 camprebendisse.
2673 1561 2848 1652 Unum
2873 1589 3078 1648 autem,
3109 1581 3407 1654 pomeriara
3451 1581 3590 1652 abli—

2015 1669 2228 1740 viscens
2253 1732 2256 1734 _
2280 1678 2335 1740 et
2359 1669 2447 1752 ad
2486 1670 2666 1738 priora
2695 1686 2781 1728 me
2822 1672 3140 1739 extendens,
3180 1680 3438 1742 statutum
3470 1688 3594 1754 peg-

2017 1774 2214 1832 sequor
2242 1761 2310 1814 ad
2349 1759 2592 1815 bravium
2622 1775 2868 1834 supernae
2896 1763 3196 1838 vocationis
3222 1762 3318 1818 Dei
3367 1762 3586 1834 (Philip.

290 1925 295 1932 ἱ
337 1868 458 1914 sunt
510 1868 677 1930 partae
713 1875 847 1930 quas
870 1859 924 1912 in
974 1857 1333 1927 descriptione
1385 1854 1563 1925 templi
1619 1853 1918 1910 Ezechielis
1947 1854 1992 1913 B
2023 1847 2124 1919 III).
2157 1867 2179 1930 η»
2229 1847 2470 1928 Cumque
2511 1859 2828 1930 putaremus
2877 1865 3002 1906 eum
3032 1853 3354 1930 secundum.
3384 1853 3592 1922 profes-

340 1947 618 2020 Scriptura
644 1955 1030 2004 commemorat
1055 1955 1163 2000 tam
1192 1946 1333 2000 intus
1348 1959 1510 2014 quam
1534 1943 1686 2000 foris.
1709 1941 1905 2015 Altaris

330 2053 550 2114 quoque
579 2037 804 2108 ﬁguram
848 2046 903 2091 et
935 2035 1402 2090 consecrationem
1429 2039 1485 2087 et
1507 2031 1773 2086 sacriﬁcia
1795 2045 1908 2088 ser-

291 2139 294 2142 ‘
339 2146 427 2185 ma
453 2130 763 2200 praeteritus
795 2129 1094 2199 praecurrit.
1142 2115 1259 2193 Qua
1286 2116 1461 2190 ﬁnito,
1513 2124 1660 2179 venit
1686 2124 1754 2178 ad
1781 2137 1906 2193 por-

341 2231 450 2275 tam
479 2219 767 2275 sanctuarii
788 2219 1112 2273 exteriorem
1137 2231 1257 2286 quae
1290 2213 1612 2283 respiciebat
1631 2213 1700 2268 ad
1729 2211 1909 2267 orien-

291 2295 294 2304 ’
340 2296 445 2364 lem
494 2316 548 2364 et
590 2317 708 2364 erat
771 2308 972 2364 clausa.
1046 2305 1344 2374 Statimque
1387 2304 1469 2358 vir
1511 2302 1597 2356 ille
1651 2302 1741 2374 qui
1792 2309 1913 2356 erat

337 2397 531 2454 ductor
561 2397 855 2469 praphetag,
881 2405 937 2452 et
959 2383 1010 2451 ei
1038 2384 1222 2450 omnia
1246 2393 1672 2460 demonstrabat,
1691 2381 1912 2470 locutus

338 2480 420 2543 ρει
464 2489 532 2544 ad
560 2503 683 2543 eum
709 2475 777 2541 τι
839 2487 1001 2542 Parta
1029 2488 1141 2541 haec
1190 2500 1354 2555 quam
1381 2484 1604 2560 respicis
1648 2482 1911 2540 clausam.

339 2565 552 2648 Semper
603 2578 786 2634 clausa
835 2578 938 2633 erit
987 2586 1042 2632 et
1084 2592 1192 2631 non
1242 2576 1530 2654 aperietur.
1569 2594 1589 2628 ι
1626 2574 1696 2628 Et
1734 2571 1914 2646 reddit

339 2684 535 2724 causas
576 2685 674 2724 cur
705 2669 888 2724 clausa
936 2669 1006 2724 sit
1030 2682 1263 2738 semper.
1300 2686 1318 2718 ι
1357 2665 1620 2734 Quoniam
1651 2665 1913 2720 Dominus

340 2757 482 2830 Deus
502 2756 664 2811 Israel
688 2756 960 2828 ingressus
977 2764 1078 2823 est,
1094 2777 1112 2808 ι
1140 2756 1224 2810 vel
1240 2756 1564 2830 ingredietur
1590 2770 1718 2826 «per
1735 2770 1906 2828 eam.»

291 2853 297 2858 “
342 2848 462 2904 Erit
495 2849 676 2904 clausa
699 2849 855 2918 juxta
911 2847 1231 2904 Hebraicum
1257 2849 1510 2920 principi,
1538 2864 1698 2918 quem
1723 2835 1914 2904 ducem

293 3005 296 3008 Α
341 2940 692 3013 Septuaginta
718 2942 1126 2997 transtulerunt.
1163 2964 1180 2994 ‹
1212 2941 1312 3010 Qui
1335 2941 1585 3012 princeps
1614 2950 1669 2996 et
1702 2939 1830 3007 dux,
1862 2941 1916 3014 id

341 3041 447 3098 est,
489 3031 615 3088 Nasi
643 3033 849 3088 sedebit
878 3033 932 3086 in
957 3049 1042 3098 ea,
1094 3041 1152 3088 ut
1188 3033 1430 3088 comedat
1458 3047 1640 3086 coram
1687 3030 1916 3087 Domino

341 3140 557 3194 panem.
598 3125 668 3180 Et
695 3141 792 3197 per
819 3117 960 3180 viam
991 3115 1240 3182 vestibuli
1269 3133 1437 3196 porta:
1462 3125 1815 3196 ingredietur,
1862 3131 1918 3180 et

1992 1931 2216 2022 sionem
2243 1958 2396 1997 suam
2424 1958 2531 2008 non
2559 1957 2679 1998 esse
2708 1942 3027 2014 perfectum,
3076 1953 3130 1999 et
3159 1945 3328 2014 magis
3355 1960 3594 2020 quaerere

2009 2049 2180 2112 quam.
2203 2032 2471 2090 invenisse
2516 2035 2657 2110 quod
2689 2050 2900 2105 verum,
2951 2051 3059 2092 non
3089 2036 3262 2092 solum
3291 2052 3382 2104 se,
3420 2037 3512 2094 sed
3541 2047 3596 2117 et

2010 2125 2145 2182 alios
2189 2127 2319 2182 dicit
2358 2131 2480 2184 esse
2512 2126 2819 2206 periectas:
2845 2145 2865 2180 ι
2909 2126 3182 2200 Quotquot
3220 2143 3349 2198 ergo
3373 2128 3594 2207 perfecti

1988 2213 2115 2271 hoc
2144 2217 2416 2288 sapiamus
2445 2215 2656 2290 (Ibid.).
2689 2236 2709 2268 ι
2737 2215 2835 2272 Est
2861 2225 3041 2273 autem
3069 2232 3258 2299 sensus
3282 2216 3441 2286 hujus
3467 2213 3593 2284 loci,

2013 2306 2078 2380 ad
2108 2307 2566 2378 comparationem
2607 2307 2884 2362 hominum
2914 2316 3236 2364 cancrorum
3266 2307 3358 2384 qui
3405 2323 3592 2384 curam

1991 2405 2119 2449 "non
2147 2396 2348 2450 habent
2372 2395 2576 2478 notitia:
2624 2389 3049 2474 scripturarum,
3080 2412 3181 2452 nec
3206 2390 3593 2482 mjsteriorum

1995 2479 2132 2578 lDei,
2162 2485 2462 2556 perfectum
2483 2500 2603 2540 esse
2633 2501 2721 2540 me
2745 2485 2937 2560 fateor.
2992 2487 3264 2555 Quantum
3295 2479 3474 2554 autem
3517 2489 3587 2558 ad

2014 2575 2295 2652 "scientiam
2319 2577 2514 2633 divinae
2535 2575 2855 2647 majestatis,
2873 2594 3016 2634 nunc
3036 2579 3090 2632 in
3112 2579 3398 2657 aenigmate
3415 2577 3592 2640 video,

2015 2677 2071 2724 et
2095 2683 2196 2739 per
2224 2667 2467 2723 nubilum
2495 2677 2551 2723 et
2577 2661 2881 2740 caliginem,
2909 2679 2965 2726 et
2993 2670 3114 2725 dico
3134 2686 3258 2746 cum
3281 2655 3550 2740 Propheta
3575 2687 3589 2722 :

2021 2781 2039 2838 ι
2081 2760 2340 2816 Mirabilis
2374 2760 2519 2815 facta
2547 2771 2629 2816 est
2659 2761 2885 2817 scientia
2918 2770 3010 2817 tua
3035 2778 3102 2818 ex
3134 2778 3245 2829 me,
3281 2763 3596 2830 conl‘ortata

2015 2862 2118 2917 est,
2167 2859 2220 2906 et
2258 2851 2364 2906 non
2389 2859 2578 2922 potero
2606 2852 2674 2906 ad
2717 2867 2837 2907 eam
2879 2849 3053 2925 (Psal.
3097 2854 3381 2925 cxxxvul).
3421 2874 3438 2903 ι
3470 2851 3598 2908 Hmc

2018 2944 2181 3014 igitur
2214 2950 2370 3014 porta
2413 2956 2532 3012 quae
2559 2943 2812 2997 omnibus
2840 2941 3022 2998 clausa
3051 2952 3154 3009 est,
3203 2945 3288 2997 vir
3315 2943 3462 2998 enim
3488 2958 3596 2997 non

2019 3033 2269 3088 transibit
2319 3047 2408 3103 per
2445 3047 2588 3098 eam,
2630 3032 2734 3086 erit
2783 3031 2963 3087 clausa
3011 3032 3240 3104 principi
3287 3033 3400 3104 sive
3448 3032 3595 3098 duci.

2022 3136 2077 3180 et
2099 3125 2240 3181 illius
2272 3125 2523 3181 adventui
2559 3124 2891 3180 reserabitur
2937 3123 3030 3194 qui
3062 3143 3080 3175 ι
3120 3121 3324 3178 sedebit
3367 3109 3422 3178 in
3449 3138 3514 3178 ea
3540 3133 3597 3178 ut

342 3232 438 3287 per
466 3217 637 3288 ipsam
663 3219 986 3290 egredietur.
1037 3239 1054 3271 ι
1090 3218 1346 3286 Qumnam
1372 3219 1476 3273 ista
1503 3227 1658 3288 porta
1686 3225 1768 3274 est
1794 3233 1915 3287 qua:
1941 3205 1986 3269 C
2017 3219 2264 3274 comedat
2308 3233 2501 3288 panem
2541 3232 2723 3272 caram
2765 3217 3011 3271 Domino.
3065 3236 3084 3269 ›
3120 3215 3198 3270 De
3236 3230 3345 3285 quo
3384 3217 3500 3287 ipse
3538 3217 3593 3271 in

343 3320 558 3376 semper
597 3307 780 3362 clausa
823 3316 927 3374 est,
983 3317 1040 3363 et
1083 3308 1228 3363 salus
1255 3308 1514 3363 Dominus
1567 3309 1710 3363 Deus
1751 3307 1916 3362 Israel

315 3394 644 3467 ingreditur
685 3413 782 3467 per
821 3399 990 3453 eam?
1041 3414 1233 3469 nempe
1267 3397 1358 3452 illa
1397 3398 1464 3454 de
1513 3413 1617 3468 qua
1668 3397 1919 3454 Salvator

342 3485 580 3555 loquitur
613 3486 668 3540 in
716 3486 1005 3558 Evangelia
1032 3505 1044 3539 :
1074 3507 1092 3538 (
1125 3487 1218 3542 γε
1258 3487 1431 3552 vobis,
1479 3487 1670 3542 scriba:
1700 3497 1754 3542 et
1776 3483 1918 3542 Pha-

311 3580 486 3662 .risa:i
533 3580 848 3652 hypocrita),
873 3588 928 3634 et
969 3595 1049 3636 vae
1101 3581 1252 3636 vobis
1297 3579 1604 3635 doctaribus
1643 3580 1796 3650 legis,
1826 3580 1919 3650 qui

346 3670 534 3726 tollitis
577 3670 782 3726 clavem
832 3673 1070 3727 scientiae
1097 3713 1112 3738 ,
1160 3673 1262 3744 ipsi
1301 3689 1412 3737 non
1456 3673 1824 3747 ingredimini,
1866 3685 1920 3728 et

305 3765 308 3767 ’
335 3761 613 3840 intrantes
638 3761 936 3830 prohibetis
965 3762 1116 3833 (Luc.
1150 3763 1250 3834 χι).
1283 3784 1304 3817 ι
1341 3763 1418 3818 De
1445 3764 1547 3819 hac
1573 3765 1674 3820 sub
1704 3765 1920 3819 nomine

333 3849 469 3906 'Iibri
513 3853 703 3908 scribit
755 3861 811 3907 et
849 3853 1058 3908 Isaias:
1121 3872 1139 3904 ι
1177 3854 1347 3910 Erunt
1391 3857 1554 3912 verba
1592 3855 1717 3911 libri
1762 3856 1920 3912 istius

330 3943 486 4020 sicut
514 3943 679 3998 verba
706 3943 931 4011 signata.
979 3944 1148 4010 Quem
1173 3961 1297 4002 cum
1339 3947 1550 4002 dederis
1586 3947 1792 4002 homini
1821 3964 1917 4003 ne-

353 4031 547 4086 scienti
574 4032 801 4099 litteras,
831 4043 885 4088 et
907 4033 1109 4091 dixeris
1134 4035 1206 4101 ei,
1235 4034 1395 4107 Lege,
1422 4039 1764 4108 respondebit
1799 4039 1918 4105 tibi,

299 4127 301 4130 ’
357 4121 551 4178 Nescio
568 4123 794 4180 litteras.
810 4124 878 4178 Et
895 4123 1102 4180 dabunt
1121 4125 1270 4181 illum
1283 4127 1486 4183 homini
1504 4129 1694 4184 scienti
1715 4130 1922 4186 litteras

300 4208 306 4217 ⁷
347 4213 607 4294 dicentes,
636 4212 797 4286 Lege.
845 4216 915 4272 Et
940 4217 1083 4272 dicet
1117 4236 1132 4272 :
1164 4215 1280 4273 Non
1319 4234 1536 4289 possum
1571 4219 1751 4293 legere
1793 4221 1920 4291 quia

347 4304 591 4374 signatus
619 4313 704 4360 est
732 4305 867 4377 (Isa.
889 4307 1061 4380 χχιχ).
1099 4327 1118 4359 ι
1149 4308 1260 4364 Iste
1287 4318 1467 4364 autem
1499 4309 1634 4366 liber
1654 4320 1739 4366 est
1768 4311 1921 4381 cujus

321 4396 510 4452 nemo
536 4406 716 4468 potest
741 4399 950 4455 solvere
989 4408 1042 4455 et
1084 4402 1293 4473 aperire
1322 4403 1616 4474 signacula,
1661 4417 1836 4475 neque
1863 4404 1920 4459 in

349 4487 509 4554 cmlo,
541 4505 715 4559 neque
758 4491 816 4545 in
852 4499 1017 4556 terra,
1063 4507 1237 4561 neque
1274 4491 1374 4546 sub
1403 4493 1702 4570 terrazvnisi
1733 4493 1821 4549 ille
1854 4495 1920 4548 de

2001 3301 2310 3380 Evangelia
2351 3308 2635 3380 proﬁtetur
2686 3306 2912 3360 dicens:
2951 3324 2969 3357 ι
3009 3304 3156 3360 Meus
3197 3304 3346 3360 cibus
3389 3315 3495 3372 est,
3539 3314 3598 3360 ut

2018 3397 2214 3452 faciam
2241 3396 2573 3451 voluntatem
2603 3392 2719 3462 ejus
2758 3395 2848 3463 qui
2880 3409 2966 3449 me
2995 3394 3160 3459 misit,
3211 3402 3266 3449 et
3296 3395 3594 3468 compleant

2017 3489 2153 3557 apus
2178 3487 2296 3560 ejus
2320 3487 2501 3559 (Jaan.
2530 3485 2627 3558 1v).
2677 3505 2699 3539 ι
2727 3485 2847 3556 Ipse
2872 3494 2959 3540 est
2995 3486 3249 3556 princeps
3269 3495 3325 3541 et
3352 3486 3592 3556 pontifex

2020 3581 2313 3634 secundum
2355 3571 2610 3634 ordinem
2648 3577 3041 3633 Melchisedech
3090 3575 3280 3648 (Psal.
3331 3577 3442 3649 clx)
3468 3618 3482 3642 ,
3509 3586 3599 3656 [et

2004 3661 2196 3724 hostia
2221 3678 2276 3724 et
2297 3667 2570 3735 sacerdos,
2599 3669 2691 3739 qui
2717 3667 2772 3722 in
2805 3676 3096 3739 conspectu
3126 3668 3293 3737 patris
3320 3669 3594 3723 nobiscum

2020 3764 2294 3820 caelestem
2339 3763 2573 3820 comedit
2620 3778 2838 3834 panem,
2882 3770 2938 3816 et
2961 3763 3143 3816 vinum
3176 3761 3328 3825 bibit,
3387 3761 3596 3830 dequo

2021 3856 2335 3929 loquiturin
2382 3853 2712 3925 Evangelia:
2761 3871 2778 3903 ι
2818 3852 2936 3906 Non
2985 3852 3166 3907 bibam
3210 3853 3276 3908 de
3327 3854 3599 3924 geniminc

2021 3947 2147 4000 vitis
2174 3944 2354 4013 hujus,
2401 3945 2508 3999 nisi
2541 3959 2665 4000 cum
2716 3936 2905 3998 hibera
2930 3941 3058 3999 illud
3086 3958 3281 3998 novum
3332 3945 3387 3998 in
3432 3959 3596 4014 regno

2020 4035 2198 4090 Patris
2228 4035 2334 4089 mei
2360 4032 2575 4105 (Matth.
2599 4033 2767 4106 xxvi):
2802 4051 2821 4084 ι
2848 4035 2902 4087 in
2926 4033 3015 4088 illo
3039 4033 3285 4088 videlicet
3313 4048 3500 4103 regno,
3531 4036 3598 4116 de

2021 4115 2128 4195 quo
2162 4125 2350 4180 scribit
2380 4123 2704 4194 Apostolus:
2737 4141 2757 4174 ι
2787 4122 3031 4194 Regnum
3079 4122 3176 4178 Dei
3203 4123 3345 4177 intra
3377 4139 3473 4179 vos
3517 4135 3600 4180 est

2022 4213 2173 4288 (Luc.
2219 4214 2388 4287 xvu).
2440 4233 2459 4264 ι
2510 4213 2810 4283 Clausaque
2853 4215 2959 4269 erit
3004 4224 3198 4284 porta:
3245 4231 3403 4292 nemo
3452 4219 3596 4272 enim

2019 4293 2197 4378 palest
2216 4307 2484 4378 passionis
2499 4306 2711 4361 Domini
2731 4306 3074 4376 corporisque
3094 4305 3227 4376 ejus,
3251 4316 3306 4362 et
3326 4295 3600 4379 sanguinis

2020 4414 2118 4470 pro
2150 4395 2425 4466 majestate
2444 4397 2522 4450 rei
2547 4405 2887 4450 sacramenta
2910 4410 3253 4466 cognoscere.
3307 4397 3600 4470 Tantzequzi

2020 4492 2278 4550 bonitatis
2298 4498 2382 4546 est
2401 4498 2456 4542 et
2471 4488 2769 4545 clementia:
2795 4485 3048 4560 princeps
3070 4499 3272 4554 noster,
3295 4498 3353 4544 ut
3371 4506 3490 4545 cum
3514 4509 3599 4570 so-

313 4577 455 4650 "qua
477 4579 531 4632 in
561 4555 881 4649 Apocalypsi
905 4555 1128 4635 Joannis
1150 4555 1346 4635 dicitur
1377 4600 1390 4634 :
1426 4602 1443 4633 ι
1475 4567 1614 4638 Ecce
1665 4583 1795 4660 vicit
1835 4555 1997 4639 leo‘D
2022 4584 2105 4639 les
2143 4585 2325 4639 sedeat
2362 4583 2416 4636 in
2441 4589 2596 4652 porta
2621 4595 2738 4650 qua:
2783 4555 2962 4636 clausa
2986 4555 3093 4646 est,
3124 4592 3179 4636 et
3198 4598 3393 4651 panem
3414 4563 3595 4635 coram

309 4683 312 4688 '
349 4672 414 4724 de
452 4670 609 4724 'tribu
656 4668 828 4734 Juda,
875 4670 1027 4724 radix
1065 4679 1119 4726 et
1156 4687 1325 4741 genus
1365 4673 1555 4739 David,
1605 4683 1662 4728 ut
1715 4677 1922 4744 aperiat

313 4758 546 4813 “librum
591 4766 647 4813 et
689 4759 862 4814 solvat
902 4759 1174 4830 signacula
1198 4759 1314 4828 ejus
1356 4761 1538 4832 (Apoc.
1571 4762 1649 4832 v).
1709 4783 1727 4814 r
1765 4763 1922 4818 Prius

349 4847 496 4903 enim
523 4863 685 4918 quam
732 4847 982 4904 Salvator
1030 4849 1323 4903 humanum
1372 4865 1570 4919 corpus
1617 4862 1922 4918 assumeret

275 5007 277 5009 _
313 4943 322 4965 ί
349 4948 406 4995 et
435 4940 744 4995 humiliaret
767 4955 828 4995 se
854 4939 1085 4997 formam
1108 4942 1248 4996 servi
1289 4941 1561 5011 accipiens
1593 4941 1810 5014 (Philip.
1836 4942 1920 5016 ιι),

310 5055 314 5060 ·
339 5031 534 5086 clausa
559 5041 678 5085 erat
718 5031 804 5086 lex
821 5040 877 5087 et
915 5032 1192 5102 praphetae
1237 5040 1294 5087 et
1322 5031 1498 5086 omnis
1529 5033 1754 5087 scientia
1782 5032 1927 5087 Scri-

311 5139 320 5146 ’·
349 5131 652 5192 pturarum,
681 5123 897 5178 clausus
921 5131 1036 5178 erat
1078 5122 1382 5194 paradisus.
1413 5122 1703 5194 Postquam
1744 5133 1924 5178 autem

321 5199 323 5202 ’
352 5211 443 5268 ille
470 5215 722 5284 pependit
767 5213 819 5267 in
849 5229 1031 5279 cruce,
1080 5223 1133 5269 et
1161 5215 1370 5270 locutus
1398 5224 1480 5270 est
1523 5213 1590 5268 ad
1617 5214 1920 5269 latronem:

308 5309 327 5316 "
359 5325 378 5359 ι
422 5305 592 5362 Hodie
616 5321 824 5361 mecum
850 5306 959 5360 eris
985 5306 1039 5359 in
1075 5306 1329 5376 paradiso
1358 5305 1510 5379 (Luc.
1536 5307 1716 5377 xxm),
1749 5327 1769 5360 ι
1811 5317 1924 5363 sta-

337 5387 452 5456 tim
479 5399 653 5453 velum
680 5397 864 5468 templi
891 5397 1122 5453 scissum
1149 5408 1252 5464 est,
1279 5410 1334 5452 et
1360 5409 1545 5468 aperta
1567 5408 1692 5455 sunt
1712 5401 1914 5467 omnia;

335 5489 639 5562 ablataque
693 5492 957 5546 velamine
1001 5491 1266 5547 dicimus:
1302 5509 1322 5543 ι
1359 5491 1468 5547 Nos
1511 5504 1690 5549 autem
1735 5511 1921 5552 omnes

353 5584 593 5641 revelata
633 5583 773 5641 facie
815 5585 1042 5656 gloriam
1081 5583 1294 5640 Domini
1339 5585 1762 5654 contemplantes
1785 5625 1801 5652 ,
1867 5587 1924 5640 in

355 5676 602 5735 eamdem
648 5679 937 5749 imaginem
980 5679 1480 5746 transformamura
1519 5680 1686 5750 gloria
1727 5680 1782 5734 in
1805 5680 1921 5751 glo-

359 5775 496 5830 riam
524 5771 606 5843 (ll
634 5773 754 5827 Cor.
790 5774 891 5842 ιιι).
928 5795 946 5826 ι
975 5774 1069 5828 Sin
1097 5783 1276 5830 autem
1304 5774 1536 5830 revelata
1558 5782 1680 5829 sunt
1721 5773 1924 5841 omnia,

723 5869 998 5927 Ριτιιοι..
1040 5868 1171 5926 ΟΧ.

2025 4663 2254 4730 Domino
2293 4673 2559 4736 comedat,
2604 4671 2735 4723 velit
2779 4673 2976 4726 mensae
3008 4685 3119 4725 sua:
3166 4679 3330 4740 atque
3364 4671 3593 4724 convivi;

2025 4761 2208 4836 plures
2247 4763 2449 4819 habere
2490 4768 2793 4826 consortes,
2841 4768 2896 4814 et
2922 4759 3094 4815 dicat:
3132 4778 3152 4812 ι
3187 4757 3329 4816 Ecce
3377 4763 3477 4830 ego
3516 4753 3598 4814 Sto

2025 4863 2081 4911 et
2125 4855 2308 4925 pulso:
2358 4853 2405 4906 si
2450 4853 2572 4922 quis
2617 4851 2909 4921 aperuerit,
2947 4851 3217 4923 ingrediar
3252 4847 3320 4906 ad
3360 4864 3506 4914 eum,
3543 4861 3597 4905 et

2028 4945 2253 5002 Coenabo
2284 4959 2408 4999 cum
2450 4945 2540 5000 illo
2565 4953 2620 5000 et
2649 4945 2762 5015 ipse
2788 4957 2999 4998 mecum
3029 4942 3212 5012 (Apoc.
3237 4939 3342 5010 ιιι).
3382 4958 3404 4994 ι
3435 4937 3595 4998 Solus

2027 5048 2206 5092 autem
2228 5051 2423 5106 panem
2442 5037 2676 5092 comedit
2695 5050 2879 5091 caram
2907 5033 3152 5097 Domino,
3193 5033 3322 5102 quia
3347 5032 3597 5089 substan-

2028 5128 2100 5181 tia
2131 5126 2247 5196 ejus
2275 5125 2562 5196 divinaque
2594 5135 2787 5180 natura
2813 5123 3023 5178 cunctis
3049 5129 3422 5178 creaturarum
3465 5125 3594 5180 sub-

2013 5217 2238 5278 stantiis
2260 5232 2509 5293 separata
2536 5231 2637 5276 est.
2675 5220 2791 5290 Ipse
2811 5235 2908 5290 per
2932 5217 3174 5275 eamdem
3197 5209 3448 5274 vestibuli
3469 5235 3594 5292 por-

2028 5324 2137 5370 tam
2167 5314 2468 5387 ingreditur
2511 5323 2566 5369 et
2595 5313 2889 5382 egreditur,
2945 5311 3070 5381 quia
3108 5319 3160 5366 et
3187 5311 3333 5366 intus
3354 5321 3407 5366 et
3441 5313 3595 5381 faris,

2027 5406 2132 5461 hoc
2156 5417 2240 5461 est
2270 5405 2478 5460 infusus
2505 5413 2561 5459 et
2584 5401 2938 5459 circumfusus
2964 5402 3230 5467 omnibus,
3260 5403 3597 5473 ingrediens-

2028 5513 2134 5567 que
2171 5513 2267 5569 per
2304 5507 2539 5566 partam,
2569 5505 2828 5549 utsecum
2851 5494 3262 5548 intraducateos
3281 5495 3372 5563 qui
3393 5497 3596 5565 absque

2030 5589 2275 5646 doctrina
2320 5588 2437 5659 ejus
2484 5596 2538 5641 et
2582 5585 2780 5640 auxilio
2834 5585 3033 5639 intrare
3073 5601 3186 5640 non
3229 5593 3452 5656 possunt
3492 5604 3504 5638 :
3541 5596 3598 5642 et

2016 5679 2310 5750 egrediens
2331 5685 2393 5731 ut
2419 5689 2632 5730 rursum
2661 5675 2794 5730 alios
2821 5675 3141 5739 introducat,
3167 5683 3222 5729 et
3245 5674 3496 5744 loquatur
3518 5675 3597 5731 eis

2031 5772 2124 5842 qui
2145 5769 2442 5826 diﬂlciliora
2454 5773 2570 5826 non
2591 5769 2830 5837 capiunt.
2866 5767 3019 5834 Quod
3043 5774 3394 5837 autem-porta
3420 5767 3571 5821 arieti

3123 5860 3200 5918 31
