3908 6356
210 440 345 497 1005

1099 432 1452 494 COMMENT.
1489 432 1558 489 IN
1595 426 2052 488 EZECHIELEM.
2090 458 2159 470 —
2197 428 2323 484 LIB.
2365 425 2548 483 XVIII.

3319 417 3455 475 1006

201 565 304 622 est,
327 556 470 626 quod
493 552 753 610 inducunt
776 553 913 610 filios
934 553 1139 609 alienos
1167 550 1281 608 sive
1307 548 1638 623 alienigenas
1691 545 1774 601 in-
1799 548 1854 607 Α
1876 556 2020 609 rum,
2046 547 2101 598 et
2124 542 2289 607 labia,
2312 549 2368 597 et
2392 557 2506 618 cor,
2527 548 2582 595 et
2601 552 2816 597 omnem
2860 548 3101 602 carnem,
3136 531 3452 602 oculosque,

201 647 548 705 circumclsos
572 646 753 713 corde,
779 655 836 702 et
862 646 1267 701 incircumcisos
1292 658 1475 708 carne,
1498 650 1560 697 ut
1585 642 1694 697 sint
1715 640 1771 697 in

202 739 510 796 sanctuario
546 738 660 805 Dei,
692 746 746 793 et
770 737 1009 809 polluant
1058 736 1275 791 domum
1322 735 1554 791 Domini.
1614 754 1632 788 ι
1662 734 1773 790 Μο-

203 833 380 888 dieum
429 830 574 887 eiiim
618 829 937 885 fermentum
998 836 1163 883 totam
1203 842 1436 883 massam
1481 826 1778 897 corrumpit

204 920 266 994 (1
294 920 418 977 Cor.
443 920 528 993 ν).
559 940 579 973 ι
611 920 678 975 Et
706 920 761 974 in
795 919 1114 990 quibusdam
1170 917 1562 991 exemplaribus
1605 914 1777 972 fertur

202 1012 633 1078 Proverbiorum,
670 1030 690 1064 ι
718 1011 795 1066 Ne
824 1011 1134 1066 introducas
1158 1010 1382 1081 impium
1426 1010 1479 1065 in
1525 1011 1776 1065 taberna—

202 1101 336 1157 culis
349 1102 638 1172 iustorum.
677 1120 699 1155 ι
731 1100 939 1171 Urgent
970 1116 1070 1157 nos
1096 1100 1151 1155 in
1181 1100 1283 1156 hoc
1336 1100 1455 1156 loco
1499 1098 1667 1155 Judaei
1724 1107 1779 1155 et

203 1192 467 1247 Ehionltm
501 1192 595 1262 qui
617 1191 1082 1247 circumclsionem
1122 1189 1308 1247 carnis
1325 1188 1617 1261 accipiunt,
1648 1204 1781 1261 quo-

204 1284 362 1341 unde
387 1298 676 1355 possumus
701 1290 1017 1355 pmsentem
1050 1281 1227 1338 locum
1279 1295 1569 1351 exponere,
1620 1282 1783 1338 incir-

201 1379 468 1435 cumclsos
494 1378 656 1433 corde
678 1383 737 1432 et
758 1376 1166 1431 incircumcisos
1214 1388 1379 1431 carne
1401 1388 1418 1429 :
1440 1390 1547 1447 quo
1596 1373 1785 1432 Videli-

203 1480 289 1525 eet
316 1479 437 1541 post
466 1470 763 1541 spiritalem
786 1469 1195 1540 intelligentiam
1225 1468 1391 1525 etiam
1439 1470 1619 1526 carnis
1672 1468 1782 1525 cir-

202 1563 586 1620 cumeisionem
615 1562 890 1631 suscipere
910 1561 1222 1617 debeamus.
1284 1557 1391 1616 Sed
1430 1559 1524 1631 qui
1557 1558 1787 1631 legimus

203 1655 426 1709 Paulum
455 1654 722 1709 dicentem
763 1669 779 1707 :
824 1671 843 1704 ι
871 1651 1158 1709 Contestor
1200 1660 1379 1708 autem
1426 1666 1643 1707 omnem
1686 1653 1787 1708 Lo-

205 1747 402 1801 minem
443 1746 537 1816 qui
571 1746 995 1811 circumciditur,
1045 1745 1304 1815 quoniam
1343 1742 1389 1800 si
1442 1743 1790 1800 circumcida-

202 1835 353 1903 mini,
383 1836 631 1893 Christus
657 1838 813 1893 vobis
840 1837 975 1891 nihil
1000 1837 1242 1907 proderit
1266 1835 1421 1909 (Gal.
1448 1836 1534 1909 v).
1569 1855 1587 1888 ι
1633 1837 1700 1891 Et
1726 1836 1790 1892 il-

1874 644 2089 705 gustum
2118 642 2173 688 et
2190 633 2490 697 odoratum,
2517 639 2575 686 ut
2602 630 2783 685 omnia
2813 644 2936 685 cum
2957 627 3052 685 Dei
3080 626 3274 682 timore
3294 631 3349 679 et
3369 640 3460 679 ra-

1875 725 2020 781 tione
2050 723 2329 779 faciamus.
2354 723 2588 777 Audiant
2607 722 2707 776 hoc
2730 718 2966 793 episcopi
3015 727 3178 791 atque
3224 716 3453 789 presby—

1875 815 2000 880 teri,
2030 822 2087 871 et
2112 813 2285 869 omnis
2313 813 2446 869 ordo
2484 811 2886 869 ecclesiasticus
2930 816 2992 864 ut
3035 823 3143 865 non
3192 807 3460 864 inducant

1880 909 2019 965 lliios
2040 908 2246 966 alienos
2293 904 2699 961 incircumcisos
2728 903 2910 968 corde,
2952 909 3007 956 et
3053 900 3464 958 incircumcisos

1881 1014 2069 1065 carne,
2090 1013 2158 1054 ne
2192 998 2302 1053 sint
2326 997 2378 1051 in
2399 993 2710 1051 sanctuario
2738 993 2859 1055 Dei,
2887 1000 2945 1049 et
2969 990 3213 1075 polluant
3243 992 3461 1046 domum

1882 1090 2017 1162 ejus.
2047 1088 2105 1147 Si
2125 1090 2270 1146 enim
2301 1089 2407 1144 hoc
2428 1085 2674 1152 fecerint,
2697 1084 2969 1156 aptabitur
2993 1083 3100 1139 illis
3126 1082 3267 1155 quod
3291 1081 3467 1154 sequi-

1882 1191 1975 1239 tur
2001 1199 2014 1237 :
2045 1200 2065 1235 ‹
2091 1181 2159 1237 Et
2182 1178 2388 1237 odertis
2413 1192 2584 1251 panes
2612 1193 2782 1245 meos,
2822 1197 2841 1230 ι
2870 1188 3040 1248 panes
3067 1172 3319 1233 videlicet
3341 1191 3464 1247 pro—

1882 1273 2163 1347 positionis
2191 1273 2246 1328 in
2276 1272 2486 1328 cunctis
2516 1269 2761 1327 ecclesiis
2794 1277 2851 1325 et
2892 1270 2950 1325 in
2992 1269 3125 1326 orbe
3175 1274 3463 1335 terramm,

1886 1366 1956 1422 de
1980 1382 2089 1421 uno
2116 1380 2256 1436 pane
2282 1361 2625 1436 pullulantes.
2652 1361 2720 1418 Et
2747 1377 2856 1419 non
2908 1360 3081 1423 solum
3133 1377 3322 1434 panes,
3372 1361 3466 1418 sed

1887 1457 2099 1529 adipem
2128 1469 2362 1525 quoque,
2389 1454 2455 1509 de
2476 1469 2583 1525 quo
2608 1453 2867 1524 scriptum
2887 1459 2972 1509 est
2999 1437 3064 1507 εἲ
3094 1452 3160 1508 Ει
3185 1452 3338 1524 adipe
3358 1450 3469 1507 fru-

1887 1546 2057 1603 menti
2083 1546 2349 1602 saturavit
2371 1560 2466 1601 eos
2494 1543 2677 1616 (Psal.
2709 1545 2857 1617 xtv),
2888 1565 2909 1598 ι
2933 1551 2989 1600 et
3011 1545 3331 1618 sanguinem
3376 1543 3470 1615 qui

1890 1637 1946 1693 in
1974 1636 2177 1693 Christi
2200 1634 2452 1708 passione
2472 1633 2675 1692 eﬂ'usus
2699 1643 2801 1692 est.
2838 1632 3255 1708 Legendumque
3292 1632 3367 1691 ita
3415 1641 3472 1689 et

1892 1729 1973 1785 sic
1993 1729 2237 1785 lectionis
2261 1729 2395 1785 ordo
2416 1727 2736 1784 reddendus.
2767 1726 2903 1784 Cum
2929 1726 3068 1783 filios
3117 1727 3468 1803 alienigenas,

1894 1829 1950 1875 et
1974 1820 2383 1877 incircumcisos
2403 1821 2566 1877 corde
2599 1828 2655 1876 et
2681 1834 2909 1891 corpore
2929 1819 3197 1878 inducatis
3243 1820 3299 1889 in
3346 1836 3472 1875 san-

203 1928 296 1983 lud
353 1927 603 1984 Ieremia
627 1941 644 1982 ι
677 1945 698 1981 ι
727 1927 866 1984 Ecce
895 1928 1287 1984 incircumcisze
1308 1942 1469 1985 aures
1491 1935 1707 1994 vestrae,
1734 1935 1789 1984 et

1900 1914 2158 1968 stuariam
2184 1928 2387 1979 meum,
2416 1920 2472 1968 et
2503 1912 2755 1983 poliuatis
2783 1912 3002 1967 domum
3031 1928 3231 1981 meam,
3262 1904 3473 1967 audetis

203 2018 451 2074 noluistis
465 2020 652 2074 audire
672 2017 819 2091 (Jer.
850 2034 903 2074 vi
922 2018 963 2090 ).
1010 2039 1031 2073 ι
1062 2020 1131 2075 Et
1157 2019 1212 2074 in
1242 2019 1428 2075 Exodo
1469 2017 1683 2074 locutus
1707 2027 1794 2075 est

204 2108 416 2180 Moyses
462 2108 797 2181 (£100.11!)
844 2111 898 2165 in
946 2119 1236 2180 conspectu
1292 2108 1523 2176 Domini,
1569 2108 1786 2165 dicens:

203 2200 344 2257 Ecce
373 2200 466 2257 lilii
493 2200 658 2255 israel
684 2218 791 2257 non
822 2201 1105 2257 audierunt
1133 2210 1205 2267 te,
1228 2209 1281 2257 et
1309 2200 1579 2271 quomodo
1611 2202 1792 2257 audiet

203 2308 292 2347 me
318 2292 569 2346 Pharao?
589 2293 702 2362 Ego
732 2303 913 2349 autem
944 2309 1062 2348 sum
1088 2293 1228 2349 tardi
1256 2293 1543 2359 sermonis,
1567 2307 1669 2363 pro
1684 2309 1791 2365 quo

205 2383 396 2438 melius
417 2383 646 2439 habetur
670 2385 726 2439 in
761 2382 1025 2440 Hebraao:
1059 2403 1080 2436 ι
1107 2385 1219 2456 Ego
1272 2392 1453 2442 autem
1495 2387 1789 2443 incircum-

204 2474 348 2528 cisus
374 2473 550 2529 labiis.
582 2494 602 2527 ι
640 2477 1039 2547 interrogemus
1061 2491 1177 2543 eos,
1209 2476 1320 2532 imo
1372 2492 1630 2550 cogamus
1685 2478 1793 2534 cir-

207 2564 513 2619 cumcidere
536 2578 697 2620 aures
717 2574 772 2620 et
792 2566 933 2621 labia
957 2568 1233 2634 desecare,
1250 2574 1309 2622 ut
1333 2567 1671 2638 Scripturam
1699 2568 1792 2624 lm-

205 2652 353 2724 plere
381 2655 683 2710 videantur.
741 2652 837 2711 sin
870 2664 1052 2713 autem
1099 2666 1385 2728 coeperunt
1416 2659 1788 2717 circumcisio-

206 2762 330 2803 nem
354 2750 564 2803 aurium
594 2749 957 2820 interpretari,
980 2752 1194 2821 quando
1216 2751 1351 2807 nihil
1382 2760 1540 2826 turpe
1593 2762 1649 2809 et
1701 2753 1789 2809 in-

207 2837 495 2893 honestum
544 2838 732 2894 audire
784 2852 884 2894 nos
921 2840 1179 2909 patimur,
1216 2849 1271 2897 et
1317 2842 1788 2899 circumcisionem

207 2927 473 2983 labiorum
494 2930 709 3000 quando
731 2930 867 2985 nihil
890 2931 1145 2987 indecens
1188 2930 1487 3002 loquimur,
1546 2935 1791 2992 dicamus

204 3018 293 3075 eis
326 3020 570 3078 eamdem
595 3023 987 3092 expositionem
1023 3025 1186 3080 etiam
1215 3025 1270 3080 in
1300 3026 1465 3082 corde
1488 3028 1609 3083 etin
1623 3040 1789 3086 carne

209 3126 431 3167 servare
463 3114 691 3169 debetis.
724 3113 833 3171 Cor
859 3116 1293 3175 circumcidimus
1330 3118 1546 3175 cultello
1574 3119 1692 3188 Del,
1736 3129 1790 3178 et

210 3201 453 3257 aufertur
478 3204 547 3260 de
572 3207 733 3262 corde
756 3217 941 3264 nostro
959 3210 1298 3281 praeputium,
1347 3213 1562 3283 quando
1606 3222 1791 3283 turpes

210 3294 563 3365 cogitationes
592 3313 930 3370 nequaquam
956 3308 1155 3356 exeunt
1187 3302 1251 3357 de
1278 3303 1440 3358 corde
1468 3310 1677 3371 nostro,
1693 3320 1793 3361 nec

210 3388 278 3443 de
308 3389 465 3443 nobis
493 3389 691 3443 dicitur
717 3407 731 3443 :
771 3409 790 3442 α
825 3390 1220 3463 Impinguatum
1254 3402 1339 3450 est
1363 3410 1458 3451 cor
1476 3396 1658 3468 populi
1688 3396 1792 3453 hu-

203 3479 314 3549 jus,
342 3487 397 3532 et
424 3480 646 3535 auribus
682 3482 794 3537 suis
819 3485 1055 3553 graviter
1092 3484 1378 3543 audierunt
1417 3487 1562 3561 (Act.
1601 3498 1791 3558 xxvm,

209 3570 325 3625 ha.
356 3570 463 3643 vi).
497 3588 516 3624 ι
550 3572 692 3644 Ergo
724 3581 778 3629 et
812 3586 939 3630 caro
970 3576 1222 3632 similiter
1266 3576 1689 3648 circumciditur,
1736 3591 1797 3641 ut

210 3679 551 3734 nequaquam
573 3663 833 3724 faciamus
856 3676 1071 3724 terrena
1096 3684 1260 3741 opera
1289 3679 1409 3741 quae
1433 3687 1532 3743 pro
1560 3670 1798 3743 necessi-

214 3774 325 3822 tate
355 3766 598 3841 corporis
628 3766 809 3824 facere
840 3768 1234 3839 compellimur,
1280 3770 1460 3827 cibum
1502 3786 1715 3843 capere,
1742 3780 1798 3828 et

212 3863 399 3927 potum
422 3865 475 3913 et
504 3872 769 3925 somnum,
795 3867 848 3913 et
865 3859 941 3912 uti
967 3859 1205 3915 vestibus
1231 3879 1242 3914 :
1270 3876 1389 3932 quae
1419 3869 1545 3917 tunc
1572 3861 1799 3918 circum-

215 3945 523 4014 eidimus,si
554 3961 661 4001 non
688 3947 754 4001 ad
781 3947 1000 4003 delicias
1020 3958 1074 4003 et
1101 3949 1168 4005 ad
1193 3949 1460 4007 luxuriam
1482 3961 1537 4006 et
1559 3953 1627 4006 ad
1654 3952 1799 4009 iner-

216 4035 372 4102 tiam,
397 4038 490 4092 sed
519 4040 586 4092 ad
615 4039 991 4093 necessitatem
1037 4048 1244 4095 natum
1288 4048 1343 4095 et
1374 4043 1617 4114 corporis
1642 4044 1798 4103 istius

217 4130 643 4184 susteutaculum
683 4140 877 4186 cuncta
932 4128 1211 4186 faciamus.
1272 4130 1374 4200 Qui
1425 4133 1559 4189 bibit
1614 4135 1798 4193 vinum

219 4220 493 4273 modicum
518 4226 741 4289 propter
764 4221 1102 4275 stomachum
1131 4229 1186 4276 et
1231 4221 1543 4295 frequentes
1567 4222 1799 4283 inﬁrmi-

221 4317 361 4362 tates
381 4308 442 4379 (1
466 4309 600 4363 Tim.
626 4322 657 4363 ν
673 4311 714 4381 ),
738 4318 791 4365 et
813 4311 925 4365 odit
944 4313 1283 4382 ebrietatem,
1307 4315 1647 4371 circumcidit
1671 4332 1795 4375 car-

216 4412 342 4453 nem
366 4410 540 4453 suam.
569 4398 672 4466 Qui
698 4400 895 4455 dormit
914 4410 1176 4473 quantum
1201 4412 1390 4459 natura
1434 4408 1655 4479 patitur,
1698 4423 1796 4462 au—

218 4496 329 4551 diet
360 4509 391 4548 a
415 4494 732 4550 Salomone:
755 4512 774 4547 ‹
800 4495 856 4551 Si
878 4495 1081 4552 sederis
1101 4538 1115 4564 ,
1148 4484 1351 4569 absque
1376 4501 1568 4556 timore
1593 4502 1730 4569 eris;
1753 4503 1797 4557 si

219 4586 529 4651 dormieris,
548 4587 786 4641 suaviter
808 4588 1064 4655 dormies,
1091 4598 1146 4645 et
1170 4606 1275 4646 non
1301 4593 1516 4648 timebis
1544 4608 1799 4665 pavorem

217 4681 687 4751 supervenientem
702 4682 796 4737 tibi
817 4698 991 4753 neque
1010 4683 1240 4753 impetus
1253 4685 1536 4754 impiorum
1552 4702 1804 4757 superve-

219 4771 432 4826 nientes
468 4769 658 4843 (Prov.
696 4771 808 4845 ιιι).
853 4792 872 4827 ›
900 4773 967 4827 Εῐ
995 4775 1087 4844 qui
1108 4775 1242 4845 fugit
1271 4773 1717 4845 fornicationem,
1750 4786 1804 4833 et

216 4863 377 4916 uxori
399 4861 635 4917 debitum
657 4863 861 4930 reddit,
881 4872 1155 4919 revertens
1174 4865 1240 4919 ad
1262 4865 1490 4937 idipsum
1511 4907 1525 4931 ,
1544 4880 1611 4920 ne
1636 4874 1807 4923 tentet

216 4966 345 5007 eum
361 4946 611 5019 Satanas,
627 4954 805 5009 audiet
827 4969 946 5008 eum
967 4953 1161 5025 populo
1176 4954 1354 5021 Israel,
1379 4976 1396 5007 ι
1421 4956 1474 5010 in
1489 4955 1590 5011 liae
1602 4954 1688 5011 die
1710 4957 1805 5012 ab-

218 5044 350 5101 stuli
376 5046 724 5118 opprobrium
754 5042 972 5117 Egypti
1000 5062 1029 5098 a
1053 5046 1221 5102 vobis.
1262 5068 1280 5098 ι
1312 5044 1564 5103 Vestibus
1592 5064 1805 5121 quoque

219 5141 408 5189 utetur
434 5149 555 5204 qua:
594 5134 765 5204 {ligus
801 5135 1090 5205 repellant,
1126 5153 1228 5191 non
1260 5154 1379 5208 qua:
1423 5138 1680 5195 tenuitate
1720 5139 1803 5196 sui

219 5244 450 5299 corpora
496 5233 637 5286 nuda
669 5232 1052 5287 demonstrent.
1092 5231 1386 5286 Attenuata
1414 5230 1633 5303 jejuniis
1675 5248 1801 5288 caro

218 5328 277 5376 et
298 5322 616 5377 circumcisa
641 5323 963 5377 continentia
1000 5323 1132 5393 fugit
1158 5323 1503 5392 opprobrium
1527 5322 1804 5394 :Egyptio-

218 5426 344 5465 rum
368 5414 458 5484 qui
487 5422 611 5468 sunt
638 5413 847 5485 magnis
878 5415 1147 5477 carnibus,
1172 5422 1227 5466 et
1249 5412 1373 5467 illud
1398 5421 1575 5485 potest
1598 5416 1797 5483 dicere,

219 5503 367 5571 quod
397 5504 450 5556 in
478 5504 746 5575 plerisque
770 5504 924 5573 juxta
952 5504 1239 5559 editionem
1268 5502 1619 5577 Septuaginta
1664 5507 1795 5579 legi-

220 5602 351 5648 tur:
382 5614 401 5647 ι
420 5594 698 5664 Quemodo
723 5598 997 5653 centabnit
1024 5612 1153 5653 caro
1180 5611 1299 5651 mea
1325 5596 1378 5650 in
1406 5606 1549 5652 terra
1584 5599 1796 5656 deserta

221 5692 282 5739 et
331 5686 475 5740 invia
528 5694 584 5741 et
633 5689 889 5758 inaquosa
916 5732 931 5756 ,
974 5689 1054 5745 sic
1102 5689 1155 5743 in
1199 5696 1389 5745 sancto
1432 5691 1652 5761 apparui
1700 5690 1797 5747 tibi

224 5774 411 5847 (Paul.
440 5775 601 5848 Lm).
635 5777 693 5833 Si
714 5780 926 5849 quando
953 5797 1081 5853 ergo
1108 5780 1434 5851 alienigenas
1459 5779 1801 5839 introducere

224 5866 559 5940 voluerimus
580 5869 635 5926 in
657 5871 855 5942 templo
878 5870 997 5940 Dei,
1026 5873 1474 5931 circumcidamus
1506 5890 1667 5931 aures
1706 5891 1799 5931 eo-

1825 4631 1882 4693 D

1893 2002 2090 2058 offerre
2115 2018 2309 2074 panem
2337 2012 2391 2059 et
2410 2004 2624 2075 adipem
2659 2011 2714 2059 et
2760 2004 3098 2076 sanguinem,
3135 2002 3362 2076 mystica
3389 2019 3477 2061 sa-

1893 2101 2195 2157 cramenta,
2224 2099 2279 2147 et
2302 2108 2408 2147 non
2434 2092 2732 2165 intelligitis
2755 2093 2896 2163 quod
2922 2091 3189 2149 solveritis
3236 2100 3292 2149 et
3337 2107 3475 2165 prab-

1893 2184 2149 2254 tergressi
2176 2184 2295 2238 sitis
2331 2192 2547 2253 pactum
2581 2198 2762 2239 meum
2795 2184 2851 2239 in
2877 2185 3131 2240 omnibus
3184 2185 3476 2243 sceleribus

1892 2286 1949 2333 et
1980 2278 2349 2349 impietatibus
2372 2282 2592 2348 vestris,
2619 2288 2674 2336 et
2695 2297 2802 2337 non
2833 2282 3181 2339 servaveritis
3204 2292 3476 2357 prmcepta

1892 2373 2185 2427 sanctuarii
2212 2374 2337 2440 mei,
2384 2388 2561 2445 neque
2597 2375 2889 2445 posueritis
2927 2376 3179 2432 custodes
3224 2392 3476 2435 caeremo-
3562 2376 3567 2379 ’

1892 2461 2106 2517 uiarum
2135 2477 2377 2518 mearum
2410 2463 2466 2518 in
2501 2464 2812 2521 sanctuario
2856 2482 2998 2523 meo.
3060 2464 3247 2524 Omnis
3298 2477 3480 2529 autem

1894 2555 2154 2611 adversus
2177 2570 2271 2612 eos
2296 2564 2379 2613 est
2398 2556 2765 2625 comminatio,
2796 2559 2888 2633 qui
2914 2575 3021 2616 non
3042 2560 3325 2616 audierunt
3343 2559 3480 2634 Apo-

1891 2646 2092 2703 stolum
2110 2656 2531 2718 prazmonentem
2566 2666 2578 2703 :
2615 2666 2635 2701 ι
2673 2648 2862 2706 Manus
2911 2653 3019 2707 cito
3068 2648 3269 2708 nemini
3315 2653 3481 2725 impo-

1893 2743 2087 2809 sueris,
2123 2757 2297 2813 neque
2325 2744 2693 2800 communices
2738 2742 2978 2817 peccatis
3016 2744 3207 2803 alienis
3247 2742 3312 2820 (1
3340 2746 3477 2803 Tim.

1891 2837 1981 2911 γ).
2018 2859 2036 2892 ι
2072 2836 2169 2894 Vel
2192 2846 2341 2893 certe
2370 2839 2450 2894 sic
2486 2838 2916 2912 intelligendum,
2958 2860 2978 2895 ι
3013 2842 3347 2899 Dissolvistis
3382 2857 3487 2916 pa:

1894 2939 2041 2986 ctum
2060 2944 2240 2985 meum
2269 2930 2325 2985 in
2367 2930 2619 2986 omnibus
2656 2930 2953 2989 sceleribus
3000 2935 3215 3000 vestris,
3266 2942 3325 2989 et
3372 2948 3476 2999 non

1892 3022 2151 3079 servastis
2179 3031 2445 3097 praecepta
2475 3024 2770 3080 sanctuarii
2799 3026 2937 3092 mei;
2967 3046 2986 3080 ι
3016 3034 3072 3082 et
3108 3028 3322 3083 audetis
3344 3026 3480 3091 indi-

1895 3130 2031 3186 gnos
2085 3114 2399 3188 alienasque
2441 3114 2697 3172 custodes
2753 3131 2955 3191 ponere
3004 3116 3059 3177 in
3106 3117 3483 3179 observatione

1894 3207 2188 3261 sanctuarii
2245 3206 2352 3261 mei
2402 3206 2821 3279 vobismetipsis,
2869 3225 2928 3263 ut
2970 3207 3322 3265 subaudiatur
3370 3222 3487 3267 non

1818 3273 1867 3338 ε
1898 3298 2053 3354 mihi.
2084 3296 2154 3354 Et
2181 3305 2263 3354 est
2288 3315 2515 3355 sensus:
2544 3298 2648 3368 Qui
2667 3273 2822 3357 vobis
2842 3298 2898 3355 in
2916 3300 3221 3359 carnalibus
3244 3300 3485 3363 serviant

1898 3404 1965 3447 ac
1998 3391 2328 3459 ministrent,
2353 3398 2409 3451 et
2428 3390 2498 3448 ob
2522 3403 2704 3460 vestra
2730 3391 3012 3466 refrigeria
3035 3408 3217 3453 meum
3240 3392 3489 3467 polluant

1899 3482 2288 3538 sanctuarium.

1975 3591 1994 3624 ι
2025 3571 2152 3628 Haec
2171 3572 2301 3629 dicit
2325 3568 2585 3630 Dominus
2616 3572 2797 3632 Deus:
2833 3574 3024 3634 Omnis
3043 3576 3349 3651 alienigena
3395 3580 3481 3636 in-

1907 3686 1926 3719 ι
1964 3665 2320 3723 circumcisus
2338 3666 2502 3723 corde
2544 3676 2600 3724 et
2627 3668 3038 3727 incircumcisus
3063 3686 3229 3730 carne
3260 3689 3368 3733 non
3403 3674 3486 3729 in-

1908 3772 1926 3810 t
1966 3758 2242 3829 gredietur
2265 3759 2633 3815 sanctuarium
2659 3776 2864 3827 meum,
2886 3763 3065 3821 omnis
3085 3762 3226 3823 ﬁlius
3277 3764 3485 3822 alienus

1907 3867 1926 3901 ι
1969 3850 2167 3921 quiest
2196 3850 2251 3905 in
2278 3850 2457 3906 medio
2483 3850 2717 3906 filiorum
2744 3851 2929 3908 Israel.
2960 3852 3067 3911 Sed
3089 3863 3144 3912 et
3167 3853 3370 3911 Levita:
3393 3856 3488 3928 qui

1907 3960 1927 3993 ι
1968 3941 2127 4013 longe
2149 3949 2493 3996 recesserunt
2512 3957 2542 3995 a
2572 3958 2658 3996 me
2681 3942 2736 3997 in
2762 3959 2949 4000 errore
2969 3944 3200 4003 ﬁliorum
3221 3946 3405 4014 Israel,
3430 3955 3487 4003 et

1910 4049 1930 4083 ι
1974 4041 2294 4087 erraverunt
2319 4048 2350 4087 a
2373 4048 2459 4088 me
2484 4042 2609 4105 post
2634 4024 2775 4089 idOla
2804 4052 2922 4105 sua,
2968 4040 3263 4107 portabunt
3288 4041 3486 4111 iniqui-

1910 4128 1930 4176 ι
1984 4132 2147 4178 tatem
2177 4139 2331 4180 suam
2360 4124 2452 4195 qui
2481 4133 2637 4181 erant
2657 4126 2713 4181 in
2734 4130 3045 4185 sanctuario
3085 4146 3205 4187 meo
3229 4133 3410 4188 aeditui
3432 4141 3490 4189 et

1910 4234 1930 4267 ι
1970 4215 2233 4287 janitores
2254 4225 2532 4287 portarum
2564 4214 2755 4271 domus
2788 4227 2842 4272 et
2866 4218 3101 4275 ministri
3122 4221 3330 4281 domus.
3354 4223 3491 4295 Ipsi-

1910 4324 1929 4357 ι
1973 4320 2077 4378 que
2103 4305 2414 4360 mactabant
2441 4303 2756 4361 holocausta
2796 4317 2855 4362 et
2888 4307 3139 4367 victimas
3184 4312 3388 4385 populi,
3432 4324 3493 4373 et

1912 4416 1931 4449 ι
1977 4397 2076 4468 ipsi
2099 4398 2314 4454 stabant
2340 4406 2464 4452 ante
2486 4412 2579 4453 eos
2599 4407 2659 4452 ut
2686 4398 3054 4457 ministrarent
3096 4417 3196 4475 pro
3222 4403 3345 4477 illis.
3379 4403 3486 4461 Pro

1913 4508 1930 4540 ι
1971 4504 2037 4545 eo
2060 4504 2188 4560 ergo
2208 4489 2354 4560 quod
2374 4490 2818 4547 ministraverunt
2841 4508 2940 4563 pro
2967 4493 3047 4549 eis
3096 4494 3150 4549 in
3193 4506 3484 4567 conspectu

1915 4602 1934 4635 ι
1979 4581 2243 4638 idolorum
2268 4598 2517 4650 suorum,
2539 4582 2667 4638 facti
2690 4593 2816 4642 sunt
2838 4585 3019 4641 damni
3046 4586 3212 4643 Israel
3235 4587 3289 4643 in
3316 4590 3487 4646 offen-

1912 4694 1932 4726 ι
1978 4676 2213 4730 dicqum
2235 4676 2552 4746 iniquitatis,
2596 4675 2799 4733 idcirco
2826 4676 3001 4737 levavi
3046 4693 3268 4739 manum
3309 4696 3489 4739 meam

1915 4784 1935 4818 ‹
1981 4782 2141 4838 super
2166 4782 2280 4834 eos,
2303 4766 2718 4836 dicit‘Dominus
2739 4769 2901 4834 Deus,
2926 4778 2980 4826 et
3006 4780 3358 4843 portaverth
3384 4777 3488 4832 ini-

1914 4880 1934 4913 ‹
1977 4859 2235 4930 quitatem
2251 4874 2423 4913 suam.
2453 4857 2522 4912 Et
2545 4875 2658 4917 non
2688 4863 3192 4935 appropinquabant
3226 4865 3294 4921 ad
3317 4883 3404 4925 me
3429 4878 3489 4927 ut

1916 4969 1936 5001 ι
1978 4948 2279 5004 sacerdotio
2339 4948 2630 5022 fungantur
2697 4951 2851 5019 mihi,
2910 4969 3086 5026 neque
3142 4958 3489 5015 aceedentad

1916 5060 1934 5093 ι
1980 5056 2139 5095 omne
2166 5040 2533 5095 sanctuarium
2553 5040 2899 5113 meumjuxta
2929 5055 3117 5102 sancta
3150 5057 3485 5118 sanctorum,

1916 5149 1935 5182 ι
1982 5131 2075 5187 sed
2101 5132 2393 5203 portabunt
2419 5130 2792 5191 confusionem
2828 5152 2981 5192 suam
3030 5146 3088 5194 et
3134 5141 3337 5205 scelera
3388 5157 3487 5201 sua

1915 5240 1936 5274 ι
1980 5238 2100 5292 qua:
2150 5222 2410 5277 fecerunt.
2457 5222 2526 5279 Et
2561 5224 2699 5281 dabo
2749 5242 2842 5283 eos
2880 5229 3148 5299 janitores
3196 5233 3389 5293 donius
3416 5236 3523 5297 in.

1915 5333 1933 5366 ι
1976 5314 2122 5368 omni
2149 5314 2449 5371 ministerio
2472 5317 2609 5389 ejus,
2638 5326 2693 5373 et
2723 5320 2988 5381 universis
3011 5338 3133 5393 (ιιι-’Β
3154 5324 3293 5387 iith
3314 5327 3370 5383 in
3397 5343 3491 5387 ea.

1913 5394 1943 5455 ι’
1976 5401 2298 5463 Sacerdotes
2329 5415 2508 5463 autem
2531 5407 2733 5465 Levita:
2771 5410 2867 5464 ﬁlii
2892 5411 3070 5471 Sadoc
3100 5417 3190 5489 qui
3220 5420 3489 5483 custodie-

1914 5500 1947 5548 r
1979 5506 2105 5553 runt
2135 5500 2487 5557 cazremonias
2514 5504 2808 5557 sanctuarii
2828 5507 3094 5573 mei,eum
3120 5522 3367 5573 errarent
3388 5513 3491 5573 ﬁlii

1910 5608 1929 5642 ι
1965 5586 2129 5646 lsrael
2154 5610 2181 5646 a
2200 5608 2309 5659 me,
2334 5592 2435 5662 ipsi
2458 5592 2716 5649 accedent
2738 5597 2805 5652 ad
2826 5613 2911 5655 me
2932 5608 2991 5657 ut
3006 5601 3313 5661 ministrent
3334 5604 3493 5676 mihi.

1911 5685 1953 5735 ι’
1975 5693 2031 5739 et
2054 5683 2278 5738 stabunt
2304 5684 2361 5741 in
2388 5693 2683 5754 conspectu
2708 5704 2828 5744 meo
2853 5698 2912 5749 ut
2934 5693 3169 5755 (dferant
3214 5697 3348 5760 mihi
3371 5696 3493 5764 ³1η·

1912 5793 1933 5828 ι
1975 5790 2099 5847 pem
2131 5780 2189 5831 et
2215 5774 2549 5845 sanguinem,
2582 5777 2659 5832 ait
2686 5777 2940 5845 Dominus
2968 5785 3130 5844 Deus.
3179 5788 3283 5859 Ipsi
3309 5789 3491 5860 ingre-
3522 5850 3527 5855 ,

1911 5887 1934 5924 ι
1974 5866 2193 5928 dientur
2215 5870 2270 5926 in
2290 5870 2658 5927 sanetuarium
2682 5890 2886 5945 meum,
2921 5890 2974 5935 et
3000 5879 3100 5948 ipsi
3124 5881 3386 5947 accedent
3415 5879 3483 5937 ad
