3908 6356
394 372 415 426 1
428 374 532 429 007

1028 375 1090 426 Β.
1131 373 1383 429 RABANI
1412 372 1643 428 ‘MAURJ
1680 369 2002 427 ARCHIEP.
2044 369 2353 429 MOGUNT.
2394 369 2682 428 OPERUM
2717 372 2898 428 PARS
2935 373 3000 427 II.

393 509 412 540 ι
456 504 697 545 mensam
740 504 914 544 meam
945 497 1004 544 ut
1031 489 1340 544 ministrent
1366 489 1520 555 mihi,
1557 497 1614 543 et
1668 488 1973 542 custodiant
1997 487 2052 550 Α
2075 488 2374 562 refrigeriis
2399 490 2593 546 altaria
2622 490 2836 546 Domini
2881 489 3201 561 pendamus.
3229 487 3361 544 Pro
3405 503 3474 545 eo
3497 488 3669 558 quod

393 597 412 630 ι
459 580 807 635 caremonias
835 596 1002 634 meas.
1044 601 1062 632 ›
1097 580 1420 635 Hebraicum
1451 591 1634 635 autem
1685 581 1828 634 hunc
1869 581 1969 633 ha-

383 671 477 735 bet
506 688 723 726 sensum
750 689 763 724 :
798 691 815 722 ‹
842 670 1029 727 Omnis
1046 671 1344 741 alienigena
1375 670 1783 726 incircumcisus
1809 671 1971 725 corde

385 770 441 816 et
461 777 644 826 carne,
676 777 784 816 non
807 761 1141 833 ingredietur
1166 761 1535 816 sanctuarium
1556 775 1754 827 meum,
1793 781 1810 812 ι
1846 760 1971 815 licet

385 868 510 908 cum
536 852 735 922 populo
765 851 931 906 Israel
954 868 1073 907 esse
1113 853 1377 907 videatur.
1426 852 1623 930 Levita
1655 862 1834 908 autem
1864 854 1967 906 hoc

383 954 470 1000 est
495 945 844 1000 sacerdotalis
873 947 1070 1016 gradus
1108 947 1198 1016 qui
1251 947 1408 1017 longe
1458 961 1799 1002 recesserunt
1829 964 1857 1002 a
1887 963 1970 1004 me

386 1036 440 1090 in
463 1050 650 1090 errore
671 1035 902 1090 ﬁliorum
933 1036 1119 1103 Israel,
1151 1045 1206 1091 et
1237 1039 1407 1092 secuti
1438 1049 1561 1093 sunt
1592 1039 1751 1104 idola,
1783 1050 1968 1110 porta-

383 1130 518 1185 bunt
543 1129 882 1199 iniquitatem
905 1146 1079 1196 suam,
1108 1145 1173 1185 eo
1192 1131 1336 1200 quod
1366 1131 1564 1186 fuerint
1588 1132 1639 1186 in
1663 1131 1971 1188 sanetuario

384 1237 506 1276 meo
534 1221 926 1288 ministrantes,
955 1222 1010 1276 in
1042 1221 1219 1278 olIicio
1247 1232 1527 1294 portarum
1556 1226 1746 1280 domus
1789 1235 1844 1279 et
1873 1226 1972 1279 mi-

382 1314 542 1369 nistri
571 1312 704 1383 ejus.
733 1315 838 1384 Ipsi
869 1306 1013 1368 enim
1037 1314 1334 1371 oﬁ'erebant
1381 1317 1752 1372 holocaustum
1799 1328 1853 1373 et
1893 1318 1972 1371 vi-

383 1407 578 1460 ctimas
607 1407 812 1478 populi,
835 1408 1018 1476 et'ipsi
1047 1408 1264 1463 stabant
1293 1409 1349 1462 in
1375 1417 1666 1480 conspectu
1696 1427 1880 1464 eorum
1914 1419 1974 1465 ut

383 1498 759 1552 ministrarent
779 1513 878 1568 pro
903 1500 1004 1553 eis.
1038 1498 1173 1566 Quia
1204 1516 1332 1570 ergo
1374 1501 1828 1557 ministraverunt
1875 1519 1971 1572 pro

383 1587 491 1643 illis
514 1589 569 1643 in
599 1597 887 1659 conspectu
911 1589 1174 1645 idolorum
1202 1605 1445 1656 suorum,
1474 1600 1530 1645 et
1553 1591 1769 1647 fuerunt
1791 1593 1969 1646 domui

379 1678 947 1735 lsraeloﬁ‘endiculum
982 1681 1299 1752 iniquitatis,
1329 1693 1612 1752 propterea
1653 1684 1822 1738 levavi
1859 1701 1973 1738 ma—

362 1785 513 1844 gnum
537 1784 714 1826 meam
741 1787 901 1841 super
924 1787 1037 1838 eos,
1070 1773 1199 1828 dicit
1222 1773 1481 1828 Dominus
1504 1774 1664 1840 Deus,
1705 1785 1758 1829 et
1785 1785 1970 1846 porta-

2073 594 2174 635 nos
2195 581 2512 650 posuimus:
2550 599 2571 632 ι
2604 580 2672 635 Et
2725 581 2864 636 dabo
2924 594 3028 635 eos.
3054 577 3567 647 ianitores-domus
3605 578 3669 634 in

2073 673 2379 728 ministerio
2403 674 2541 745 ejus,
2568 681 2624 728 et
2651 675 2704 728 in
2732 672 2999 728 universis
3045 686 3166 741 qua
3221 670 3360 726 ﬁunt
3407 670 3466 725 in
3515 685 3604 733 ea,
3637 687 3664 723 ι

2072 778 2166 818 eos
2186 763 2435 818 videlicet
2465 761 2774 817 Levitarum
2795 761 2888 831 qui
2917 760 3078 831 longe
3120 766 3468 817 recesserunt
3488 773 3526 813 a
3555 758 3671 816 Deo

2073 856 2129 909 in
2152 871 2342 912 errore
2372 855 2606 910 ﬁliorum
2637 855 2831 922 Israel,
2852 863 2908 911 et
2934 855 3105 911 secuti
3133 863 3263 910 sunt
3301 854 3446 910 idola
3465 854 3672 923 quibus

2069 947 2319 1001 victimas
2340 946 2705 1001 immolarunt.
2739 946 3098 1017 Symmachus
3121 945 3370 1002 ordinem
3400 944 3672 1010 Qlectiunis

2074 1053 2400 1108 sensumque
2445 1038 2817 1105 considerans,
2871 1039 3074 1094 rectius
3127 1037 3517 1107 interpretatus
3563 1046 3669 1103 est,

2073 1128 2259 1183 dicens
2284 1147 2297 1182 :
2321 1127 2612 1185 Posueram
2637 1129 2783 1184 enim
2813 1144 2908 1184 eos
2945 1128 3200 1185 custodes
3239 1129 3538 1198 januarum
3576 1129 3676 1184 do-

2072 1234 2193 1274 mus
2235 1221 2476 1276 universi
2526 1221 2808 1276 ministerii
2866 1221 3007 1291 ejus,
3058 1229 3115 1276 et
3163 1229 3488 1276 cunctorum
3549 1236 3672 1290 qua:

2071 1309 2212 1365 ﬁunt
2236 1311 2292 1366 in
2305 1327 2390 1377 ea,
2411 1321 2592 1366 utnon
2604 1313 2672 1367 ad
2695 1327 2789 1367 eos
2809 1313 3080 1383 pertineat
3099 1312 3191 1382 qui
3209 1322 3338 1368 sunt
3361 1313 3418 1367 in
3445 1313 3670 1383 templo,

2074 1403 2169 1457 sed
2195 1403 2264 1458 ad
2291 1419 2386 1459 eos
2411 1404 2501 1473 qui
2525 1404 2766 1459 fuerunt.

2148 1517 2166 1548 ι
2209 1497 2452 1567 Cumque
2479 1498 2850 1568 ingredientur
2872 1505 3056 1567 portas
3082 1496 3207 1552 atrii
3232 1497 3534 1563 interioris,
3571 1513 3665 1553 ve—

2082 1611 2100 1642 ‹
2139 1591 2314 1647 stibus
2351 1591 2466 1646 sive
2492 1591 2644 1646 stolis
2682 1591 2839 1646 lineis
2892 1590 3203 1656 induentur,
3256 1605 3359 1645 nec
3411 1590 3674 1645 ascendet

2080 1705 2100 1737 ‹
2146 1701 2309 1757 super
2345 1700 2441 1740 eos
2461 1685 2751 1754 quicquam
2779 1684 2994 1739 laneum
3025 1684 3240 1753 quando
3266 1684 3587 1738 ministrant
3611 1683 3667 1737 in

2080 1798 2097 1830 ‹
2143 1777 2316 1848 portis
2363 1777 2484 1832 atrii
2535 1775 2806 1832 interioris
2857 1785 2911 1830 et
2955 1776 3298 1831 intrinsecus.
3331 1774 3677 1829 Vittalinea

380 1870 580 1918 verunt
609 1862 950 1933 iniquitatem
987 1880 1162 1928 suam,
1212 1873 1266 1917 et
1310 1880 1416 1918 non
1466 1867 1972 1936 appropinquabunt
2001 1853 2050 1912 Β
2081 1889 2100 1922 ‹
2146 1880 2302 1925 erunt
2330 1870 2386 1924 in
2413 1870 2678 1938 capitibus
2698 1884 2904 1931 eorum,
2936 1869 3048 1922 sive
3091 1868 3304 1922 cidarcs
3349 1867 3524 1922 lineas
3583 1865 3677 1919 ha-

379 1952 449 2008 ad
469 1967 583 2019 me,
604 1961 666 2008 ut
690 1953 994 2008 sacerdotio
1017 1952 1309 2026 fungantur
1335 1956 1488 2020 mihi,
1518 1972 1692 2026 neque
1715 1951 1974 2011 accedent

381 2044 451 2098 ad
495 2059 656 2098 omne
686 2045 1050 2099 sanctuarium
1087 2061 1266 2100 meum
1315 2046 1472 2113 juxta
1517 2057 1704 2104 sancta
1752 2058 1970 2104 sancto-

380 2153 526 2204 rum,
563 2138 657 2192 sed
684 2139 977 2207 portabunt
1022 2139 1390 2194 confusionem
1444 2155 1618 2204 suam,
1665 2149 1722 2194 et
1769 2141 1972 2195 scelera

384 2245 483 2284 sua
511 2244 633 2299 qua
654 2228 918 2284 fecerunt.
973 2231 1077 2286 Pro
1101 2231 1427 2286 sacerdotali
1475 2232 1618 2284 enim
1665 2230 1840 2286 ofﬁcio
1882 2232 1975 2302 qui

382 2319 760 2376 holocaustum
785 2329 840 2375 et
867 2321 1117 2377 victimas
1146 2338 1413 2391 omneque
1444 2322 1765 2377 sacriﬁcium
1781 2323 1976 2378 oﬁ‘erre

380 2421 727 2479 consuerant,
759 2414 1070 2482 redigentur
1097 2414 1148 2466 in
1182 2413 1700 2484 ultimum'gradum.
1733 2414 1800 2467 Et
1819 2424 1978 2469 erunt

377 2503 646 2574 ianitores
682 2504 874 2560 domus
903 2506 957 2558 in
981 2505 1332 2575 ignominiam
1361 2505 1769 2575 sempiternam,
1826 2518 1884 2560 ut
1909 2509 1976 2561 ab

380 2596 636 2652 universo
661 2598 857 2666 populo
887 2597 1173 2651 videantur
1215 2597 1455 2653 intrante
1503 2607 1559 2653 et
1608 2608 1862 2664 exeunte,
1912 2601 1978 2654 de

382 2700 492 2754 qua
517 2687 734 2741 sublimi
778 2687 1053 2758 dignitate,
1109 2689 1177 2742 ad
1231 2704 1394 2758 quam
1447 2689 1695 2744 ultimum
1750 2693 1978 2762 gradum

383 2775 749 2844 pervenerint.
812 2797 830 2828 ‹
863 2777 1184 2834 Sacerdotes
1236 2787 1440 2845 autem,
1479 2799 1498 2832 ι
1545 2780 1740 2850 inquit,
1791 2767 1847 2838 id
1899 2791 1982 2836 est

380 2862 588 2921 Levita
615 2885 634 2916 ι
670 2867 764 2936 qui
791 2875 916 2922 sunt
940 2868 1036 2922 ﬁlii
1063 2868 1264 2935 Sadoc,
1294 2889 1312 2920 ι
1352 2871 1456 2925 hoc
1477 2878 1560 2926 est
1581 2870 1852 2940 justorum
1867 2873 1980 2928 sive

377 2955 514 3026 justi
539 2957 659 3024 Dei,
679 2966 734 3014 et
776 2961 948 3031 quiin
984 2970 1227 3031 tempore
1277 2963 1480 3018 erroris
1530 2964 1774 3020 universi
1814 2963 1981 3019 Israel

370 3047 411 3136 ξ(
441 3050 817 3110 custodierunt
843 3054 1197 3108 caremonias
1227 3055 1521 3110 sanctuarii
1570 3056 1700 3119 mei,
1759 3055 1859 3124 ipsi
1897 3071 1982 3110 ac-

371 3137 577 3212 cedent
599 3146 667 3201 ad
692 3161 778 3200 me
803 3155 863 3200 ut
893 3148 1202 3202 ministrent
1233 3149 1388 3214 mihi,
1410 3157 1466 3203 et
1495 3157 1642 3203 stent
1677 3149 1729 3202 in
1755 3163 1982 3218 conspea

2079 1982 2099 2013 ‹
2143 1962 2346 2016 bebunt
2371 1975 2532 2030 super
2557 1959 2734 2028 capita
2767 1974 2884 2022 sua,
2917 1966 2974 2012 et
2996 1957 3270 2012 feminalia
3319 1957 3465 2011 linea
3513 1967 3676 2011 erunt

2080 2069 2100 2102 ι
2144 2051 2198 2105 in
2231 2051 2426 2105 lumbis
2455 2065 2667 2115 eorum,
2708 2057 2766 2103 et
2807 2064 2915 2104 non
2945 2049 3296 2119 accingentur
3342 2048 3399 2102 in
3454 2048 3670 2102 sudore.

2081 2161 2100 2192 ‹
2145 2140 2386 2211 Ctimque
2416 2140 2760 2211 egredientur
2785 2139 2982 2194 atrium
3015 2139 3258 2193 exterius
3287 2137 3359 2192 ad
3386 2137 3670 2207 populum,

2081 2253 2100 2284 ‹
2146 2242 2346 2288 exuent
2373 2248 2432 2288 se
2457 2232 2792 2287 vestimentis
2819 2232 2932 2286 suis
2979 2231 3033 2284 in
3085 2230 3283 2301 quibus
3330 2231 3674 2285 ministrave-

2084 2344 2102 2375 ι
2146 2334 2293 2390 rant,
2315 2332 2368 2379 et
2393 2331 2655 2394 reponent
2679 2338 2742 2377 ea
2765 2323 2820 2377 in
2846 2321 3249 2394 gazophylaciis
3273 2321 3598 2386 sanctuarii,
3619 2329 3673 2375 et

2083 2439 2100 2467 ‹
2143 2418 2375 2472 vestient
2403 2431 2461 2472 se
2483 2416 2822 2470 vestimentis
2851 2415 2994 2480 aliis,
3024 2421 3081 2468 et
3107 2429 3218 2468 non
3254 2412 3686 2469 sanctiﬁcabunt‘

2085 2529 2103 2561 ι
2142 2511 2401 2581 populum
2445 2510 2500 2563 in
2547 2507 2889 2564 vestimentis
2918 2507 3052 2561 suis.
3080 2506 3257 2576 Caput
3292 2515 3479 2561 autem
3515 2522 3674 2561 suum

2085 2622 2103 2654 ι
2142 2618 2249 2658 non
2293 2603 2484 2656 radent
2517 2614 2690 2669 neque
2720 2613 2930 2654 comam
2966 2599 3234 2664 nutrient,
3263 2598 3362 2653 sed
3390 2599 3674 2653 tondentes

2085 2715 2103 2745 ι
2151 2693 2505 2748 attondebunt
2533 2690 2710 2759 capita
2743 2704 2858 2743 sua.
2883 2688 2953 2742 Et
2972 2688 3161 2743 vinum
3185 2702 3296 2742 non
3316 2687 3473 2742 bibet
3498 2688 3675 2742 omnis

2086 2807 2105 2839 ‹
2150 2776 2426 2848 sacerdos,
2448 2782 2662 2852 quando
2688 2783 3032 2853 ingressurus
3053 2780 3220 2836 fuerit
3233 2781 3291 2834 in
3317 2780 3520 2834 atrium
3542 2780 3675 2834 inte-

2087 2897 2106 2928 (
2153 2878 2286 2931 rius.
2312 2895 2331 2927 ι
2361 2874 2616 2947 (Hieron.
2635 2875 2655 2944 )
2674 2873 2918 2928 Primum
2937 2873 3180 2928 historia
3201 2870 3371 2926 verba
3392 2871 3674 2941 pandenda

2081 2976 2226 3023 sunt.
2251 2967 2396 3021 Inter
2416 2971 2610 3019 caetera
2640 2977 2760 3033 qua
2784 2962 3156 3018 sacerdotibus
3201 2963 3448 3033 pracipit
3496 2977 3676 3016 sermo

2081 3057 2410 3121 Dominicus,
2457 3055 2563 3110 hoc
2591 3068 2802 3123 quoque
2843 3054 3242 3108 observandum
3281 3053 3458 3120 jubet.
3507 3062 3568 3106 ut
3621 3053 3676 3105 in

2084 3149 2216 3218 ipsis
2246 3147 2418 3217 portis
2449 3144 2726 3200 interioris
2746 3143 2892 3208 atrii,
2934 3143 3198 3208 vestibus,
3233 3143 3285 3197 id
3309 3151 3392 3197 est
3420 3142 3582 3196 stolis
3613 3142 3679 3195 li-

371 3224 474 3311 ictu
499 3252 644 3304 meo,
673 3257 692 3289 ι
721 3248 777 3293 et
804 3238 1033 3293 oﬁ‘erant
1058 3239 1190 3292 mihi
1220 3239 1458 3310 adipem,
1491 3241 1595 3296 hoc
1623 3249 1708 3295 est
1734 3239 1977 3310 pinguis—
2007 3210 2053 3273 ο
2086 3243 2202 3296 neis
2228 3239 2542 3304 induantur,
2570 3252 2670 3291 nec
2693 3245 2916 3290 utantur
2967 3235 3141 3290 laneis
3195 3235 3516 3290 indumentis
3557 3245 3679 3288 tam

381 3329 578 3385 simam
602 3331 855 3395 hostiam,
884 3338 936 3384 et
965 3331 1308 3400 sanguinem,
1341 3333 1523 3386 vivam
1557 3331 1767 3386 scilicet
1790 3340 1845 3385 et
1865 3333 1978 3402 pla-

381 3427 597 3476 centem
616 3420 849 3474 hostiam
877 3419 987 3475 Deo
1011 3437 1027 3485 ;
1067 3438 1085 3470 ι
1105 3429 1161 3474 et
1190 3421 1293 3489 ipsi
1326 3421 1698 3490 ingredientur
1730 3432 1982 3476 sanctua-

382 3511 526 3565 ri’um
578 3526 780 3576 meum,
826 3519 882 3565 et
926 3513 1186 3566 accedent
1220 3513 1286 3567 ad
1332 3527 1577 3569 mensam
1621 3531 1822 3581 meam,
1860 3535 1877 3566 ι
1924 3525 1982 3570 ut

385 3603 689 3657 accendant
715 3604 1010 3674 thymiama
1040 3604 1196 3669 mihi,
1224 3611 1280 3659 et
1324 3621 1540 3661 omnem
1594 3608 1761 3663 ritum
1814 3610 1982 3664 sacri-

383 3694 493 3751 ﬁcii
525 3696 853 3752 custodiant.
903 3697 998 3750 Sin
1040 3707 1220 3752 autem
1265 3698 1371 3754 hoc
1414 3701 1489 3754 ita
1526 3710 1630 3767 est,
1682 3710 1742 3755 ut
1788 3703 1878 3771 qui
1928 3704 1982 3757 in

383 3797 628 3856 tempore
666 3789 871 3844 erroris
907 3797 961 3843 et
995 3792 1390 3860 persecutionis
1415 3791 1557 3848 idola
1606 3802 1735 3848 sunt
1787 3795 1980 3860 secuti,

382 3891 504 3946 qua
528 3876 596 3930 de
623 3891 722 3930 suo
746 3878 907 3932 corde
937 3877 1335 3946 conﬁnxerunt,
1362 3888 1416 3935 et
1447 3898 1555 3936 non
1597 3883 1770 3937 solum
1829 3898 1977 3949 voce,

383 3967 479 4021 sed
499 3975 555 4021 et
579 3967 974 4038 subscriptione
1007 3983 1202 4023 manus
1253 3981 1600 4026 asseruerunt
1654 3971 1752 4026 Dei
1810 3972 1980 4027 ﬁlium

382 4069 710 4127 creaturam,
740 4070 795 4116 et
823 4062 1130 4117 servierunt
1157 4072 1422 4118 creaturae
1443 4066 1615 4135 magis
1643 4080 1807 4134 quam
1832 4079 1984 4122 crea-

382 4153 488 4208 tori
520 4153 613 4222 qui
649 4161 733 4207 est
773 4152 1089 4208 benedictus
1141 4153 1195 4206 in
1227 4155 1443 4221 saecula,
1479 4157 1750 4224 quomodo
1799 4171 1982 4211 sacer-

383 4243 560 4298 dotale
589 4243 715 4310 sibi,
744 4252 800 4296 et
818 4243 1130 4314 pontiﬁcale
1156 4245 1448 4300 adsumunt
1474 4246 1772 4317 fastigium,
1804 4257 1861 4302 et
1887 4267 1984 4306 au-

383 4334 513 4390 dent
534 4333 735 4390 oﬁ‘erre
755 4335 1004 4390 victimas
1034 4335 1146 4390 Deo
1199 4336 1436 4393 cultores
1486 4343 1758 4409 quondam
1809 4345 1981 4401 idolo-

368 4425 548 4501 rum?
577 4424 686 4480 Sed
707 4434 769 4478 ut
792 4425 1206 4482 ardentissimus
1234 4436 1393 4495 poeta
1418 4439 1650 4488 testatur
1681 4453 1696 4489 :

577 4571 824 4635 Quidquid
843 4583 874 4623 a
904 4571 1074 4623 multis
1095 4579 1326 4636 peccatur
1348 4576 1557 4629 inultum
1583 4589 1676 4630 est.

387 4695 668 4752 Multitudo
693 4697 1034 4769 peccantium
1085 4696 1568 4785 impetrabilior-em
1616 4703 1743 4760 fecit
1802 4707 1980 4777 impiis

383 4787 624 4855 veniam,
659 4796 719 4843 ut
740 4788 832 4858 qui
861 4788 1069 4844 redacti
1119 4788 1176 4841 in
1221 4787 1390 4846 laicos
1430 4795 1657 4863 pristina
1712 4798 1980 4868 sacrilegii

384 4878 470 4934 sui
510 4879 808 4934 debuerant
856 4879 1060 4934 scelera
1115 4878 1420 4948 deplorare,
1462 4900 1604 4941 nunc
1634 4889 1868 4958 resupini
1924 4890 1980 4942 in
2025 4910 2028 4912 ν

383 4969 680 5040 pontiﬁcali
706 4970 842 5025 solio
863 4971 1110 5037 sedeant,
1150 4974 1206 5029 et
1251 4983 1468 5028 ruetent
1507 4978 1662 5033 nobis
1719 4979 1982 5034 simulata

385 5063 511 5119 ﬁdei
540 5080 788 5130 nauseas,
830 5065 938 5120 imo
981 5079 1181 5134 aperta
1221 5067 1463 5139 perﬁdia
1509 5079 1695 5138 aperta
1724 5086 1979 5140 compen-

387 5155 497 5210 dia.
525 5155 761 5210 Audiant
799 5155 964 5225 igitur
990 5157 1180 5213 saltem
1207 5173 1352 5224 sero,
1411 5165 1466 5212 et
1515 5160 1806 5214 observent
1843 5176 1983 5229 pra-

386 5252 544 5313 cepta
578 5246 964 5315 omnipotentis
1001 5245 1118 5302 Dei.
1151 5246 1340 5304 Omnis
1369 5247 1670 5317 alienigena
1698 5251 1982 5305 incircum-

385 5333 534 5390 cisus
559 5336 723 5420 corde
747 5345 803 5392 et
826 5339 1237 5396 incircumcisus
1282 5357 1447 5396 carne
1483 5355 1592 5395 non
1649 5343 1981 5413 ingredietur

386 5433 760 5489 sanctuarium
784 5450 984 5489 meum.
1014 5435 1166 5491 Licet
1193 5437 1283 5492 ille
1313 5438 1382 5492 sit
1413 5436 1573 5502 ﬁlius,
1608 5437 1733 5492 licet
1782 5454 1980 5510 cogna-

373 5525 537 5603 ﬁtiono
561 5526 817 5593 sociatus,
844 5527 972 5581 licet
1001 5530 1222 5599 antiqua
1257 5529 1411 5584 nobis
1437 5529 1646 5584 haereat
1683 5532 1984 5587 necessitu-

373 5609 534 5720 gdine,
559 5622 607 5678 si
634 5621 1048 5678 incircumcisus
1074 5626 1237 5680 corde
1264 5624 1347 5679 vel
1377 5639 1540 5679 carne
1587 5633 1687 5688 est,
1746 5641 1850 5680 non
1904 5627 1982 5680 in-

373 5712 706 5804 ;troducatur
727 5712 788 5768 in
813 5715 1181 5769 sanctuarium
1221 5717 1338 5780 Dei,
1390 5731 1459 5771 nc
1506 5716 1783 5770 ministros
1829 5715 1982 5771 Chri-

377 5801 481 5866 isti,
516 5813 731 5875 npstros
762 5801 1026 5859 faciamus
1050 5805 1458 5877 ministrosff‘ct
1517 5822 1616 5874 pro
1672 5806 1980 5862 carnalibus

2084 3331 2139 3384 in
2176 3330 2350 3400 portis
2377 3328 2503 3384 atrii
2529 3327 2825 3390 interioris,
2851 3341 3014 3395 quam
3042 3325 3381 3389 intrinsecus,
3430 3326 3541 3380 hoc
3593 3333 3680 3379 est

2083 3423 2137 3476 in
2190 3420 2365 3491 adytis
2433 3419 2741 3488 sanctisque
2801 3426 3112 3472 sanctorum
3183 3433 3197 3470 :
3257 3416 3517 3484 vittaque
3565 3415 3675 3469 sive

2082 3515 2296 3570 cidarcs
2319 3512 2477 3566 linea
2503 3511 2612 3567 sint
2635 3511 2690 3564 in
2717 3510 2985 3580 capitibus
3009 3523 3220 3572 eorum,
3279 3517 3339 3562 et
3378 3507 3672 3561 faminalia

2083 3605 2226 3660 linea
2254 3603 2310 3658 in
2336 3599 2553 3657 lumbis.
2573 3598 2836 3669 Quodque
2863 3595 3271 3667 sequiturjuxta
3299 3596 3671 3667 Septuaginta,

2091 3715 2110 3747 (
2139 3705 2196 3750 et
2220 3705 2328 3750 non
2356 3694 2711 3764 accingcntur
2737 3691 3026 3756 violenter,
3069 3711 3089 3741 ι
3122 3703 3223 3759 pro
3255 3705 3367 3759 quo
3397 3688 3593 3758 Aquila
3622 3697 3674 3742 et

2086 3786 2447 3856 Symmachus
2517 3783 2912 3838 transtulerunt
2966 3782 3021 3834 in
3087 3779 3299 3844 sudore,
3377 3780 3674 3835 Theodotio

2084 3877 2262 3947 ipsum
2287 3876 2514 3930 verbum
2541 3873 2866 3930 Hebraicum
2893 3872 3205 3942 exprimens
3223 3871 3410 3940 posuit
3448 3873 3505 3924 iu
3530 3871 3671 3930 leae.

2083 3969 2292 4041 Aquila
2317 3968 2551 4024 secunda
2570 3967 2736 4023 editio
2762 3965 2932 4020 Buza.
2971 3964 3076 4020 Per
3093 3964 3238 4034 quod
3267 3963 3547 4034 signiﬁcat
3573 3977 3672 4017 non

2083 4081 2178 4122 eos
2199 4064 2464 4122 violenter
2488 4070 2638 4120 arcte
2665 4071 2830 4132 atque
2851 4059 3143 4116 constricte
3171 4059 3347 4114 instar
3371 4059 3672 4113 vinctorum

2083 4173 2205 4215 esse
2225 4158 2542 4230 cingendos,
2565 4169 2635 4210 ne
2663 4157 2720 4210 in
2744 4154 3062 4210 ministeriis
3114 4152 3546 4209 sacerdotalibus
3591 4160 3672 4208 at—

2084 4265 2190 4320 que
2212 4249 2468 4305 Leviticis
2497 4246 2762 4302 inhabiles
2783 4246 2935 4313 ﬁant,
2967 4256 3022 4302 et
3043 4256 3230 4302 tenere
3247 4255 3302 4302 et
3333 4247 3554 4302 cadere
3595 4246 3674 4300 vi-

2085 4344 2303 4406 ctimas,
2333 4341 2609 4395 attrahere
2639 4353 2854 4409 quoque
2876 4347 3152 4410 nequeant
3170 4346 3336 4409 atque
3349 4339 3672 4394 discurram.

2084 4432 2152 4486 Et
2179 4431 2306 4500 quia
2329 4429 2495 4486 semel
2513 4439 2845 4499 praceperat
2873 4430 3071 4500 quibus
3121 4431 3363 4486 vestibus
3391 4431 3474 4485 uti
3511 4430 3676 4490 debe-

2085 4532 2210 4580 rent
2267 4523 2597 4588 sacerdotes,
2642 4523 2857 4592 quando
2894 4523 3228 4579 intrinsecus
3263 4523 3321 4577 in
3361 4522 3676 4577 ministeriis

2007 4585 2062 4644 Ῑ)
2087 4624 2233 4680 sunt,
2255 4628 2474 4667 rursum
2492 4585 2676 4681 jubet
2695 4621 2754 4666 ut
2795 4612 3132 4683 egredientes
3173 4612 3228 4666 in
3252 4610 3670 4681 gazophylaeiis,

2083 4707 2194 4760 sive
2215 4706 2268 4759 in
2290 4705 2505 4759 exedris
2516 4711 2848 4766 sanctorum,
2862 4711 3064 4757 exuant
3075 4718 3135 4758 se
3148 4702 3390 4773 pristinis
3411 4701 3675 4760 vestibus,

2083 4805 2140 4852 et
2161 4797 2456 4851 induantur
2474 4795 2616 4858 aliis,
2633 4810 2705 4849 ne
2726 4795 2772 4848 si
2795 4799 3212 4850 sanetastes’tes
3239 4794 3537 4850 habuerint
3551 4810 3676 4850 san—

2084 4888 2320 4942 etiﬁcent
2339 4886 2597 4956 populum
2613 4885 2748 4940 foris
2784 4887 3041 4955 positum,
3084 4886 3176 4955 qui
3229 4885 3466 4940 necdu
3513 4883 3674 4940 fuerit

2086 4975 2470 5042 sanctiﬁcatus,
2495 4991 2596 5030 nec
2619 4991 2679 5030 se
2702 4977 3090 5046 praeparaverat
3105 4977 3166 5031 in
3187 4974 3671 5031 sanctiﬁcationem

2085 5066 2294 5135 templi,
2329 5066 2470 5121 utsit
2505 5066 2720 5120 Domini
2759 5065 3072 5121 Nazaraus.
3107 5064 3213 5121 Per
3242 5080 3368 5136 qua
3411 5064 3674 5138 discimus

2085 5175 2192 5212 non
2240 5158 2568 5227 quotidianis
2605 5167 2661 5212 et
2696 5157 3023 5227 quibuslibet
3065 5172 3166 5228 pro
3211 5174 3314 5214 usu
3356 5158 3662 5218 vitanon}

2085 5253 2266 5306 munis
2329 5251 2547 5320 pollutis
2617 5248 2858 5304 vestibus
2923 5263 3024 5304 nos
3089 5248 3304 5320 ingredi
3359 5247 3582 5314 debere.
3619 5247 3670 5300 in

2084 5353 2268 5399 sancta
2337 5353 2668 5409 sanctorum,
2743 5343 2838 5398 sed
2913 5342 3114 5398 munda
3186 5343 3562 5408 emaciatum,
3622 5350 3671 5394 et

2087 5436 2300 5490 mundis
2340 5436 2579 5491 vestibus
2616 5443 2802 5490 tenere
2839 5433 3051 5489 Domini
3089 5444 3452 5492 sacramenta.
3496 5433 3661 5496 Vesti-

2086 5529 2186 5582 bus
2204 5527 2361 5582 lineis
2385 5535 2612 5581 utuntur
2634 5525 2855 5596 Egypti
2905 5526 3220 5582 sacerdotes
3245 5541 3357 5582 non
3381 5526 3562 5582 solum
3589 5525 3670 5578 in-

2085 5619 2375 5684 trinsecus,
2401 5619 2497 5673 sed
2515 5617 2872 5672 extrinsecus.
2902 5613 3072 5670 Porro
3095 5615 3282 5682 divina
3319 5616 3518 5687 religio
3531 5614 3665 5672 alte-

2088 5724 2207 5762 rum
2238 5709 2480 5762 habitum
2512 5707 2674 5760 habet
2715 5706 2770 5759 in
2801 5705 3126 5773 ministerio,
3171 5706 3408 5764 alterum
3447 5707 3518 5768 in
3543 5719 3664 5758 .usu

2085 5800 2305 5869 vitaque
2334 5799 2603 5854 communi
2638 5814 2650 5863 ;
2684 5797 2956 5853 feminalin
3003 5805 3152 5854 recte
3177 5804 3564 5862 assumtum.
3607 5801 3660 5848 ut
