3908 6356
393 305 524 360 Mli

1043 300 1103 354 Β.
1140 298 1391 357 uanam
1426 295 1644 355 MAURI
1682 292 2000 353 ARClllEP.
2042 258 2355 353 noscar-ﬁ
2387 240 2993 349 caenuurans’u.

2524 196 2535 203 .
2564 178 2662 205 ».~u‘o'

2576 206 2615 233 ιθ)

3496 272 3644 340 Ξοιὲ.

392 414 552 473 modo
589 428 731 468 nunc
758 411 1065 469 sacerdotes
1090 412 1267 480 capita
1320 408 1470 469 vittis
1508 408 1591 465 vel
1622 407 1804 463 cidere
1826 419 1956 475 ope-
1984 407 2035 469 Α
2062 410 2172 460 tate
2210 404 2496 459 damnatus
2542 408 2629 457 est
2655 416 2668 456 ;
2698 399 2804 454 nisi
2848 398 2993 469 quod
3036 403 3219 468 postea
3261 396 3641 455 crescentibus

392 504 503 561 rire
519 501 830 572 iubeantur.
855 500 964 558 Sed
999 501 1047 557 si
1069 499 1312 571 legamus
1336 497 1643 568 diligentius
1668 510 1737 552 ex
1763 492 1960 565 priori-

393 597 494 653 bus
512 594 788 655 solventur
803 592 1111 663 praesentia.
1130 590 1305 659 Supra
1331 588 1474 645 enim
1502 587 1716 651 dicitur,
1746 604 1765 636 ι
1786 599 1963 654 quan-

392 686 792 749 doministrant
830 685 887 740 in
932 682 1105 754 portis
1153 681 1280 739 atrii
1338 679 1612 737 interioris
1638 687 1694 734 et
1716 677 1966 734 intrinse«

394 794 507 834 oua.
546 796 566 829 ι
600 776 657 832 Si
680 775 825 832 enim
851 774 1218 845 ingrediantur
1239 772 1310 829 ad
1346 779 1553 835 saneta,
1580 777 1637 825 et
1676 776 1882 825 stemus
1905 768 1964 824 in

392 876 683 939 conspectu
738 867 970 931 Domini,
1003 865 1177 934 capita
1224 870 1408 920 nostra
1444 863 1662 931 operire
1683 862 1961 927 debemus,

394 963 519 1032 quia
543 978 648 1017 non
666 962 1050 1033 justiﬂcabitur
1066 960 1123 1014 in
1143 964 1433 1026 conspectu
1450 956 1545 1011 Del
1562 955 1737 1011 omnis
1756 954 1960 1019 vivens,

393 1061 466 1115 et,
484 1053 552 1107 ab
572 1052 793 1107 infantia
808 1067 903 1107 cor
924 1050 1154 1106 hominis
1175 1047 1476 1119 appositum
1490 1053 1576 1101 est
1593 1045 1659 1101 ad
1680 1044 1961 1099 malitiam.

395 1142 637 1212 Denique
662 1148 719 1196 et
750 1140 1087 1196 feminalibus
1136 1137 1462 1194 intrinsecus
1506 1136 1733 1200 utimur,
1761 1149 1828 1190 ne
1858 1134 1963 1190 ulla

395 1234 452 1289 in
500 1240 788 1303 conspectu
836 1232 929 1286 Dei
983 1229 1198 1300 polluta:
1247 1227 1611 1291 conscientia),
1671 1235 1731 1281 et
1786 1226 1964 1295 operis

396 1322 651 1394 nuptialis
699 1328 955 1392 appareat
1016 1320 1310 1389 turpitudo.
1363 1318 1568 1384 Quibus
1623 1315 1965 1373 feminalibus

396 1413 602 1483 accingi
647 1412 761 1467 vult
810 1418 867 1467 et
905 1409 1151 1466 Salvator
1185 1410 1473 1479 apostolos,
1512 1408 1696 1463 dicens
1735 1419 1751 1458 :
1796 1423 1814 1458 ι
1847 1403 1966 1462 Sint

397 1504 563 1559 lumbi
588 1504 753 1559 vestri
779 1502 1007 1573 accincti
1027 1509 1082 1557 et
1103 1501 1337 1556 lucernae
1355 1500 1607 1554 ardentes
1634 1497 1692 1554 in
1717 1496 1964 1551 manibus

396 1594 548 1667 (Lac.
593 1594 715 1666 xu).
767 1612 787 1649 ι
837 1593 906 1649 Et
951 1592 1240 1662 Apostolus
1291 1590 1635 1649 credentibus
1678 1590 1962 1659 loquitur:

400 1704 419 1738 ι
457 1683 609 1740 State
656 1698 787 1755 ergo
833 1682 1062 1742 accincti
1123 1682 1333 1739 lumbos
1374 1688 1586 1737 vestros
1626 1681 1681 1735 in
1735 1680 1965 1735 veritate

2066 493 2275 565 capillis
2301 492 2589 564 pristinum
2616 490 2779 546 robur
2805 488 3013 559 accepit
3038 505 3052 542 :
3080 495 3134 542 et
3162 487 3219 541 in
3258 494 3386 559 typo
3428 486 3641 543 Christi

2063 585 2233 641 multo
2272 583 2454 654 plures
2501 581 2919 653 alienigenarum
2965 586 3210 637 mortuus
3268 592 3430 647 quam
3478 576 3642 635 vinis

2064 676 2279 732 occidit.
2314 674 2439 730 Vult
2459 682 2639 733 autem
2664 672 2921 729 Dominus
2960 669 3277 734 sacerdotes
3306 685 3434 726 suos
3460 671 3639 743 capil-

2065 766 2147 822 los
2177 763 2621 821 sanctiﬁcationis
2645 763 2845 821 habere
2865 768 3175 834 perpetuos,
3205 768 3260 815 et
3296 761 3497 833 operiri
3545 778 3643 816 ca-

2064 858 2174 927 pita
2200 872 2409 922 eorum,
2454 871 2559 910 non
2599 854 2779 922 aliquo
2809 853 3141 908 extrinsecus
3168 851 3493 915 velamento,
3544 853 3639 907 sed

2065 946 2549 1017 sua.naturalique
2594 943 2855 1010 caesarie,
2902 960 3006 999 non
3057 942 3126 997 ad
3166 951 3415 999 ornatum
3472 954 3641 1011 atque

2064 1041 2354 1106 luxuriam,
2379 1039 2475 1096 sed
2494 1039 2559 1093 ad
2584 1038 2942 1093 honestatem.
2967 1036 3117 1091 Unde
3139 1044 3195 1089 et
3240 1034 3415 1105 capilli
3444 1035 3641 1105 capitis

2064 1134 2430 1204 apostolorum
2484 1132 2754 1188 numerati
2818 1138 2962 1197 sunt,
3020 1131 3231 1187 dicente
3291 1128 3573 1182 Salvatore
3623 1147 3636 1181 :

2071 1250 2091 1283 ι
2129 1230 2310 1287 Vestri
2357 1235 2543 1285 autem
2594 1236 2649 1284 et
2699 1227 2877 1297 capilli
2929 1226 3123 1301 capitis
3182 1226 3451 1281 numerati
3514 1235 3640 1280 sunt

2068 1320 2279 1394 (Matth.
2313 1320 2393 1391 x),
2430 1338 2448 1374 ι
2485 1320 2626 1376 illius
2676 1318 2871 1388 capitis
2924 1318 2990 1372 de
3036 1332 3146 1387 quo
3204 1317 3260 1370 in
3312 1316 3642 1371 Ecclesiaste

2064 1415 2326 1485 scriptum
2371 1421 2459 1469 est
2503 1432 2517 1468 :
2569 1431 2588 1463 ι
2642 1409 2918 1482 Sapientis
2972 1408 3114 1465 oculi
3171 1409 3228 1464 in
3287 1409 3461 1478 capite
3524 1406 3643 1474 ejus

2067 1506 2266 1578 (Eccle.
2320 1505 2476 1577 11);»
2542 1524 2561 1557 ι
2616 1512 2775 1575 caput
2835 1509 3013 1558 autem
3074 1501 3180 1556 viri
3243 1499 3492 1555 Christus
3552 1507 3641 1554 est

2067 1595 2119 1669 (I
2151 1595 2272 1651 Cor.
2300 1594 2403 1667 xi),
2436 1594 2580 1666 quod
2618 1599 2868 1666 peccator
2894 1590 3174 1648 conculcet
3196 1597 3252 1647 et
3279 1590 3530 1659 despicit.
3558 1599 3635 1655 et,

2065 1697 2127 1747 ut
2159 1688 2233 1743 ita
2261 1688 2473 1757 loquar,
2503 1688 2643 1744 radit
2668 1684 2947 1755 novacula,
2967 1693 3022 1739 et
3048 1683 3231 1740 aufert
3254 1682 3371 1751 eius
3393 1682 3638 1751 pulchri-

396 1774 611 1845 (Ephu.
649 1774 747 1847 vr).
784 1784 804 1829 ι
858 1774 927 1831 Et
979 1774 1280 1831 imitatores
1318 1770 1516 1828 Christi
1571 1772 1795 1829 audiunt
1834 1769 1969 1826 illud
1992 1769 2040 1830 B
2068 1779 2309 1839 tudinem
2342 1797 2355 1833 :
2389 1777 2531 1848 quod
2578 1786 2637 1835 et
2687 1775 2782 1831 ﬁlii
2830 1775 3060 1831 Ammon
3109 1774 3354 1830 fecerunt
3391 1772 3475 1827 his
3504 1786 3643 1841 quos

393 1868 629 1938 quodue
675 1882 741 1923 eo
782 1867 1043 1937 scriptum
1083 1874 1203 1922 est:
1233 1883 1252 1916 ι
1288 1863 1406 1922 Erit
1435 1863 1646 1934 iustitia
1692 1863 1967 1919 accinctus

396 1958 631 2023 lumbos.
654 1958 710 2013 et
753 1959 981 2014 veritate
1026 1957 1391 2013 circumdatus
1434 1956 1603 2013 latera
1636 1953 1770 2025 (Ira.
1803 1953 1902 2024 xi).
1924 1972 1962 2006 .»

395 2049 464 2105 Et
490 2050 596 2106 hac
623 2051 737 2119 ipsa
759 2064 894 2106 zona
921 2049 1011 2118 qui
1034 2050 1259 2109 cinctus.
1290 2056 1348 2105 et
1375 2047 1442 2103 ad
1472 2046 1729 2103 virtutum
1755 2044 1969 2101 culmen

404 2144 723 2209 ascenderit,
780 2159 1119 2213 nequaquam
1174 2143 1437 2199 violenter
1493 2141 1841 2212 astringitur,
1900 2155 1969 2196 ne

337 2310 351 2323 .
397 2236 601 2292 invitus
630 2235 833 2292 bonum
879 2236 1224 2293 continentiae
1270 2236 1560 2293 observare
1604 2234 1869 2300 videatur.
1913 2240 1971 2291 et

396 2329 452 2383 in
469 2329 663 2389 sudore
683 2329 863 2384 vultus
883 2328 966 2384 sui
988 2329 1273 2385 comedere
1291 2342 1503 2399 panem,
1527 2329 1621 2384 sed
1643 2333 1969 2396 praeceptum

401 2419 608 2473 Domini
629 2419 810 2475 facere
837 2420 1133 2475 voluntate.
1155 2420 1396 2488 Denique
1417 2419 1631 2488 quando
1654 2415 1798 2472 foras
1816 2430 1969 2486 egre-

396 2509 568 2574 ditur,
613 2518 669 2567 et
701 2510 895 2565 miscet
922 2526 981 2565 se
1012 2509 1228 2579 populo,
1269 2506 1621 2565 sacerdotalia
1649 2505 1970 2561 vestimenta

400 2601 620 2670 deponit
651 2601 705 2655 in
732 2599 1137 2672 gazophylacio,
1160 2599 1213 2652 in
1251 2611 1356 2667 quo
1386 2596 1597 2652 Domini
1625 2593 1823 2651 divitia:
1844 2607 1970 2648 con-

395 2700 706 2753 oervantur.
732 2691 800 2747 Et
821 2692 939 2751 aliis
964 2698 1189 2749 utuntur
1211 2690 1450 2749 vestibus
1478 2686 1806 2754 sacerdotes,
1833 2685 1967 2741 alia-

400 2798 509 2854 que
533 2784 772 2843 doctrina
797 2783 863 2839 ad
893 2783 1080 2854 vulgus
1104 2782 1354 2853 ignobile,
1384 2797 1452 2840 ne
1474 2780 1842 2839 sanctiﬁcetur
1870 2794 1968 2852 po-

398 2873 558 2944 pulus
596 2874 649 2933 in
680 2874 832 2932 stolis
873 2889 1080 2931 eorum.
1134 2872 1309 2930 Grave
1354 2879 1438 2927 est
1480 2869 1806 2927 multitudini
1835 2883 1971 2924 onus

399 2966 543 3025 ultra
566 2965 711 3023 vires
737 2966 1033 3037 suscipere,
1058 2965 1268 3023 dicente
1298 2963 1585 3019 Salomone
1615 2979 1627 3015 :
1667 2978 1687 3012 ι
1724 2960 1971 3037 Laqueus

396 3065 481 3121 est
505 3058 608 3119 viri
631 3059 739 3119 cito
763 3059 891 3131 quid
921 3060 985 3119 de
1024 3058 1134 3115 suis
1156 3055 1510 3115 sanctiﬁcare.
1550 3075 1568 3106 ι

468 3146 621 3217 Quod
651 3156 831 3207 autem
858 3147 1101 3217 Sequitur
1141 3148 1207 3207 de
1255 3144 1621 3205 sacerdotibus
1666 3160 1679 3197 :

397 3255 555 3298 suum
583 3255 692 3299 non
714 3242 925 3305 radent,
956 3254 1128 3313 neque
1152 3254 1361 3299 comam
1410 3238 1669 3305 nutrient,
1719 3236 1813 3291 sed
1844 3242 1966 3291 ton—

399 3332 587 3391 dentes
614 3332 969 3391 attondcbunt
997 3331 1171 3403 capita
1219 3345 1335 3396 sua,
1380 3348 1398 3382 ι
1432 3329 1715 3401 perspicue
1750 3326 1969 3385 demon-

397 3430 625 3490 stratur,
638 3437 739 3481 nec
764 3422 902 3479 rasis
920 3421 1203 3494 capitibus,
1217 3420 1375 3477 sicuti
1390 3419 1695 3476 sacerdotes
1707 3414 1967 3471 cultores-

398 3525 504 3585 que
516 3511 670 3569 lsidis
683 3519 844 3581 atque
856 3508 1128 3584 Serapidis
1142 3523 1240 3569 nos
1262 3523 1383 3567 esse
1403 3507 1616 3573 debere,
1639 3523 1739 3562 nec
1756 3522 1969 3562 rursum

400 3608 615 3661 comam
662 3601 953 3665 dimittere,
1004 3601 1146 3675 quod
1192 3601 1410 3675 proprie
1441 3598 1837 3659 luxuriosorum
1863 3607 1967 3666 est,

398 3692 865 3766 barbarorumque
889 3699 946 3751 et
971 3691 1337 3751 militantium.
1368 3690 1476 3751 Sed
1501 3700 1560 3749 ut
1586 3691 1844 3747 honestus
1873 3688 1971 3746 ha-

400 3785 548 3845 bitus
574 3784 911 3843 sacerdon
933 3782 1071 3843 facie
1095 3784 1510 3843 demonstretur.
1534 3783 1639 3840 Pro
1661 3798 1768 3857 quo
1789 3783 1973 3839 dixere

402 3875 804 3952 Septuaginta:
840 3894 861 3931 ι
906 3875 1094 3950 Capita
1149 3890 1245 3935 sua
1297 3890 1401 3930 non
1454 3875 1662 3939 radent,
1706 3884 1761 3929 et
1787 3887 1971 3929 comas

401 3985 529 4031 snas
555 3968 624 4029 ad
652 3982 897 4041 pressum
920 3984 1029 4027 non
1054 3968 1370 4035 tondebant,
1394 3968 1489 4024 sed
1514 3967 1819 4038 aperientes
1846 3981 1973 4038 ope-

400 4056 545 4119 rient
566 4056 742 4128 capita
765 4072 915 4117 sua.)
940 4054 1099 4113 Juxta
1121 4057 1262 4129 quod
1290 4057 1546 4115 discimus
1569 4071 1670 4110 nec
1696 4054 1973 4111 calvitium

400 4146 659 4211 novacula
696 4162 817 4207 esse
860 4145 1186 4214 faciendum,
1213 4163 1312 4203 nec
1350 4149 1424 4203 ita
1477 4147 1543 4207 ad
1579 4162 1828 4219 pressum
1855 4155 1973 4205 ton-

401 4237 635 4299 dendum
659 4245 842 4310 caput,
871 4246 930 4292 ut
955 4252 1204 4299 raserum
1246 4239 1451 4297 similes
1490 4254 1611 4296 esse
1645 4237 1925 4293 videamur
1955 4252 1969 4290 :

399 4329 494 4388 sed
510 4329 565 4382 in
578 4337 785 4387 tantum
799 4327 1020 4397 capillos
1042 4328 1407 4393 dimittendos,
1431 4336 1491 4385 ut
1511 4336 1694 4401 operta
1717 4328 1787 4382 sit
1811 4327 1968 4387 cutis.

404 4414 500 4473 Vel
515 4424 661 4472 certe
683 4431 892 4491 semper
913 4416 1224 4477 sacerdOtos
1244 4418 1459 4493 operire
1501 4419 1679 4493 capita
1704 4433 1798 4477 sua
1810 4417 1965 4490 juxta

403 4504 534 4567 illud
558 4504 910 4581 Virgilianae:
937 4523 954 4566 :

527 4655 782 4722 Purpureo
802 4658 970 4711 velare
987 4670 1167 4723 eomas,
1192 4658 1452 4725 adopertus
1466 4663 1656 4713 amictu.

401 4780 509 4843 Sed
536 4782 653 4845 hac
669 4782 903 4843 violenta
947 4784 1318 4854 interpretatio
1340 4794 1440 4840 est.
1465 4782 1702 4855 Denique
1722 4794 1779 4842 et
1797 4782 1967 4845 Naza-

400 4874 493 4937 τιεί
519 4885 709 4947 sponte
737 4891 796 4932 se
820 4875 1071 4942 offerunt,
1105 4884 1159 4930 et
1182 4878 1487 4951 quicunque
1511 4879 1710 4951 aliquid
1741 4879 1967 4943 voverit,

397 4974 455 5023 et
478 4981 585 5026 non
611 4966 932 5041 impleverit,
953 4967 1064 5025 voti
1091 4982 1214 5025 reus
1242 4976 1345 5025 est.
1377 4968 1531 5025 Unde
1559 4969 1623 5024 de
1643 4970 1818 5023 viduis
1840 4968 1972 5024 dici-

400 5064 490 5117 tur
518 5073 532 5115 :
569 5073 588 5113 t
620 5055 752 5117 Cum
778 5055 1062 5117 luxuriata:
1084 5055 1286 5117 fuerint
1313 5058 1368 5112 in
1397 5057 1635 5126 Christo,
1656 5061 1856 5115 nubere
1876 5075 1970 5113 vo-

398 5146 539 5215 lunt,
575 5144 836 5205 habentes
884 5145 1305 5217 damnationem,
1363 5149 1489 5223 quia
1535 5149 1766 5223 primam
1810 5149 1971 5208 ﬁdem

399 5235 611 5295 irritam
662 5234 904 5295 fecerunt
934 5234 985 5310 (1
1016 5236 1148 5291 Tim.
1179 5236 1257 5313 γ).
1299 5257 1317 5289 ι
1349 5237 1538 5295 Melius
1579 5248 1659 5294 est
1687 5241 1828 5295 enim
1858 5256 1966 5297 non

395 5324 735 5401 promittere,
790 5342 950 5399 quam
986 5328 1301 5401 promittere
1328 5338 1383 5386 et
1423 5346 1535 5389 non
1581 5329 1777 5389 facere.
1810 5330 1966 5387 Anna

396 5411 591 5473 obtulit
616 5412 917 5475 Samuelem
946 5419 997 5493 (Ι
1021 5418 1151 5489 Reg.
1182 5420 1222 5492 ι)
1242 5421 1335 5495 qui
1363 5421 1419 5479 in
1448 5430 1648 5481 aeterna
1677 5424 1967 5481 sanctitate

396 5504 715 5574 permansit;
738 5512 794 5558 et
812 5505 1003 5562 Manno
1021 5509 1216 5565 obtulit
1229 5507 1456 5566 Samson
1475 5509 1639 5565 tilium
1657 5509 1805 5582 (Jud.
1821 5510 1963 5583 xm),

398 5599 492 5655 sed
542 5597 1022 5660 sanctiﬁcatiouem
1068 5604 1380 5673 capillorum
1418 5602 1534 5676 ejus
1566 5605 1749 5663 Dalilae
1800 5606 1965 5663 libido

399 5691 666 5763 turpavit;
697 5692 929 5765 denique
973 5695 1237 5763 Dominus
1259 5699 1485 5763 recessit
1511 5698 1580 5763 ab
1623 5716 1707 5773 eo,
1735 5709 1789 5763 et
1812 5704 1969 5767 caeci-

1726 3162 1745 3195 ι
1793 3139 1967 3213 Caput
1992 3125 2038 3189 C

1993 4487 2045 4549 1)

2067 1869 2236 1926 David
2266 1869 2472 1939 legatos
2516 1868 2738 1927 miserat
2768 1866 2854 1939 (II
2884 1865 3010 1937 Reg.
3038 1863 3118 1938 x).
3149 1863 3245 1920 Sin
3298 1872 3482 1918 autem
3510 1863 3644 1935 legis

2068 1962 2441 2039 praevaricatio
2496 1961 2784 2019 inbonorat
2833 1960 3000 2019 Deum
3026 1998 3043 2026 ,
3097 1967 3492 2029 consequenter
3548 1960 3639 2027 qui

2069 2054 2202 2124 legis
2230 2060 2495 2125 praecepta
2525 2059 2830 2116 conservat,
2862 2052 3091 2111 honorat
3105 2065 3250 2116 eum,
3274 2050 3643 2120 utimpleatnr

2069 2146 2211 2217 quod
2256 2145 2512 2216 scriptum
2542 2152 2624 2199 est
2655 2158 2670 2199 :
2704 2142 2775 2199 Ut
2798 2158 2988 2203 omnes
3031 2139 3394 2199 honoriﬁcam
3420 2140 3638 2201 Filium.

2070 2237 2210 2293 sicut
2234 2234 2594 2291 honoriﬁcam
2613 2232 2849 2291 Patrem.
2878 2252 2894 2284 ι
2907 2231 3247 2296 Sacerdotes,
3261 2229 3458 2301 inquit,
3481 2238 3641 2299 caput

2070 2345 2225 2387 suum
2254 2343 2361 2384 non
2391 2327 2602 2391 radent,
2631 2339 2807 2397 neque
2854 2338 3063 2381 comam
3106 2321 3365 2385 nutrient.
3394 2320 3494 2377 sed
3516 2329 3637 2375 ton-

2072 2424 2261 2479 dentes
2290 2421 2577 2477 attondant
2631 2420 2809 2490 capita
2858 2433 2975 2474 sua.
3009 2437 3030 2472 ι
3067 2413 3269 2489 (Greg.)
3326 2414 3645 2471 Sacerdotes

2071 2532 2307 2586 namque
2349 2514 2474 2586 jure
2504 2513 2681 2569 vocati
2709 2520 2855 2579 sunt,
2902 2512 2998 2582 qui
3051 2519 3110 2565 ut
3148 2524 3363 2565 sacrum
3391 2509 3643 2569 ducatum

2070 2610 2351 2681 prtebeant
2401 2606 2651 2664 ﬁdelibus
2699 2612 2962 2676 praesunt.
3008 2603 3197 2675 Capilli
3225 2616 3357 2658 vero
3386 2601 3443 2659 in
3471 2600 3643 2671 capite

2071 2704 2372 2769 exteriores
2425 2712 2549 2757 sunt
2602 2700 2959 2773 cogitationes
3007 2700 3065 2754 in
3113 2706 3297 2759 monte
3329 2715 3344 2750 ε
3378 2697 3473 2766 qui
3518 2698 3644 2753 dum

2072 2810 2234 2865 super
2260 2795 2545 2851 cerebrum
2590 2791 2975 2851 insensibiliter
3020 2791 3287 2855 oriuntur.
3329 2804 3491 2845 atras
3518 2789 3642 2847 vita

2072 2889 2353 2960 praesentis
2378 2888 2709 2957 exprimunt,
2746 2899 2868 2955 quae
2892 2899 2960 2941 ex
2984 2898 3148 2945 sensu
3172 2882 3491 2953 negligenti,
3519 2882 3643 2951 quia

2077 2984 2437 3054 inopportuno
2463 2980 2752 3051 aliquando
2796 2980 3085 3050 prodeunt,
3125 2976 3281 3046 quasi
3327 2975 3484 3031 nobis
3536 2989 3645 3029 non

2073 3074 2434 3133 sentientibus
2465 3073 2780 3143 procedunt.
2825 3069 2959 3138 Quia
2988 3069 3151 3139 igitur
3175 3068 3350 3123 cuncti
3378 3057 3471 3134 qui
3495 3080 3643 3133 prm-

2070 3175 2200 3225 sunt
2221 3164 2425 3222 habere
2451 3163 2667 3233 quidem
2695 3160 3083 3218 sollicitudines
3106 3157 3393 3214 exteriores
3414 3153 3637 3218 debent,

2070 3271 2173 3313 nec
2206 3264 2391 3315 tamen
2439 3254 2522 3310 eis
2548 3252 2893 3308 vehementer
2939 3248 3273 3312 incumbere;
3325 3243 3647 3305 sacerdotes

2073 3353 2221 3404 recte
2245 3351 2473 3414 eteaput
2496 3342 2853 3414 prohibentur
2880 3340 3075 3397 radere
3089 3348 3151 3393 et
3161 3351 3372 3397 contam
3397 3333 3641 3391 nutrire:

2076 3448 2137 3495 ut
2171 3437 2530 3508 cogitationes
2552 3436 2738 3492 carnis
2767 3433 2946 3491 debita
2988 3446 3121 3489 cura
3160 3429 3517 3492 subditorum,
3546 3440 3643 3480 nec

2073 3546 2103 3588 ιι
2131 3545 2190 3590 se
2227 3529 2469 3587 funditus
2521 3536 2823 3600 amputant,
2854 3541 2955 3587 nec
2978 3539 3166 3583 rursus
3191 3524 3263 3583 ad
3290 3520 3638 3579 arescentium

2073 3623 2235 3681 nimis
2267 3622 2541 3685 relaxent,
2584 3621 2677 3679 ubi
2715 3628 2774 3677 et
2821 3620 2957 3676 bene
3002 3616 3241 3675 dicitur:
3277 3632 3297 3667 ι
3340 3612 3641 3671 Tondentes

2075 3717 2302 3773 tendant
2344 3718 2521 3787 capita
2568 3729 2691 3780 sua.
2722 3734 2743 3769 ι
2775 3721 2835 3771 ut
2875 3710 3125 3767 videlicet
3164 3722 3308 3767 curat
3332 3704 3642 3776 temporalis

2073 3805 2480 3871 sollicitudines,
2507 3813 2567 3860 et
2605 3811 2868 3873 quantum
2922 3814 3145 3857 necesse
3173 3806 3256 3854 est
3284 3797 3570 3868 prodeant.
3590 3806 3644 3851 et

2074 3908 2256 3956 tamen
2280 3905 2591 3957 resecentur
2605 3895 2769 3952 citius
2792 3908 2861 3951 ne
2882 3890 3288 3951 immoderatius
3304 3896 3638 3946 excrescat.

2075 3988 2214 4051 Dum
2240 3988 2404 4059 icitur
2435 3996 2493 4047 et
2518 4001 2617 4057 per
2659 3984 3095 4045 administratam
3117 3980 3449 4037 exteriorem
3468 3978 3643 4049 provi-

2074 4080 2317 4137 dentiam
2363 4092 2650 4149 corporum
2692 4076 2801 4133 vita
2836 4073 3158 4146 protegitur,
3200 4080 3260 4128 et
3307 4086 3525 4127 rursum
3550 4084 3643 4139 per

2075 4170 2488 4231 immoderatam
2515 4168 2694 4227 cordis
2752 4167 3106 4225 intentionem
3143 4178 3249 4223 non
3293 4162 3641 4234 inpenditur,

2073 4261 2252 4333 capilli
2280 4261 2335 4317 in
2362 4260 2545 4332 capite
2597 4258 2913 4323 sacerdotis,
2963 4266 3020 4313 et
3068 4262 3354 4317 servantur
3381 4262 3439 4308 ut
3467 4260 3641 4307 cutem

2072 4354 2409 4425 cooperiant,
2436 4359 2494 4409 et
2518 4360 2831 4413 resecantur
2876 4360 2960 4407 ne'
2977 4348 3167 4406 oculos
3191 4347 3466 4405 claudant.
3495 4344 3641 4415 (Ilie-

2073 4442 2215 4515 ron.)
2264 4442 2435 4501 Porro
2482 4440 2625 4512 quod
2671 4440 2955 4512 sequitur:
2995 4459 3013 4491 ι
3048 4438 3119 4495 Ut
3164 4437 3342 4499 omnis
3366 4435 3639 4499 sacerdos,

2074 4532 2289 4604 quando
2314 4534 2658 4603 ingressurus
2685 4540 2768 4591 est
2791 4532 2990 4591 atrium
3041 4529 3295 4595 interius.
3318 4528 3507 4585 vinum
3536 4541 3642 4581 non

2065 4623 2260 4687 bibat;
2295 4643 2313 4675 ι
2346 4620 2693 4692 perspicuum
2725 4630 2808 4676 est
2840 4619 3105 4677 ebrietate
3144 4627 3201 4674 et
3245 4618 3417 4676 sicera
3444 4626 3642 4673 statum

2074 4715 2273 4773 mentis
2296 4716 2489 4780 everti,
2515 4722 2569 4775 et
2585 4730 2692 4773 non
2718 4715 2877 4786 plene
2902 4730 3003 4773 nos
3038 4728 3249 4783 sapere.
3273 4713 3493 4783 quando
3518 4714 3644 4767 vino

2074 4813 2130 4861 et
2155 4806 2402 4862 satietate
2430 4806 2645 4863 animus
2668 4814 2982 4876 occupatur.
3033 4805 3277 4865 Ebrietas
3306 4812 3491 4865 stlte-1
3534 4819 3641 4858 non

2073 4895 2245 4953 solum
2274 4896 2330 4955 in
2359 4896 2579 4966 potione
2604 4896 2740 4963 vini,
2766 4896 2862 4953 sed
2890 4896 2948 4951 in
2972 4895 3221 4955 omnibus
3266 4896 3428 4951 relnts
3454 4904 3638 4949 osten-

2074 4987 2237 5050 ditur,
2263 4986 2460 5058 quibus
2480 4994 2534 5042 et
2558 4987 2611 5045 in
2635 4986 3001 5043 contractibus
3025 4986 3153 5045 etin
3181 4985 3410 5055 negotiis
3434 4984 3639 5047 stccnli,

2071 5086 2127 5135 et
2155 5078 2367 5135 damnis
2387 5092 2450 5133 ac
2475 5077 2658 5145 lucris,
2704 5090 2889 5133 amore
2913 5085 2971 5133 et
3006 5076 3132 5133 odio
3164 5084 3318 5139 mens
3344 5074 3642 5133 metiuntur

2072 5174 2127 5223 et
2170 5166 2411 5231 ﬂuctuat,
2463 5173 2517 5219 et
2564 5175 2763 5223 statum
2793 5182 2951 5223 suum
2995 5173 3311 5225 tenet-enea
3336 5172 3537 5237 potest.
3576 5163 3641 5219 Et

2073 5258 2198 5326 quia
2220 5256 2397 5331 fragili
2410 5270 2573 5315 carne
2598 5256 3027 5323 circumdamur,
3047 5265 3103 5313 et
3118 5255 3361 5325 cogimur
3376 5270 3476 5325 pro
3496 5255 3640 5308 victu

2072 5354 2235 5415 atque
2260 5346 2481 5411 vestitu,
2509 5353 2563 5402 et
2610 5344 2932 5403 necessariis
2974 5361 3093 5417 qua:
3132 5345 3209 5403 ad
3243 5360 3440 5417 corpus
3470 5343 3641 5417 perti-

2071 5446 2225 5501 nent,
2255 5437 2433 5508 aliqua
2460 5435 2639 5495 facere
2662 5451 2781 5507 qum
2808 5436 2989 5496 facere
3011 5453 3122 5497 non
3149 5437 3429 5505 debemus,
3447 5435 3639 5493 saltem

2073 5526 2176 5585 hoc
2203 5541 2233 5581 a
2268 5527 2421 5583 nobis
2466 5527 2721 5601 exigitur,
2745 5536 2804 5585 ut
2830 5528 3046 5599 quando
3075 5528 3129 5589 in
3159 5544 3257 5587 nos
3294 5529 3640 5591 revertimur.

2071 5630 2126 5679 et
2155 5619 2355 5675 scimus
2382 5634 2480 5676 cur
2508 5619 2620 5679 cati
2646 5634 2853 5685 sumus,
2893 5628 2949 5679 et
2994 5621 3254 5681 interiora
3284 5630 3448 5693 atque
3474 5621 3637 5692 adyta

2070 5707 2258 5784 templi
2278 5708 2627 5789 incretum“,
2660 5711 2983 5779 recedamus
3003 5728 3035 5777 ι
3078 5712 3235 5791 vidis
3253 5713 3461 5790 ιωωιᾶη
3489 5722 3548 5779 et
3572 5727 3641 5777 se
