3908 6356
401 369 539 454 ibis

1034 403 1092 456 Β.
1135 383 1389 458 RABANI
1429 399 1648 460 suum
1689 376 2361 464 AncuiEPJMOGUNT‘.
2400 397 2689 464 eranum
2727 407 2910 462 rans
2951 407 3016 462 ιι.

3522 404 3663 459 1M6

397 493 664 570 custodiat
697 503 1026 581 amatorem,
1058 517 1191 573 sciet
1216 519 1308 588 qui
1349 519 1478 576 illud
1513 521 1736 592 legerit:
1767 543 1785 572 ι
1819 522 1968 578 lianc
1996 521 2049 584 A
2072 525 2330 595 scriptum
2363 535 2446 581 est
2474 544 2487 579 :
2517 542 2537 576 ‹
2567 523 2889 581 Sacerdotes
2915 524 2971 578 in
2996 523 3199 594 templo
3227 531 3518 578 διωρίσω
3542 523 3662 577 vio-

396 603 558 668 tlilexi
589 613 645 662 et
684 605 905 677 quaesivi
940 607 1006 662 ab
1051 608 1412 664 adolescentia
1459 625 1610 676 mea,
1656 621 1713 668 et
1750 614 1969 682 quresivi

393 704 648 782 sponsam
687 702 884 756 ducere
929 702 1087 767 mihi,
1133 710 1187 758 et
1229 713 1440 758 amator
1483 705 1558 760 fui
1606 701 1814 761 decoris
1859 704 1974 774 ejus

395 791 552 865 (Sap.
591 793 731 868 vm).
771 817 788 849 ι
841 797 908 852 Et
955 797 1198 853 iterum:
1257 817 1276 850 ‹
1309 798 1377 854 Et
1423 791 1663 855 omnium
1712 802 1971 857 Dominus

395 883 583 942 dilexit
640 902 778 942 eam.
837 907 855 938 ›
910 885 1026 943 Non
1085 889 1256 944 solum
1310 901 1489 946 autem
1523 893 1782 964 virginem
1813 934 1827 960 ,
1877 892 1972 950 sed

395 983 450 1029 et
490 977 708 1033 viduam
732 978 892 1035 debet
933 981 1182 1036 sacerdos
1235 982 1462 1049 ducere,
1515 1001 1634 1054 quae
1679 994 1857 1042 tamen
1902 987 1973 1042 al-

395 1068 568 1124 terius
622 1070 917 1125 sacerdotis
955 1086 1092 1126 uxor
1135 1069 1300 1126 fuerit
1344 1092 1356 1128 :
1394 1075 1676 1130 scientiam
1727 1076 1973 1133 videlicet

395 1175 558 1232 quam
589 1161 728 1215 alius
769 1160 862 1215 Dei
887 1162 1064 1216 cultor
1104 1163 1391 1219 invenerit.
1425 1164 1610 1236 Neque
1651 1168 1793 1222 enim
1834 1183 1972 1224 nova

397 1263 610 1309 tantum
638 1257 879 1311 contenti
907 1255 1162 1313 debemus
1186 1274 1306 1314 esse
1332 1258 1595 1326 doctrina,
1632 1261 1724 1316 sed
1745 1269 1800 1316 et
1819 1273 1970 1318 vete-

396 1363 513 1402 rem
537 1347 808 1413 excolere,
837 1358 892 1404 et
915 1359 1102 1405 nostro
1129 1350 1356 1422 jungere
1378 1354 1678 1420 comitatui,
1719 1356 1762 1410 si
1791 1363 1972 1410 tamen

397 1437 452 1493 in
475 1455 629 1495 sacro
659 1441 804 1495 cultu
825 1441 990 1496 fuerit
1018 1443 1247 1500 erudita.
1281 1441 1590 1500 Sacerdotis
1611 1461 1824 1516 quoque
1858 1445 1974 1501 oili-

395 1533 539 1596 cium
577 1543 660 1588 est
686 1535 877 1589 docere
902 1535 1187 1606 populum,
1217 1536 1345 1605 quid
1378 1536 1448 1591 sit
1481 1536 1623 1591 inter
1647 1545 1890 1592 sanctqu
1920 1545 1974 1593 et

391 1624 674 1698 pollutum,
700 1626 1124 1682 intenmundum
1155 1635 1210 1682 et
1236 1627 1591 1691 immundum,
1626 1637 1685 1683 ut
1703 1628 1853 1698 prius
1882 1645 1972 1685 re-

390 1713 629 1770 feramus
661 1716 729 1770 ad
759 1715 1032 1788 dogmata,
1083 1720 1380 1774 secundum
1403 1719 1470 1773 ad
1504 1735 1666 1790 Opera
1711 1735 1830 1790 qua:
1878 1735 1976 1790 per

2074 623 2203 686 lant,
2253 633 2308 677 et
2349 625 2551 694 absque
2580 622 2733 692 culpa
2767 631 2918 686 sunt,
2952 635 3060 675 non
3099 619 3382 675 sabbatum
3407 617 3534 681 Dei,
3561 615 3666 672 sed

2075 715 2360 770 sabbatum
2391 713 2622 778 litterze,’
2654 709 2940 769 sabbatum
2965 709 3305 777 Judmoi'um,
3333 711 3481 780 quod
3510 719 3665 765 recte

2073 806 2296 872 violant,
2324 806 2415 877 qui
2439 813 2564 861 sunt
2588 821 2758 877 genus
2786 804 3037 870 electum,
3065 801 3267 876 regale,
3295 801 3659 858 sacerdotale.

2071 895 2243 953 Porro
2270 897 2553 953 sabbatum
2579 898 2721 968 quod
2745 895 3140 952 sanctiﬁcatum
3165 903 3266 958 est,
3298 893 3428 950 illud
3457 893 3663 948 intelli-

2073 1005 2263 1060 gamus
2309 991 2450 1061 quod
2489 997 2545 1046 et
2587 990 2875 1060 Apostolus
2932 991 3088 1045 docet
3139 988 3383 1047 relictura
3416 1002 3663 1057 essepu-

2072 1083 2199 1154 pulo
2227 1081 2345 1147 Dei,
2373 1083 2438 1137 de
2466 1097 2574 1152 quo
2603 1081 2801 1138 dicitur
2839 1099 2853 1135 :
2892 1101 2909 1132 ι
2946 1081 3000 1136 Si
3033 1082 3309 1135 intrabunt
3328 1081 3382 1134 in
3411 1081 3660 1149 requiem

2073 1185 2250 1225 meam
2274 1168 2446 1239 (Psal.
2469 1169 2641 1241 xciv),
2677 1190 2695 1222 ι
2731 1170 2872 1241 quod
2887 1169 3151 1226 Hebraice
3171 1169 3454 1225 sabbatum
3482 1169 3662 1225 nomi-

2072 1268 2256 1316 natur.
2305 1258 2620 1316 Sanctiﬁcat
2668 1267 2848 1315 autem
2895 1259 3180 1315 sabbatum
3227 1260 3360 1325 Dei,
3405 1259 3501 1329 qui
3553 1273 3661 1312 non

2069 1360 2252 1421 portat
2279 1365 2418 1407 onus
2449 1351 2656 1420 peccati
2701 1351 2754 1404 in
2787 1352 3039 1407 sabbato:
3085 1365 3190 1406 nee
3225 1349 3402 1405 dicit:
3443 1367 3464 1400 ι
3505 1347 3661 1403 Sicut

2073 1458 2211 1498 onus
2240 1458 2404 1514 grave
2430 1451 2668 1514 gravatae
2695 1452 2822 1496 sunt
2850 1455 3014 1512 super
3035 1456 3124 1497 me
3151 1439 3324 1512 (Psat.
3358 1439 3655 1506 IXXHI).1

2074 1531 2178 1600 Qui
2203 1534 2327 1590 talis
2350 1544 2433 1589 est
2463 1548 2569 1588 non
2593 1531 2796 1604 colligit
2823 1533 2967 1603 ligna
2991 1533 3046 1587 in
3071 1533 3315 1597 sabbato,
3341 1547 3448 1587 nec
3477 1545 3664 1602 superL

2075 1627 2306 1682 :edificat
2330 1627 2684 1683 fundamento
2707 1624 2834 1682 Jesu
2860 1625 3062 1682 Christi
3095 1627 3149 1696 (Ι
3170 1624 3292 1681 Cor.
3322 1626 3406 1696 m)
3426 1667 3442 1690 ,
3477 1625 3622 1696 ligna
3642 1668 3656 1686 ,

2075 1717 2284 1784 fenum,
2326 1717 2576 1787 stipulam
2615 1733 2631 1772 :
2661 1732 2764 1773 nec
2789 1719 3036 1774 accendit
3065 1718 3244 1789 ignem
3275 1718 3368 1786 qui
3409 1717 3657 1770 inutilem

370 1799 609 1878 carnem
646 1806 970 1863 eliiciuntur.
1029 1828 1047 1860 ‹
1106 1809 1308 1865 Delicta
1349 1811 1491 1864 enim
1531 1813 1651 1882 quis
1681 1813 1973 1883 intelligit?
1995 1851 2041 1883 λ
2079 1818 2361 1866 consumat
2387 1811 2691 1873 materiam,
2717 1818 2772 1866 et
2798 1812 2883 1867 die
2911 1809 3121 1866 sabbati
3152 1811 3207 1865 in
3236 1823 3348 1864 uno
3372 1799 3660 1878 permanet

374 1896 562 1972 ,(Ρεαι.
598 1875 774 1970 xvm.)
831 1919 849 1951 ›
891 1898 959 1954 Et
986 1915 1106 1954 cum
1138 1900 1300 1955 fuerit
1327 1873 1694 1958 controversia
1729 1903 1794 1957 de
1824 1873 1970 1959 omni
1999 1873 2048 1937 Β
2075 1902 2213 1958 loco.
2242 1903 2353 1959 Nec
2375 1901 2521 1958 foras
2541 1903 2839 1975 egreditur,
2865 1902 2958 1958 sed
2982 1901 3134 1971 quasi
3162 1899 3413 1956 columna
3435 1900 3490 1954 in
3521 1907 3660 1953 tem-

373 2005 472 2066 .re,
522 1989 658 2056 sive,
690 1999 751 2044 ut
796 1989 1148 2063 Septuaginta
1203 1993 1620 2060 transtulerunt,
1675 1995 1967 2066 sanguinis,

368 2065 493 2134 'hoc
521 2089 639 2144 est,
670 2083 814 2150 quod
847 2083 913 2136 ad
962 2084 1188 2138 mortale
1215 2087 1450 2155 pertinet
1479 2087 1682 2142 crimen
1708 2127 1723 2152 ,
1754 2065 1973 2143 stabunt

375 2163 701 2225 sacerdotes
745 2171 800 2225 in
828 2172 1048 2242 judiciis
1083 2175 1240 2240 meis,
1278 2185 1336 2230 ut
1363 2192 1468 2231 non
1490 2175 1737 2246 judicent
1772 2195 1968 2235 secun-

375 2259 821 2341 pdumhonorem,
852 2279 952 2319 nec
977 2265 1247 2336 accipiant
1269 2283 1554 2337 personam
1582 2271 1836 2340 pauperis
1858 2271 1971 2327 sive

365 2349 569 2422 divitis
601 2354 653 2407 in
673 2353 902 2422 judicio,
945 2359 1040 2414 sed
1073 2368 1218 2415 stent
1245 2361 1298 2414 in
1315 2360 1537 2430 judiciis
1564 2361 1681 2430 Dei,
1709 2373 1763 2418 et
1796 2379 1973 2419 recor-

387 2441 585 2497 dentur
619 2445 761 2500 illius
789 2448 982 2518 psalmi
1011 2467 1024 2504 :
1063 2469 1082 2501 ι
1117 2451 1258 2506 Deus
1282 2454 1434 2508 stetit
1469 2455 1523 2508 in
1547 2471 1821 2528 synagoga
1846 2458 1971 2514 deo-

381 2549 530 2600 rum,
556 2536 609 2590 in
640 2538 816 2593 medio
845 2549 1024 2596 autem
1061 2543 1192 2598 deos
1220 2529 1478 2616 dijudicat
1507 2544 1678 2618 (Psal.
1704 2549 1912 2621 Lxxxt),
1946 2571 1965 2604 ι

389 2624 519 2680 deos
561 2628 836 2696 appellans
878 2632 972 2699 qui
1019 2631 1220 2688 habent
1243 2635 1522 2705 judicandi
1559 2639 1624 2692 de
1662 2639 1970 2697 hominibus

386 2723 708 2786 potestatem
729 2759 742 2783 ,
773 2721 866 2791 qui
896 2722 950 2774 in
978 2738 1083 2792 quo
1104 2721 1308 2793 judicio
1331 2724 1694 2794 judicaverint
1713 2769 1729 2796 ,
1755 2728 1968 2799 judica-

385 2806 534 2860 hitur
581 2809 646 2865 de
670 2811 747 2865 eis
776 2812 990 2884 (Matth.
1040 2815 1157 2888 vn).
1210 2835 1229 2868 ι
1285 2817 1478 2890 Leges,
1513 2819 1707 2890 inquit,
1740 2835 1890 2876 meas
1914 2830 1972 2876 et

360 2907 656 2970 praecepta
702 2917 821 2957 mea
855 2903 908 2958 in
944 2908 1193 2963 omnibus
1223 2909 1659 2966 solemnitatibus
1699 2912 1835 2966 meis
1870 2927 1965 2966 cu-

386 2989 652 3056 stodient;
692 3012 711 3044 ›
746 3002 805 3047 ιιι
865 2997 1037 3052 sciant
1087 3001 1356 3070 quomodo
1407 3003 1563 3058 nobis
1598 3003 1849 3061 Christus
1873 3019 1968 3076 pa-

385 3079 514 3133 scha
562 3082 632 3136 sit
662 3081 999 3154 immolatus;
1034 3093 1300 3158 quomodo
1343 3102 1551 3163 septem
1599 3094 1967 3152 hebdomadas

384 3169 609 3246 implere
644 3174 935 3234 debeamus
960 3179 1139 3250 gaudii
1161 3189 1322 3252 atque
1341 3183 1566 3250 laetitiae,
1599 3193 1656 3240 et
1679 3187 1972 3257 humiliare
1994 3221 2002 3257 ,-

387 3269 595 3324 animas
610 3280 824 3327 nostras
847 3274 900 3327 in
917 3274 1144 3345 jejunio,
1169 3275 1584 3351 clangoremque
1606 3278 1857 3336 tubarum
1881 3282 1963 3336 in-

387 3357 649 3429 telligere,
673 3369 727 3415 et
749 3366 1098 3435 scenopegias
1125 3367 1472 3436 spiritales,in
1487 3369 1682 3438 quibus
1697 3370 1960 3426 dicimus:

395 3467 416 3500 ‹
451 3447 674 3506 Advena
698 3469 816 3507 sum
848 3470 946 3525 ego
977 3465 1032 3511 et
1055 3459 1371 3528 peregrinus
1395 3461 1536 3515 sicut
1565 3475 1753 3517 omnes
1780 3471 1967 3532 patres

385 3543 492 3598 mei
506 3539 843 3614 (Gemxxvu,
862 3545 1012 3602 Psal.
1026 3550 1307 3622 ιχχνιιι).›
1335 3551 1428 3606 Hae
1444 3562 1568 3606 sunt
1594 3568 1738 3609 verre
1765 3554 1963 3610 solem-

385 3636 586 3692 nitates
615 3654 750 3709 quas
792 3641 1210 3712 consequentius
1249 3645 1369 3714 quis
1410 3644 1834 3702 Pentateuchum
1863 3648 1967 3702 dis-

345 3787 350 3792 _
383 3744 571 3784 serens
608 3731 1070 3802 interpretabitur.
1111 3735 1294 3790 Prima
1326 3739 1498 3794 virtus
1526 3748 1609 3794 est
1642 3743 1960 3809 sacerdotis,

383 3835 492 3876 non
523 3831 728 3878 tantum
763 3824 960 3880 docere
990 3841 1112 3896 quae
1137 3829 1381 3894 noverit,
1423 3833 1517 3886 sed
1543 3817 1731 3887 omnes
1764 3833 1860 3888 Dei
1885 3833 1965 3889 fe-

342 3979 347 3986 ⁴
381 3910 649 3966 stivitates
675 3915 974 3981 custodire,
1005 3923 1064 3971 ut
1092 3919 1262 3988 possit
1292 3919 1411 3976 aliis
1445 3923 1789 3979 custodienda
1820 3941 1962 3995 pra:-

382 3999 580 4070 cipere,
613 4017 733 4072 quae
759 4012 811 4058 et
833 4004 946 4074 ipse
973 4007 1361 4064 observaverit.
1397 4010 1748 4067 Sacerdotum
1779 4023 1963 4084 (autem

339 4161 343 4170 ‘
379 4108 498 4150 esse
529 4093 759 4149 oiiicium
800 4095 933 4168 legis
975 4098 1178 4156 habere
1205 4102 1474 4171 notitiam,
1521 4113 1576 4160 et
1615 4106 1668 4160 in
1697 4105 1962 4164 Maiaehia

341 4185 677 4258 discimus,
723 4189 814 4260 qui
861 4191 982 4245 ait:
1025 4210 1045 4243 ‹
1098 4190 1268 4248 Labia
1314 4197 1609 4253 sacerdotis
1658 4200 1963 4257 custodient

357 4273 685 4354 (scientiam,
721 4289 776 4334 et
813 4280 985 4351 legem
1015 4284 1294 4355 requirent
1316 4303 1383 4342 ex
1409 4303 1504 4344 ore
1533 4288 1670 4359 ejus,
1702 4293 1828 4362 quia
1860 4309 1961 4348 an-

379 4365 532 4436 gelus
551 4365 763 4421 Domini
794 4371 1128 4426 exercituum
1156 4382 1258 4429 est.
1295 4395 1316 4428 ι

456 4477 474 4508 ι
522 4457 589 4512 Et
627 4461 851 4514 sabbata
885 4478 1004 4518 mea
1026 4466 1461 4523 sanetiiicabunt.
1492 4465 1558 4525 Et
1591 4471 1659 4526 ad
1685 4485 1958 4531 mortuum

2068 1994 2160 2065 pio
2182 1994 2278 2048 Dei
2312 1994 2520 2065 positus
2551 2002 2854 2065 permanet,
2883 2006 3047 2062 super
3069 2005 3177 2062 quo
3198 1989 3438 2046 Joannes
3465 1990 3658 2045 scribit

2059 2085 2126 2140 ’in
2151 2085 2472 2157 Apocalypsi
2497 2102 2512 2140 :
2545 2106 2564 2138 ‹
2594 2085 2695 2154 Qui
2719 2084 2928 2149 vicerit,
2952 2082 3150 2139 faciam
3171 2081 3324 2136 illum
3344 2081 3652 2135 columnam

2071 2176 2126 2232 in
2159 2175 2354 2247 templo
2381 2175 2476 2231 Dei
2509 2177 2648 2242 mei,
2685 2185 2740 2230 et
2765 2174 2911 2230 foras
2939 2189 3049 2229 non
3076 2172 3396 2243 egredietur
3428 2170 3657 2240 amplius

2073 2266 2257 2340 (Apoc.
2311 2267 2413 2339 ιιι).
2468 2286 2486 2319 ι
2519 2268 2778 2337 Quodque
2807 2266 3056 2338 sequitur
3085 2284 3098 2319 :
3137 2283 3158 2317 ‹
3193 2264 3262 2320 Et
3289 2265 3358 2320 ad
3380 2272 3653 2320 mortuum

2069 2361 2343 2416 hominem
2386 2375 2492 2416 non
2537 2360 2912 2431 ingredientur
2947 2375 3018 2414 ne
3063 2359 3396 2431 polluantur,
3437 2355 3654 2426 proprie

2072 2451 2423 2508 sacerdotalis
2474 2451 2634 2508 cilicii
2684 2460 2798 2517 est,
2837 2451 3124 2507 morticina
3171 2465 3283 2505 non
3312 2458 3568 2520 tangere,
3595 2456 3654 2501 ut

2070 2545 2163 2614 qui
2196 2559 2293 2614 pro
2341 2543 2567 2599 aliorum
2601 2543 2748 2598 vitiis
2792 2545 3154 2614 deprecatur,
3202 2543 3324 2612 ipse
3363 2540 3434 2596 ad
3484 2539 3652 2594 altare

2070 2637 2302 2690 mundus
2327 2635 2568 2690 accedat.
2596 2633 2673 2689 De
2705 2635 2902 2704 quibus
2927 2633 3160 2690 mortuis
3182 2675 3197 2698 ,
3224 2641 3281 2688 et
3309 2631 3561 2687 Salvator
3587 2631 3656 2685 lo-

2071 2727 2330 2797 quiturin
2359 2725 2648 2797 Evangelia
2677 2744 2690 2779 :
2723 2744 2742 2777 ι
2773 2725 2994 2780 Dimitte
3012 2732 3281 2788 mortuos,
3303 2729 3367 2777 ut
3395 2721 3656 2792 sepeliant

2070 2828 2314 2875 mortuos
2353 2834 2480 2875 suos
2511 2817 2728 2888 (Matth.
2765 2818 2906 2890 vni).
2948 2837 2967 2869 ι
3001 2817 3093 2872 isti
3125 2815 3570 2872 contaminamur
3601 2813 3652 2866 in

2069 2921 2225 2983 patre
2261 2920 2504 2976 mortuo,
2540 2911 2755 2982 quando
2784 2911 3095 2982 relinquunt
3128 2916 3433 2964 creatorem
3471 2921 3651 2970 suum,

2069 3011 2125 3059 et
2164 3004 2218 3058 in
2248 3012 2422 3060 matre
2446 3011 2657 3058 mortua
2696 3003 2762 3057 de
2790 3001 3030 3058 Ecclesia
3065 3000 3404 3056 recedentes.
3445 2999 3501 3067 in
3543 2997 3653 3052 tilio

2070 3109 2282 3164 quoque
2303 3102 2357 3149 et
2383 3093 2511 3159 ﬁlia,
2553 3095 2697 3164 quod
2733 3093 2878 3148 aliud
2905 3093 2971 3147 ad
2997 3091 3374 3162 cogitationes,
3409 3090 3555 3145 aliud
3586 3089 3652 3144 ad

2072 3196 2236 3253 opera
2284 3183 2538 3252 pertinet.
2589 3182 2741 3248 Quod
2789 3181 3186 3252 signiﬁcantius
3224 3179 3404 3235 Grmoe
3444 3179 3648 3232 dicitur

2070 3277 2136 3330 τὰ
2161 3276 2316 3334 νοητὰ
2335 3277 2421 3329 καὶ
2445 3275 2682 3332 αἰσθητὰ.
2705 3273 2954 3326 Fratrem
2977 3286 3195 3343 quoque
3211 3279 3261 3327 et
3286 3284 3523 3326 sororem
3547 3270 3644 3338 qui

2068 3367 2259 3423 eodem
2307 3372 2527 3420 renatus
2564 3373 2647 3420 est
2688 3365 2916 3435 spiritu,
2964 3363 3011 3418 si
3051 3363 3319 3435 putaverit
3341 3369 3648 3427 mortuum,

2068 3455 2468 3511 contaminatur
2490 3455 2543 3508 in
2571 3470 2655 3509 eo.
2684 3453 2764 3508 ita
2796 3455 3061 3509 duntaxat
3089 3455 3136 3509 si
3160 3469 3318 3509 soror
3339 3453 3497 3524 virgo
3521 3467 3624 3523 per

2068 3546 2354 3611 manserit,
2407 3561 2506 3601 nec
2547 3545 2711 3600 ullius
2751 3545 2854 3600 viri
2906 3545 3175 3601 maculata
3217 3543 3520 3614 complexu.
3573 3542 3641 3598 Ex

2068 3638 2261 3712 quibus
2291 3638 2640 3709 intelligimus
2669 3637 3010 3709 privilegium
3044 3637 3346 3708 virginale,
3383 3637 3534 3707 quod
3553 3652 3616 3690 cu

2061 3729 2282 3800 juslibet
2315 3727 2418 3782 viri
2459 3735 2739 3784 contactus
2771 3726 3063 3798 perfectam
3088 3727 3300 3782 auferat
3334 3725 3622 3797 puritatem

2066 3819 2195 3887 Quae
2222 3827 2404 3873 utrum
2441 3827 2589 3874 recte
2617 3833 2970 3890 perperamve
3001 3819 3146 3874 dicta
3179 3815 3292 3874 sint
3313 3818 3538 3874 iectoris
3563 3833 3621 3870 ar

2063 3909 2230 3966 bitrio
2263 3910 2650 3980 relinquamus.
2689 3908 2907 3966 Natum
2942 3919 3159 3981 quoque
3187 3915 3355 3981 super
3378 3911 3490 3965 hoc
3521 3918 3628 3980 pro

2065 4003 2228 4058 batur
2256 3997 2499 4066 a‘ii‘eetus,
2525 4007 2584 4055 ut
2611 4001 2802 4056 ordine
2835 4001 3119 4056 charitatis
3146 4001 3304 4069 juxta
3332 4002 3479 4070 quod
3505 4001 3611 4056 seri

2063 4101 2214 4164 ptum
2243 4099 2327 4148 est
2354 4108 2369 4146 :
2406 4109 2425 4144 ι
2462 4091 2720 4149 Ordinate
2748 4092 2805 4146 in
2833 4105 2921 4148 me
2947 4094 3268 4149 charitatem
3293 4091 3474 4165 (Cant.
3499 4094 3586 4165 η),
3617 4112 3636 4145 ι

2064 4193 2187 4256 post
2217 4198 2394 4239 rerum
2421 4189 2702 4254 parentem
2725 4183 2916 4249 Deum,
2943 4185 3123 4239 carnis
3147 4197 3365 4255 quoque
3383 4194 3542 4254 pater
3559 4184 3638 4239 di-

2065 4273 2293 4345 ligatur,
2325 4282 2380 4329 et
2401 4281 2607 4338 mater,
2638 4271 2778 4328 filius
2810 4283 2867 4329 et
2901 4274 3031 4340 tilia,
3067 4274 3240 4330 frater
3262 4284 3319 4331 et
3345 4290 3538 4340 soror,
3568 4273 3637 4329 ita

2065 4367 2327 4422 duntaxat
2357 4364 2405 4420 si
2456 4366 2521 4420 de
2580 4364 2739 4420 domo
2788 4377 2895 4421 non
2927 4367 3638 4432 exierit,‘neo:inaiterils

2064 4456 2344 4512 transierit
2392 4463 2739 4528 potestatem.
2795 4455 3100 4526 Postquam
3139 4465 3320 4512 autem
3383 4457 3638 4512 sacerdos

388 4568 405 4600 ι
453 4547 726 4606 hominem
761 4543 864 4607 non
903 4554 1274 4626 ingredientur
1302 4577 1371 4615 ne
1399 4561 1728 4632 polluantur,
1758 4567 1863 4623 nisi
1889 4571 1964 4625 ad

2066 4546 2226 4602 fuerit
2265 4515 2587 4603 emundatus
2631 4515 3024 4616 puriﬁcationls
3049 4549 3504 4620 ordinetquae-in‘
3525 4549 3639 4620 lege

382 4662 400 4696 ι
449 4652 659 4714 patrem
687 4653 741 4700 et
766 4654 1022 4716 matrem,
1050 4647 1218 4704 lilium
1246 4659 1301 4707 et
1327 4651 1516 4723 tiliam,
1549 4653 1772 4712 fratrem
1794 4667 1850 4715 et
1870 4677 1960 4717 so-

392 4756 410 4800 t
459 4751 634 4793 rorem
657 4778 673 4806 ,
707 4754 827 4808 qua!
853 4738 1031 4818 virum
1062 4756 1170 4796 non
1199 4741 1422 4813 habuit,
1459 4747 1511 4802 in
1545 4747 1740 4818 quibus
1767 4760 1960 4809 conta-

383 4846 403 4876 ι
447 4827 772 4882 minabatur.
817 4827 884 4881 Et
913 4839 1196 4900 postquam
1225 4832 1388 4889 fuerit
1423 4837 1712 4894 mundatus
1749 4850 1956 4912 septem

382 4936 402 4969 ι
449 4917 562 4972 dies
595 4915 1028 4974 numerabuntur
1067 4921 1138 4975 ei.
1181 4920 1249 4977 Et
1278 4923 1332 4978 in
1369 4926 1455 4981 die
1496 4928 1750 4985 introitus
1790 4933 1874 4986 sui
1900 4932 1956 4990 in

385 5023 406 5074 μ
453 5006 856 5073 sanctuarium,
889 5016 943 5061 et
977 5007 1043 5062 ad
1075 5009 1273 5064 atrium
1317 5013 1543 5070 interius
1573 5026 1634 5073 ut
1680 5019 1957 5079 ministret

387 5114 405 5145 ι
451 5095 583 5150 mihi
621 5095 675 5151 in
729 5100 1070 5166 sanctuario,
1101 5097 1295 5157 offeret
1339 5119 1436 5173 pro
1470 5115 1692 5175 peccato
1731 5125 1828 5166 suo
1851 5112 1958 5168 Do-

384 5201 403 5235 ‹
451 5185 598 5240 mino
624 5185 736 5241 Deo
757 5228 772 5252 ,
809 5187 924 5243 sive
950 5185 1138 5244 offeret
1174 5190 1553 5258 placationem.
1581 5194 1698 5252 Non
1721 5200 1827 5255 erit
1853 5216 1952 5256 au-

385 5263 415 5325 t
451 5283 556 5330 tem
585 5275 665 5332 eis
701 5269 1012 5334 haereditas.
1045 5280 1158 5349 Ego
1191 5283 1479 5340 haereditas
1503 5302 1708 5352 eorum,
1741 5299 1794 5346 ct
1823 5307 1950 5362 pos-

387 5385 404 5416 (
453 5365 721 5422 sessiones
745 5383 854 5423 non
884 5370 1081 5426 dabitis
1117 5373 1170 5426 in
1209 5372 1393 5429 israel.
1425 5375 1536 5446 Ego
1561 5383 1832 5448 possessio
1860 5399 1953 5438 eo-

385 5475 403 5509 ι
450 5471 589 5510 rum.
633 5476 652 5508 ›
686 5455 872 5514 Adhuc
901 5462 1272 5521 sacerdotibus
1294 5467 1642 5537 przecipitur,
1670 5471 1723 5525 in
1756 5473 1952 5541 quibus

327 5539 332 5548 ’
381 5547 776 5604 observandum
796 5551 938 5621 quod
958 5567 1066 5608 non
1087 5553 1287 5611 dixerit
1309 5557 1583 5614 absolute:
1608 5549 1703 5615 «Et
1731 5539 1950 5621 sabbata

347 5639 855 5718 vsanctilicabunt,‘»
905 5644 987 5698 vel
1014 5645 1169 5714 juxta
1212 5647 1449 5705 Isaiam:
1487 5669 1507 5703 ι
1537 5647 1858 5711 Neomenias
1897 5666 1952 5714 et

379 5731 601 5785 sabbata
640 5741 822 5787 vestra
853 5733 966 5788 odit
994 5737 1173 5792 anima
1205 5739 1323 5795 mea
1356 5740 1491 5812 (Ita.
1521 5745 1574 5815 ι)
1594 5784 1610 5809 ,
1653 5765 1670 5797 ι
1707 5747 1800 5801 sed
1826 5763 1949 5802 cum

381 5822 742 5889 distinctione,
801 5823 1018 5880 sabbata
1066 5843 1200 5883 mea.
1261 5831 1417 5889 Unde
1457 5844 1518 5890 'et
1557 5837 1616 5890 in
1661 5835 1958 5910 Evangelio

2063 4638 2296 4697 Mosaiea
2327 4641 2634 4710 conscripta
2669 4648 2786 4708 est,
2828 4642 3182 4712 septem‘dies
3207 4645 3638 4700 numerabantur

2061 4731 2131 4797 ei,
2161 4730 2244 4786 vel
2270 4729 2544 4801 perfectus
2563 4737 2828 4788 numerus
2842 4725 3230 4803 μακαρίως,
3249 4733 3639 4805 ’νθιιροειωη-

2059 4821 2475 4878 Summationem
2505 4823 2724 4888 mundi,
2766 4823 2984 4892 quando
3012 4825 3308 4881 aii-veram
3341 4825 3638 4881 hausimus

2059 4911 2331 4976 ὁκτώαόεν,
2385 4920 2445 4966 ut
2469 4913 2705 4968 introeat
2753 4923 2969 4970 sancta-
3008 4925 3340 4982 sanmorun,
3371 4917 3498 4973 "hoc
3553 4927 3638 4973 at

2057 5003 2200 5058 enim
2234 5004 2462 5059 interius
2499 5004 2718 5069 atrium,
2759 5014 2815 5061 et
2859 5006 3384 5077 possit-ministrare
3425 5010 3488 5064 iu‘
3512 5024 3636 5066 san-

2057 5095 2288 5161 ctuari‘o,
2332 5104 2387 5150 et
2428 5110 2641 5167 semper
2666 5097 2864 5153 oﬂerre
2898 5114 2998 5168 pro
3033 5108 3258 5169 peccato
3287 5103 3637 5157 conscientia

2055 5188 2335 5242 victimam
2360 5228 2375 5251 ,
2403 5201 2507 5242 nec
2535 5187 2701 5242 ullum
2729 5197 2944 5259 tempus
2969 5190 3068 5255 sit,
3099 5205 3206 5260 quo
3239 5205 3347 5248 non
3375 5193 3632 5247 morde-

2058 5287 2146 5332 tur
2185 5278 2513 5332 maculatum
2542 5291 2601 5333 se
2639 5275 2806 5334 fuisse
2845 5293 3007 5348 super
3031 5289 3184 5349 patre
3217 5288 3493 5345 etmatre,
3521 5281 3633 5336 ﬂio

2056 5379 2111 5425 et
2141 5369 2279 5435 illia,
2316 5369 2479 5424 fratre
2510 5379 2566 5426 et
2601 5385 2807 5426 sorore.
2851 5371 3016 5427 Multa
3043 5375 3240 5445 quippe
3263 5373 3452 5431 facere
3479 5391 3638 5430 eun-

2053 5460 2310 5530 pellimur
2365 5460 2419 5514 in
2465 5461 2650 5517 senili
2698 5462 2856 5533 hujus
2879 5466 3156 5535 angustiis
3196 5466 3512 5535 emetituti,
3535 5465 3634 5521 uel

2055 5545 2368 5606 conditione“
2393 5551 2590 5616 carnis,
2623 5551 2722 5606 vel
2741 5552 3042 5625 fragilitate.
3058 5558 3422 5626 παίω-«ωριιί
3441 5567 3632 5614 atem

2054 5640 2178 5695 talis
2203 5641 2482 5696 exstiterit
2520 5650 2580 5695 ut
2608 5641 2882 5698 ministret
2909 5644 3324 5713 in-sanctuario,
3344 5650 3631 5705 etiamin

2056 5731 2389 5802 ingrediatur
2424 5733 2683 5797 interius,
2715 5744 2772 5788 et
2801 5732 2994 5790 offerat
3024 5741 3239 5808 semper
3264 5739 3390 5795 Deo
3407 5743 3632 5797 sacriﬁ-

2054 5822 2218 5888 ciom,
2249 5824 2340 5878 ita-
2359 5823 2424 5880 ut
2444 5840 2609 5881 vertis
2623 5827 2999 5891 vsitsacerd‘os.
3021 5829 3134 5885 imo
3146 5832 3402 5888 inritato:
3422 5836 3542 5903 dus
3561 5838 3630 5893 de
