3908 6356
330 394 459 450 Mil

1214 388 1566 450 CMT.
1604 387 1673 447 IN
1709 385 2165 446 EZEGHIELEII.
2204 414 2273 430 -ι-
2310 388 2439 445 LlB.
2479 388 2665 447 ινηι.

3423 396 3568 460 illi?

246 508 251 511 '
327 511 442 560 toto
494 504 659 561 corde
682 510 796 569 tuo.
836 510 893 560 et
937 517 1007 560 ex
1058 510 1171 559 tota
1209 505 1389 559 anima
1419 512 1531 568 tua,
1578 509 1636 557 et
1668 515 1738 556 ex
1778 508 1893 556 tota
1918 502 1969 563 Α
1995 499 2141 553 intra
2169 500 2489 556 vestimenta
2512 516 2714 572 corpus
2740 510 2860 571 est,
2898 504 3042 561 sicut
3067 506 3211 563 intra
3236 512 3564 571 exteriorem

324 597 636 652 fortitudine
673 605 767 651 tua
798 594 979 667 (ευριπ.
1016 596 1115 668 vt).
1160 613 1180 649 ι
1213 595 1421 665 Corpus
1445 602 1625 649 autem
1652 609 1719 648 ex
1757 605 1893 661 qua-

323 698 447 746 tuor
472 690 766 747 notissimis
785 697 996 744 constat
1023 689 1321 743 elementis.
1360 686 1514 743 Hunc
1540 688 1686 742 enim
1715 693 1891 755 septe-

321 781 552 844 narium,
585 780 631 834 si
673 780 910 844 ternario
948 792 1175 834 numero
1217 779 1376 833 ﬁdem
1408 787 1464 833 et
1494 779 1891 833 confessionem

320 877 522 923 sancta:
559 867 839 924 Trinitatis
877 869 1203 939 exprimenti
1241 868 1570 937 adjunxeris,
1609 869 1891 923 denarium

319 960 422 1014 rite
445 960 757 1030 complebis.

393 1070 412 1100 ‹
457 1050 627 1105 Omne
652 1049 997 1105 morticinum
1026 1058 1083 1106 et
1109 1059 1325 1120 captum
1351 1067 1382 1105 a
1411 1051 1586 1106 bestia
1608 1053 1674 1107 de
1699 1053 1888 1107 avibus

322 1158 341 1189 ι
387 1150 441 1194 et
470 1143 753 1211 pecoribus
775 1157 880 1197 non
905 1145 1188 1197 comedent
1213 1144 1540 1199 sacerdotes.
1573 1163 1591 1197 ι
1618 1143 1887 1218 (Ηὶανοη.)

317 1230 384 1284 Et
404 1232 556 1300 juxta
581 1233 815 1288 litteram
839 1234 984 1289 omni
1010 1235 1193 1304 generi
1212 1234 1404 1300 electo,
1437 1235 1601 1305 regali
1625 1243 1680 1291 et
1708 1251 1888 1291 sacer-

315 1324 509 1389 dotali,
561 1327 705 1395 quod
750 1328 969 1397 proprie
1015 1327 1083 1381 ad
1131 1327 1466 1383 Christianos
1510 1329 1744 1384 refertur
1791 1334 1885 1402 qui

314 1416 459 1468 uncti
488 1425 614 1469 sunt
629 1418 748 1471 oleo
768 1418 998 1486 spiritali
1020 1418 1086 1472 de
1105 1433 1213 1488 quo
1232 1420 1490 1489 scriptum
1509 1429 1592 1475 est
1618 1437 1633 1486 ;
1665 1439 1685 1473 ε
1716 1422 1885 1479 Unxit

314 1512 366 1558 te
392 1505 533 1561 Deus
563 1507 704 1562 Deus
743 1516 864 1563 tuus
900 1509 1020 1565 oleo
1046 1510 1427 1566 exsultationis
1452 1527 1563 1581 pra:
1598 1514 1879 1585 participi-

309 1592 409 1648 bus
434 1595 539 1651 tuis
563 1596 735 1668 (Psal.
768 1598 914 1671 mv)
933 1639 948 1664 ,
979 1617 997 1650 ι
1038 1601 1152 1654 haec
1179 1611 1447 1671 praecepta
1473 1605 1799 1658 conveniunt
1822 1612 1882 1659 ut

307 1685 650 1740 morticinum
686 1702 792 1742 non
837 1690 1088 1744 comedat
1129 1697 1237 1745 tam
1286 1692 1350 1746 de
1387 1694 1575 1748 avibus
1612 1711 1773 1764 quam
1812 1697 1903 1751 de.

305 1779 621 1847 pecoribus,
668 1780 822 1849 cujus
862 1796 1203 1853 nequaquam
1245 1787 1465 1856 sanguis
1506 1785 1710 1842 effusus
1748 1797 1832 1843 est
1857 1829 1872 1853 ,

303 1869 446 1937 quod
470 1870 524 1923 in
550 1869 775 1928 Actibus
802 1874 1165 1945 apostolorum
1197 1875 1337 1946 (Act.
1372 1878 1463 1948 xv)
1488 1879 1688 1933 dicitur
1706 1879 1874 1935 suli'o-
1904 1865 1953 1927 Β

302 1970 504 2025 catum,
550 1969 606 2017 et
642 1977 762 2032 qua:
791 1967 1098 2021 necessario
1133 1969 1472 2023 observanda
1510 1971 1875 2041 apostolorum

300 2048 369 2103 de
414 2049 711 2107 Jerusalem
747 2053 983 2123 Epistula
1008 2067 1209 2112 monet.
1244 2059 1340 2113 «Et
1358 2066 1573 2130 captum
1593 2077 1623 2115 a
1646 2063 1868 2127 bestia”

301 2139 426 2207 quia
451 2150 504 2195 et
530 2142 701 2210 ipsum
723 2145 973 2201 similiter
994 2148 1310 2203 suifocatum
1336 2159 1440 2212 est,
1470 2159 1526 2205 ct
1554 2154 1877 2208 condemnat

301 2234 631 2299 sacerdotes,
656 2237 747 2306 qui
778 2238 830 2292 in
861 2240 1050 2305 turdis,
1082 2241 1350 2306 licedulis,
1380 2244 1603 2313 gliribus
1631 2255 1685 2300 et
1714 2256 1875 2301 caete-

301 2321 377 2375 ris
398 2323 783 2393 hujuscemodi.
815 2328 941 2384 Hzcc
967 2332 1223 2387 aviditate
1247 2334 1385 2404 gulae
1410 2349 1518 2389 non
1538 2337 1869 2392 custodiunt.

299 2416 591 2475 Possumus
615 2429 794 2477 autem
819 2423 976 2492 juxta
1010 2429 1272 2499 ἀναγωγήν
1312 2429 1656 2485 morticinum
1692 2432 1873 2488 dicere

299 2508 353 2562 in
381 2526 488 2578 quo
513 2511 705 2567 anima:
725 2516 945 2585 sanguis
967 2526 1213 2571 mortuus
1234 2526 1340 2583 est,
1365 2527 1421 2573 et
1442 2520 1686 2574 imitatur
1706 2521 1875 2577 Nabal

298 2596 603 2655 Carmelum
631 2603 722 2672 qui
767 2603 1155 2675 interpretatur
1191 2608 1415 2674 stultus,
1462 2618 1519 2664 et
1556 2612 1739 2665 audita
1791 2612 1873 2667 ira

298 2687 464 2744 David
492 2706 690 2760 pavore
728 2697 1091 2763 contremuit,
1131 2706 1185 2753 ct
1214 2710 1486 2755 mortuum
1516 2709 1603 2756 est
1628 2716 1725 2757 cor
1752 2702 1872 2771 ejus

297 2774 353 2831 in
381 2792 447 2831 eo
475 2777 528 2849 (Ι
559 2779 686 2852 Reg.
715 2783 865 2856 xxv).
906 2784 1105 2856 Captus
1133 2797 1313 2843 autem
1343 2806 1374 2845 a
1402 2791 1609 2857 bestiis,
1638 2808 1871 2863 quarum

296 2884 366 2925 ne
411 2872 677 2930 morsibus
721 2874 975 2943 lanietur,
1006 2878 1278 2949 Propheta
1326 2882 1582 2951 suspirat,
1630 2885 1816 2940 dicens
1852 2902 1869 2940 ι

303 2982 321 3013 ι
363 2962 441 3019 Ne
472 2967 652 3022 tradas
691 2968 880 3025 bestiis
914 2972 1150 3028 animam
1177 2974 1525 3030 conﬁtentem
1558 2977 1653 3031 tibi
1692 2975 1866 3048 (Psal.

296 3054 509 3149 uiui),
543 3076 561 3107 ι
620 3057 708 3112 ille
747 3059 1005 3116 dicendus
1044 3072 1157 3132 est,
1212 3066 1311 3149 qui
1357 3067 1653 3122 adversarii
1699 3069 1872 3127 leonis

298 3144 567 3199 morsibus
594 3146 904 3216 devoratur,
932 3160 985 3206 et
1008 3153 1195 3222 pardi,
1216 3144 1315 3225 qui
1345 3172 1450 3210 non
1482 3169 1655 3213 mutat
1688 3161 1867 3215 varie»

1996 588 2265 644 hominem
2313 591 2474 645 homo
2537 590 2781 646 interior.
2830 593 3111 659 Quomodo
3155 605 3335 654 autem
3383 601 3566 660 lavat?

1990 675 2099 730 Aut
2120 690 2218 747 per
2239 679 2567 748 baptismum
2583 717 2599 746 ,
2636 690 2729 736 aut
2755 697 2853 752 per
2875 685 3258 743 abundantiam
3299 690 3564 764 lacryma-

1994 780 2115 819 rum
2155 767 2479 824 imitantium
2512 782 2682 839 aquas
2720 771 3076 841 baptismatis.
3112 777 3215 845 Qui
3250 789 3431 837 autem
3461 782 3563 842 hoc

1991 871 2102 911 non
2128 856 2285 925 facit,
2309 862 2543 929 portabit
2566 863 2903 932 iniquitatem
2932 881 3084 924 suam
3106 906 3121 936 ,
3154 874 3560 931 retributionem

1991 948 2238 1004 videlicet
2277 950 2571 1019 injustitite.
2603 952 2692 1009 Sic
2720 956 2864 1011 enim
2888 958 3124 1015 divinam
3148 961 3482 1034 Scriptorum
3508 969 3563 1023 in

1989 1041 2226 1108 peccatis
2262 1055 2452 1110 pmnas
2491 1044 2778 1099 restituere
2822 1047 3065 1104 invenies
3120 1054 3556 1112 comminantem.

1991 1130 2144 1186 Unde
2171 1132 2417 1189 Ezechiel
2444 1136 2612 1191 Deum
2638 1139 2851 1194 induxit
2874 1140 3144 1196 dicentem
3173 1158 3187 1196 :
3227 1160 3247 1196 t
3292 1144 3407 1200 Non
3438 1157 3562 1217 pur-

1986 1232 2075 1278 cet
2108 1226 2297 1280 oculus
2322 1243 2472 1283 meus
2508 1244 2671 1301 super
2704 1239 2776 1297 te,
2818 1241 2873 1286 et
2902 1247 3008 1287 non
3038 1235 3420 1303 miserebitur;
3466 1241 3559 1294 sed

1987 1314 2103 1371 vias
2132 1324 2254 1371 tuas
2280 1333 2476 1388 ponam
2504 1336 2667 1391 super
2708 1330 2783 1389 te,
2822 1333 2882 1377 et
2914 1324 3346 1383 abominationes
3371 1336 3478 1384 tua;
3506 1331 3561 1384 in

1985 1406 2163 1461 medio
2185 1408 2259 1462 tui
2285 1417 2443 1463 erunt
2473 1408 2693 1480 (Each.
2722 1411 2822 1484 vi).
2860 1430 2880 1464 ι

2548 1501 2778 1557 CAPUT
2818 1502 2981 1559 XLV.

1985 1588 2196 1663 Delum
2216 1593 2562 1659 sanctiﬁcata,
2583 1594 2639 1646 in
2670 1610 2772 1663 quo
2798 1603 2919 1647 sunt
2949 1594 3146 1651 Sancta
3192 1608 3491 1656 sanctorum
3509 1610 3559 1656 et

2051 1661 2621 1737 habitatiosanctorum
2630 1680 2653 1737 _;
2669 1661 2949 1737 dejuslitia
2960 1666 3202 1737 ponderis
3213 1680 3558 1737 statuarum;

2049 1732 2113 1808 de
2134 1732 2421 1808 quantitate
2444 1732 2793 1808 p‘riutilittrum
2808 1752 2826 1799 ;
2846 1734 2910 1787 de
2937 1732 3137 1790 duabus
3164 1739 3346 1808 primis
3366 1732 3555 1795 solem;

2055 1801 2482 1880 uitalibus-print}
2520 1803 2733 1880 mensis,
2768 1816 2879 1859 sum
2919 1819 3021 1858 non
3060 1801 3181 1880 sani
3218 1807 3272 1862 in
3301 1808 3470 1880 Lege;
3493 1809 3558 1865 de

2047 1870 2392 1925 oblationibus
2421 1871 2664 1936 Pascitur,
2693 1872 3014 1928 Psntmstes
3042 1886 3089 1929 et
3124 1870 3489 1950 Scenupwéiu}.

2050 1980 2071 2012 ί
2115 1959 2356 2030 Cumque
2379 1963 2654 2031 cmperitis
2683 1970 2886 2017 terram
2914 1965 3154 2021 dividere
3176 1969 3229 2022 in
3264 1971 3557 2038 possessio-

1978 2071 2001 2105 ι
2043 2069 2188 2120 nem,
2213 2064 2458 2124 separate
2487 2055 2755 2125 primitias
2783 2056 3029 2122 Domino,
3057 2058 3455 2114 sanctiﬁcatum
3485 2062 3553 2117 de

1981 2161 2001 2194 ι
2045 2152 2189 2198 terra
2214 2144 2564 2214 longitudinis
2595 2145 2785 2216 viginti
2812 2146 3050 2215 quinque
3077 2147 3262 2212 millia,
3293 2155 3349 2203 et
3373 2148 3555 2204 latitu-

1980 2251 2001 2286 ι
2041 2236 2182 2289 dinis
2204 2236 2385 2290 decem
2412 2235 2597 2289 millia.
2630 2234 3038 2291 Sanctiﬁcatutn
3064 2238 3170 2293 erit
3189 2238 3243 2292 in
3263 2241 3410 2294 omni
3442 2248 3551 2295 ter-

1978 2343 2001 2378 ί
2044 2308 2192 2382 mino
2212 2325 2328 2395 ejus
2353 2340 2450 2395 per
2470 2327 2775 2381 circuitum.
2805 2329 2873 2382 Et
2894 2329 3000 2383 erit
3023 2343 3091 2385 ex
3122 2330 3225 2386 hoc
3250 2332 3553 2387 sanctiﬁca-

1978 2434 2002 2468 ι
2047 2418 2182 2483 tum,
2207 2419 2530 2488 quingentos
2565 2432 2664 2487 per
2676 2420 3016 2491 quingentos,
3040 2422 3426 2490 quadrifariam
3453 2433 3550 2493 per

1978 2526 2001 2562 ι
2038 2511 2346 2577 circuitum,
2373 2518 2429 2566 et
2452 2513 2837 2581 quinquaginta
2868 2514 3065 2569 cubitis
3092 2516 3399 2572 suburbana
3432 2517 3549 2587 ejus

1976 2617 2000 2651 ι
2039 2615 2138 2670 per
2163 2615 2375 2671 gyrum.
2406 2600 2477 2654 Et
2494 2616 2527 2655 a
2553 2614 2806 2656 mensura
2832 2603 2935 2657 ista
2967 2605 3305 2659 mensurabls
3324 2606 3551 2677 longitu-

1978 2708 2000 2743 ι
2044 2690 2222 2745 dinem
2253 2691 2440 2761 viginti
2474 2692 2711 2761 quinque
2744 2692 3070 2760 millium,et
3094 2695 3430 2757 latitudinem
3457 2697 3550 2751 (Ια-

1976 2799 1998 2832 4
2041 2794 2161 2835 cem
2187 2780 2432 2835 millium.
2458 2782 2522 2834 Et
2544 2783 2597 2836 in
2633 2783 2751 2851 ipso
2777 2784 2883 2837 erit
2904 2785 3163 2853 templum
3192 2795 3546 2856 sanctumque

1978 2885 1999 2920 ι
2043 2878 2351 2925 sanctorum
2368 2887 2381 2923 :
2398 2869 2789 2926 sanctiﬁcatum
2803 2871 2870 2927 de
2883 2879 3028 2927 terra
3044 2874 3155 2927 erit
3176 2874 3547 2929 sacerdotibus

1974 2978 1999 3013 ι
2042 2962 2305 3017 ministris
2331 2963 2621 3017 sanctuarii
2646 2964 2740 3032 qui
2778 2966 3042 3019 accedunt
3083 2965 3152 3018 ad
3184 2965 3545 3028 ministerium

1974 3075 1998 3109 ί
2042 3056 2275 3111 Domini.
2310 3056 2379 3111 Et
2404 3058 2509 3112 erit
2528 3057 2609 3112 eis
2623 3056 2775 3113 locus
2802 3057 2858 3111 in
2884 3057 3073 3111 domos
3099 3065 3156 3111 et
3204 3058 3261 3111 in
3291 3067 3545 3117 sanctua-
3622 3080 3627 3083 -

1978 3165 2000 3200 ι
2043 3148 2181 3202 rium
2210 3147 2533 3212 sanctitatis,
2563 3147 2752 3218 viginti
2780 3146 3021 3216 quinque
3053 3147 3222 3201 millia
3250 3147 3544 3223 longitudi-

298 3238 461 3288 tatem
488 3250 661 3303 suam,
683 3247 740 3294 et
777 3256 914 3295 ursa:
946 3258 1065 3311 qua;
1091 3245 1259 3314 raptis
1287 3247 1439 3301 εωνίι
1465 3248 1676 3315 catulis,
1709 3259 1763 3305 ει
1790 3251 1870 3305 ιη,
1897 3228 1942 3295 C
1977 3252 1997 3286 ι
2042 3236 2148 3299 nis,
2177 3243 2232 3288 et
2254 3235 2438 3290 decem
2466 3233 2631 3289 millia
2660 3234 2976 3289 latitudinis.
3010 3234 3212 3289 Levitze
3241 3245 3420 3289 autem
3448 3236 3542 3305 qui

296 3334 488 3389 porum
523 3325 675 3380 rabie
709 3336 764 3382 et
800 3329 1128 3399 reliquarum
1156 3332 1482 3401 bestiarum,
1524 3353 1660 3406 quas
1688 3339 1744 3393 in
1776 3354 1871 3394 va—

296 3413 488 3470 rietate
499 3416 799 3473 daemonum
815 3423 1127 3492 accipimus.
1141 3426 1281 3481 Aves
1297 3436 1478 3485 autem
1493 3430 1611 3486 illas
1626 3429 1870 3488 dicemus

294 3520 414 3573 qua:
434 3515 637 3573 ponunt
653 3509 704 3562 in
720 3510 858 3565 coelo
876 3527 938 3566 os
956 3529 1112 3569 suum
1132 3532 1146 3568 :
1169 3524 1222 3570 et
1243 3517 1329 3571 illa
1347 3534 1540 3586 pecora
1559 3536 1679 3589 qum
1700 3537 1869 3591 prona

297 3594 351 3648 in
372 3603 677 3668 terramque
702 3603 972 3671 vergentia
998 3606 1173 3659 ventri
1198 3614 1428 3673 tantum,
1448 3619 1505 3662 et
1521 3610 1605 3665 his
1628 3628 1748 3680 qum
1768 3614 1869 3668 sub

293 3693 480 3739 ventre
505 3696 632 3741 sunt
650 3690 890 3745 serviunt
928 3691 1107 3765 (Ιείὀ.)
1138 3694 1269 3750 item
1298 3712 1584 3766 po~sumus
1623 3703 1866 3757 mortici-

293 3791 420 3830 num
441 3791 559 3843 esse
579 3792 917 3848 peccatoretn
939 3785 1259 3857 intelligere,
1275 3797 1457 3859 utpote
1480 3792 1572 3861 qui
1594 3793 1869 3848 crudelem

293 3874 500 3943 peccati
519 3876 749 3930 sustinet
772 3888 1021 3945 mortem,
1048 3897 1081 3936 a
1101 3882 1290 3937 bestiis
1315 3892 1495 3938 autem
1520 3896 1737 3954 captum
1759 3902 1866 3942 non

296 3970 501 4021 tantum
527 3967 863 4034 simpliciter,
893 3972 987 4025 sed
1014 3971 1171 4027 valde
1199 3984 1560 4041 peccatorum,
1578 3978 1630 4031 in
1660 3986 1868 4034 tantum

293 4062 354 4108 ut
381 4056 597 4124 maligni
616 4057 668 4109 in
695 4073 762 4112 eo
780 4069 1070 4128 operentur
1091 4063 1383 4128 daemones,
1411 4067 1549 4119 sicut
1576 4067 1680 4121 fuit
1696 4068 1867 4125 ludas

294 4144 384 4211 qui
417 4144 632 4200 diabolo
666 4146 1002 4214 ingrediente
1037 4152 1091 4206 in
1130 4155 1293 4209 corde
1323 4171 1421 4209 suo
1449 4158 1723 4213 Christum
1751 4171 1863 4214 tra-

294 4231 450 4297 didit,
478 4233 617 4289 sicut
642 4236 770 4291 olim
794 4238 1048 4306 diximus,
1075 4257 1197 4297 cum
1219 4245 1571 4313 pollutionum
1597 4250 1865 4305 sacriﬁcia

293 4319 567 4392 legislator
596 4340 906 4395 exponeret.
946 4328 1050 4385 Sed
1078 4333 1188 4388 illic
1215 4335 1429 4403 quidem
1463 4353 1587 4392 eum
1621 4342 1713 4409 qui
1742 4342 1865 4395 teti-

294 4411 371 4479 git
404 4415 717 4482 morticina,
747 4426 840 4472 aut
866 4434 895 4473 a
931 4421 1118 4478 bestiis
1146 4434 1332 4494 capta,
1368 4427 1421 4481 id
1444 4436 1528 4483 est
1547 4469 1564 4494 ,
1593 4431 1685 4499 qui
1715 4446 1865 4486 com-

290 4505 586 4560 municavit
626 4509 739 4564 sive
770 4513 1041 4582 particeps
1070 4514 1191 4579 fuit,
1219 4532 1343 4572 cum
1369 4518 1455 4573 his
1491 4521 1580 4589 qui
1616 4522 1863 4590 praedicti

1971 3343 1993 3378 ι
2038 3326 2348 3381 ministrant
2394 3326 2597 3390 domui,
2626 3325 2727 3394 ipsi
2764 3324 3117 3393 possidebunt
3154 3324 3345 3395 viginti
3385 3338 3544 3394 gazo-

1972 3436 1992 3471 ι
2031 3418 2296 3488 phylacia.
2325 3418 2394 3472 Et
2416 3418 2813 3487 possessionem
2834 3415 3070 3470 civitatis
3097 3416 3292 3470 dabitis
3307 3416 3544 3485 quinque

1970 3527 1992 3563 ε
2033 3509 2267 3565 millibus
2312 3508 2641 3572 latitudinis,
2673 3515 2731 3563 et
2764 3506 3108 3576 longitudinis
3154 3507 3342 3576 viginti
3389 3508 3543 3577 quin-

1972 3616 1993 3650 ι
2036 3613 2139 3666 que
2185 3598 2419 3653 millibus
2463 3598 2759 3653 secundum
2806 3598 3202 3666 separationem
3250 3598 3543 3652 sanctuarii

1972 3703 1995 3738 s
2033 3689 2179 3743 οιηηί
2216 3689 2398 3749 domui
2433 3687 2613 3742 lsrael.
2661 3688 2897 3756 Principi
2925 3701 3140 3769 quoque
3170 3686 3295 3741 hinc
3324 3695 3381 3742 et
3417 3688 3544 3743 inde

1972 3806 1991 3840 ι
2034 3788 2101 3842 de
2137 3784 2472 3853 separatione
2523 3781 2608 3836 vel
2658 3781 2914 3852 primitiis
2972 3779 3268 3835 sanctuarii
3314 3779 3369 3835 in
3420 3795 3545 3850 pos-

1971 3895 1991 3930 σ
2030 3876 2326 3932 sessionem
2372 3873 2604 3928 civitatis
2664 3879 2855 3927 contra
2922 3869 3114 3926 faciem
3188 3872 3544 3939 separationis

1971 3987 1991 4022 ι
2035 3967 2360 4031 sanctuarii,
2397 3972 2453 4020 et
2493 3972 2682 4018 contra
2710 3963 2907 4018 faciem
2942 3963 3299 4031 possessionis
3338 3964 3487 4017 urbis
3512 3980 3542 4017 a

1971 4078 1991 4111 ι
2028 4059 2197 4114 latere
2228 4057 2395 4113 maris
2434 4072 2604 4125 usque
2637 4058 2707 4111 ad
2746 4069 2926 4118 mare,
2959 4064 3015 4110 et
3045 4071 3076 4109 a
3118 4055 3287 4109 latere
3319 4055 3545 4115 orientis

1971 4169 1989 4202 ε
2032 4165 2204 4220 usque
2246 4148 2313 4203 ad
2367 4149 2674 4213 orientem,
2739 4145 3085 4216 longitudinis
3153 4155 3332 4200 autem
3387 4144 3542 4216 juxta

1970 4259 1991 4297 ι
2036 4254 2471 4310 unamquamque
2507 4246 2718 4309 partem
2748 4253 2780 4291 a
2828 4237 3056 4291 termino
3091 4234 3408 4291 occidentali
3454 4250 3543 4292 us-

1970 4353 1990 4386 ι
2035 4349 2141 4403 que
2179 4334 2247 4390 ad
2291 4332 2577 4388 terminum
2621 4328 2939 4386 ornandam
2993 4337 3149 4384 terrm
3181 4328 3287 4383 erit
3323 4329 3372 4382 ei
3412 4342 3542 4397 pos-

1970 4444 1991 4479 ¢
2034 4425 2206 4480 sessio
2224 4425 2279 4478 in
2306 4422 2490 4478 Israel.
2520 4422 2588 4476 Et
2609 4435 2714 4476 non
2746 4419 3213 4490 depopulabantur
3234 4418 3371 4473 ultra
3395 4418 3544 4490 prin-

1973 4539 1993 4571 ι
2034 4520 2181 4587 cipes
2208 4517 2464 4587 populum
2504 4528 2717 4580 meum,
2765 4515 2862 4569 sed
2896 4522 3095 4569 terram
3125 4526 3301 4567 meam
3339 4512 3546 4567 dabunt

292 4603 451 4657 sunt,
484 4596 635 4649 dicit.
673 4598 771 4653 llic
814 4614 996 4656 autem
1034 4620 1156 4658 eum
1184 4607 1275 4675 qui
1316 4582 1581 4674 comedit,
1611 4582 1869 4668 videlicet
1894 4582 1947 4643 D
1976 4632 1995 4665 ι
2039 4582 2223 4668 domui
2260 4582 2458 4677 Israel,
2505 4611 2801 4666 secundum
2848 4610 3024 4663 tribus
3055 4623 3263 4664 eorum.
3299 4625 3319 4658 ι
3372 4605 3545 4676 (Hie-

291 4684 381 4751 qui
438 4693 607 4739 totum
653 4687 797 4743 illius
846 4701 1125 4757 peccatum
1174 4712 1329 4750 suum
1380 4701 1657 4767 proprium
1716 4701 1865 4767 fecit,

292 4791 551 4846 suamque
593 4780 879 4851 malignam
921 4784 1271 4841 intentionem
1313 4790 1573 4857 explevit,
1620 4805 1688 4846 ex
1725 4793 1867 4847 malo

292 4867 435 4933 quod
463 4868 548 4921 ille
577 4871 866 4937 commisit,
895 4873 1033 4927 sicut
1058 4872 1276 4929 fuerunt
1299 4875 1503 4942 Antias,
1528 4887 1584 4932 et
1611 4878 1865 4950 Caiphas,

294 4961 385 5029 qui
426 4978 533 5017 non
563 4964 879 5034 simpliciter
921 4967 1071 5021 .ludre
1118 4970 1413 5039 participes
1448 4982 1575 5025 sunt
1608 4973 1866 5041 proditio-

294 5055 379 5108 nis
417 5056 614 5120 elTecti,
653 5058 751 5126 ipsi
780 5060 924 5113 enim
962 5072 1228 5125 ementes,
1267 5063 1584 5131 proditionis
1615 5065 1664 5116 ei
1701 5064 1866 5118 dede-

295 5154 420 5199 runt
446 5148 747 5215 pecuniam,
775 5158 831 5202 et
856 5150 983 5204 olim
1023 5153 1364 5216 esurientes,
1388 5153 1469 5205 vel
1499 5154 1867 5207 desiderantes

295 5248 521 5290 mortem
556 5238 761 5292 Domini
793 5241 857 5293 ad
884 5244 1228 5310 pascendam,
1275 5244 1684 5297 nulricndamve
1713 5260 1865 5298 suam

295 5329 665 5393 intentionem.
692 5343 749 5388 et
782 5336 849 5387 ad
884 5334 1321 5390 satisfaciendum
1352 5337 1616 5390 desiderio
1643 5352 1739 5406 per
1766 5336 1864 5391 Ju-

295 5423 418 5476 dam
448 5425 859 5492 pmvaluerunt.
901 5426 1069 5496 Hujus
1094 5429 1213 5481 nodi
1250 5431 1531 5482 comedere
1556 5432 1863 5494 morticina,

294 5525 350 5571 ct
379 5533 407 5570 a
441 5520 625 5574 bestiis
667 5530 821 5589 capta
853 5521 1127 5584 dicuntur,
1156 5522 1245 5588 qui
1290 5534 1508 5575 necesse
1553 5522 1753 5576 habent
1788 5522 1865 5576 la-

296 5624 423 5663 vare
456 5616 773 5668 vestimenta
807 5628 902 5667 sua
929 5626 982 5666 et
1006 5629 1222 5681 corpus.
1260 5612 1429 5667 LaVat
1460 5622 1638 5666 autem
1660 5625 1863 5668 vestem

294 5715 449 5756 suain
476 5710 531 5755 et
569 5718 783 5772 corpus,
812 5706 903 5773 qui
943 5706 1163 5759 mundat
1195 5703 1540 5774 semetipsum
1579 5711 1771 5767 totum,
1814 5705 1867 5759 id

297 5802 385 5854 est
419 5794 731 5855 interiorem
761 5798 1190 5871 uterioremque
1216 5812 1374 5855 suum
1404 5796 1703 5862 hominem;
1736 5797 1867 5869 quia

1968 4705 2111 4774 ron.)
2160 4704 2287 4758 Post
2324 4703 2674 4757 cmremonias
2714 4700 3052 4754 sacerdotum
3095 4698 3407 4765 cultumque
3446 4710 3545 4751 eo-

1970 4810 2091 4849 rum
2130 4801 2187 4846 et
2226 4792 2405 4845 cibum
2438 4805 2558 4859 quae
2591 4789 2821 4842 debeant
2861 4801 3077 4843 sumere
3122 4800 3309 4854 quaeve
3349 4787 3541 4850 vitare,

1969 4896 2113 4938 nunc
2157 4890 2314 4935 terrae
2360 4888 2561 4934 sancta
2608 4876 2738 4931 facit
2793 4878 3247 4947 descriptionem,
3291 4884 3345 4931 et
3391 4886 3545 4932 ante-

1969 4988 2129 5041 quam
2173 4985 2390 5026 omnem
2438 4970 2493 5023 in
2534 4968 2705 5021 tribus
2748 4966 2973 5032 dividat,
3014 4969 3080 5021 de
3122 4966 3331 5021 cunctis
3378 4964 3545 5019 tribu-

1968 5062 2070 5117 bus
2111 5060 2267 5130 jubet
2304 5060 2427 5130 eligi
2484 5059 2662 5114 locum
2716 5059 2809 5129 qui
2870 5059 2923 5113 in
2972 5056 3303 5127 longitudine
3351 5057 3546 5110 habeat

1970 5154 2160 5222 viginti
2228 5153 2464 5221 quinque
2516 5152 2723 5217 millia,
2776 5160 2831 5205 et
2897 5151 2951 5205 in
3011 5149 3295 5205 latitudine
3358 5148 3543 5203 decem

1970 5249 2156 5302 millia.
2205 5247 2272 5300 Et
2317 5247 2443 5316 quia
2495 5262 2599 5301 non
2650 5255 2734 5300 est
2787 5246 3020 5314 positum
3072 5244 3377 5299 cubitorum
3430 5243 3544 5298 sive

1969 5341 2183 5411 pedum,
2226 5348 2317 5393 aut
2354 5341 2624 5402 ulnarum,
2653 5337 2981 5409 subintelligi
3036 5340 3191 5391 datur
3242 5337 3547 5408 significare

1968 5431 2231 5487 calamum
2261 5431 2351 5499 qui
2400 5438 2517 5483 erat
2558 5431 2612 5484 in
2664 5444 2821 5482 manu
2868 5428 2990 5489 viri,
3029 5436 3083 5481 et
3126 5426 3356 5481 habebat
3393 5440 3545 5480 ment-

1968 5537 2106 5576 sura:
2143 5537 2235 5576 seu
2284 5522 2527 5583 cubitus,
2569 5528 2625 5573 et
2683 5526 2890 5575 sextam
2922 5526 3128 5587 partem
3161 5518 3317 5572 unius
3354 5517 3541 5579 cubiti,

1967 5616 2020 5669 id
2049 5628 2152 5678 est,
2176 5617 2479 5673 παλαιστὴν.
2513 5613 2749 5681 Diligens
2774 5619 3027 5679 supputat
3066 5610 3235 5665 lector
3273 5618 3404 5678 quot
3448 5622 3543 5660 ea,

1969 5705 2093 5760 lanii
2127 5704 2270 5758 mille
2298 5718 2485 5772 passus
2522 5702 2758 5767 faciam,
2797 5713 2852 5757 et
2879 5716 3043 5773 quam
3077 5701 3246 5756 multa
3290 5697 3454 5755 millia
3486 5695 3543 5750 in

1967 5796 2297 5868 longitudine
2332 5794 2537 5853 iuerint
2575 5802 2633 5852 et
2652 5793 2935 5855 Latitudch
2956 5811 2975 5864 -,
3007 5803 3135 5867 post
3156 5806 3323 5867 (ιυδω
3344 5787 3548 5851 desch
