3908 6356
355 371 507 442 1.035.

983 371 1042 425 Β.
1085 369 1342 448 assam
1373 367 1924 454 meliusculae

2026 366 2308 450 locum.
2341 371 2628 432 OPERUM
2668 371 2850 428 rans
2888 373 2952 428 ιι.

3461 376 3618 460 ιοειρ

352 488 590 559 ptionem
615 483 1082 566 rursus’przecipitl,
1111 491 1171 538 ut
1187 483 1256 540 de
1277 484 1614 540 sanctificata
1644 492 1791 536 terra
1814 491 1934 549 qua:
1958 480 2008 539 A
2025 453 2104 532 ad
2134 495 2369 548 priesens
2399 491 2628 552 tempus,
2660 491 2714 539 et
2743 483 2809 536 ad
2837 481 3120 538 ecclesiam
3141 499 3260 554 qua?
3280 501 3424 540 nunc
3451 477 3614 542 labo-'

351 578 525 644 electa
549 581 725 640 estex
756 574 1008 630 omnibus
1034 573 1277 630 tribubus
1316 574 1505 640 Israel,
1535 572 1588 628 id
1609 582 1713 637 est,
1735 569 1926 641 viginti

351 669 589 740 quinque
606 665 833 721 millium
859 664 1189 720 calamorum
1219 666 1274 720 in
1292 663 1648 736 longitudine,
1667 661 1724 720 'et
1744 664 1928 718 decem

352 741 579 814 millium
595 757 649 811 in
663 753 943 812 latitudine
964 754 1193 827 eligatur
1207 755 1276 810 ad
1288 755 1657 811 :edilicandum
1683 761 1930 809 sanctua-

353 849 516 912 rium,
541 847 592 902 id
619 855 721 912 est,
746 845 1002 918 templum
1031 845 1262 910 Domini,
1295 844 1398 901 alia
1431 845 1757 900 intrinsecus
1782 849 1930 898 terra

351 936 766 1016 quingentorum
811 937 1140 994 calamorum
1190 952 1285 1005 per
1327 935 1612 990 circuitum
1640 977 1653 1000 ,
1708 933 1811 992 hoc
1848 941 1933 990 est

353 1029 516 1085 duum
544 1031 790 1088 millium.
821 1028 888 1084 Et
912 1045 979 1084 ne
1013 1027 1239 1082 forsitan
1272 1027 1556 1083 aediﬁcatio
1582 1027 1768 1100 templi
1788 1027 1933 1084 aedes

352 1105 474 1175 aliae
481 1107 854 1194 iungerentur,
876 1107 1117 1192 praecipit
1132 1129 1191 1175 ut
1212 1120 1600 1191 quinquaginta
1626 1121 1822 1176 cubitis
1835 1123 1933 1192 per

352 1209 637 1267 circuitum
663 1219 804 1264 terra
841 1211 910 1264 sit
931 1226 1097 1264 vacua
1124 1210 1177 1264 in
1207 1201 1530 1273 suburbana,
1561 1207 1665 1276 vel,
1693 1221 1752 1265 ut
1775 1208 1932 1281 Sym-

353 1305 594 1368 machus,
625 1311 680 1358 et
713 1301 1006 1360 Theodotio
1029 1312 1085 1357 et
1125 1303 1476 1373 Septuaginta
1516 1303 1928 1368 transtulerunt,

358 1414 376 1446 (
420 1396 476 1449 in
501 1397 821 1461 terminum,
869 1404 921 1451 et
947 1397 1344 1466 separationem
1377 1405 1431 1451 et
1470 1396 1721 1465 spatium.
1766 1415 1785 1448 ι
1818 1395 1934 1451 Hac

353 1486 711 1557 descriptione
745 1487 930 1553 finita,
961 1488 1064 1542 alia
1109 1504 1175 1543 ex
1216 1489 1425 1558 integro
1459 1487 1771 1558 separandae
1808 1502 1934 1560 san-

353 1576 692 1632 ctificationis
733 1593 984 1634 mensura
1040 1579 1368 1649 prmcipitur,
1420 1586 1480 1631 ut
1530 1577 1718 1649 viginti
1771 1577 1932 1648 quin-

351 1681 456 1736 que
481 1667 706 1722 millium
746 1669 1077 1723 calamorum
1113 1669 1166 1722 in
1189 1668 1612 1752 longitudiueet
1648 1667 1932 1724 latitudine

353 1759 537 1816 decem
583 1762 828 1825 millium,
863 1771 986 1832 post
1032 1764 1362 1835 superiorem
1416 1780 1726 1820 mensuram
1781 1773 1929 1820 terra

352 1848 455 1904 alia
479 1851 751 1919 metiatur,
782 1853 834 1907 in
861 1829 966 1922 qua
987 1829 1330 1923 nequaquam
1361 1853 1432 1908 sit
1463 1853 1744 1925 templum,
1767 1853 1821 1910 id
1843 1864 1928 1910 est

353 1949 626 2006 sanctum,
649 1942 743 1996 sed
771 1951 1018 1998 sanctum
1046 1952 1399 2012 sanctumque
1422 1954 1730 1999 sanctorum
1759 1961 1773 1998 :
1807 1962 1827 1996 ι
1861 1943 1931 1998 Et

353 2028 600 2086 habitent
637 2031 692 2085 in
733 2046 797 2086 ea
822 2034 1126 2088 sacerdotes
1162 2033 1252 2102 qui
1280 2034 1540 2089 accedunt
1585 2034 1651 2088 ad
1689 2034 1932 2090 ministe-

353 2121 495 2178 rium
517 2123 746 2178 Domini.
789 2143 808 2176 ι
841 2123 1098 2180 Habitent
1128 2133 1304 2179 autem
1333 2141 1396 2180 eo
1440 2134 1681 2195 tempore
1717 2125 1930 2196 quando

352 2212 671 2267 sacerdotali
694 2212 986 2283 funguntur
1006 2213 1182 2271 ollicio
1204 2233 1216 2268 :
1242 2223 1295 2270 et
1321 2215 1391 2270 sit
1414 2214 1553 2286 ipsa,
1580 2225 1640 2270 ut
1670 2216 1926 2282 diximus,

349 2305 624 2378 possessio
647 2305 832 2376 viginti
862 2307 1097 2378 quinque
1122 2305 1346 2362 millium
1373 2307 1704 2362 calamorum
1732 2306 1788 2361 in
1815 2305 1931 2360 lon—

351 2397 612 2468 gitndine,
645 2406 698 2454 et
740 2398 924 2452 decem
949 2397 1174 2454 millium
1211 2399 1264 2454 in
1307 2398 1613 2456 latitudine.
1641 2398 1808 2476 Porro
1827 2396 1931 2452 Le-

351 2490 475 2544 vita:
512 2491 606 2560 qui
645 2492 1012 2548 sacerdotibus
1063 2492 1328 2557 serviunt,
1373 2500 1429 2546 et
1475 2492 1673 2546 habent
1712 2491 1930 2562 pr0pria

351 2581 672 2647 ministeria,
700 2583 968 2654 accipient
999 2583 1176 2638 locum
1205 2585 1273 2638 ad
1295 2582 1608 2638 aedificanda
1631 2582 1819 2655 viginti
1838 2599 1931 2653 ga—

355 2673 849 2744 zophylacia,juxta
866 2673 1114 2743 Aquilam
1128 2672 1528 2744 exedras,juxta
1544 2673 1928 2746 Symmachum

353 2763 637 2830 thalamos,
663 2764 816 2834 juxta
839 2763 1259 2822 Theodotionem
1285 2783 1524 2837 gazeras,
1551 2767 1683 2831 sive,
1710 2775 1768 2822 ut
1791 2765 1927 2837 Sep-

355 2856 595 2926 tuaginta
630 2857 1036 2924 transtulerunt,
1083 2859 1362 2914 civitatem.
1388 2859 1491 2915 Per
1518 2861 1658 2931 quod
1687 2859 1931 2929 intelligit!

356 2959 476 3000 mus
504 2956 812 3016 separatum
835 2951 1120 3022 quemdam
1145 2950 1320 3006 locum
1335 2950 1402 3005 ad
1425 2950 1806 3006 habitationem
1828 2949 1928 3004 Le-

350 3036 604 3102 vitarum,
617 3038 768 3094 urbis
785 3040 1044 3096 vocabulo
1059 3041 1376 3110 nuncupari,
1397 3041 1489 3112 qui
1511 3038 1660 3097 locus
1686 3042 1928 3112 quinque

352 3126 517 3181 millia
565 3128 761 3184 habeat
810 3129 1136 3187 calamorum
1180 3132 1232 3186 in
1274 3131 1579 3196 latitudine,
1632 3141 1685 3186 ct
1734 3131 1921 3204 viginti

349 3322 453 3376 est,
494 3315 863 3370 sanctuarium
890 3325 944 3370 et
967 3317 1194 3371 alterum
1231 3318 1619 3381 sanctuarium,
1651 3327 1925 3374 sanctum-

350 3418 455 3474 que
485 3415 791 3461 sanctorum
816 3416 872 3462 et
909 3407 1214 3464 habitacula
1241 3409 1580 3464 sacerdotum
1600 3450 1614 3476 ,
1654 3418 1706 3463 et
1734 3410 1925 3466 domus

347 3497 658 3554 Levitarum
691 3499 782 3570 qui
814 3501 1123 3556 ministrant
1159 3503 1547 3569 sacerdotibus,
1589 3503 1926 3573 appellantur

349 3589 468 3646 loca
506 3601 752 3662 separata
792 3601 846 3646 et
880 3601 1192 3647 consecrata
1239 3593 1293 3648 in
1340 3593 1718 3658 ministerium,
1769 3604 1824 3650 et
1867 3595 1923 3651 in

349 3681 834 3739 sanctiﬁcationem
887 3683 1067 3740 domui
1117 3685 1300 3740 Israel.
1345 3685 1476 3741 Post
1522 3688 1922 3758 quadruplicem

350 3784 510 3832 terrae
535 3785 733 3834 sancta:
768 3778 1179 3847 descriptionem
1227 3779 1446 3848 ponitur
1481 3781 1670 3851 quinta
1708 3782 1917 3839 divisio.

347 3867 608 3938 Princeps
639 3868 756 3924 sive
794 3869 900 3925 dux
929 3873 1108 3942 populi
1135 3874 1363 3944 accipiat
1406 3874 1531 3931 hinc
1556 3885 1612 3931 et
1642 3877 1788 3940 inde,
1815 3875 1919 3930 hoc

349 3968 433 4018 est
486 3975 554 4016 ex
606 3969 834 4031 utraque
884 3971 1034 4033 parte
1088 3967 1375 4020 sanctuarii
1424 3967 1476 4020 in
1522 3967 1918 4036 possessionem

331 4068 524 4120 .Suam,
555 4061 611 4108 et
636 4054 688 4110 in
713 4055 845 4110 urbe
869 4065 1134 4122 versetur,
1172 4059 1530 4130 respiciatque
1567 4060 1684 4130 ejus
1707 4074 1925 4129 posses-

351 4131 430 4202 sio
455 4145 524 4200 ad
556 4155 861 4217 separatum
898 4149 1094 4219 templo
1119 4149 1294 4206 locum
1319 4159 1373 4206 et
1398 4152 1590 4208 faciem
1631 4152 1804 4216 urbis,
1827 4151 1924 4207 sit-

346 4253 503 4308 quea
537 4237 706 4294 latere
751 4241 935 4303 maris,
977 4241 1078 4296 hoc
1105 4249 1185 4295 est
1223 4241 1291 4295 ab
1332 4241 1611 4298 occidente
1657 4257 1828 4312 usque
1855 4241 1922 4296 ad

347 4327 578 4384 alterum
618 4329 761 4384 latus
796 4330 993 4396 maris;
1033 4331 1369 4388 latitudinem
1402 4332 1607 4388 habens
1637 4346 1800 4402 quam
1840 4331 1925 4386 in-

345 4415 516 4475 ferius
550 4418 603 4472 in
630 4418 986 4488 descriptione
1016 4419 1251 4474 tribuum
1293 4420 1624 4490 singularum
1655 4420 1923 4491 Propheta

346 4505 622 4568 describit.
653 4505 901 4577 Denique
925 4509 1184 4579 sequitur.
1223 4508 1284 4564 In
1321 4510 1706 4584 longitudinem
1741 4519 1920 4567 autem
1947 4533 2000 4594 ι)

342 4596 500 4666 juxta
551 4613 982 4670 unamquamque
1023 4609 1232 4669 partem
1282 4616 1444 4671 quam
1493 4603 1715 4672 singula:
1749 4601 1964 4660 tribus:E

347 4688 618 4758 accipiunt
655 4705 686 4744 a
729 4691 957 4748 termino
998 4692 1340 4755 occidentali,
1371 4691 1424 4747 id
1456 4701 1540 4748 est
1568 4689 1730 4748 maris
1752 4708 1920 4764 usque

346 4781 411 4834 ad
441 4781 730 4838 terminum
753 4783 1088 4847 orientalem,
1125 4786 1214 4854 qui
1244 4785 1334 4839 ubi
1364 4785 1578 4840 ﬁniatur
1600 4786 1653 4840 in
1685 4786 1918 4841 tribuum

347 4875 708 4945 descriptione
733 4891 1038 4944 poscemus.
1069 4876 1136 4933 Et
1167 4875 1284 4934 haec
1319 4877 1426 4934 erit
1465 4879 1733 4950 possessio
1767 4881 1920 4938 ducis

345 4967 460 5022 sive
485 4967 742 5037 principis
766 4967 822 5022 in
847 4975 992 5024 terra
1008 4968 1190 5024 Israel.
1224 4969 1352 5026 Haec
1379 4970 1600 5026 interim
1621 4972 1762 5026 dicta
1788 4974 1916 5039 sint,

347 5070 404 5116 ut
449 5060 674 5128 simplex
721 5059 960 5114 historiae
999 5075 1181 5116 sermo
1226 5069 1496 5118 noscatur.
1544 5063 1807 5118 Czeterum
1869 5066 1918 5122 si

346 5151 672 5207 voluerimus
699 5165 1012 5221 comparare
1035 5151 1364 5220 spiritalibus
1379 5152 1664 5223 spiritalia,
1688 5162 1742 5206 et
1761 5153 1917 5224 juxta

347 5241 607 5308 quosdam
634 5242 952 5312 interpretes
982 5241 1050 5297 ad
1075 5241 1267 5296 altiora
1293 5244 1678 5309 conscendere,
1710 5246 1800 5314 qui
1827 5261 1918 5301 as-

345 5323 536 5388 serunt
563 5331 783 5402 liguram
815 5332 1122 5388 futurorum
1162 5349 1283 5390 esse
1311 5336 1620 5404 praesentia,
1649 5344 1703 5390 et
1737 5336 1918 5390 omnia

347 5435 466 5490 qua?
513 5421 763 5476 dicuntur
810 5425 1078 5492 pertinere
1121 5424 1190 5478 ad
1230 5423 1507 5479 caelestem
1553 5423 1909 5489 Hierusalem,

345 5527 466 5584 quae
491 5521 576 5566 est
601 5521 772 5568 mater
799 5517 1037 5570 omnium
1068 5523 1332 5580 nostrum,
1381 5522 1435 5569 et
1477 5515 1761 5570 ecclesiam
1806 5516 1915 5585 pri-

345 5603 680 5668 mitivorum,
727 5620 831 5658 non
883 5607 1099 5675 quidem
1155 5605 1372 5661 dilIicile
1421 5607 1526 5661 erit
1569 5606 1746 5661 dicere
1791 5622 1911 5676 quae

343 5695 490 5752 dicta
509 5703 633 5750 sunt
657 5694 726 5750 ab
751 5694 888 5759 aliis,
921 5697 1014 5752 sed
1048 5712 1298 5752 veremur
1327 5714 1392 5752 ne
1424 5696 1790 5765 hujuscemodi
1815 5713 1911 5753 ex-

344 5789 660 5858 positionem
681 5790 918 5860 prudens
939 5788 1106 5846 iector
1127 5805 1462 5860 nequaquam
1487 5791 1726 5862 recipiat.
1756 5789 1911 5847 Unde

1950 3180 1999 3246 ϐ

350 3223 588 3292 quinque
609 3223 775 3279 millia
800 3224 855 3278 in
874 3225 1229 3296 longitudine.
1255 3224 1380 3281 Haec
1411 3236 1592 3281 autem
1630 3225 1834 3292 omnia,
1869 3226 1924 3282 id
1951 3223 1984 3284 Ὺ

1957 4601 1964 4608 ς

1991 575 2004 588 "
2031 577 2116 623 rat
2142 569 2196 623 in
2227 571 2448 639 mundo,
2481 582 2535 628 et
2558 573 2624 626 ad
2651 571 2892 628 caelestia
2929 573 3013 628 ire
3037 572 3278 640 festinat,
3315 575 3602 634 referenda

2031 671 2158 717 sunt
2183 665 2384 730 omnia,
2411 673 2471 718 ut
2489 661 2554 718 de
2577 664 2831 719 universo
2857 663 3057 720 mundo
3100 663 3384 736 eligantur,
3426 667 3518 723 alii
3549 669 3603 724 in

2030 754 2424 822 possessionem
2462 753 2557 809 Dei
2603 754 2696 824 qui
2726 764 2970 810 sanctum
2997 755 3340 825 possideant,
3380 755 3470 811 alii
3510 758 3605 829 qui

2033 844 2100 898 ad
2128 843 2330 914 majora
2353 846 2698 915 profecerint,
2726 854 2945 902 teneant
2965 854 3149 902 sancta
3175 847 3520 903 sanctorum.
3546 849 3602 904 In

2032 935 2296 995 ministris
2335 951 2547 1007 quoque
2589 940 2722 993 ordo
2762 939 3008 993 diversus
3049 947 3134 993 est
3175 939 3514 993 sacerdotum
3549 949 3604 993 et

2032 1031 2365 1097 Levitarum,
2394 1046 2627 1101 quorum
2667 1031 2755 1084 alii
2793 1029 3131 1085 orationibus
3161 1029 3274 1085 suis
3303 1039 3467 1100 atque
3493 1031 3604 1086 vir-

2032 1119 2235 1179 tutibus
2288 1123 2528 1194 quotidie
2563 1114 2829 1179 sacrificia
2877 1119 3106 1177 offerant
3133 1121 3262 1186 Deo,
3295 1121 3382 1176 alii
3423 1122 3478 1176 in
3515 1139 3602 1178 se-

2033 1215 2206 1273 cundo
2230 1225 2286 1271 et
2312 1217 2505 1272 minori
2531 1216 2699 1285 gradu
2728 1224 2853 1269 sunt
2871 1223 2928 1269 ut
2960 1215 3044 1268 his
3072 1213 3398 1279 ministrent,
3433 1223 3488 1268 et
3509 1229 3608 1284 per

2033 1325 2125 1364 eos
2158 1310 2248 1380 qui
2293 1310 2358 1363 ad
2397 1309 2655 1363 virtutum
2700 1307 2932 1362 culmina
2958 1305 3407 1361 conscenderunt.
3450 1304 3516 1358 Et
3541 1307 3606 1360 ad

2031 1410 2333 1456 extremum
2365 1401 2436 1456 sit
2467 1401 2574 1454 dux
2605 1401 2716 1456 sive
2749 1401 2996 1470 princeps
3047 1400 3139 1470 qui
3192 1406 3401 1454 tantum
3438 1397 3608 1467 possit

2031 1499 2092 1548 ut
2111 1501 2298 1546 contra
2317 1508 2478 1547 unam
2509 1493 2705 1547 tribum
2729 1491 3130 1561 possessionem
3157 1489 3402 1560 accipiat,
3423 1485 3608 1542 unius;

2031 1601 2137 1656 quc
2166 1585 2417 1638 meritum
2441 1591 2751 1652 compenset
2794 1581 2986 1635 merita
3010 1579 3383 1649 plurimorum.
3412 1577 3478 1631 Et
3499 1577 3607 1646 pri-

1995 1693 2180 1732 .mum
2223 1677 2350 1731 dum
2392 1683 2641 1730 versatur
2683 1675 2734 1728 in
2784 1671 2977 1728 saeculo
3028 1671 3093 1725 de
3135 1670 3275 1723 mari
3319 1683 3494 1738 usque
3539 1668 3607 1724 ad

2035 1785 2204 1835 mare,
2259 1768 2595 1823 latitudinem
2631 1766 2922 1838 possideat.
2970 1763 3173 1818 Deinde
3221 1762 3288 1816 ab
3325 1758 3610 1816 occidente

2033 1861 2144 1916 sive
2168 1876 2199 1916 a
2227 1861 2361 1915 mari
2384 1875 2555 1930 usque
2577 1858 2642 1913 ad
2665 1859 2952 1922 orientem,
2983 1864 3042 1909 ut
3064 1852 3350 1924 praesentia
3377 1852 3608 1907 derelin-

2031 1969 2220 2026 quens,
2253 1954 2319 2008 ad
2349 1951 2530 2007 futura
2559 1952 2776 2007 festinet
2795 1958 2848 2005 et
2867 1949 3064 2005 habeat
3086 1954 3292 2002 certam
3315 1944 3611 2015 possessio-

2031 2061 2154 2101 nem
2192 2058 2364 2099 suam.
2407 2042 2473 2098 Et
2500 2057 2835 2114 nequaquam
2875 2040 3148 2112 principes
3186 2036 3361 2091 aliena
3397 2034 3607 2090 deside-

2030 2145 2179 2201 rent,
2235 2144 2289 2190 et
2341 2150 2674 2206 unaquaeque
2722 2135 2896 2190 tribus
2935 2149 3090 2188 suam
3137 2139 3349 2201 partem
3397 2136 3605 2184 teneat.

2031 2226 2181 2294 Quod
2228 2226 2445 2296 proprie
2483 2227 2550 2280 ad
2590 2227 2869 2296 episcopos
2909 2233 2963 2278 et
3009 2223 3355 2294 presbyteros
3404 2219 3601 2276 referri

2011 2326 2224 2389 ‘potest,
2258 2317 2452 2387 quibus
2479 2316 2695 2382 dicitur,
2732 2337 2750 2368 ι
2783 2324 2843 2372 ut
2882 2331 2984 2371 non
3008 2321 3221 2370 vastent
3247 2323 3410 2382 atque
3439 2327 3604 2382 popu-

2030 2412 2209 2466 lentur
2233 2411 2376 2466 ultra
2399 2411 2654 2484 populum
2685 2411 2804 2478 Dei,
2829 2425 2929 2465 nec
2955 2419 3163 2480 terram
3189 2407 3356 2464 Israel
3383 2405 3608 2462 hzcredi-

2030 2513 2139 2560 tate
2181 2503 2506 2575 possideant.
2544 2523 2563 2555 ι
2606 2501 2714 2559 Sed
2755 2503 3121 2572 unusquisque
3153 2501 3352 2558 haheat
3391 2515 3604 2570 posses-

2029 2598 2236 2654 sionem
2283 2611 2457 2662 suam,
2503 2611 2623 2665 quae
2657 2594 2823 2666 gradu
2864 2592 3008 2648 illius
3048 2593 3337 2648 constituta
3376 2600 3480 2646 est.
3516 2591 3607 2644 Vi-

2027 2691 2160 2761 ginti
2175 2689 2409 2760 quinque
2432 2697 2611 2743 autem
2633 2686 2797 2742 millia
2826 2687 3134 2741 referuntur
3153 2685 3220 2739 ad
3249 2699 3467 2747 sensus,
3488 2695 3605 2752 qua:

2027 2791 2220 2852 quater
2232 2780 2406 2851 posita
2428 2788 2571 2835 sunt.
2601 2779 2770 2834 Porro
2799 2778 2986 2833 decem
3016 2776 3183 2832 millia
3215 2778 3280 2830 ad
3310 2775 3605 2844 perfectam

2027 2875 2352 2938 scientiam,
2393 2881 2451 2926 ut
2501 2873 2552 2927 in
2610 2873 2779 2927 altero
2833 2871 3056 2940 simplex
3108 2877 3320 2923 tantum
3363 2877 3608 2921 teneatur

2026 2965 2250 3022 historia
2277 2982 2291 3018 :
2324 2965 2378 3019 in
2408 2964 2575 3018 altero
2596 2964 2759 3018 etiam
2781 2963 2847 3018 de
2869 2963 3110 3034 θεολογία,
3145 2968 3199 3015 et
3223 2958 3478 3030 supernis
3496 2959 3606 3012 vir-

2027 3058 2230 3113 tutibus
2270 3057 2601 3127 disputetur,
2647 3056 2772 3136 quia
2823 3053 3176 3111 decennarius
3213 3051 3485 3124 perfectus
3525 3059 3608 3106 est

2029 3162 2303 3203 numerus.
2345 3147 2476 3203 Illud
2518 3161 2730 3217 quoque
2763 3145 3212 3203 considerandum
3247 3144 3388 3214 quod
3416 3158 3604 3198 sacer-

2029 3240 2205 3303 dotes,
2233 3239 2323 3309 qui
2369 3239 2420 3293 in
2452 3239 2640 3308 majori
2684 3238 2852 3308 gradu
2897 3247 3025 3293 sunt
3072 3236 3363 3299 constituti,
3404 3234 3596 3304 viginti

2027 3328 2266 3400 quinque
2299 3325 2464 3382 millia
2498 3328 2804 3398 possideant
2835 3328 2888 3382 in
2928 3325 3271 3399 longitudine,
3315 3335 3369 3380 et
3405 3325 3601 3378 decem

2027 3419 2194 3474 millia
2234 3419 2288 3474 in
2329 3417 2628 3474 latitudine.
2679 3417 2877 3474 Levita:
2927 3427 3131 3484 autem,
3166 3419 3218 3473 id
3248 3427 3350 3482 est,
3374 3414 3606 3471 inferior

2027 3508 2246 3579 gradus,
2270 3508 2520 3565 eumdem
2554 3504 2772 3579 quidem
2801 3522 3088 3564 numerum
3115 3508 3315 3576 habeat
3348 3506 3404 3560 in
3434 3501 3603 3575 longi-

2027 3600 2246 3668 tudine,
2275 3601 2377 3656 hoc
2405 3609 2488 3659 est
2519 3600 2706 3671 viginti
2737 3600 2974 3668 quinque
3003 3599 3194 3664 millia,
3241 3597 3338 3654 sed
3371 3597 3598 3650 latitudo

2027 3692 2193 3762 ipsius
2234 3691 2482 3760 quinario
2528 3705 2752 3745 numero
2814 3690 3051 3744 finiatur.
3110 3688 3258 3745 Unde
3307 3697 3364 3742 et
3414 3685 3601 3758 viginti

2027 3791 2445 3842 tantumtenent
2473 3781 2850 3852 gazophylacia
2891 3780 2942 3836 in
2969 3796 3075 3851 quo
3105 3795 3336 3836 numero
3373 3777 3604 3834 offerun-

2028 3883 2114 3930 tur
2135 3889 2359 3930 munera
2408 3873 2572 3930 Esau.
2617 3871 2874 3943 Princeps
2904 3887 3034 3927 vero
3062 3872 3154 3942 qui
3189 3887 3319 3925 vere
3353 3871 3603 3941 princeps

2026 3968 2078 4022 in
2106 3967 2302 4038 p0pulo
2327 3975 2431 4029 est,
2449 3974 2504 4021 et
2525 3973 2762 4020 meretur
2783 3964 2934 4020 ducis
2958 3979 3152 4020 nomen
3181 3965 3452 4033 accipere,
3482 3964 3605 4017 hinc

2025 4055 2149 4110 inde
2187 4055 2382 4124 accipit
2428 4055 2828 4125 possessionem
2874 4054 3195 4120 sanctuarii,
3247 4069 3312 4108 ex
3354 4053 3604 4107 omnibus

2023 4147 2273 4202 videlicet
2297 4147 2388 4215 qui
2417 4146 2468 4202 ei
2511 4145 2786 4200 voluntate
2809 4143 3037 4213 subjecti
3070 4151 3209 4204 sunt,
3243 4153 3300 4197 et
3331 4144 3481 4196 urbis
3513 4143 3605 4196 lm-

2024 4241 2223 4295 bitator
2255 4247 2366 4303 est,
2413 4238 2811 4309 multorumque
2853 4237 3080 4292 salutem
3108 4252 3258 4292 suam
3299 4236 3602 4290 mercedem

2025 4330 2170 4385 facit.
2225 4329 2286 4384 In
2330 4329 2499 4400 priori
2552 4328 2751 4400 templo
2787 4328 2931 4400 quod
2967 4328 3165 4382 dicitur
3209 4327 3599 4386 sanctuarium,

2025 4422 2302 4493 quingenti
2321 4437 2420 4494 per
2439 4423 2646 4492 singula
2681 4421 2853 4480 latera
2880 4421 3072 4476 calami
3104 4419 3512 4481 describuntur,
3549 4427 3603 4470 et

2026 4527 2242 4569 rursmn
2267 4512 2652 4584 quinquaginta
2693 4512 2884 4577 cubiti,
2913 4512 3109 4583 quibus
3137 4510 3316 4565 omnis
3352 4507 3602 4562 sacerdo-

2023 4613 2138 4660 tum
2166 4605 2433 4675 possessio
2459 4611 2760 4672 separatur.
2796 4601 2854 4658 In
2879 4604 3114 4659 secundo
3137 4611 3316 4656 autem
3348 4610 3602 4655 sanctua-

2022 4694 2129 4758 rio,
2171 4694 2262 4748 ubi
2303 4703 2430 4748 sunt
2455 4700 2644 4748 sancta
2679 4702 3012 4757 sanctorum,
3058 4691 3282 4747 latitudo
3321 4689 3507 4759 templi
3550 4700 3602 4744 et

2021 4786 2253 4856 Spatium
2281 4801 2386 4843 wn
2411 4785 2758 4850 describitur,
2807 4785 2898 4838 sed
2941 4785 3176 4838 incertus
3205 4796 3466 4856 numerus
3495 4769 3599 4834 est.

2001 4878 2178 4948 Quod
2202 4877 2418 4947 quidem
2446 4885 2503 4931 et
2533 4877 2586 4931 in
2615 4876 2956 4947 possessione
2983 4872 3240 4945 principis
3270 4873 3601 4933 invenimus,

2024 4969 2113 5038 qui
2141 4969 2345 5037 absque
2378 4967 2488 5024 ullo
2523 4981 2748 5022 numero
2774 4967 2935 5021 habet
2961 4961 3371 5042 gpoSsessionem
3412 4964 3466 5016 in
3507 4965 3604 5034 po-

2020 5059 2146 5131 pulo
2167 5059 2351 5124 Israel,
2395 5060 2522 5115 dum
2555 5058 2826 5130 profectus
2851 5041 3226 5112 universorum
3253 5054 3522 5110 redundat
3548 5053 3598 5105 in

2019 5152 2339 5222 principem,
2390 5161 2445 5206 et
2487 5150 2869 5219 discipulorum
2911 5149 3058 5205 salus
3102 5135 3388 5219 praemium
3431 5143 3602 5216 magi-

2020 5252 2255 5298 strorum
2279 5250 2381 5296 est.
3355 5230 3358 5232 ’
3412 5315 3414 5318 ν
3549 5233 3551 5236 ⁴

2097 5353 2116 5387 ι
2162 5334 2285 5390 Haec
2312 5333 2441 5390 dicit
2473 5331 2729 5390 Dominus
2760 5334 2938 5390 Deus:
2973 5329 3213 5388 Sulliciat
3237 5329 3418 5396 vobis,
3443 5331 3598 5409 prin-

2025 5444 2043 5477 ι
2089 5425 2234 5494 cipes
2264 5423 2460 5490 Israel;
2504 5424 2839 5494 iniquitatem
2883 5437 2937 5479 et
2975 5425 3190 5496 rapinas
3229 5421 3596 5496 intermittite,

2025 5536 2042 5567 ‹
2084 5524 2140 5572 et
2174 5514 2437 5583 judicium
2470 5525 2524 5571 et
2561 5514 2827 5585 justitiam
2866 5495 3044 5574 facite.
3073 5495 3600 5586 Separate'conlinia

2023 5629 2041 5662 ‹
2086 5617 2260 5664 vestra
2299 5625 2326 5662 a
2359 5608 2556 5680 populo
2590 5625 2730 5674 meo,
2763 5610 2841 5664 ait
2879 5609 3139 5664 Dominus
3175 5609 3336 5664 Deus.
3379 5627 3399 5658 υ
3443 5603 3600 5674 (Πίος

2017 5696 2156 5769 ron.)
2197 5697 2300 5752 Pro
2347 5699 2541 5769 rapinis
2591 5697 2937 5772 Septuaginta
2982 5691 3244 5754 miseriam
3294 5696 3597 5753 transtule-

2016 5798 2171 5858 runt;
2201 5806 2298 5864 pro
2327 5790 2600 5860 conﬁniis,‘
2616 5793 3014 5872 oppressionem.
3037 5790 3132 5848 Est
3153 5781 3334 5848 autem
3360 5777 3598 5846 sensus:
