3908 6356
355 391 508 522 1093·

1207 393 1632 491 ἐοιὶίιιΕΝιέζ
1660 387 2210 486 latusculum:
2239 397 2324 471 ζ
2358 429 2484 485 LIB.
2532 409 2734 485 x'vm.
2785 435 2814 438 "
2881 421 2884 428 '

3457 410 3616 488 mea

352 551 460 619 Qui.
477 550 764 622 accepistis
785 547 1622 622 partemvestram,oprineipes,
1640 545 1916 615 Scriptura
1942 521 2172 612 Avobis
2217 562 2443 615 magnus
2493 562 2635 612 esse,
2686 545 2781 599 flat
2826 545 3072 601 minister
3099 544 3314 618 (Matth.
3341 561 3418 613 x;
3461 544 3592 602 Luc.

355 644 598 706 dicente,
625 642 855 714 principi
882 657 1098 713 quoque
1132 643 1259 698 hinc
1288 641 1413 698 inde
1439 641 1495 696 in
1521 640 1920 709 separationem

353 734 650 791 sanctuarii
665 733 1060 806 possessionem
1076 733 1329 798 civitatis,
1348 732 1686 796 subauditur,
1705 730 1918 786 dabitis.

356 823 426 879 Et
452 833 603 886 tanta
627 835 712 880 est
742 831 922 879 vestra
951 824 1212 894 potentia,
1239 833 1301 878 ut
1327 823 1488 878 unius
1515 821 1686 878 tribus
1715 829 1924 891 partem

354 915 623 984 acceperit
663 922 841 969 vestra
884 914 1175 984 possessio.
1225 913 1429 968 Idcirco
1465 911 1720 982 praecipio
1763 921 1923 981 atque

355 1019 668 1059 commoneo
691 1012 747 1057 ut
765 1003 992 1059 suiliciat
1020 1003 1126 1058 huc
1147 1018 1317 1072 usque
1345 1001 1687 1073 iniquitatem
1736 1001 1928 1056 fecisse

317 1116 323 1121 η
355 1103 410 1148 ει
451 1094 689 1166 rapinas,
728 1094 854 1148 dum
895 1093 1071 1150 aliena
1100 1093 1352 1148 invaditis
1390 1101 1550 1162 atque
1572 1090 1822 1161 diripitis.
1859 1091 1926 1145 Et

354 1186 480 1256 quia
514 1187 773 1256 scriptum
809 1193 892 1240 est
925 1203 938 1239 :
975 1204 993 1236 ι
1037 1185 1256 1240 Dimitte
1288 1183 1492 1240 malum
1519 1192 1574 1238 et
1611 1182 1696 1238 fac
1725 1183 1926 1238 bonum

358 1278 408 1348 (I
441 1276 585 1331 Patr.
619 1278 722 1349 ιιι),
759 1298 778 1330 ι
807 1293 836 1332 e
878 1276 1152 1332 contrario
1183 1294 1196 1331 :
1235 1297 1253 1327 ι
1292 1275 1559 1330 Judieium
1581 1273 1737 1330 facite
1766 1282 1930 1344 atque

348 1367 636 1435 jusutiam,
652 1367 958 1435 judicantes
972 1367 1220 1438 pupillos,
1236 1375 1293 1421 et
1309 1365 1669 1437 justiticantes
1690 1365 1924 1419 viduam.

359 1458 620 1528 Separate
646 1467 824 1513 vestra
865 1459 1096 1513 confinia
1124 1473 1154 1512 a
1178 1457 1374 1528 populo
1403 1473 1549 1524 meo,
1585 1477 1604 1509 ›
1637 1473 1704 1512 ne
1738 1456 1928 1511 videli-

359 1562 449 1607 cet
489 1551 751 1605 terminos
779 1549 1138 1615 transferatis,
1167 1556 1222 1602 et
1241 1548 1365 1620 quia
1405 1548 1518 1619 ipsa
1551 1547 1756 1602 vicinia‘
1786 1546 1931 1601 laedit

358 1641 718 1707 humiliorem,
751 1643 843 1713 qui
885 1640 1231 1710 supercilium
1268 1637 1488 1708 majoris
1525 1647 1581 1694 et
1616 1638 1932 1708 potentioris

358 1745 464 1784 non
489 1739 664 1800 potest
689 1731 975 1786 sustinere.
1003 1730 1142 1784 Hinc
1180 1745 1276 1802 per
1296 1730 1486 1784 Isaiam
1515 1728 1712 1783 dicitur
1740 1745 1754 1783 :
1789 1747 1808 1778 ‹
1839 1726 1932 1782 Vat

358 1821 454 1890 qui
502 1821 826 1891 conjungitis
857 1822 1075 1876 domum
1104 1821 1172 1876 ad
1216 1821 1455 1887 domum,
1497 1829 1551 1874 et
1578 1835 1766 1894 agrum
1801 1835 1931 1890 agro

2023 641 2180 711 xm).
2221 659 2242 692 ι
2297 639 2362 694 Et
2406 641 2498 710 qui
2547 637 2774 695 voluerit
2817 655 2935 694 esse
2980 640 3203 710 primus,
3239 640 3309 695 sit
3355 637 3596 695 omnium

2023 749 2229 790 servus.
2264 731 2417 787 Sicut
2440 731 2579 786 filius
2607 731 2838 788 hominis
2869 746 2974 786 non
2994 729 3138 786 venit
3160 729 3473 798 ministrari,
3503 731 3598 788 sed

2023 823 2351 887 ministrare,
2377 830 2432 878 et
2461 822 2589 878 dare
2618 822 2854 876 animam
2881 836 3032 875 suam
3056 820 3475 892 redemptionem
3495 821 3597 892 pro

2024 917 2288 987 plurimis.
2342 913 2504 970 Multa
2537 923 2662 971 snmt
2691 914 2736 970 si
2766 913 2985 969 voluero
3011 914 3077 968 de
3104 914 3273 968 sacris
3303 912 3599 983 Scripturis

2027 1006 2300 1060 revolvere
2320 1045 2336 1070 ,
2382 1002 2473 1058 ubi
2509 1001 2771 1072 majorum
2804 1002 3053 1074 superbia
3086 1009 3397 1068 coercetur,
3442 1011 3498 1057 et
3529 1001 3596 1056 ad

2027 1093 2384 1148 humilitatem
2433 1107 2621 1148 onmes
2676 1092 2874 1147 domini
2919 1099 3310 1163 provocantur,
3350 1091 3596 1158 dicentis,

2027 1183 2226 1239 Discite
2249 1198 2279 1236 a
2308 1197 2394 1238 me
2417 1183 2542 1252 quia
2568 1180 2715 1237 mitis
2737 1197 2874 1246 sum,
2903 1189 2958 1236 et
2983 1182 3200 1237 humilis
3225 1181 3406 1237 corde.

2104 1292 2123 1324 ι
2152 1273 2363 1329 Statera
2388 1272 2555 1344 justa,
2582 1282 2636 1330 et
2656 1273 2780 1344 ephi
2801 1277 3025 1344 justum,
3049 1283 3105 1329 et
3125 1275 3283 1331 batus
3298 1275 3476 1345 justus
3500 1277 3604 1332 erit

2034 1385 2053 1417 ι
2080 1367 2252 1422 vobis.
2303 1365 2442 1437 Ephi
2480 1376 2536 1420 et
2580 1366 2738 1420 batus
2777 1365 2999 1436 aequalia
3041 1373 3097 1421 et
3137 1368 3294 1423 unius
3335 1383 3609 1424 mensurae

2033 1473 2053 1506 ι
2079 1463 2258 1519 erunt,
2301 1463 2361 1507 ut
2399 1455 2576 1523 capiat
2616 1453 2876 1509 decimam
2911 1463 3121 1524 partem
3157 1457 3343 1525 batus,
3376 1466 3430 1512 et
3465 1459 3606 1514 deci-

2036 1533 2054 1600 ἆ
2082 1563 2223 1602 mam
2254 1557 2461 1618 partem
2487 1545 2632 1618 ephi,
2659 1545 2810 1615 juxta
2833 1561 3141 1602 mensuram
3165 1550 3280 1604 cori
3307 1551 3412 1605 erit
3434 1551 3605 1620 tequi-

2038 1656 2056 1688 c
2086 1638 2302 1693 libratio
2333 1654 2540 1694 eorum.
2585 1638 2761 1694 Siclus
2790 1647 2968 1694 autem
2992 1639 3181 1710 viginti
3209 1640 3394 1696 obolos
3421 1641 3604 1697 habet.

2038 1748 2058 1780 ι
2086 1729 2253 1785 Porro
2283 1729 2471 1801 viginti
2495 1729 2633 1795 sicli,
2659 1737 2713 1784 et
2737 1729 2922 1800 viginti
2949 1729 3187 1802 quinque
3207 1731 3347 1799 sicli,
3369 1737 3424 1786 et
3444 1732 3604 1802 quin-

2040 1841 2059 1872 ι
2089 1821 2261 1876 decim
2303 1820 2420 1876 sicli
2459 1821 2658 1875 minam
2705 1818 2930 1875 faciunt.
2961 1840 2981 1874 ι
3041 1817 3314 1893 (Βίου-οη.)
3354 1819 3608 1878 Dicamus

359 1913 624 1982 copulatis
647 1929 814 1983 usque
841 1914 908 1968 ad
942 1914 1232 1968 terminum
1257 1913 1384 1968 loci.
1414 1891 1685 1982 Numquid
1713 1910 1925 1966 habita-
1953 1891 2004 1966 B
2029 1901 2158 1982 ergo
2181 1909 2336 1980 juxta
2358 1909 2681 1967 Hebraicum
2708 1917 2764 1966 et
2790 1901 3022 1966 litteram
3039 1891 3059 1977 ,⁷
3093 1919 3148 1965 ει
3177 1891 3306 1982 quid
3337 1911 3492 1968 nobis
3533 1912 3608 1965 vi-

357 2003 485 2057 hitis
523 2003 621 2057 soli
659 2019 819 2074 super
865 2005 1102 2059 terram?
1136 2026 1154 2055 ι
1201 2003 1336 2076 (lsa.
1382 2003 1462 2074 v.)
1494 2002 1624 2070 Quae
1662 2011 1745 2057 est
1784 2001 1929 2056 enim

361 2095 556 2161 rabies,
579 2111 700 2150 cum
724 2105 862 2151 tecta
897 2105 952 2151 et
981 2097 1095 2167 agri
1126 2095 1195 2152 ad
1234 2095 1574 2166 depellendos
1617 2094 1837 2161 imbres,
1876 2101 1931 2149 et

359 2187 425 2240 ad
449 2187 705 2240 serendas
731 2186 916 2258 fruges
937 2187 1136 2241 habere
1157 2186 1406 2250 debeant,
1426 2202 1490 2241 ea
1515 2185 1715 2240 habere
1733 2197 1933 2252 cupere

358 2271 414 2326 in
437 2274 634 2342 quibus
654 2275 865 2329 cunctis
897 2275 1138 2330 habitare
1170 2289 1278 2328 non
1299 2273 1498 2344 possis,
1525 2284 1578 2327 et
1604 2289 1723 2343 quae
1755 2273 1932 2327 colere

358 2377 467 2415 non
504 2361 756 2428 sulIicias,
794 2363 1124 2434 alteriusque
1149 2365 1526 2419 necessitatem
1567 2372 1712 2418 tuam
1750 2361 1933 2418 facere

358 2453 732 2523 voluptatem?
776 2453 938 2508 Juxta
995 2454 1348 2526 tropologiam
1405 2463 1597 2510 contra
1652 2453 1932 2510 haereticos

359 2544 576 2614 quidam
619 2545 722 2598 hoc
757 2545 958 2600 dictum
992 2546 1350 2611 arbitrantur,
1390 2547 1482 2617 qui
1511 2561 1633 2601 cum
1669 2545 1934 2600 moverint

357 2634 522 2703 pedes
549 2651 676 2690 suos
698 2635 762 2690 de
791 2637 1020 2703 oriente,
1052 2638 1272 2692 veniunt
1296 2638 1355 2691 in
1385 2652 1636 2709 campum
1666 2637 1931 2703 Sennaar,

359 2725 452 2796 qui
483 2726 866 2797 interpretatur
897 2715 1145 2783 excussio
1171 2729 1434 2794 dentium,
1470 2737 1526 2784 et
1560 2729 1830 2784 aedificant
1855 2729 1932 2784 ci-

360 2814 586 2870 vitatem
631 2816 966 2874 confusionis
1015 2827 1332 2890 turremque
1367 2822 1654 2890 superbiat.
1705 2819 1799 2875 Isti
1838 2820 1934 2877 do-

362 2920 482 2958 mus
507 2906 776 2974 domibus,
807 2909 860 2962 id
889 2917 992 2974 est,
1028 2899 1280 2979 degmata
1313 2909 1646 2981 eonjungunt
1672 2909 1935 2981 degmati-

359 2998 478 3052 bus.
508 2997 710 3065 Quibus
730 3000 932 3054 dicitur
952 3015 1050 3069 per
1070 3001 1350 3056 Michzeam
1374 3017 1389 3056 :
1420 3019 1441 3053 ‹
1470 3000 1646 3057 Nolite
1666 3001 1934 3057 aedificare

362 3087 414 3142 in
445 3091 602 3145 domo
631 3091 866 3146 derisum
904 3091 1090 3162 (Mich.
1119 3093 1241 3164 vn),
1276 3111 1295 3146 ι
1332 3107 1400 3148 ne
1431 3107 1590 3163 super
1620 3090 1934 3148 fundamen-

363 3187 473 3232 tum
496 3177 694 3236 Christi
718 3183 858 3252 quod
880 3180 1075 3236 Paulus
1104 3183 1379 3254 apostolus
1399 3183 1584 3254 posuit
1605 3181 1656 3255 (Ι
1673 3180 1795 3238 Cor.
1819 3182 1929 3256 ιιι),
1953 3249 1958 3253 ι

2031 2001 2220 2057 deatur
2250 2001 2305 2056 in
2331 2000 2556 2074 singulis
2577 2001 2814 2071 apertius
2851 2000 3200 2072 explicemus.
3233 2001 3465 2068 Statera,
3491 2017 3609 2076 qua:

2030 2092 2292 2148 Hebraice
2315 2092 2512 2148 dicitur
2557 2108 2782 2158 mozene,
2819 2093 2873 2147 in
2909 2092 2994 2148 his
3029 2091 3344 2162 intelligitur
3371 2107 3489 2162 qua:
3518 2081 3610 2163 ap-

2029 2184 2367 2255 penduntur;
2407 2185 2564 2254 epha,
2599 2199 2718 2254 quae
2757 2185 2811 2238 in
2858 2181 3046 2240 Grzeeo
3089 2199 3337 2240 sermone
3362 2192 3611 2253 corrupte

2031 2274 2227 2330 dicitur
2275 2273 2423 2345 ephi,
2468 2276 2882 2331 ad'mensuram
2917 2274 3154 2344 pertinet
3175 2275 3449 2330 variarum
3496 2274 3610 2329 fru-

2031 2382 2176 2437 gum,
2197 2366 2345 2422 verbi
2374 2367 2567 2437 gratia,
2594 2366 2780 2432 tritici,
2811 2365 3020 2432 hordei,
3051 2366 3398 2436 leguminum.
3443 2364 3611 2421 Porro

2029 2457 2207 2525 batus,
2239 2459 2331 2526 qui
2363 2457 2626 2513 Hebraice
2655 2457 2952 2528 appellatur
2977 2457 3083 2512 bati
3108 2499 3125 2524 ,
3147 2459 3334 2513 eadem
3361 2473 3610 2514 mensura

2029 2559 2114 2606 est
2137 2564 2257 2620 qua:
2285 2557 2339 2605 et
2362 2549 2506 2618 ephi,
2538 2558 2593 2603 et
2628 2549 2681 2602 in
2711 2549 2993 2619 speciebus
3022 2557 3233 2603 tantum
3259 2549 3476 2619 liquidis
3499 2549 3610 2604 vini

2031 2650 2087 2696 et
2103 2641 2227 2708 olei,
2250 2651 2306 2696 et
2326 2641 2652 2696 istiusmodi.
2675 2639 2845 2696 Corus
2872 2639 3090 2711 triginta
3117 2640 3531 2712 habetfmodios,
3559 2650 3612 2697 et

2031 2731 2087 2786 in
2117 2740 2345 2802 utraque
2370 2747 2644 2797 mensura,
2675 2731 2777 2786 hoc
2808 2739 2891 2786 est
2915 2738 3026 2786 tam
3049 2731 3323 2786 aridarum
3361 2745 3524 2801 quam
3543 2731 3612 2786 li-

2031 2825 2333 2896 quentium,
2382 2831 2529 2879 tenet
2578 2822 2918 2893 principium.
2975 2822 3191 2878 Decima
3224 2837 3352 2894 pars
3394 2824 3506 2879 cori
3555 2821 3612 2877 in

2032 2907 2115 2969 his
2136 2930 2256 2984 qum
2279 2913 2458 2969 modio
2485 2923 2885 2981 mensurantur,
2911 2911 3211 2984 appellatur
3242 2913 3404 2984 epha,
3433 2913 3486 2968 id
3508 2923 3612 2980 est,

2034 3017 2144 3064 tres
2187 3007 2372 3071 modii,
2408 3015 2462 3062 et
2497 3007 2702 3061 decima
2742 3021 2868 3077 pars
2910 3007 3024 3062 cori
3054 3006 3109 3060 in
3141 3005 3421 3076 speciebus
3457 3005 3613 3076 liqui-

2032 3100 2115 3154 dis
2150 3107 2376 3154 vocatur
2411 3099 2571 3153 batus
2607 3098 2717 3152 sive
2757 3097 2945 3163 vadus,
2980 3105 3042 3150 ut
3084 3094 3325 3164 ejusdem
3347 3109 3614 3150 mensurae

2035 3190 2104 3243 sit
2130 3189 2270 3259 epha
2298 3197 2354 3242 et
2385 3188 2560 3242 batus.
2603 3185 2892 3258 (Maurus.)
2933 3182 3086 3240 Unde
3125 3183 3184 3239 in
3228 3183 3371 3254 Lege
3393 3183 3614 3252 jubetur

359 3277 411 3322 et
433 3268 486 3321 in
509 3285 616 3338 quo
633 3271 928 3326 debuerant
950 3271 1215 3328 :ediﬁcare
1237 3287 1450 3337 aurum,
1470 3280 1774 3344 argentum,
1796 3271 1929 3342 lapi-
1956 3263 2001 3324 C
2033 3275 2216 3350 (ιευὶι.
2267 3292 2341 3342 v1,
2390 3276 2563 3330 Exod.
2610 3275 2801 3345 xxix):
2836 3293 2855 3326 ‹
2881 3273 3100 3330 Decima
3141 3288 3270 3344 pars
3314 3273 3437 3342 ephi
3486 3288 3613 3328 con-

361 3359 456 3413 des
496 3359 803 3429 pretiosos’,
841 3375 872 3414 e
907 3364 1178 3416 contrario
1220 3362 1488 3418 aedificent
1533 3361 1697 3434 ligna,
1725 3359 1926 3427 fenum,

359 3449 634 3516 stipulam,
671 3463 899 3517 quorum
943 3450 1066 3505 ﬁnis
1104 3452 1411 3506 incendium
1447 3460 1547 3507 est.
1572 3452 1650 3506 De
1676 3451 1928 3521 hujusce-

362 3539 503 3594 modi
523 3539 769 3593 domibus
791 3539 1036 3595 Salvator
1056 3541 1112 3594 in
1132 3541 1423 3610 Evangelio
1450 3541 1687 3610 loquitur
1710 3556 1724 3594 :
1756 3559 1775 3592 ‹
1803 3539 1930 3595 Om-

357 3631 442 3686 nis
464 3631 556 3701 qui
589 3632 819 3688 audierit
858 3634 1022 3688 verba
1053 3648 1199 3698 mea,
1232 3642 1286 3688 et
1312 3648 1420 3688 non
1452 3631 1640 3688 fecerit
1665 3649 1729 3687 ea
1752 3674 1767 3699 ,
1795 3633 1931 3688 assi-

358 3724 633 3780 milabitur
674 3727 790 3780 viro
838 3729 1004 3781 stulto
1031 3766 1046 3792 ,
1090 3727 1182 3796 qui
1229 3725 1459 3780 aediﬁcat
1508 3726 1725 3779 domum
1776 3741 1927 3780 suam

314 3827 317 3830 '
358 3830 518 3886 super
547 3832 788 3872 arenam.
827 3819 1114 3873 Descendit
1143 3817 1342 3888 pluvia,
1384 3827 1651 3872 venerunt
1683 3817 1924 3881 flumina,

359 3903 622 3961 fleverunt
643 3909 808 3972 venti,
825 3917 878 3961 et
903 3909 1237 3977 impegerunt
1257 3908 1312 3962 in
1340 3909 1556 3963 domum
1577 3909 1746 3974 illam,
1763 3918 1817 3963 et
1841 3924 1930 3964 ee-

357 3996 488 4052 cidit
520 4015 533 4050 :
563 4007 621 4053 et
653 3996 756 4053 fuit
789 3998 944 4051 ruina
972 4000 1163 4053 domus
1193 3998 1337 4052 illius
1367 4013 1587 4068 magna.
1622 4018 1642 4050 ι
1681 3999 1815 4052 Tam
1839 3993 1928 4052 diu

358 4097 539 4142 autem
570 4097 816 4157 quaerunt
845 4087 1086 4144 haeretici
1114 4102 1253 4142 nova
1287 4088 1560 4142 veteribus
1585 4089 1836 4159 iungere,
1875 4097 1929 4143 et

357 4179 545 4232 eadem
577 4179 968 4234 recentioribus
996 4179 1308 4242 immutare,
1336 4177 1513 4234 donec
1532 4188 1587 4234 et
1615 4193 1806 4234 sensus
1830 4181 1930 4234 hu-

357 4284 549 4322 manus
571 4277 626 4323 et
653 4284 833 4324 sermo
871 4269 1104 4325 deficiat.
1146 4268 1261 4325 Hoc
1291 4269 1510 4326 interim
1536 4271 1738 4324 dictum
1765 4270 1835 4325 sit
1861 4270 1929 4324 ad

345 4358 500 4426 illius
524 4363 780 4430 temporis
801 4361 1057 4434 populum
1079 4370 1135 4417 et
1163 4364 1230 4417 ad
1257 4361 1560 4417 haereticos.
1585 4363 1854 4417 Caeterum
1873 4370 1928 4417 et

356 4451 555 4506 nostris
589 4451 920 4522 principibus
953 4462 1280 4522 praeceptum
1317 4453 1520 4524 poterit
1545 4454 1805 4522 coaptari,
1833 4454 1926 4523 qui

357 4539 412 4594 in
443 4557 648 4596 morem
670 4543 965 4599 Pharaonis
985 4553 1041 4599 et
1056 4543 1432 4616 Egyptiorum
1452 4545 1760 4616 opprimunt
1788 4545 1970 4616 filios._.

344 4631 521 4716 Israel
556 4649 654 4704 per
691 4636 988 4704 potentiam
1282 4635 1376 4708 n);
1426 4609 1536 4692 nec
1566 4609 2005 4691 memineruntD

357 4726 619 4796 scriptum
655 4745 668 4779 :
708 4745 726 4776 ‹
764 4726 965 4782 Ducem
1014 4736 1063 4781 te
1093 4729 1518 4793 constituerunt,
1560 4741 1628 4781 ne
1659 4726 1926 4800 cleveris;

357 4817 448 4868 sed
471 4826 587 4871 esto
609 4815 752 4871 inter
774 4833 866 4872 eos
891 4817 1043 4887 quasi
1069 4833 1207 4874 unus
1234 4833 1301 4872 ex
1321 4809 1452 4888 ipsis
1484 4817 1672 4889 (Eccli.
1695 4820 1925 4891 uno.»

337 4905 426 4962 Ἐι
452 4908 578 4962 illud
609 4909 749 4978 quod
777 4910 829 4963 in
862 4908 1150 4982 Evangelio
1181 4909 1442 4964 Dominus
1472 4909 1714 4980 loquitur
1740 4929 1752 4964 :
1785 4927 1804 4963 ι
1834 4909 1927 4966 Sin

333 4983 538 5058 autem
561 5000 758 5054 dixerit
782 5016 972 5055 servus
997 5001 1088 5055 ille
1109 5003 1162 5056 in
1190 5002 1350 5056 corde
1380 5015 1478 5056 suo
1514 5019 1526 5055 :
1552 5000 1792 5056 Moratur
1832 5001 1931 5058 do-

287 5088 290 5090 ’
357 5093 534 5162 minus
562 5108 712 5148 meus
750 5077 970 5161 venire,
991 5104 1048 5150 et
1089 5096 1318 5168 cmperit
1343 5103 1630 5167 percutere
1669 5107 1852 5152 servos
1875 5102 1932 5150 et

357 5186 581 5241 ancillas
602 5228 617 5251 ,
653 5188 940 5244 comedere
983 5199 1038 5244 et
1080 5189 1268 5246 bibere
1289 5231 1304 5258 ,
1347 5200 1403 5247 et
1433 5191 1712 5259 inebriari,
1749 5190 1932 5246 veniet

357 5277 603 5331 dominus
644 5292 785 5334 servr
822 5278 967 5336 illius
1005 5280 1059 5335 in
1103 5281 1190 5338 die
1213 5297 1320 5354 qua
1360 5299 1469 5339 non
1495 5289 1681 5354 putat,
1714 5291 1772 5337 et
1793 5281 1928 5336 hora

357 5381 516 5442 quam
543 5369 713 5423 nescit
741 5385 753 5422 :
784 5379 837 5423 et
863 5353 1062 5426 dividet
1095 5353 1247 5437 eum,
1279 5379 1335 5428 et
1374 5353 1582 5445 partem
1612 5373 1730 5443 ejus
1763 5380 1928 5444 ponet

332 5447 477 5540 eum
508 5451 810 5518 infidelibus
841 5461 1054 5534 (Matth.
1084 5481 1250 5530 xxiv;
1287 5464 1415 5522 Luc.
1439 5469 1590 5540 1:11).»
1628 5465 1926 5538 Discipulos

358 5565 570 5620 quoque
623 5570 748 5610 suos
801 5556 853 5610 in
899 5555 1188 5625 Evangelio
1229 5557 1314 5612 his
1364 5559 1648 5628 praeceptis
1691 5558 1871 5613 erudit
1909 5575 1923 5611 :

365 5661 383 5694 ι
432 5637 592 5698 Scitis
617 5650 869 5716 quoniam
897 5651 1167 5720 principes
1196 5651 1432 5722 gentium
1467 5650 1812 5707 dominantur
1835 5665 1922 5706 eo-

361 5753 502 5802 rum,
544 5747 598 5790 et
638 5740 725 5808 qui
760 5741 990 5810 majores
1028 5754 1171 5808 sunt,
1216 5751 1534 5813 potestatem
1575 5751 1833 5799 exercent
1871 5742 1927 5798 in

361 5838 451 5881 eos
499 5845 508 5879 :
553 5845 657 5884 non
698 5831 774 5886 sic
819 5834 921 5888 erit
965 5836 1104 5889 inter
1140 5848 1255 5891 vos.
1307 5833 1413 5891 Sed
1455 5834 1547 5905 qui
1593 5833 1828 5889 voluerit
1870 5833 1927 5889 in

2033 3383 2220 3438 spersa
2243 3366 2379 3433 oleo,
2405 3387 2423 3420 ι
2457 3366 2600 3436 quod
2629 3381 2936 3421 mensuram
2967 3363 3186 3420 habebit
3215 3372 3464 3433 quartam
3489 3376 3613 3434 par-

2032 3468 2138 3515 tem
2162 3459 2253 3514 liin
2280 3478 2293 3513 :
2325 3477 2344 3510 ι
2371 3467 2425 3514 ει
2455 3458 2620 3513 libum
2651 3460 2719 3512 ad
2745 3456 2869 3510 vina
2899 3455 3170 3510 fundenda
3194 3452 3433 3522 ejusdem
3460 3465 3614 3509 men-

2031 3565 2171 3606 surae
2198 3571 2218 3603 ι
2253 3552 2369 3606 dari
2396 3553 2449 3606 in
2473 3551 2865 3606 holocaustum.
2891 3547 3142 3606 Mensura
3163 3562 3292 3620 ergo
3320 3546 3466 3617 ephi,
3495 3561 3614 3617 quae

2030 3649 2142 3696 tres
2165 3641 2329 3696 habet
2357 3641 2491 3696 alias
2515 3655 2820 3707 mensuras,
2862 3648 3062 3697 sanctae
3098 3637 3381 3695 Trinitatis
3410 3639 3612 3710 signifi-

2033 3743 2123 3788 cat
2160 3734 2340 3796 iidem,
2380 3735 2532 3804 cujus
2569 3734 2831 3790 decimam
2865 3731 3119 3804 iubemur
3153 3731 3371 3799 oﬂ‘erre,
3411 3733 3466 3787 id
3510 3741 3613 3798 est,

2031 3827 2402 3883 credulitatem
2418 3827 2805 3884 incarnationis
2822 3826 3047 3893 Christi,
3062 3839 3181 3898 quae
3203 3827 3257 3881 in
3281 3825 3428 3897 Lege
3455 3825 3613 3880 nobis

2028 3917 2339 3987 plenissime
2379 3919 2811 3982 commendatur,
2855 3918 2969 3974 sive
3008 3917 3404 3974 observantiam
3445 3917 3615 3986 ipsius

2031 4007 2291 4079 decalogi.
2349 4006 2608 4064 Jubemur
2653 4009 2812 4064 simul
2865 4008 3062 4066 offerre
3112 4010 3312 4076 oleum,
3372 4011 3476 4064 hoc
3531 4020 3615 4066 est

2031 4099 2346 4154 charitatem
2377 4108 2429 4153 et
2459 4101 2906 4156 misericordiam.
2963 4099 3222 4158 Jubemur
3249 4111 3304 4157 et
3330 4103 3516 4158 vinum
3543 4107 3609 4158 ad

2030 4187 2400 4253 libamentum,
2439 4189 2494 4243 id
2531 4198 2632 4256 est,
2669 4191 2900 4260 gratiam
2937 4190 3232 4262 spiritalem
3253 4233 3268 4257 ,
3307 4192 3424 4248 sive
3458 4207 3609 4248 com-

2029 4279 2450 4335 municationem
2486 4281 2754 4350 passionis
2787 4279 3019 4348 Christi,
3061 4289 3115 4338 et
3151 4282 3266 4339 inec
3294 4282 3450 4352 juxta
3488 4299 3615 4355 par—

2032 4369 2274 4425 titionem
2304 4385 2570 4425 mensura:
2605 4371 2722 4437 hin,
2763 4371 2864 4427 hoc
2902 4381 2985 4427 est
3022 4373 3317 4428 secundum
3351 4373 3609 4430 distribu-

2029 4463 2230 4516 tionem
2265 4461 2522 4533 perfectze
2555 4461 2872 4518 devotionis.
2918 4461 3185 4536 (Ηὶετοη.)
3217 4463 3389 4521 Perna
3423 4466 3610 4530 sidus,

2031 4556 2119 4625 qui
2158 4553 2342 4611 Graece
2381 4555 2586 4612 dicitur.
2612 4563 2791 4622 stater,
2829 4555 3019 4628 viginti
3047 4557 3209 4612 habet
3235 4551 3441 4613 cbolos.
3473 4558 3611 4611 Mirm

2035 4663 2181 4712 vero,
2222 4663 2342 4717 qure
2379 4647 2675 4720 appellatur
2713 4643 2834 4701 mnu
2859 4688 2875 4712 ,
2917 4647 3079 4701 habet
3114 4647 3274 4702 siclos
3313 4649 3609 4718 sexaginta,

2031 4729 2126 4810 qui
2161 4739 2368 4794 faciunt
2401 4733 2586 4793 obolos
2619 4737 2766 4791 mille
2804 4737 3080 4791 ducentos.
3117 4735 3272 4804 Quod
3313 4735 3491 4792 autem
3532 4739 3614 4792 di-

2035 4829 2198 4897 citur,
2223 4829 2408 4898 viginti
2433 4829 2550 4884 sicli
2577 4835 2632 4884 et
2653 4828 2842 4900 viginti
2865 4825 3102 4898 quinque
3131 4827 3270 4895 sicli,
3311 4835 3368 4883 et
3386 4829 3611 4898 quinde-

2011 4923 2140 4977 ‘cim
2184 4920 2300 4976 sicli
2338 4920 2537 4974 minam
2568 4917 2790 4985 faciunt,
2825 4918 3084 4975 lectorem
3121 4921 3342 4975 turbare
3375 4935 3481 4974 non
3513 4911 3608 4974 de—

2013 5011 2147 5068 ‘bet.
2205 5011 2413 5067 Idcirco
2462 5010 2606 5066 enim
2652 5009 2936 5066 diilicultas
2983 5011 3039 5065 in
3091 5010 3330 5065 numeris
3369 5010 3607 5080 ponitur,

2031 5109 2094 5156 ut
2118 5101 2379 5155 intentum
2406 5099 2644 5154 animum
2668 5097 2833 5154 faciat
2859 5098 3139 5154 auditoris.
3177 5097 3332 5155 Unde
3358 5107 3416 5153 et
3443 5099 3610 5154 multa

2033 5191 2287 5249 dicuntur
2321 5192 2375 5246 in
2415 5191 2683 5261 parabolis
2715 5199 2770 5245 et
2807 5190 3199 5260 aanigmatibus,
3245 5207 3268 5241 ‹
3290 5197 3352 5245 ιιι
3387 5190 3480 5260 qui
3518 5191 3612 5245 ha-

2033 5287 2123 5340 bet
2172 5297 2330 5340 aures
2381 5283 2672 5350 audiendi,
2719 5285 2900 5340 audiat
2938 5283 3152 5354 (Matth.
3197 5283 3299 5356 xi).
3350 5301 3372 5337 ι
3419 5283 3608 5342 Omnis

2032 5377 2226 5449 quippe
2261 5377 2543 5448 prophetia
2581 5377 2914 5432 obscuritate
2949 5373 3190 5432 continet
3213 5376 3519 5441 veritatem,
3539 5382 3610 5430 ut

2031 5468 2276 5540 discipuli
2300 5461 2626 5525 intrinsecus
2651 5469 2891 5536 audiant,
2913 5467 3107 5540 vulgus
3134 5469 3367 5540 ignobile
3391 5477 3450 5526 et
3471 5469 3608 5524 foris

2027 5561 2262 5630 positum
2301 5560 2510 5614 nesciat
2567 5557 2695 5628 quid
2735 5557 2963 5613 dicatur.
3007 5557 3258 5630 Praeipit
3293 5573 3424 5631 ergo
3457 5556 3607 5612 Scri-

2027 5659 2188 5722 ptura
2226 5649 2403 5704 divina
2443 5657 2501 5703 ut
2531 5649 2676 5719 juSta
2713 5648 2822 5704 sint
2853 5649 3124 5719 pondera,
3174 5649 3362 5705 dicens
3387 5663 3408 5702 :
3441 5664 3462 5698 ‹
3487 5645 3603 5701 Non

2029 5743 2133 5798 erit
2187 5742 2241 5795 in
2293 5739 2568 5810 marsupio
2617 5747 2708 5795 tuo
2754 5753 3006 5797 mensura
3046 5739 3264 5812 grandis
3299 5746 3354 5793 et
3404 5735 3602 5803 minor,

2017 5841 2227 5889 statera
2275 5841 2401 5886 vera
2439 5831 2493 5886 et
2524 5829 2668 5900 justa
2709 5831 2813 5888 erit
2872 5832 3052 5892 vobis.
3091 5840 3147 5890 et
3181 5843 3437 5888 mensura
3472 5835 3604 5886 vera
