4112 6364
478 414 621 473 im

1112 414 1173 468 Β.
1210 414 1466 474 ΒΔΒΔΝΙ
1501 412 1724 472 MU!“
1755 404 2049 467 ARCHIEP

2150 402 2431 465 ΙοῦυΝΤ.
2466 401 2753 461 ΟΡΕΙὶωί
2788 402 2968 463 PARS
3001 402 3067 457 il.

3587 402 3730 460 1038

474 541 531 589 et
555 532 705 602 iusta
740 530 847 587 erit
877 529 1031 587 vobis
1065 527 1264 601 (Lavit.
1305 530 1443 602 xix).
1471 549 1492 583 ι
1546 529 1617 585 Et
1651 530 1707 584 is
1740 526 2049 584 Proverbiis
2074 530 2131 589 Α
2149 521 2458 581 cei-dotibus
2474 520 2531 581 in
2551 518 2803 602 minutiis
2818 516 3109 579 aderandis
3126 516 3325 588 quando
3345 517 3741 583 tribuam

475 622 675 677 dicitur
715 639 731 676 ε
772 640 791 673 ι
830 620 1043 676 Statera
1088 620 1306 692 grandis
1342 629 1398 675 et
1432 620 1608 675 minor
1635 658 1652 685 ,
1691 615 2052 675 abominabile

474 722 555 770 est
594 723 884 785 utrumque
920 714 975 767 in
1009 722 1301 782 conspectu
1336 711 1433 767 Dei
1469 711 1653 783 (Prov.
1688 717 1791 781 xi).
1820 728 1841 763 ι
1899 707 2050 775 Quod

474 803 691 873 quidem
705 818 810 858 non
825 802 998 865 solum
1022 800 1075 855 in
1104 799 1443 857 cetnmerciia
1462 808 1517 856 et
1538 801 1594 855 in
1612 814 1713 857 usu
1726 796 2054 866 quotidianae

473 895 597 948 vitae
645 893 804 950 nobis
849 899 932 947 est
976 891 1370 948 observandum
1397 929 1414 955 ,
1450 890 1547 947 sed
1580 889 1637 947 in
1669 886 1920 945 erunibus
1956 900 2053 941 cu-

473 984 753 1040 stodienda
784 981 996 1052 iustitia
1018 1018 1035 1049 ,
1087 982 1299 1041 dicente
1334 980 1613 1050 Scriptura
1648 995 1663 1037 ι
1703 975 2051 1037 sermonibus

473 1074 584 1131 tuis
603 1072 771 1129 facies
797 1080 1055 1128 stateram
1078 1080 1133 1127 et
1157 1070 1594 1143 appendieulum,
1623 1077 1683 1127 ut
1709 1076 1765 1127 et
1786 1068 1843 1125 in
1871 1065 2052 1127 verbis

472 1176 527 1221 et
556 1166 613 1221 in
642 1180 805 1237 opere
833 1164 1326 1235 etcogitationihus
1370 1164 1552 1220 omnia
1598 1161 1838 1232 pondere
1872 1166 1931 1215 et
1968 1174 2052 1217 ra.

473 1258 620 1313 tinno
665 1256 948 1317 faciamus.
995 1257 1221 1314 Oboium
1248 1266 1450 1322 autem,
1475 1256 1577 1313 hoc
1615 1262 1699 1310 est
1735 1252 2046 1311 vicesimam

471 1356 683 1418 partem
709 1347 828 1404 sicli
853 1349 971 1403 sire
1003 1348 1241 1413 stataria,
1268 1362 1389 1403 esse
1420 1346 1696 1403 minimam
1737 1344 2048 1415 portiuncu-

472 1442 578 1495 lam
623 1442 677 1495 in
716 1441 826 1501 alio
866 1440 1269 1511 locoiegimns:
1297 1439 1414 1508 ejus
1449 1438 1543 1509 qui
1584 1436 1760 1492 fidelis
1791 1444 1875 1491 est
1904 1441 2048 1490 totus

472 1533 706 1589 mundus
738 1533 1044 1588 divitiarum
1079 1549 1093 1587 ι
1138 1532 1281 1587 illius
1326 1539 1509 1589 autem
1551 1529 1643 1599 qui
1690 1525 1923 1585 inﬁdelis
1966 1532 2050 1582 est

471 1638 647 1694 neque
684 1625 891 1691 obuius,
939 1624 1094 1696 quasi
1139 1624 1260 1679 aliis
1297 1622 1480 1679 verbis
1519 1620 1716 1676 dixerit
1758 1636 1772 1675 :
1815 1616 2047 1674 infidelis

470 1715 605 1769 nihil
645 1717 700 1773 in
741 1718 909 1772 verbo
954 1715 1211 1788 possidet,
1254 1716 1350 1771 sed
1389 1714 1552 1769 etiam
1591 1711 1814 1769 minima
1849 1708 2051 1779 indiget

469 1806 734 1873 portione.
778 1807 857 1862 De
887 1821 996 1876 que
1031 1807 1138 1862 alio
1172 1806 1340 1861 verbo
1377 1805 1433 1858 in
1465 1802 1763 1873 Evangelia
1795 1801 1993 1857 dicitur
2027 1817 2042 1854 :

2152 616 2431 673 dimidium
2466 614 2593 673 facit
2617 600 2876 678 modium,
2901 613 3183 682 perspicue
3216 620 3534 681 supputatur
3564 629 3732 673 sexa~

2150 706 2407 778 gesimam
2456 713 2666 775 partem
2717 703 3075 773 primitiarum
3121 704 3431 760 sacerdotes
3479 704 3737 773 accipere

2150 798 2363 857 debere.
2409 796 2535 855 Haec
2560 797 2776 857 interim
2796 796 2952 865 juxta
2978 795 3215 856 litteram
3235 805 3292 853 et
3322 794 3477 864 juxta
3502 797 3727 854 Hebrai-

2149 903 2268 943 cam
2298 887 2603 951 veritatem,
2630 894 2687 947 et
2710 886 2944 945 sensisse
2968 893 3027 943 et
3052 886 3267 944 audisse
3292 885 3542 947 suiﬁciat.
3575 885 3735 943 Nunc

2149 985 2481 1035 revertamur
2519 976 2587 1035 ad
2622 976 3029 1047 intelligentiam
3052 975 3364 1046 spiritalem,
3398 977 3454 1033 in
3481 992 3589 1045 qua
3617 977 3735 1045 prio

2148 1083 2298 1127 mutn
2329 1067 2678 1136 quaerendum
2717 1067 2985 1136 quomodo
3026 1066 3282 1127 dicatur:
3317 1086 3337 1125 ς
3367 1066 3585 1125 ilonora
3618 1069 3732 1125 Do-

2148 1157 2354 1217 minam
2377 1158 2445 1215 de
2466 1156 2628 1227 iustis
2658 1159 2763 1219 tuis
2790 1158 3083 1224 laboribus,
3112 1169 3166 1215 et
3199 1159 3269 1217 da
3295 1160 3347 1217 ei
3372 1160 3438 1217 de
3461 1158 3736 1221 fructibus

2140 1248 2366 1320 iustitiae
2388 1260 2514 1314 tum.
2550 1260 2610 1309 ut
2641 1252 2963 1322 impleantur
2987 1251 3207 1311 cellaria
3239 1260 3329 1306 tua
3358 1251 3651 1318 frumento,
3676 1260 3738 1308 et

2147 1344 2277 1401 vino
2301 1344 2590 1401 toreularia
2616 1353 2706 1403 tua
2737 1344 3040 1403 redundent
3069 1343 3253 1418 (Prae.
3278 1346 3364 1418 tn)
3384 1363 3399 1411 ;
3423 1366 3442 1401 ι
3485 1355 3547 1405 ut
3578 1356 3734 1417 post-

2148 1453 2309 1507 quam
2334 1437 2592 1495 obtuleris
2615 1438 2883 1508 primitias
2904 1439 3149 1497 laborum
3178 1448 3397 1497 tuorum
3421 1447 3586 1510 atque
3620 1440 3741 1496 vir-

2147 1536 2343 1593 tutum,
2378 1536 2434 1584 et
2462 1528 2682 1594 dixeris,
2704 1543 2830 1585 ecce
2850 1545 2994 1587 nunc
3021 1546 3125 1601 ego
3152 1531 3309 1589 attuli
3338 1531 3435 1586 tibi
3466 1531 3738 1601 primitias

2146 1620 2419 1677 fructuum
2448 1631 2623 1688 terrm,
2654 1636 2791 1691 quos
2824 1623 3017 1678 dedisti
3056 1624 3209 1689 mihi,
3238 1624 3463 1681 Domine
3491 1639 3738 1681 :merea-

2148 1713 2228 1769 ris
2254 1711 2482 1767 audire:
2515 1731 2535 1768 ι
2562 1712 2890 1769 Benedictus
2937 1722 2995 1768 tu
3038 1714 3092 1769 in
3129 1715 3374 1781 civitate,
3420 1723 3477 1770 et
3514 1714 3739 1771 benedi-

2149 1812 2272 1889 ctus
2306 1813 2362 1858 tu
2386 1805 2442 1859 in
2468 1819 2637 1874 agro;
2666 1804 2936 1861 benedicti
2964 1803 3059 1861 filii
3088 1807 3227 1861 uteri
3256 1807 3356 1873 tui,
3382 1815 3440 1862 et
3464 1806 3737 1878 genimina

477 1911 495 1944 ι
522 1895 641 1951 Non
665 1898 972 1968 egredietur
995 1897 1123 1952 inde
1152 1896 1256 1951 nisi
1296 1896 1487 1951 reddat
1521 1892 1874 1949 novissimum
1912 1906 2048 1961 φιδι-
2074 1899 2125 1958 Β
2149 1902 2311 1951 terrm
2345 1903 2485 1961 tuas,
2530 1903 2587 1951 et
2632 1894 2841 1951 fructus
2884 1896 3248 1966 iumentorum
3294 1904 3539 1962 tuorum,
3566 1915 3587 1951 ι
3626 1906 3734 1952 etc.

470 1984 717 2048 drantem
734 1988 947 2059 (Matth.
973 1988 1045 2060 v),
1072 2008 1092 2041 ι
1122 1988 1226 2043 hoc
1249 1996 1352 2055 est,
1381 1988 1546 2043 etiam
1567 1994 1871 2045 extremum
1894 1999 2050 2039 num-

471 2091 619 2135 mum
657 2087 712 2133 et
750 2080 1035 2139 minutum.
1086 2080 1341 2151 Legimus
1384 2077 1570 2135 decem
1612 2094 1767 2133 mnas
1824 2075 2050 2147 singulis

472 2169 644 2224 servis
669 2170 737 2224 ad
756 2169 1138 2242 negotiandum
1169 2172 1414 2225 traditas.
1459 2170 1527 2229 Et
1556 2171 1609 2222 in
1637 2170 1741 2227 alia
1768 2169 2047 2240 paraboh,

473 2260 615 2315 inter
644 2275 828 2317 servos
854 2263 1055 2317 talenta
1082 2263 1284 2329 divisa,
1312 2273 1369 2317 et
1391 2261 1692 2316 debitorem
1731 2261 2049 2329 quingento-

472 2367 590 2406 rum
617 2353 956 2408 denariorum
976 2361 1033 2413 et
1057 2353 1468 2425 quinquaginta,
1499 2361 1555 2406 et
1581 2350 1860 2420 bperarios
1880 2349 2051 2407 vinem

470 2446 564 2517 qui
589 2446 827 2519 singulos
852 2448 1124 2518 accipiunt
1146 2446 1422 2512 denarios,
1448 2453 1504 2500 et
1530 2444 1812 2499 mulierem
1831 2443 2051 2505 viduam

471 2561 591 2616 qum
632 2547 945 2602 drachmam
972 2546 1302 2617 perdiderat,
1339 2552 1397 2600 et
1421 2544 1513 2598 vix
1550 2558 1670 2597 eam
1700 2541 1935 2599 lucem
1962 2553 2052 2594 ac-

470 2637 724 2693 censione
769 2638 967 2708 reperit
1014 2636 1168 2709 (Lac.
1216 2652 1306 2690 11v
1332 2652 1348 2702 ;
1376 2635 1568 2689 Matth.
1600 2648 1739 2700 xxv;
1767 2630 1898 2688 Lac.
1937 2646 2048 2697 vn;

472 2724 667 2783 Matth.
699 2742 805 2793 xx;
832 2727 962 2781 Luc.
992 2727 1108 2800 xv).
1145 2727 1277 2795 Qum
1306 2727 1488 2782 omnia
1508 2740 1666 2796 quem
1704 2739 1921 2783 sensum
1950 2723 2049 2779 ha-

470 2817 654 2884 beant,
690 2832 798 2873 non
836 2827 920 2875 est
954 2818 1115 2889 hujus
1156 2819 1410 2889 temporis
1446 2818 1739 2874 disserere.

546 2925 566 2960 ι
592 2909 659 2963 Et
693 2911 775 2964 ha:
806 2917 931 2965 sunt
966 2910 1218 2982 primitiae
1247 2926 1382 2981 quas
1420 2910 1641 2976 tolletis,
1681 2918 1890 2964 sextam
1927 2923 2053 2979 paro

476 3018 495 3050 ι
527 3006 634 3056 tem
662 3000 785 3069 ephi
813 3002 880 3055 de
907 3016 1036 3057 coro
1068 3000 1343 3069 frumenti,
1370 3008 1424 3055 et
1451 3008 1659 3057 sextam
1689 3007 1899 3069 partem
1925 2999 2051 3068 ephi

476 3110 495 3141 ι
524 3092 591 3147 de
609 3106 738 3147 coro
762 3091 969 3147 hordei.
997 3092 1246 3149 Mensura
1268 3107 1483 3162 quoque
1498 3091 1622 3146 olei.
1640 3090 1807 3144 Batus
1827 3088 2049 3144 eieide-

475 3202 492 3234 ι
518 3183 657 3238 eltna
698 3198 824 3254 pars
858 3185 971 3240 cori
1004 3191 1107 3250 est,
1138 3193 1194 3241 et
1231 3184 1418 3240 decem
1447 3183 1561 3240 hati
1600 3200 1790 3240 eorum
1826 3181 2049 3247 iaciunt,

2158 1986 2335 2060 (Dent.
2366 1986 2579 2058 xxvut.)
2606 1987 2673 2047 Et
2692 1986 3139 2057 possideasjuxta
3166 1987 3483 2059 Apostelnm
3512 1986 3733 2057 (Ephes.

2152 2079 2193 2151 ι)
2227 2093 2442 2135 omnem
2466 2079 2892 2135 benedictionem
2924 2079 3285 2149 spiritualium
3330 2080 3387 2137 in
3423 2079 3737 2137 emiestihus

2152 2172 2208 2227 in
2228 2170 2466 2235 Christo,
2488 2171 2616 2226 dum
2644 2170 2903 2242 quidquid
2929 2171 3114 2236 habes,
3141 2186 3258 2226 non
3284 2180 3390 2226 tuae
3424 2180 3587 2241 putas
3615 2186 3738 2225 esse

2149 2265 2386 2331 virtutis,
2420 2264 2514 2320 sed
2539 2261 2657 2333 ejus
2682 2263 3086 2329 misericordias,
3117 2264 3208 2333 qui
3237 2262 3421 2335 fruges
3457 2263 3625 2317 dedit.
3674 2262 3737 2316 Et

2150 2356 2418 2426 siquidem
2462 2365 2666 2411 tantam
2715 2356 3064 2411 habuerimus
3106 2355 3389 2411 scientiam
3431 2354 3732 2424 Scriptura-

2151 2462 2295 2510 rum,
2324 2455 2384 2501 ut
2409 2447 2634 2518 mystica
2663 2460 2890 2515 qumque
2916 2445 3217 2515 pandemus
3234 2454 3291 2500 et
3312 2446 3607 2501 doceamus
3638 2444 3737 2499 he-

2149 2539 2345 2603 mines,
2396 2538 2451 2592 id
2493 2547 2595 2601 est,
2648 2537 2911 2595 rationale
2955 2538 3188 2605 animal,
3231 2538 3425 2593 damus
3469 2537 3741 2608 primitias

2151 2625 2408 2682 frumenti
2464 2627 2656 2691 nostri.
2712 2625 2771 2681 Si
2833 2634 3014 2681 autem
3060 2634 3184 2697 post
3226 2641 3505 2699 anagogen
3544 2640 3739 2696 pur-asa

2150 2727 2363 2774 tantum
2406 2733 2695 2788 sequamur
2724 2718 3028 2785 historiam,
3069 2733 3189 2789 qua:
3230 2718 3505 2789 simplices
3530 2719 3740 2773 nutrire

2149 2822 2347 2884 potest,
2366 2810 2519 2881 juxta
2544 2810 2675 2871 illud
2702 2811 2845 2881 quod
2870 2811 3129 2880 scriptum
3172 2818 3297 2866 est:
3333 2829 3353 2862 s
3382 2809 3643 2869 Homines
3683 2816 3739 2863 et

2146 2905 2391 2977 jumenta
2441 2904 2619 2960 salvos
2658 2903 2842 2968 facies,
2886 2902 3135 2967 Domine,
3161 2921 3182 2954 ι
3233 2901 3426 2957 damus
3466 2901 3741 2971 primitias

2151 2996 2338 3053 hordei
2372 2997 2561 3061 nostri,
2599 2996 2739 3065 quod
2766 2995 3027 3051 hordeum
3055 2995 3197 3051 serit
3231 3005 3287 3050 et
3323 2993 3495 3061 Isaae,
3541 2994 3639 3051 led
3681 2995 3738 3048 in

2153 3103 2296 3149 terra
2349 3093 2770 3164 alienigenarum
2795 3133 2810 3158 ,
2860 3099 2917 3149 et
2958 3101 3136 3146 ortum
3181 3099 3266 3147 est
3308 3092 3358 3145 ei
3402 3089 3732 3160 centuplum.

2152 3184 2254 3251 Qui
2290 3184 2477 3239 hordei
2520 3185 2612 3239 dat
2642 3182 2931 3253 primitias,
2963 3190 3142 3253 potest
3178 3181 3396 3236 dicere:
3432 3200 3451 3232 ι
3475 3181 3729 3235 Dominus

474 3294 491 3326 ‹
520 3275 646 3344 quia
682 3275 869 3330 decem
894 3276 1007 3329 bati
1036 3275 1261 3344 implent
1284 3291 1491 3330 eorum.
1522 3294 1539 3326 ι
1589 3272 1860 3345 (Hieron)
1893 3273 2051 3327 Diea-
2075 3275 2121 3337 C
2150 3278 2327 3349 pascit
2365 3278 2471 3341 m'e,
2517 3282 2573 3331 et
2617 3274 2753 3329 nihil
2794 3262 2925 3329 mihi
2962 3273 3152 3339 deerit,
3184 3273 3239 3327 in
3276 3272 3390 3349 loco
3412 3286 3617 3343 pascuae
3646 3270 3724 3324 ibi

471 3380 591 3418 mus
626 3365 789 3434 igitur
825 3366 1059 3436 primum
1086 3364 1240 3434 juxta
1280 3366 1537 3430 litteram,
1567 3365 1803 3430 diradare,
1832 3365 1937 3420 boc
1961 3372 2047 3422 est

468 3454 735 3510 decimam
762 3463 971 3525 partem
997 3456 1239 3510 omnium
1264 3456 1476 3526 frugum
1499 3456 1748 3510 Levitieas
1772 3456 1933 3510 tribui
1957 3471 2049 3524 po-

468 3545 627 3614 pulus
645 3560 712 3599 ex
732 3546 850 3615 lege
874 3546 1121 3600 debebat.
1149 3547 1383 3601 Rursum
1412 3562 1479 3601 ex
1506 3547 1675 3617 ipsius
1699 3547 1921 3602 decimis
1947 3546 2050 3602 Le-

473 3635 617 3700 vita}.
650 3635 754 3690 hoc
779 3642 863 3690 est
914 3633 1141 3690 inferior
1172 3636 1544 3693 ministrorum
1578 3638 1777 3710 gradus
1808 3638 2048 3694 decimas

468 3725 632 3782 dabat
683 3728 1073 3792 sacerdotibus,
1100 3735 1156 3783 et
1204 3730 1321 3784 haec
1372 3736 1455 3783 est
1503 3744 1623 3798 quae
1681 3730 2048 3799 appellabatur

466 3817 882 3894 aeripedis-tan.
930 3819 1100 3876 Erant
1135 3834 1352 3890 quoque
1396 3828 1452 3874 et
1496 3820 1613 3875 alia:
1649 3820 1872 3875 decimae
1911 3834 2049 3889 quas

467 3909 841 3978 unusquisque
862 3908 929 3963 de
953 3908 1151 3979 populo
1180 3908 1345 3964 israei
1373 3910 1426 3963 in
1452 3909 1565 3964 suis
1598 3910 1807 3963 horreis
1835 3923 2048 3977 separa-

465 3999 563 4057 bat
588 4008 648 4053 ut
678 4001 986 4055 eomederot
1017 4014 1132 4067 eas,
1169 4016 1294 4056 cum
1321 4002 1426 4055 iret
1452 4002 1521 4055 ad
1557 4001 1811 4071 templum
1834 4001 1889 4057 in
1914 4002 2050 4055 urbe

465 4091 783 4156 Jerusabm,
815 4100 870 4146 et
917 4091 973 4145 in
1020 4092 1291 4147 vestibulo
1321 4091 1525 4162 templi,
1553 4101 1606 4146 et
1636 4092 1945 4148 sacerdotes
1985 4107 2049 4147 ac

467 4182 683 4239 Levites
707 4182 1001 4237 invitarent
1033 4183 1102 4237 ad
1136 4184 1402 4238 convivia.
1434 4183 1606 4238 Erant
1633 4192 1813 4237 autem
1847 4194 1902 4237 et
1931 4183 2050 4237 alim

468 4274 711 4339 decimis,
740 4288 875 4343 quas
899 4274 1225 4343 pauperibus
1253 4277 1639 4331 recondebam.
1692 4276 1763 4328 At
1788 4289 1918 4330 vero
1940 4274 2052 4344 pri-

467 4364 654 4416 mitiva
693 4377 814 4431 quae
854 4363 921 4416 de
966 4362 1207 4433 frugibus
1239 4364 1558 4430 offerebant,
1596 4380 1703 4419 non
1737 4374 1895 4421 erant
1929 4381 2053 4435 spe-

468 4450 592 4505 ciali
620 4464 846 4504 numero
873 4450 1111 4515 definita,
1143 4452 1235 4505 sed
1272 4450 1611 4506 oiierentium
1640 4454 1867 4509 arbitrio
1897 4455 2053 4509 deie-

471 4544 617 4596 licia.
679 4541 1153 4611 Traditionemque
1197 4544 1501 4611 accepimus
1547 4543 1897 4598 Hebmeorum
1942 4561 2051 4600 non

2147 3347 2238 3423 nte
2267 3366 2552 3423 collocavit
2576 3384 2588 3419 :
2614 3379 2777 3435 super
2810 3379 2978 3433 aquas
3018 3347 3350 3419 refectionis.
3370 3362 3614 3417 educavit
3640 3377 3734 3416 me

2148 3455 2323 3529 (Ροαι.
2367 3454 2522 3527 xm).
2555 3475 2573 3506 ι
2625 3454 2728 3521 Qui
2770 3462 2950 3509 autem
2985 3454 3267 3509 rationalia
3289 3455 3462 3525 pascit
3487 3452 3737 3507 animan-

2147 3547 2246 3612 tia,
2270 3547 2432 3600 vertit
2454 3545 2798 3611 sententiam,
2823 3552 2879 3599 et
2906 3544 3036 3599 dicit
3066 3562 3079 3597 :
3115 3561 3136 3595 ι
3162 3543 3488 3614 Prseparasti
3519 3543 3575 3597 in
3602 3559 3734 3597 con-

2148 3648 2336 3710 spectu
2376 3654 2497 3694 meo
2533 3652 2772 3693 mensam
2830 3639 3088 3693 adversus
3115 3652 3210 3693 eos
3235 3638 3329 3708 qui
3358 3636 3626 3692 tribulam
3650 3652 3735 3691 me

2150 3733 2323 3805 (Paul.
2371 3733 2527 3804 χχιι).
2558 3750 2578 3786 ι
2626 3732 2692 3785 Ει
2731 3739 3016 3802 postquam
3063 3731 3168 3786 olei
3214 3739 3271 3786 et
3314 3730 3426 3784 vini
3476 3728 3735 3785 obtulerit

2147 3823 2437 3892 primitias,
2476 3823 2653 3894 jungit
2698 3830 2752 3876 ct
2785 3822 3062 3891 loquitur:
3102 3840 3122 3873 ς
3155 3821 3505 3893 impinguasti
3536 3822 3591 3875 in
3617 3819 3738 3875 oleo

2150 3923 2311 3982 caput
2337 3928 2533 3978 riienm,
2563 3919 2618 3967 et
2642 3912 2781 3966 calix
2807 3920 2931 3965 tuus
2954 3913 3228 3967 inebrians
3250 3926 3414 3983 quam
3439 3912 3737 3983 praeclarus

2150 4013 2234 4058 cst
2277 4003 2487 4074 (Ibid.),
2516 4024 2534 4054 ι
2589 4003 2679 4059 illo
2714 4004 2834 4059 oleo
2874 4006 3019 4074 quod
3058 4004 3259 4075 absque
3293 4004 3412 4061 fece
3438 4006 3735 4060 mundissi-

2151 4109 2300 4149 mum
2342 4096 2410 4147 ad
2452 4094 2727 4148 lucernam
2779 4094 2989 4149 Domini
3035 4105 3387 4167 praeparatur.
3439 4097 3597 4163 Quod
3642 4096 3735 4166 qui

2152 4186 2441 4253 paraverit,
2464 4186 2792 4240 exililaratur
2822 4185 2990 4241 facies
3017 4186 3134 4255 ejus
3155 4188 3208 4242 in
3233 4187 3373 4253 oleo,
3400 4187 3524 4243 oleo
3549 4188 3736 4243 exsul-

2151 4277 2371 4331 tationis
2415 4293 2521 4346 quo
2566 4278 2815 4333 Christus
2854 4290 3049 4333 unctus
3097 4288 3181 4334 est
3227 4294 3337 4349 prae
3382 4281 3737 4352 participibus

2152 4370 2265 4424 suis
2311 4366 2482 4439 (Paul.
2524 4369 2706 4440 κων),
2748 4377 2802 4423 et
2843 4369 3064 4425 effectus
3109 4370 3251 4425 oliva
3298 4388 3419 4426 cum
3471 4376 3735 4443 propheta

2154 4462 2393 4516 cantabit
2422 4476 2437 4514 :
2477 4482 2493 4512 ‹
2518 4462 2629 4531 Ego
2661 4472 2840 4517 autem
2866 4464 3005 4518 sicut
3026 4464 3165 4519 oliva
3196 4464 3473 4521 fructifera
3499 4467 3551 4519 in
3578 4469 3735 4521 domo

2154 4553 2367 4608 Domini
2412 4554 2584 4625 (Paul.
2628 4553 2725 4623 ιι),
2757 4574 2774 4606 ι
2819 4563 2874 4611 et
2911 4555 3001 4611 illo
3036 4558 3162 4611 vino
3193 4559 3333 4629 quod
3355 4558 3422 4611 de
3462 4573 3593 4613 vera
3627 4561 3737 4613 Yitt‘

469 4636 610 4707 Lege
634 4642 978 4706 praeceptam.
1006 4635 1100 4690 sed
1133 4636 1511 4705 magistrorum
1536 4635 1762 4691 arbitrio
1783 4636 2043 4702 inclitam,
2073 4632 2126 4691 D
2153 4645 2417 4699 redundat
2467 4648 2521 4699 in
2571 4644 2926 4701 torcularibus
2975 4647 3312 4717 Salvatoris,
3367 4651 3580 4706 dicente
3634 4652 3725 4706 Do.

470 4726 561 4795 qui
590 4726 879 4796 plurimum
907 4725 1375 4795 quadragesimam
1412 4735 1624 4794 partem
1666 4725 1830 4780 dabat
1872 4742 2052 4781 sacer-

469 4819 703 4884 dotibus,
728 4818 820 4889 qui
842 4818 1121 4873 minimum
1146 4818 1560 4887 sexagesimum,
1591 4819 1734 4874 inter
1758 4820 2055 4891 quadrage-

469 4910 660 4964 simam
704 4918 761 4964 et
800 4908 1191 4979 sexagesimum
1223 4908 1421 4963 licebat
1445 4908 1640 4964 oilhrre
1674 4913 2051 4981 quodcumque

469 5001 784 5057 voluissent.
815 5000 969 5067 Quod
1002 5000 1165 5071 igitur
1191 5001 1249 5053 in
1268 4999 1637 5056 Pentatencho
1656 5004 1877 5058 dubium
1900 5005 2052 5059 dere-

468 5091 654 5147 lictum
679 5099 782 5158 est,
807 5091 896 5146 hic
925 5091 1234 5161 specialiter
1257 5091 1513 5146 delinitur
1542 5103 1764 5163 propter
1797 5096 2050 5150 sacerdo-

472 5190 585 5236 tum
614 5184 911 5245 avaritiam,
940 5198 1009 5238 ne
1032 5183 1264 5253 amplius
1290 5199 1321 5237 a
1348 5184 1547 5255 populo
1582 5186 1803 5257 exigant
1840 5188 1899 5243 in
1939 5190 2051 5259 pri-

472 5271 639 5328 mitiis
679 5273 1001 5340 deferendis,
1049 5273 1105 5329 id
1152 5282 1254 5340 est,
1299 5282 1361 5328 ut
1401 5277 1791 5346 sexagesimam
1837 5288 2047 5349 partem

469 5364 701 5421 olerent
728 5380 913 5420 eorum
939 5382 1063 5436 quae
1082 5367 1375 5438 gignuntur
1397 5383 1430 5422 e
1450 5379 1615 5423 terra.
1674 5370 1735 5427 Si
1767 5372 1911 5429 enim
1952 5388 2049 5429 ωσι

469 5472 587 5522 ms,
626 5457 718 5526 qui
745 5456 1007 5517 Bebniee
1034 5460 1334 5528 appellatur
1369 5478 1511 5516 om
1542 5472 1598 5518 et
1628 5479 1658 5516 a
1696 5463 2046 5533 Septuaginta

470 5550 671 5606 dicitur
700 5550 869 5627 aipec,
918 5553 1139 5624 triginta
1180 5555 1343 5609 habet
1382 5556 1591 5611 modios
1634 5565 1742 5611 tam
1783 5559 1837 5611 in
1883 5559 2048 5615 aridis

470 5643 752 5713 speciebus
772 5656 933 5713 quam
952 5643 1006 5698 in
1024 5643 1349 5714 liquentibus
1364 5686 1378 5711 ,
1396 5648 1533 5718 epha
1555 5662 1769 5719 quoque
1790 5657 1845 5704 et
1865 5652 2048 5720 batus,

465 5734 619 5805 juxta
636 5738 779 5804 quod
804 5751 964 5804 supra
992 5736 1247 5803 diximus,
1271 5722 1478 5793 decima
1503 5755 1629 5809 pars
1652 5750 1739 5797 est
1762 5744 1894 5808 cori,
1919 5760 2055 5815 prae-

473 5824 779 5897 cipiturque
798 5836 857 5881 ut
878 5836 1030 5882 sexta
1054 5843 1180 5896 pars
1202 5824 1311 5882 tum
1335 5832 1459 5898 ephi
1475 5847 1636 5901 quam
1658 5836 1766 5890 bati
1790 5837 1946 5893 detur
1964 5853 2051 5893 sa-

2152 4736 2300 4790 mino
2330 4754 2345 4790 :
2380 4754 2397 4785 ε
2421 4736 2533 4806 Ego
2564 4752 2681 4791 sum
2711 4737 2854 4803 vitis,
2892 4754 2988 4793 vos
3016 4742 3354 4812 propagines,
3386 4742 3549 4800 Pater
3586 4761 3738 4809 mens

2152 4827 2386 4896 agricola
2419 4826 2600 4898 (Joan.
2635 4829 2744 4897 xu).
2773 4847 2793 4879 ι
2854 4828 2933 4883 De
2953 4830 3035 4885 his
3068 4833 3422 4895 torcularibus
3454 4843 3567 4891 tres
3588 4838 3735 4906 psal~

2151 4933 2267 4972 mos
2297 4919 2542 4988 legimus,
2572 4928 2840 4986 octavum,
2871 4929 2925 4974 et
2956 4925 3357 4993 octogesimum,
3389 4935 3440 4980 et
3461 4928 3735 4999 octogesi-

2152 5023 2296 5062 mum
2347 5010 2595 5075 tertium,
2631 5012 2723 5081 qui
2758 5026 2946 5066 omttes
2991 5015 3056 5067 ad
3106 5015 3358 5070 Ecclesitc
3395 5032 3732 5083 sacratuentr

2151 5100 2480 5156 referuntur.
2526 5101 2595 5155 Et
2625 5102 2677 5155 in
2708 5104 2873 5157 veteri
2901 5106 3118 5173 quidem
3158 5106 3300 5177 Lege
3336 5107 3542 5179 absque
3580 5126 3735 5164 men-

2152 5206 2281 5245 sura
2326 5201 2483 5247 erant
2522 5195 2600 5261 {et
2646 5208 2875 5248 autem
2918 5196 3208 5263 primitiae:
3251 5214 3272 5248 ε
3302 5197 3419 5253 Νοη
3469 5200 3616 5255 enim
3664 5201 3735 5255 ad

2152 5296 2465 5337 mensuram
2487 5285 2628 5340 Deus
2651 5286 2896 5354 spiritum
2923 5288 3084 5342 dabat
3123 5290 3304 5361 (locis.
3342 5292 3446 5361 nt).
3472 5311 3494 5345 ι
3546 5291 3606 5347 in
3650 5307 3736 5347 se-

2151 5375 2331 5430 cunda
2369 5384 2548 5430 autem
2595 5377 2948 5434 aediﬁcatione
2982 5382 3203 5451 templi,
3246 5384 3386 5453 quod
3431 5384 3735 5439 Ezechielis

2152 5468 2435 5536 prophetia
2466 5471 2724 5534 continet,
2754 5480 2903 5526 certa
2930 5488 3181 5530 mensura
3204 5485 3306 5542 est,
3328 5477 3381 5532 id
3407 5486 3491 5532 est
3511 5494 3735 5550 sexage-

2154 5561 2339 5616 narius
2384 5574 2660 5630 numerus,
2704 5580 2812 5633 quo
2847 5566 3076 5623 mundus
3114 5569 3392 5638 expletur,
3434 5580 3494 5624 ut
3537 5571 3738 5627 dicitur

2154 5655 2352 5709 nobis:
2388 5674 2409 5705 ι
2434 5655 2491 5708 in
2520 5671 2624 5726 qua
2657 5670 2908 5713 mensura
2943 5661 3113 5716 mensi
3148 5660 3378 5730 fueritis,
3419 5664 3737 5720 remetietur

2155 5745 2308 5801 vobis
2330 5745 2543 5817 (Mam.
2574 5749 2691 5821 vn).
2722 5766 2744 5801 ι

2235 5857 2253 5888 ι
2285 5836 2351 5891 Et
2372 5840 2601 5894 arietem
2629 5859 2789 5896 unum
2826 5844 2894 5899 de
2929 5858 3090 5914 grege
3124 5845 3496 5912 ducentorum,
3546 5846 3612 5901 de
3646 5844 3734 5899 his
