4112 6364
301 438 325 493 l
335 437 438 496 0‘29

1203 435 1552 506 COMMENT.
1587 437 1656 496 lN
1693 434 2142 503 EZECHIELEM.
2182 468 2249 477 —
2284 437 2412 500 LIB.
2451 438 2635 502 XVIII.

3397 445 3534 506 1050

306 570 324 608 ί
353 563 472 620 qua:
508 549 734 619 nutrivit
772 549 934 614 lsrael
975 551 1032 616 in
1071 550 1414 618 sacriﬁcium,
1452 557 1506 603 et
1531 549 1585 608 in
1610 549 1863 610 holocan-
1892 556 1943 612 Α
1969 547 2365 615 nitentibusnuo
2419 548 2616 606 JUtltBlS
2663 560 2722 606 ut
2751 552 3108 620 deponeretur
3137 551 3320 608 titulus
3347 557 3534 611 trium.

305 661 326 706 ι
357 652 519 714 stum,
551 652 605 698 et
645 644 700 710 in
737 643 953 717 paciﬁca
981 643 1047 703 ad
1074 642 1394 714 expiandum
1423 656 1522 709 pro
1544 641 1642 705 eis,
1673 641 1748 700 ait
1770 642 1867 702 Do-

305 752 323 796 t
353 735 530 798 minus
553 734 710 798 Deus,
751 732 936 798 Omnis
965 731 1192 802 populus
1213 739 1370 794 terrae
1395 731 1658 792 tenebitur
1682 729 1867 799 primi-

307 843 324 875 ε
357 825 442 892 ιῑιε
476 825 561 892 llis
583 824 809 902 principi.
835 825 888 887 in
916 823 1099 890 lsrael.
1146 824 1214 890 Et
1243 838 1406 895 super
1432 823 1675 894 principe
1708 831 1867 876 erunt

305 935 323 979 ι
356 917 684 986 holocausta.
713 925 768 980 et
788 915 1133 985 sacriﬁcium.
1158 923 1213 976 et
1236 914 1492 978 libamina
1532 915 1586 976 in
1620 911 1868 978 solemni-

305 1029 322 1060 ι
356 1010 576 1080 tatibus.
613 1017 670 1068 et
701 1008 757 1072 in
791 1006 1045 1070 Kalendis
1080 1015 1136 1064 et
1172 1006 1228 1074 in
1264 1005 1520 1072 sabbatis.
1561 1005 1618 1068 in
1650 1005 1866 1065 univor-

306 1115 323 1147 ‹
357 1097 432 1156 sis
478 1096 909 1166 solemnitatibus
951 1096 1142 1162 domus
1186 1096 1368 1160 Israel.
1419 1095 1538 1165 lose
1575 1095 1736 1158 faciet
1767 1109 1868 1162 pro

305 1211 320 1238 ‹
351 1198 572 1262 peccato
600 1187 926 1252 sacriﬁcium
954 1197 1007 1254 et
1043 1188 1411 1254 holocaustum
1448 1195 1503 1248 et
1537 1187 1760 1258 paciﬁca
1797 1187 1868 1248 ad

303 1298 320 1338 ι
350 1279 672 1359 expiandum
701 1293 800 1350 pro
835 1280 992 1346 domo
1032 1280 1212 1344 lirael.
1245 1299 1264 1334 ι
1321 1278 1494 1348 Supra
1530 1279 1664 1341 dixit
1703 1285 1866 1348 quota

298 1386 423 1440 pars
448 1385 633 1434 eorum
662 1385 779 1446 qua;
804 1369 1196 1446 oppenduntur,
1230 1383 1722 1437 tuottsurtrquoquo
1757 1379 1866 1430 tant

297 1459 571 1527 aritlarum
599 1459 899 1528 specierum
929 1475 1090 1530 quam
1112 1459 1447 1530 liquentium.
1472 1459 1664 1521 debeat
1687 1457 1868 1520 σαυνιί

297 1549 543 1629 principi,
582 1548 732 1614 Nunc
762 1551 1007 1614 quoidam
1038 1550 1397 1619 primitiarum
1425 1549 1482 1611 in
1510 1549 1868 1610 animantibus

299 1649 442 1698 tenet
466 1640 731 1710 ordinem,
761 1651 820 1704 ut
851 1656 1014 1704 unum
1052 1642 1118 1706 de
1153 1656 1314 1712 grege
1345 1641 1694 1704 ducentorum
1730 1640 1870 1703 ario.-

300 1739 408 1783 tum
430 1730 615 1812 iubeat
643 1730 846 1798 olferri,
883 1747 1018 1810 quas
1045 1732 1213 1798 nutrit
1250 1732 1414 1798 lsracl
1441 1731 1494 1790 in
1522 1732 1863 1797 sacriﬁcium,

294 1829 348 1874 et
376 1821 431 1880 in
457 1821 826 1886 holocaustum
863 1832 916 1888 et
953 1822 1008 1886 in
1045 1821 1268 1893 paciﬁca
1309 1823 1378 1886 ad
1409 1823 1730 1892 expiandum
1770 1839 1869 1894 pro

1969 637 2162 707 phalis,
2207 640 2443 706 gentium
2473 640 2528 698 in
2567 640 2738 697 Pilato
2779 643 2930 702 turba
2973 644 3246 711 respondit
3279 659 3292 678 ο
3331 663 3347 695 ι
3382 646 3535 712 Quod

1969 727 2158 799 scripsi
2184 728 2394 798 scripsi.
2423 749 2443 790 ο
2476 747 2494 786 t
2525 729 2635 784 Sub
2657 731 2918 801 principe,
2943 733 3132 801 inquit,
3163 743 3319 790 erunt
3348 736 3528 804 (Joan.

1967 821 2100 888 xix).
2133 837 2150 869 ι
2179 817 2409 880 Pulchre
2432 821 2778 882 sacerdotalis
2799 822 3028 892 dignitas
3054 835 3425 883 enininonetur
3443 829 3533 882 eui

1967 907 2208 982 Subiecta
2235 909 2304 970 sit
2336 907 2543 977 cilicio,
2581 920 2638 972 ut
2669 899 2806 974 sciat
2837 928 2897 974 te
2947 915 3288 982 sacriﬁcium,
3310 926 3367 972 et
3393 917 3529 972 liba-

1967 996 2111 1060 mina
2133 1013 2252 1071 qua:
2285 998 2584 1063 oderantur
2617 1017 2683 1058 ex
2705 1003 2868 1064 humo
2885 1019 2985 1073 pro
3003 1007 3196 1074 populo
3225 1007 3419 1064 offerre
3442 1009 3534 1064 de-

1967 1087 2097 1154 bere
2117 1089 2171 1152 in
2210 1091 2421 1154 cunctis
2447 1092 2896 1161 solemnitatibus.
2937 1105 3044 1157 tam
3068 1098 3314 1156 videlicet
3343 1099 3397 1156 in
3429 1100 3534 1158 Ka-

1966 1178 2159 1252 lendis,
2198 1180 2253 1246 id
2279 1190 2364 1238 est
2400 1184 2721 1251 nemneniis,
2744 1202 2906 1255 quam
2937 1186 2992 1243 in
3015 1187 3253 1250 sabbatis
3274 1227 3290 1255 ,
3320 1191 3536 1259 quando

1969 1268 2203 1330 tenebris
2224 1280 2414 1333 cuncta
2439 1273 2825 1348 operientibus,
2848 1274 3053 1338 lunaris
3073 1276 3348 1338 exordium
3378 1277 3536 1336 lamis

1968 1359 2052 1422 nis
2074 1368 2176 1420 est.
2207 1361 2274 1422 lit
2301 1362 2355 1416 in
2392 1364 2577 1438 requie
2603 1366 2972 1431 sabbatorum.
3008 1377 3067 1430 ut
3099 1366 3266 1428 faciat
3288 1369 3536 1433 videlicet

1966 1465 2064 1518 ι)νο
2083 1461 2302 1528 peceato
2331 1453 2395 1514 ad
2419 1455 2744 1522 expiandum
2778 1473 2876 1531 pro
2904 1457 3063 1514 domo
3097 1459 3280 1524 lsrael,
3309 1475 3430 1530 quae
3455 1468 3536 1519 est

1965 1539 2203 1605 Ecclesia
2227 1541 2320 1598 Dei
2346 1545 2590 1610 viventis,
2617 1549 2868 1610 columna
2891 1558 2947 1603 et
2974 1550 3372 1612 firmamentum
3392 1553 3531 1606 veri?

1971 1629 2132 1682 tatis:
2166 1629 2268 1693 ista
2301 1642 2384 1692 est
2428 1634 2572 1694 enim
2608 1636 2797 1698 donius
2843 1636 3075 1696 viventis
3105 1638 3220 1705 Dei,
3250 1645 3306 1698 et
3350 1639 3538 1698 domus

1968 1719 2148 1786 lsrael,
2191 1739 2309 1794 quae
2344 1726 2652 1795 expiatione
2685 1743 2906 1788 suorum
2943 1730 3144 1800 indiget
3172 1739 3534 1800 peccatorum.

1968 1806 2105 1881 Quia
2126 1825 2252 1882 ergo
2271 1810 2534 1876 festorum
2550 1815 2694 1887 leges
2711 1817 2969 1880 habemus
2990 1819 3046 1880 in
3060 1818 3327 1886 inanibus,
3340 1827 3394 1880 et
3416 1819 3539 1876 inde

295 1910 506 1980 populo.
535 1913 610 1978 ait
632 1913 890 1976 Hamillus
915 1913 1074 1976 Deus.
1108 1912 1257 1978 Quod
1290 1927 1389 1976 nos
1413 1913 1749 1982 ίηιωτρηιαιλ
1781 1931 1869 1972 ευ,
1896 1905 1943 1964 Β
1972 1914 2114 1954 nunc
2143 1915 2322 1960 sermo
2353 1913 2464 1974 est,
2498 1907 2836 1980 requiramus
2858 1908 3166 1986 diligentius
3192 1910 3284 1983 qui
3317 1910 3387 1964 sit
3411 1909 3540 1969 ordo

297 2018 416 2062 llllS
452 2021 470 2056 ι
500 2005 565 2064 de
607 2004 695 2074 his
729 2019 848 2082 qua:
873 2003 1044 2070 nutrit
1073 2003 1255 2071 Israel,
1299 2025 1319 2057 ι
1356 2004 1410 2066 in
1440 2003 1703 2068 Hebraico
1734 2006 1867 2063 serie

295 2101 445 2162 ptum
473 2103 580 2164 est,
619 2111 948 2164 mammasce,
993 2096 1137 2171 quod
1187 2095 1378 2165 Aquila
1416 2104 1470 2159 et
1517 2097 1868 2166 Symmachus

294 2182 715 2252 interpretantur
745 2187 846 2240 ἀπὸ
868 2193 965 2250 τῶν
992 2185 1210 2257 ὑδάτων,
1243 2184 1590 2255 Septuaginta
1615 2197 1670 2248 οι
1696 2183 1869 2248 'l'beo-

297 2275 468 2341 dorio,
501 2278 602 2344 ἀπὸ
634 2285 736 2342 τῶι
765 2282 1134 2356 πατιστηρὲμη,
1168 2279 1308 2350 quod
1361 2277 1588 2343 alterum
1628 2279 1694 2339 de
1738 2278 1866 2340 ll‘l‘l-

294 2367 432 2437 guis,
466 2367 695 2432 alterum
743 2369 809 2432 de
849 2369 1128 2432 canalibus
1160 2368 1273 2431 sive
1314 2369 1537 2439 piscinis
1567 2378 1761 2434 sonat.
1810 2378 1868 2431 ut

294 2459 541 2524 videlicet
572 2460 822 2530 primitiae
849 2460 1112 2541 principis
1140 2475 1247 2524 non
1275 2460 1403 2524 alibi
1439 2461 1540 2520 nisi
1572 2461 1626 2516 in
1652 2462 1868 2530 irriguis

295 2551 620 2614 nutriantur.
662 2549 729 2614 Et
775 2551 1042 2620 quomoda
1090 2550 1144 2612 in
1197 2550 1563 2620 superioribus
1623 2549 1867 2620 legimus,

295 2639 683 2710 sexagesimam
721 2648 929 2720 partem
956 2641 1152 2706 dobere
1189 2639 1370 2706 ollerri
1394 2640 1644 2710 principi,
1672 2641 1739 2698 de
1782 2641 1867 2696 his

296 2744 414 2798 quae
443 2733 816 2808 apponduiitur
837 2771 851 2795 ,
886 2739 940 2794 ct
982 2746 1101 2802 quae
1130 2747 1396 2795 mensurae
1437 2732 1742 2800 suldacent,
1789 2732 1870 2794 sio

297 2834 443 2873 nunc
467 2819 833 2882 ducentesima
872 2838 997 2898 pars
1038 2823 1392 2886 animantium
1411 2823 1632 2893 iubetur
1662 2824 1866 2891 oﬁ‘orri,

297 2918 348 2963 ct
375 2909 740 2990 hujuscemodi
773 2912 901 2990 legis
931 2915 1211 2994 praeceptis
1231 2931 1448 2976 onmem
1474 2917 1724 2988 populum
1748 2934 1868 2984 esse

298 2998 614 3072 subjectum,
649 3008 706 3064 ut
732 2998 926 3066 oll‘erat
955 2999 1076 3062 duci
1117 3003 1234 3062 sive.
1265 3005 1517 3081 principi,
1545 3007 1687 3079 quod
1719 3006 1864 3069 vide...

297 3090 423 3144 licet
451 3107 546 3166 per
573 3090 720 3156 illum
744 3089 1053 3160 holocausta
1081 3102 1135 3158 et
1160 3095 1426 3158 sacriﬁcia
1456 3105 1511 3151 et
1534 3097 1788 3158 libamina
1812 3099 1868 3162 in

297 3180 520 3250 singulis
547 3182 974 3251 solemnitatibus
997 3183 1290 3254 oderantur
1323 3202 1417 3262 pro
1439 3189 1654 3263 populo,
1681 3197 1734 3252 et
1768 3204 1864 3246 cit-.-

297 3271 473 3342 pietur
512 3271 700 3327 domus
729 3274 843 3342 Dei.
998 3290 1105 3346 (luo
1147 3276 1701 3346 animadvertendum,
1725 3280 1870 3349 quod
1895 3264 1941 3329 Ο
1973 3276 2180 3330 stivitas
2232 3293 2244 3328 :

297 3365 565 3438 quomodo
612 3365 838 3444 populus
873 3367 1082 3422 debitor
1115 3378 1196 3424 est
1229 3370 1589 3446 primitiarum
1640 3371 1870 3436 nilei-en.

297 3461 485 3522 uarum
514 3455 764 3540 principi,
781 3456 859 3524 sic
878 3457 1127 3528 princeps
1149 3457 1358 3522 debitor
1370 3469 1453 3520 est
1475 3462 1655 3536 populi
1676 3462 1872 3526 ollerre

295 3561 396 3615 pro
418 3561 482 3612 eo
511 3546 774 3600 victimas.
814 3547 981 3628 Quem
1003 3547 1156 3618 juxta
1186 3550 1536 3622 tropologiam
1568 3570 1673 3620 non
1707 3554 1871 3610 alium

298 3636 594 3716 intelligere
640 3652 955 3706 possumus,
995 3639 1097 3693 nisi
1151 3640 1438 3704 Dominum
1491 3641 1866 3706 Salvatorem:

298 3728 399 3782 iste
421 3729 486 3782 de
507 3729 748 3794 ducentis
765 3733 1124 3790 animantibus
1146 3735 1371 3806 suscipit
1390 3736 1637 3803 arietem,
1654 3738 1788 3803 sive,
1812 3746 1872 3796 ut

298 3824 685 3893 signiﬁcantius
714 3824 1006 3881 l'lebraicus
1029 3845 1203 3884 sermo
1231 3832 1585 3896 demonstrat,
1616 3833 1868 3906 βὸκκημα,

297 3917 439 3984 quod
473 3917 538 3970 ad
575 3925 767 3979 cuncta
799 3919 1120 3982 animantia,
1174 3929 1228 3982 et
1258 3937 1363 3978 non
1391 3926 1607 3989 proprie.
1637 3925 1703 3976 ad
1733 3925 1872 3984 arie-

300 4011 405 4056 tem
438 4004 628 4068 referri
669 4013 862 4086 potest.
907 4005 974 4060 Et
1021 4007 1244 4075 suscipit
1274 4009 1472 4068 animal
1499 3996 1602 4072 .vci
1649 4016 1872 4072 arietem

298 4095 389 4162 qui
423 4099 656 4157 nutritus
683 4107 765 4151 est
797 4098 851 4162 in
873 4097 1006 4156 locis
1034 4099 1270 4174 irriguis,
1295 4109 1603 4164 sanctarum
1627 4103 1874 4164 videlicet

301 4183 732 4258 Scripturarum,
784 4199 837 4242 et
883 4199 1060 4268 potest
1083 4191 1297 4256 dicere:
1339 4210 1358 4252 ς
1403 4193 1660 4253 Dominus
1701 4197 1875 4270 pascit

301 4289 405 4338 mc,
423 4284 476 4340 et
504 4275 637 4336 nihil
665 4276 792 4332 mihi
829 4279 1018 4349 deerit,
1052 4280 1104 4333 in
1128 4280 1243 4336 loco
1266 4297 1479 4352 pascua:
1506 4284 1578 4343 ibi
1605 4301 1692 4349 me
1713 4285 1874 4340 collo-

300 4369 440 4422 cavit
466 4387 478 4422 :
509 4385 669 4442 super
713 4387 880 4452 aquas
927 4371 1236 4429 refectionis
1281 4357 1541 4430 educavit
1584 4391 1669 4438 me
1699 4376 1870 4448 (Psal.

303 4461 459 4530 χχιι).
495 4482 513 4513 ι
553 4462 678 4517 Haec
708 4475 862 4519 erant
886 4466 1110 4537 irrigua,
1139 4468 1246 4522 imo
1297 4476 1352 4525 et
1386 4470 1600 4530 canales
1629 4474 1696 4530 ad
1742 4487 1876 4540 quos

300 4568 352 4611 ct
375 4554 540 4622 Jacob
569 4557 794 4624 ducebat
837 4576 1025 4634 pecora
1069 4578 1166 4622 sua
1198 4559 1348 4634 (Cen.
1378 4563 1528 4632 xxx),
1562 4571 1620 4620 ut
1665 4565 1718 4618 in
1746 4565 1875 4634 ipsis

301 4647 546 4700 biberent
572 4653 732 4715 atque
759 4649 1122 4716 conciperent,
1156 4661 1209 4706 et
1243 4651 1398 4719 juxla
1429 4653 1706 4721 virgarum
1732 4654 1874 4712 celo-

302 4736 419 4790 rt‘im
470 4735 610 4791 fetus
654 4737 873 4791 ederent
912 4737 1169 4808 Domino;
1224 4757 1320 4809 pro
1375 4742 1639 4798 sacriﬁcio
1682 4743 1875 4816 Aquila

300 4839 355 4880 et
382 4828 740 4898 Symmachus
780 4827 975 4882 donum
1007 4829 1430 4900 interpretantur
1458 4849 1470 4883 :
1504 4833 1647 4902 quod
1682 4833 1736 4886 in
1765 4832 1870 4887 lle-

303 4919 486 4972 liraico
535 4918 730 4972 dicitur
759 4919 974 4983 Manaa,
1005 4930 1061 4976 et
1102 4921 1317 4994 proprie
1368 4938 1474 4980 non
1522 4923 1754 4991 pertinet
1805 4924 1874 4982 ad

303 5010 550 5074 hostiam,
576 5010 668 5064 sed
698 5009 762 5063 ad
789 5027 850 5064 ea
880 5027 1000 5086 qua:
1031 5028 1097 5066 ex
1126 5012 1299 5066 simila
1325 5022 1379 5069 et
1407 5013 1640 5094 polenta,
1667 5024 1721 5070 et
1752 5015 1875 5080 olea,

301 5098 597 5152 offeruntur
629 5100 685 5153 in
712 5101 997 5156 sacriﬁcio.
1031 5101 1412 5162 Holocaustum
1443 5119 1572 5165 vero
1601 5114 1700 5169 est,
1734 5107 1877 5178 quod

247 5242 250 5245 ,
304 5197 471 5243 totum
497 5188 720 5252 offertur
754 5191 863 5246 Deo
906 5200 960 5254 et
994 5208 1147 5252 sacro
1189 5193 1311 5263 igne
1339 5196 1690 5257 consumittu‘.
1724 5197 1877 5260 Paci-

302 5278 426 5344 ﬁca,
449 5282 661 5348 quando
693 5283 1103 5354 reconciliantur
1131 5285 1260 5352 Deo,
1276 5295 1330 5342 et
1349 5301 1448 5356 pro
1473 5288 1628 5354 nobis
1650 5288 1877 5364 Aposto-

302 5365 387 5421 lus
421 5365 654 5437 loquitur
695 5388 707 5423 :
751 5389 770 5420 (
822 5370 1112 5432 Precaniur
1143 5387 1240 5450 pro
1265 5372 1509 5440 Christo,
1556 5377 1873 5437 reconcilia-

299 5458 435 5512 mini
464 5459 571 5514 Deo
598 5459 685 5535 (ΙΙ
711 5461 831 5515 Cor.
861 5462 936 5532 v).
970 5482 988 5514 ›
1026 5461 1093 5516 Et
1118 5463 1168 5516 in
1202 5463 1308 5517 alio
1336 5465 1452 5528 loco
1481 5485 1492 5518 :
1529 5485 1546 5518 σ
1584 5467 1726 5528 Deus
1754 5476 1874 5530 erat

301 5547 357 5602 in
381 5547 597 5604 Christo
625 5554 880 5608 mundum
917 5553 1269 5610 reconcilians
1290 5556 1391 5610 sibi
1430 5555 1641 5629 (Ibid),
1688 5579 1708 5620 ι

339 5640 342 5642 ’
372 5639 478 5694 Iste
502 5652 680 5702 autem
712 5646 978 5720 princeps,
1016 5649 1099 5704 cui
1125 5649 1377 5719 primitiae
1403 5648 1470 5704 de
1513 5652 1876 5715 animantibus

299 5731 617 5802 oli‘eruntur,
641 5736 754 5808 ipse
782 5748 864 5793 est
882 5749 935 5793 et
967 5755 1082 5812 rex,
1105 5751 1164 5796 ut
1198 5744 1251 5796 in
1275 5743 1450 5804 crucis
1479 5759 1689 5822 quoque
1720 5746 1871 5810 titulo

301 5823 702 5884 demonstratur
730 5827 1020 5887 Hazbraicis
1040 5842 1094 5886 et
1116 5833 1318 5890 Graecis
1346 5835 1542 5890 litteris
1557 5851 1620 5890 ac
1640 5835 1868 5904 Latinis,

1969 1991 2352 2068 festivitatem,
2391 2005 2451 2060 ut
2484 2012 2552 2062 ei;
2594 1999 2725 2070 ipsis
2757 2001 3036 2066 ordinibus,
3070 2011 3124 2060 et
3157 2001 3540 2062 sacrificiorum

1971 2088 2078 2150 ritu
2109 2087 2365 2160 colligere
2391 2089 2658 2159 possimus
2683 2091 2913 2160 qualiter
2943 2093 3306 2163 unusquisque
3334 2109 3401 2148 ex
3432 2091 3540 2148 suis

1971 2183 2184 2244 actibus
2211 2189 2264 2242 et
2294 2181 2793 2244 conversationihus
2827 2184 3029 2241 sanctis
3062 2183 3173 2246 Deo
3198 2183 3543 2244 festivitatem

1969 2275 2138 2342 possit
2162 2287 2375 2346 parare.
2413 2272 2588 2330 Prima
2614 2287 2742 2344 ergo
2763 2282 2845 2336 est
2870 2272 3133 2337 festivitas
3154 2275 3272 2345 Dei,
3303 2290 3419 2348 qua:
3449 2288 3540 2346 ap-

1970 2365 2199 2434 pellatur
2226 2363 2555 2424 indesinens.
2589 2363 2666 2424 De
2700 2365 2784 2424 llis
2819 2366 2964 2430 enim
2997 2367 3279 2426 mandatur
3304 2381 3421 2437 qua:
3463 2365 3539 2422 inv

1969 2437 2308 2521 desinenter,
2351 2463 2406 2508 et
2445 2455 2560 2514 sine
2599 2456 2704 2512 ulla
2740 2460 2962 2526 prorsus
3004 2457 3392 2532 interruptione
3432 2473 3527 2514 ma.

1969 2546 2160 2599 tutinis
2195 2553 2250 2598 et
2275 2533 2600 2614 vespertinis
2628 2547 2909 2608 sacriﬁciis
2942 2545 3256 2612 oderantur.
3289 2548 3543 2610 Mundam?-

1971 2635 2132 2708 igitur
2180 2636 2531 2698 festivitatuin
2581 2637 2752 2706 ritus,
2794 2653 2902 2700 non
2951 2639 3126 2712 primo
3177 2639 3361 2704 statim
3399 2639 3544 2702 venit

1969 2725 2036 2780 ad
2069 2727 2414 2784 festivitatem
2453 2726 2704 2792 Paschae,
2748 2743 2924 2798 neque
2958 2729 3027 2788 ad
3055 2730 3415 2802 Azymorum,
3451 2744 3546 2790 nea

1968 2831 2071 2894 que
2119 2816 2186 2870 ad
2239 2816 2621 2892 ScenOpegiai,
2671 2817 2910 2894 aliasque
2950 2819 3016 2874 de
3063 2820 3258 2888 quibus
3292 2819 3540 2895 prmcipi~

1970 2915 2088 2972 tur,
2141 2907 2235 2961 sed
2269 2907 2408 2964 lianc
2453 2907 2681 2980 primam
2728 2908 2903 2978 posuit
2957 2908 3012 2964 in
3066 2923 3170 2986 qua
3215 2910 3541 2970 sacriﬁcium

1967 2997 2274 3064 indesinens
2296 2998 2512 3059 mandat
2531 2996 2710 3058 oﬁ'erri
2729 3037 2743 3064 ,
2775 3013 2882 3068 quo
2911 2997 3116 3058 scilicet
3147 3008 3398 3068 agnoscat
3420 3001 3539 3072 quis

1967 3089 2054 3152 ille
2085 3090 2195 3143 vult
2219 3104 2337 3144 esse
2356 3088 2624 3158 perfectus
2644 3097 2699 3142 et
2720 3098 2958 3156 sanctus,
2982 3090 3108 3158 quia
3130 3105 3236 3154 non
3257 3090 3542 3166 aliquando

1968 3181 2183 3250 quidem
2232 3181 2436 3251 agenda
2470 3189 2554 3235 est
2582 3181 3048 3251 De0,.aliquantlo
3083 3198 3190 3244 non
3227 3184 3436 3260 agenda
3466 3185 3542 3238 fe,

2297 3273 2388 3330 sed
2438 3290 2650 3354 semper
2683 3284 2737 3335 et
2772 3275 3133 3338 indesinenter
3165 3274 3343 3346 justus
3383 3293 3548 3353 agere

1973 3370 2131 3436 debet
2161 3369 2306 3434 diem.
2348 3368 2564 3432 festum.
2610 3369 2946 3430 Sacriﬁcium
2970 3385 3204 3440 namque
3229 3369 3371 3442 quod.
3400 3371 3541 3434 inde-

1973 3462 2234 3528 sinenter,
2261 3471 2316 3524 et
2344 3463 2399 3526 in
2430 3461 2708 3526 matutinis
2731 3472 2789 3524 et
2823 3461 2878 3516 in
2907 3462 3229 3531 vespertinis
3258 3464 3542 3526 mandatur

1972 3551 2176 3620 oﬁ‘erri,
2196 3555 2295 3612 hoc
2317 3553 2540 3624 iudicat,
2556 3560 2614 3616 ut
2633 3560 2688 3614 et
2710 3553 2761 3608 in
2778 3551 2892 3626 lege
2915 3568 2976 3610 ac
2996 3553 3272 3624 prophetis
3299 3569 3421 3626 qua:
3437 3570 3522 3616 ma

1975 3645 2203 3700 tutinum
2234 3652 2445 3714 tempus
2467 3643 2758 3704 ostendunt
2777 3683 2794 3713 ι
2818 3643 2946 3706 etin
2974 3644 3278 3716 evangelica
3304 3645 3543 3700 doctrina

1973 3751 2091 3806 qua:
2112 3736 2495 3806 vespertinum,
2522 3735 2575 3799 id
2596 3744 2694 3800 est,
2723 3735 2777 3794 in
2798 3749 3020 3804 vespera
3044 3735 3226 3796 mundi
3252 3735 3544 3792 Salvatoris

1973 3827 2209 3890 ostendit
2228 3828 2536 3898 adventura,
2555 3826 3183 3888 indesinentiintentione
3205 3827 3538 3898 persisteret.

1975 3919 2083 3982 llas
2123 3935 2251 3990 ergo
2285 3921 2418 3974 tales
2445 3919 2764 3976 festivitates
2794 3920 3049 3980 Dominus
3083 3920 3252 3982 dicit:
3292 3937 3312 3978 ς
3355 3918 3420 3972 Et
3443 3917 3537 3970 ob—

1976 4011 2261 4064 servabitis
2297 4010 2411 4064 dies
2441 4010 2608 4064 festos
2642 4024 2812 4070 meos.
2851 4028 2870 4059 ι
2921 4009 3042 4064 Dies
3071 4025 3200 4084 ergo
3237 4008 3406 4064 festus
3433 4008 3540 4062 Do-

1975 4101 2107 4160 mini
2141 4109 2242 4171 cst,
2279 4101 2322 4154 si
2351 4102 2398 4154 ei
2423 4101 2745 4159 sacriﬁcium
2768 4101 3133 4160 indesinenter
3158 4101 3466 4165 ull'ctamus,
3497 4101 3546 4156 si

1976 4191 2092 4245 sine
2140 4191 2536 4246 intermissione
2565 4205 2811 4256 oremus;
2865 4192 2937 4246 ita
2987 4200 3044 4246 ut
3087 4193 3342 4254 ascendat
3370 4194 3542 4248 oratio

1976 4289 2192 4347 nostra,
2240 4283 2376 4336 sicut
2405 4283 2680 4336 incensum
2714 4283 2766 4336 in
2793 4294 3082 4352 conspectu
3115 4282 3234 4352 ejus
3267 4301 3452 4348 mane,
3488 4291 3543 4340 et

1976 4375 2204 4428 elcvatio
2233 4391 2486 4430 manuum
2512 4383 2816 4434 uestrarum
2845 4377 2939 4430 ﬁat
2971 4376 3018 4432 ei
3067 4378 3392 4434 sacriﬁcium
3419 4393 3540 4432 ves-

1975 4466 2243 4536 pertinum
2278 4465 2448 4539 (I’sal.
2495 4466 2638 4539 CXL).
2692 4466 2787 4524 Est
2817 4469 2977 4540 igitur
3023 4471 3194 4542 prima
3236 4470 3546 4526 solemnitas

1972 4556 2117 4629 jugis
2166 4557 2415 4612 sacriﬁcii
2465 4558 2545 4612 vel
2599 4559 2968 4624 indesinentis,
3019 4577 3140 4629 qua:
3187 4579 3216 4614 a
3257 4562 3548 4616 cultoribus

1901 4616 1953 4675 Β
1979 4649 2253 4716 Evangelii
2277 4664 2340 4702 eo
2372 4649 2532 4702 modo
2558 4665 2663 4720 quo
2689 4666 2849 4717 supra
2872 4652 3236 4719 exposuimus,
3267 4651 3421 4708 debet
3450 4666 3544 4710 ex—

1977 4739 2130 4808 pleri.
2164 4740 2268 4791 Sed
2304 4740 2580 4810 quoniam,
2609 4740 2746 4794 sicut
2779 4741 3122 4809 propheticus
3149 4757 3327 4800 sermo
3354 4744 3546 4811 perdo-

1976 4832 2085 4884 cuit
2117 4831 2313 4903 (Amos.
2340 4832 2460 4901 vii),
2495 4832 2608 4893 dies
2637 4831 2759 4893 festi
2793 4843 3139 4904 peccatorum
3165 4845 3548 4896 convertuntur

1975 4921 2030 4980 in
2069 4921 2292 4986 luctum,
2322 4931 2377 4978 et
2416 4915 2626 4982 cantica
2677 4939 2860 4984 eorum
2908 4927 2961 4986 in
3003 4927 3302 4996 planctum;
3339 4938 3546 4988 certum

1972 5019 2054 5067 est
2076 5012 2200 5080 quia
2229 5013 2320 5080 qui
2363 5013 2593 5082 peccati,
2621 5022 2676 5070 et
2698 5016 2806 5086 agit
2830 5017 2944 5071 dies
2969 5019 3174 5087 peceati
3193 5057 3211 5084 ,_
3249 5035 3408 5088 agere
3439 5035 3546 5076 non

1977 5113 2157 5172 potest
2186 5105 2323 5164 diem
2353 5102 2546 5162 festum
2581 5123 2591 5158 :
2625 5115 2678 5163 et
2707 5108 2826 5166 ideo
2863 5108 2966 5168 illis
2994 5109 3178 5168 diebus
3203 5109 3394 5178 Quibus
3420 5125 3546 5179 βοο-

1977 5206 2097 5261 cat,
2125 5197 2319 5252 olfcrre
2363 5215 2468 5253 non
2504 5208 2682 5270 potest
2727 5201 3034 5258 indesinens
3065 5204 3390 5264 sacriﬁcium
3412 5205 3541 5262 Deo.

1979 5286 2084 5342 Sed
2134 5288 2221 5344 ille
2250 5287 2443 5346 oll'erre
2496 5299 2717 5359 potest,
2765 5292 2855 5366 qui
2903 5293 3267 5360 indesinenter
3315 5297 3550 5359 custodit

1970 5377 2253 5447 iustitiam,
2297 5389 2351 5440 et
2385 5390 2670 5442 conservat
2715 5383 3059 5455 semetipsum
3091 5401 3122 5448 ι)
3159 5394 3396 5455 peccato.
3431 5387 3548 5453 Qua

1976 5471 2062 5528 die
2081 5487 2144 5531 au
2154 5480 2264 5532 tutu,
2281 5472 2625 5542 interruperit
2650 5484 2702 5528 et
2723 5476 3044 5543 peccaverit,
3073 5486 3278 5552 certum
3301 5479 3548 5548 estquod

1973 5559 2141 5630 milia
2165 5564 2250 5620 die
2280 5578 2386 5622 non
2407 5563 2560 5619 offert
2588 5565 2912 5626 saeriiicium
2932 5567 3239 5628 indesinens
3260 5568 3390 5627 Deo.
3416 5569 3550 5635 Quae

1975 5661 2059 5712 est
2088 5663 2272 5714 autem.
2297 5654 2560 5711 festivitas
2583 5657 2808 5723 sabbati,
2835 5659 2940 5720 nisi
2968 5659 3058 5716 illa
3086 5661 3150 5716 de
3176 5677 3281 5732 qua
3310 5661 3544 5730 Animos

1974 5741 2057 5799 lus
2087 5739 2218 5805 dicit
2249 5760 2263 5796 :
2306 5761 2324 5792 ‹
2361 5744 2712 5814 Relinquetur
2739 5764 2866 5820 ergo
2896 5751 3272 5817 sabbatismus,
3317 5751 3420 5811 lico
3463 5759 3546 5810 est

1973 5833 2187 5894 sabbati
2223 5833 2551 5907 observatio,
2580 5835 2777 5911 populo
2820 5841 2916 5897 Dei
2947 5841 3131 5914 (Hebr.
3164 5845 3261 5914 iv).
3300 5862 3318 5895 ι
3357 5842 3540 5898 Relin-
