4112 6364
482 335 484 338 ’
552 369 686 428 tost

1180 367 1242 420 Β.
1281 365 1538 420 RABANI
1571 362 1792 419 MAURl
1824 361 2145 418 ARCHIEP.
2185 359 2494 417 MOGUNT.
2531 355 2816 414 OPERUM
2855 355 3041 412 PARS
3075 355 3144 411 ll.

3666 352 3817 442 me

550 487 777 553 quentes
811 492 938 549 ergo
965 475 1218 532 .udaicas
1247 464 1460 531 Sabbati
1494 473 1919 538 observationes,
1951 470 2125 541 qualis
2149 481 2202 542 Α
2225 470 2328 527 bus
2352 470 2605 540 operibus
2625 469 2756 534 suis,
2785 468 3038 524 saeculum
3060 467 3319 532 futurum,
3347 474 3477 521 tunc
3499 479 3626 520 cum
3648 465 3815 520 aufu-

551 576 742 631 debeat
778 587 899 629 esse
925 571 1233 628 Christiano
1262 572 1470 627 sabbati
1499 570 1804 626 observatio
1827 568 2122 623 videamus.

552 667 650 722 Die
677 666 887 723 sabbati
915 664 1049 720 nihil
1080 677 1149 720 ex
1172 665 1426 720 omnibus
1463 663 1644 718 mundi
1682 663 1892 718 actibus
1915 668 2130 730 Oportet

551 757 786 828 operari.
845 756 904 810 Si
951 769 1092 826 ergo.
1117 755 1332 811 desinas
1378 754 1448 808 ab
1494 754 1746 809 omnibus
1782 752 2128 808 saecularibus

551 848 803 920 operibus
823 886 838 913 ,
864 857 921 902 et
943 846 1076 901 nihil
1104 847 1436 901 mundanum
1463 859 1618 914 geras
1635 883 1650 908 ,
1677 844 1771 898 sed
1799 843 2129 913 spiritalibus

552 939 812 1011 operibus
837 953 1020 1003 vaces,
1060 937 1129 992 ad
1149 935 1435 992 ecclesiam
1465 935 1778 1000 convenias,
1807 933 2128 988 lectionibus

551 1030 750 1084 divinis
775 1036 834 1085 et
861 1028 1179 1084 tractatibus
1212 1041 1397 1082 aurem
1439 1027 1702 1095 praebeas,
1725 1025 1791 1080 de
1817 1024 2130 1079 caelestibus

549 1121 780 1192 cogites,
825 1121 894 1176 de
932 1119 1112 1174 futura
1139 1133 1234 1189 spe
1273 1118 1685 1174 sollicitudinem
1719 1130 1897 1188 geras,
1941 1124 2130 1171 ventu-

552 1229 673 1268 rum
721 1212 983 1283 judicium
1009 1226 1120 1282 pra:
1159 1210 1333 1266 oculis
1379 1209 1596 1274 habeas,
1643 1225 1748 1264 non
1775 1209 2034 1278 respicias
2063 1210 2131 1266 ad

551 1306 838 1380 praesentia
886 1314 942 1362 et
968 1305 1220 1373 visibilia,
1259 1307 1352 1361 sed
1399 1306 1466 1360 ad
1493 1305 1785 1360 invisibilia
1818 1313 1874 1360 et
1903 1304 2083 1358 futura
2113 1321 2126 1356 :

555 1401 670 1454 haec
711 1409 797 1456 est
833 1399 1140 1456 observatio
1169 1399 1378 1455 sabbati
1406 1399 1760 1456 Christiano:
1801 1401 1895 1456 sed
1940 1401 2054 1454 haec
2078 1406 2133 1454 et

551 1491 719 1548 Judaei
746 1493 1036 1547 observare
1057 1491 1333 1547 deberent.
1367 1491 1606 1560 Denique
1632 1491 1795 1546 etiam
1820 1491 1962 1561 apud
1989 1490 2132 1560 ipsos

552 1583 597 1638 si
624 1583 798 1650 faber,
845 1585 892 1640 si
930 1593 1184 1649 structor,
1222 1593 1278 1639 et
1324 1585 1369 1639 si
1404 1585 1496 1654 qui
1542 1584 1848 1655 hujusmodi
1883 1582 2133 1653 opiﬁcum

552 1672 733 1740 fuerit,
757 1676 960 1731 otiatur
989 1676 1045 1730 in
1071 1677 1157 1730 die
1197 1675 1424 1730 sabbati.
1459 1675 1653 1730 Lector
1690 1685 1871 1729 autem
1899 1673 2032 1744 legis
2057 1673 2136 1728 di-

550 1765 688 1820 vinae
713 1767 798 1821 vel
825 1766 1016 1822 doctor
1057 1781 1167 1821 non
1197 1766 1398 1821 desinit
1423 1779 1454 1819 a
1485 1765 1628 1820 bono
1658 1779 1840 1835 opere,
1869 1773 1924 1818 et
1957 1774 2134 1818 tamen

2227 564 2335 635 giet
2359 563 2514 619 dolor
2539 570 2593 617 et
2617 562 2837 618 tristitia
2867 573 2923 616 et
2949 562 3200 634 gemitus,
3228 569 3285 616 et
3311 561 3414 616 erit
3438 559 3624 616 omnia
3651 567 3711 614 et
3753 557 3816 612 in

2227 654 2475 709 omnibus
2496 655 2658 710 Deus.
2684 653 2743 707 ln
2770 668 2878 723 quo
2912 653 3138 708 sabbato
3164 651 3426 707 concedat
3453 651 3619 706 etiam
3652 648 3819 704 nobis

2230 745 2369 800 Deus
2391 745 2532 799 diem
2559 743 2756 800 festum
2779 759 2938 813 agere
2965 759 3172 811 secum,
3201 759 3323 798 cum
3351 743 3558 798 sanctis
3601 739 3819 810 angelis

2229 836 2341 892 suis
2387 835 2523 892 festa
2570 835 2875 902 celebrare;
2908 832 3194 891 ofl‘ereum
3229 834 3558 890 sacriﬁcium
3607 835 3815 904 laudis,

2228 934 2284 981 et
2307 926 2589 981 reddentes
2607 925 2882 982 Altissimo
2901 934 3029 982 vota
3059 935 3264 982 nostra.
3297 925 3454 984 Tunc
3479 925 3733 984 fortassis
3758 936 3818 984 et

2229 1015 2556 1072 sacriﬁcium
2611 1017 2942 1082 indesinens,
2994 1018 3062 1072 de
3101 1033 3208 1087 quo
3252 1033 3413 1088 supra
3461 1021 3817 1088 exposuimus

2229 1106 2419 1161 melius
2445 1104 2740 1161 offeretur:
2769 1115 2896 1161 tunc
2929 1106 3073 1162 enim
3101 1106 3292 1161 melius
3320 1107 3697 1162 indesinenter
3723 1123 3815 1164 as-

2231 1199 2420 1253 sistere
2448 1199 2627 1252 anima
2650 1199 2851 1267 poterit
2872 1197 2983 1252 Deo
3010 1207 3066 1253 et
3086 1197 3280 1253 offerre
3326 1198 3655 1254 sacriﬁcium
3702 1200 3818 1255 lau-

2233 1287 2315 1342 dis
2355 1301 2453 1356 per
2502 1287 2810 1356 pontiﬁcem
2855 1303 3131 1359 magnum,
3190 1289 3281 1360 qui
3326 1299 3408 1346 est
3453 1292 3714 1346 sacerdos
3761 1293 3818 1346 in

2230 1388 2512 1445 aeternum,
2541 1380 2830 1434 secundum
2868 1382 3112 1435 ordinem
3164 1382 3577 1440 Melchisedech.
3629 1385 3816 1441 Tertia

2232 1470 2499 1525 festivitas
2519 1471 2736 1540 ponitur
2760 1470 3066 1527 Neomeniae
3099 1472 3234 1539 dies,
3267 1475 3322 1529 in
3369 1490 3476 1545 qua
3507 1474 3736 1530 offertur
3763 1487 3822 1530 et

2233 1561 2410 1616 hostia
2439 1561 2579 1616 sicut
2625 1561 2884 1631 scriptum
2929 1571 3055 1616 est:
3095 1581 3114 1614 ‹
3157 1563 3217 1617 In
3256 1563 3500 1619 calendis
3543 1575 3747 1630 autem,
3793 1586 3812 1616 ι

2235 1656 2288 1710 id
2312 1664 2417 1721 est,
2443 1655 2498 1710 in
2527 1657 2793 1710 mensium
2813 1656 3071 1723 exordiis,
3107 1676 3127 1709 ι
3171 1655 3408 1713 oﬂ‘eretis
3441 1659 3816 1714 holocaustum

2237 1746 2484 1811 Domino,
2531 1764 2550 1797 ›
2592 1754 2694 1801 etc.
2729 1745 3020 1801 Neomenia
3049 1756 3228 1802 autem
3276 1749 3474 1802 dicitur
3505 1766 3644 1804 nova
3669 1751 3818 1805 luna.

550 1857 833 1912 sabbatum
879 1874 988 1913 non
1035 1857 1391 1914 contaminat.
1436 1856 1495 1912 Si
1539 1858 1683 1912 enim
1715 1857 1844 1912 dicit
1883 1858 1950 1911 ad
1996 1872 2129 1911 eos:
2162 1847 2209 1905 Β
2236 1834 2332 1889 Est
2351 1850 2480 1906 ergo
2507 1843 2563 1890 et
2584 1836 2687 1890 ista
2715 1835 3006 1902 festivitas,
3029 1852 3152 1892 cum
3175 1837 3302 1892 luna
3337 1839 3643 1894 innovatur.
3669 1840 3818 1894 Nova

557 1967 574 1998 ‹
615 1948 722 2004 Aut
761 1965 868 2004 non
892 1950 1101 2020 legistis
1124 1951 1251 2020 quia
1276 1949 1584 2005 sacerdotes
1607 1950 1662 2003 in
1685 1951 1884 2020 templo
1924 1950 2122 2006 sabba-

553 2047 666 2093 tum
693 2040 917 2106 violant,
952 2049 1009 2095 et
1029 2041 1146 2095 sine
1168 2041 1395 2096 crimine
1418 2039 1586 2095 sunt?
1625 2039 1844 2110 (Matth.
1871 2039 1996 2110 xu.)
2034 2059 2054 2092 ›

624 2129 726 2196 Qui
755 2145 883 2201 ergo
907 2130 1142 2186 cessavit
1179 2131 1247 2185 ab
1281 2129 1534 2202 operibus
1577 2130 1761 2185 saeculi
1797 2136 1851 2183 et
1879 2129 2135 2198 spiritali-

549 2221 652 2277 bus
681 2221 891 2276 aCtibus
923 2230 1104 2286 vacat,
1134 2221 1235 2276 iste
1257 2229 1340 2276 est
1369 2222 1459 2290 qui
1491 2220 1819 2276 sacriﬁcium
1841 2219 2051 2275 sabbati
2079 2227 2136 2273 et

552 2314 695 2368 diem
720 2311 919 2369 festum
945 2315 1057 2384 agit
1080 2314 1447 2369 sabbatorum.
1474 2312 1658 2383 Neque
1686 2327 1850 2367 onera
1877 2319 2060 2382 portat
2081 2311 2134 2365 in

549 2405 657 2459 via.
701 2404 849 2461 Onus
873 2405 1016 2461 enim
1044 2413 1129 2461 est
1153 2418 1315 2460 omne
1338 2413 1640 2474 peccatum,
1683 2403 2136 2472 quemadmodum

553 2495 685 2550 dicit
710 2505 767 2552 et
791 2496 1060 2569 Propheta
1088 2517 1103 2556 :
1141 2520 1159 2551 ι
1196 2499 1351 2556 Sicut
1390 2515 1527 2556 onus
1553 2514 1716 2570 grave
1751 2505 1972 2568 gravata
2011 2505 2138 2552 sunt

551 2601 713 2658 super
760 2603 848 2644 me
888 2589 1084 2661 (Psal.
1137 2591 1409 2663 xxxvm).
1448 2611 1468 2644 ι
1526 2583 1714 2660 Neque
1763 2590 1908 2644 enim
1958 2589 2136 2660 ignem

555 2677 803 2733 accendit
835 2679 1005 2743 illum,
1041 2680 1249 2736 scilicet
1276 2682 1454 2752 ignem
1484 2681 1550 2736 de
1574 2695 1682 2750 quo
1711 2679 1908 2735 dicitur
1939 2697 1953 2733 :
1998 2697 2019 2730 ι
2062 2678 2139 2734 [te

555 2767 612 2822 in
640 2767 842 2823 lumine
869 2769 1012 2840 ignis
1050 2772 1237 2838 vestri,
1269 2779 1324 2826 et
1359 2772 1412 2826 in
1434 2771 1652 2827 flamma
1694 2787 1859 2843 quam
1889 2771 2139 2826 accendi-

555 2860 656 2916 stis
683 2861 740 2915 in
771 2862 994 2918 sabbato
1026 2865 1394 2934 unusquisque
1415 2864 1550 2935 (Isa.
1584 2863 1692 2935 1.).»
1729 2863 1835 2919 Sed
1859 2872 1913 2918 et
1942 2863 1995 2917 in
2021 2863 2138 2918 loco

556 2965 654 3006 suo
683 2959 737 3006 et
759 2967 868 3006 non
892 2956 1135 3023 procedit
1171 2970 1238 3010 ex
1264 2970 1350 3010 eo.
1381 2954 1514 3023 Quis
1537 2971 1666 3026 ergo
1686 2963 1772 3010 est
1797 2954 1947 3009 locus
1975 2953 2092 3023 ejus
2115 2953 2140 3007 ?

552 3041 761 3097 Anima:
781 3043 990 3099 scilicet
1007 3044 1287 3115 spiritalis.
1335 3043 1550 3100 Justitia
1578 3044 1729 3099 locus
1755 3044 1889 3115 ejus,
1914 3041 2134 3108 veritas,

557 3134 840 3204 sapientia,
883 3136 1266 3203 sanctiﬁcatio,
1303 3145 1357 3191 et
1396 3137 1576 3192 omnia
1615 3152 1734 3206 quae
1772 3134 2017 3190 Christus
2058 3143 2143 3190 est

2235 1934 2418 1979 autem
2457 1925 2658 1983 dicitur
2697 1941 2822 1982 cum
2879 1927 2979 1982 soli
3012 1929 3259 1997 proxima
3306 1929 3473 1984 fuerit
3518 1929 3715 1985 effecta
3765 1942 3820 1985 et

2232 2014 2389 2068 valde
2415 2015 2466 2069 ei
2498 2013 2809 2083 conjuncta,
2848 2016 2923 2070 ita
2959 2025 3019 2070 ut
3059 2018 3159 2072 sub
3207 2017 3456 2074 claritate
3483 2020 3604 2090 ejus
3629 2021 3814 2073 lateat.

2236 2104 2344 2160 Sed
2368 2107 2564 2161 mirum
2592 2106 2820 2162 fortasse
2850 2109 3112 2175 videatur,
3139 2110 3303 2165 immo
3351 2112 3681 2181 superﬂuum
3731 2112 3818 2167 lex

2235 2196 2417 2252 divina
2442 2198 2717 2254 mandare.
2747 2198 2887 2265 Quid
2911 2201 3054 2254 enim
3081 2201 3356 2273 religionis
3381 2205 3646 2259 condecet
3682 2205 3820 2258 lunae

2235 2303 2406 2353 nove,
2437 2289 2493 2344 id
2540 2299 2643 2356 est,
2681 2306 2804 2346 cum
2854 2291 3196 2364 conjungitur
3241 2294 3341 2348 soli
3384 2303 3440 2349 et
3483 2296 3730 2351 adhaeret
3771 2298 3817 2352 ei

2237 2381 2524 2437 observare
2551 2381 2917 2438 festivitatem.
2969 2383 3095 2440 Haec
3145 2387 3190 2439 si
3237 2387 3536 2443 secundum
3585 2389 3819 2444 litteram

2238 2473 2672 2541 considerentur,
2699 2491 2807 2530 non
2839 2485 2948 2531 tam
2981 2476 3228 2546 religiosa
3253 2495 3416 2548 quam
3447 2481 3820 2550 superstitiosa

2238 2564 2582 2621 videbuntur.
2611 2567 2717 2622 Sed
2745 2567 2950 2622 sciebat
2969 2568 3259 2639 Apostolus
3284 2570 3508 2637 Paulus,
3537 2573 3665 2642 quia
3711 2589 3818 2627 non

2239 2655 2305 2709 de
2334 2655 2420 2710 his
2447 2655 2684 2724 loquitur
2709 2656 2819 2723 lex,
2849 2672 3023 2727 neque
3051 2658 3215 2713 ullum
3258 2659 3424 2714 ritum
3450 2662 3578 2730 quia
3623 2661 3823 2716 Iudaeis

2238 2747 2512 2802 observari
2538 2747 2754 2802 videtur
2778 2757 2999 2804 sanctus
3042 2748 3279 2820 Spiritus
3302 2753 3571 2822 praecipit,
3601 2763 3656 2804 et
3701 2751 3821 2806 ideo

2240 2837 2308 2890 ad
2328 2852 2442 2904 eos,
2480 2841 2570 2909 qui
2600 2840 2761 2896 ﬁdem
2782 2843 2878 2898 Dei
2905 2855 3275 2916 susceperunt,
3310 2846 3527 2901 dicebat
3558 2862 3573 2898 :
3613 2845 3823 2901 «Nemo

2241 2949 2371 3004 ergo
2405 2934 2724 3003 vosjudicet
2751 2939 2804 2993 in
2831 2939 2953 2996 cibo
2979 2949 3073 2995 aut
3096 2941 3152 2995 in
3181 2933 3310 3011 potu
3344 2942 3519 2995 autin
3537 2949 3695 3013 parte
3719 2941 3824 2996 diei

2240 3022 2364 3078 festi
2391 3035 2484 3079 aut
2503 3028 2786 3082 neomenia
2816 3039 2909 3084 aut
2940 3031 3186 3097 sabbato,
3210 3046 3330 3103 quae.
3361 3041 3490 3087 sunt
3514 3033 3721 3087 umbrte
3744 3031 3826 3084 fu—

2244 3123 2486 3169 turorum
2546 3114 2770 3188 (Coloss.
2816 3124 2899 3191 ιι).
2949 3140 2968 3173 ι
3013 3120 3070 3177 Si
3114 3136 3243 3193 ergo
3281 3124 3474 3178 umbra
3516 3122 3827 3177 futurorum

553 3227 704 3283 locus
726 3228 918 3283 anima:
936 3237 1042 3284 est.
1070 3230 1147 3284 Ex
1175 3245 1283 3300 quo
1311 3230 1430 3286 loco
1451 3246 1573 3286 eam
1599 3245 1705 3286 non
1728 3237 1943 3300 oportet
1966 3229 2137 3297 exire,
2166 3224 2213 3287 C
2244 3216 2345 3270 es"
2374 3208 2678 3274 sabbatum,
2704 3210 2771 3263 de
2794 3225 2902 3280 (1υο
2924 3226 3024 3282 Ι)Γο
3079 3213 3291 3268 Viribus
3319 3228 3476 3283 supra
3523 3213 3826 3282 θῖρυείίνί-

560 3329 756 3375 utvera
773 3323 997 3377 sabbata
1021 3322 1310 3388 custodiat,
1323 3329 1379 3376 et
1398 3322 1541 3377 diem
1561 3321 1758 3378 festum
1780 3321 1835 3375 in
1855 3321 2140 3376 sacriﬁciis

554 3414 734 3482 exigat
753 3414 1118 3477 sabbatorum,
1152 3414 1292 3469 sicut
1313 3421 1367 3468 et
1392 3413 1654 3469 Dominus
1682 3412 1899 3468 dicebat
1926 3431 1938 3466 :
1978 3431 1997 3464 ι
2032 3411 2139 3480 Qui

565 3513 747 3558 manet
768 3503 823 3557 in
836 3518 922 3558 me
938 3512 993 3558 et
1003 3519 1102 3573 ego
1117 3505 1172 3558 in
1188 3520 1252 3559 eo
1267 3503 1448 3575 (Joan.
1465 3504 1578 3576 xv).
1603 3525 1622 3557 ›
1648 3503 1801 3570 Quod
1816 3512 1996 3558 autem
2009 3503 2144 3558 dixi-

561 3611 679 3650 mus
692 3609 820 3650 vera
835 3595 1056 3650 sabbata
1066 3596 1132 3661 ,si
1146 3596 1304 3651 altius
1320 3607 1624 3666 repetamus
1637 3611 1757 3667 quae
1767 3598 1874 3651 sint
1885 3610 2012 3650 vera
2028 3595 2144 3650 sab-

557 3689 703 3754 bata,
720 3687 860 3742 ultra
887 3688 1031 3743 hunc
1054 3690 1312 3744 mundum
1335 3697 1419 3744 est
1440 3703 1568 3743 vera
1587 3688 1798 3743 sabbati
1811 3686 2138 3743 observatio.

557 3778 709 3845 Quod
745 3779 887 3834 enim
924 3780 1185 3850 scriptum
1213 3787 1297 3835 est
1343 3779 1398 3833 in
1428 3777 1623 3834 Genesi
1677 3775 1830 3850 (Gen.
1880 3778 1972 3848 ιι),
2013 3778 2140 3848 quia

561 3869 828 3939 requievit
883 3871 1024 3926 Deus
1077 3870 1132 3924 in
1189 3871 1275 3926 die
1303 3869 1518 3925 sabbati
1567 3870 1635 3924 ab
1687 3869 1938 3938 operibus
1988 3870 2138 3934 suis,

561 3974 669 4014 non
700 3960 945 4015 videmus
975 3959 1060 4015 vel
1088 3968 1215 4015 tunc
1260 3960 1463 4015 factum
1517 3975 1638 4015 esse
1687 3960 1742 4014 in
1779 3960 1865 4014 die
1913 3960 2143 4028 septima

560 4050 646 4106 vel
693 4051 856 4106 etiam
906 4067 1054 4107 nunc
1099 4051 1238 4107 ﬁeri.
1281 4051 1508 4122 Semper
1535 4052 1704 4106 Deum
1744 4051 1991 4106 videmus
2015 4065 2142 4121 ope-

563 4146 695 4212 rari,
746 4153 800 4201 et
848 4146 1056 4201 nullum
1085 4147 1370 4202 sabbatum
1405 4155 1530 4214 est,
1582 4147 1638 4202 in
1689 4161 1797 4217 quo
1843 4162 1950 4202 non
1998 4145 2142 4201 Deus

563 4245 835 4306 operetur,
866 4236 922 4290 in
951 4253 1059 4308 quo
1090 4253 1198 4292 non
1241 4239 1503 4309 perducat
1555 4237 1724 4294 solem
1776 4255 1932 4294 suum
1979 4253 2142 4309 super

425 4339 442 4350 '
523 4381 526 4384 .
565 4327 732 4381 bonos
780 4336 836 4382 et
883 4328 1055 4384 malos
1082 4369 1099 4396 ,
1146 4339 1202 4384 et
1244 4330 1392 4399 pluat
1444 4345 1607 4400 super
1653 4331 1831 4402 justos
1875 4339 1930 4386 et
1968 4330 2142 4401 injus-

568 4431 650 4472 tos
702 4417 914 4488 (Matth.
957 4421 1032 4489 v).
1095 4437 1113 4470 ε
1149 4419 1208 4473 In
1257 4435 1366 4488 quo
1414 4435 1522 4475 non
1579 4422 1840 4491 producat
1885 4422 1941 4475 in
1988 4435 2144 4475 mon—

569 4508 716 4561 tibus
757 4507 964 4572 fcnum,
993 4516 1049 4561 et
1083 4507 1309 4563 herbam
1354 4509 1600 4562 servituti
1647 4509 1920 4564 hominum
1969 4506 2140 4581 (Psal.

2246 3311 2394 3362 mus;
2435 3307 2488 3352 et
2523 3300 2807 3355 neomenia
2852 3302 3044 3357 umbra
3090 3301 3391 3358 futurorum
3432 3312 3558 3358 est:
3601 3311 3828 3358 certum

2243 3400 2326 3448 est
2371 3395 2496 3462 quia
2521 3403 2577 3450 et
2607 3404 2814 3450 caeterte
2844 3395 3166 3452 festivitates
3196 3398 3442 3452 similiter
3463 3396 3671 3452 umbrae
3695 3407 3830 3452 sunt

2243 3487 2568 3544 futurorum.
2605 3490 2712 3546 Sed
2738 3507 2881 3547 nunc
2910 3493 3004 3565 dei
3027 3495 3311 3549 neomenia
3337 3494 3640 3549 videamus.
3678 3493 3824 3548 Dixi-

2244 3599 2364 3637 mus
2391 3584 2517 3652 quia
2546 3587 2841 3641 neomenim
2871 3585 3135 3640 festivitas
3183 3586 3506 3657 appellatur,
3533 3603 3658 3643 cum
3703 3587 3824 3641 luna

2243 3675 2490 3731 innovari
2536 3677 2766 3748 cmperit
2798 3688 2854 3732 et
2905 3677 3004 3733 soli
3044 3679 3292 3749 proxima
3338 3679 3458 3735 ﬁeri
3505 3681 3822 3749 penitusque

2243 3767 2548 3836 conjuncta.
2583 3767 2674 3822 Sol
2703 3767 2946 3837 justitiw,
2977 3767 3224 3825 Christus
3272 3780 3374 3825 est.
3408 3771 3546 3826 Huic
3591 3771 3640 3824 si
3677 3771 3819 3834 luna,

2244 3858 2298 3913 id
2339 3867 2441 3922 est,
2489 3857 2727 3914 Ecclesia
2776 3877 2894 3926 sua,
2939 3877 3058 3930 quae
3085 3861 3286 3917 lumine
3341 3863 3512 3933 ipsius
3564 3863 3820 3933 repletur,

2235 3949 2423 4018 juncta
2459 3949 2648 4016 fuerit,
2684 3959 2739 4004 et
2761 3952 2978 4020 penitus
2999 3952 3049 4007 ei
3074 3953 3384 4020 adhaeserit,
3416 3954 3494 4008 ita
3536 3963 3598 4008 ut
3637 3969 3825 4009 secun-

2244 4040 2369 4094 dum
2422 4040 2646 4094 verbum
2689 4040 2974 4112 Apostoli:
3007 4062 3026 4095 ‹
3071 4043 3163 4114 qui
3211 4059 3270 4100 se
3316 4045 3497 4117 jungit
3547 4046 3780 4101 Domino
3807 4084 3820 4108 ,

2242 4145 2383 4185 unus
2409 4146 2533 4185 cum
2567 4145 2632 4186 eo
2659 4131 2880 4202 spiritus
2910 4129 3000 4186 ﬁat
3042 4132 3092 4204 (1
3131 4131 3254 4188 Cor.
3290 4133 3400 4206 vt),
3443 4153 3463 4187 ι
3508 4143 3635 4191 tunc
3680 4133 3826 4189 festi-

2243 4219 2466 4276 vitatem
2497 4222 2796 4278 neomenia:
2822 4223 2952 4295 agit.
2988 4222 3139 4280 Tunc
3193 4226 3338 4280 enim
3387 4240 3526 4280 nova
3571 4224 3821 4290 efﬁcitur,

2245 4326 2368 4366 cum
2423 4311 2685 4382 abjecerit
2727 4323 2965 4370 veterem
3013 4316 3307 4384 hominem,
3333 4327 3390 4373 et
3432 4318 3622 4374 induta
3669 4318 3828 4374 fuerit

2245 4419 2464 4471 novum,
2507 4425 2527 4457 ι
2570 4407 2661 4475 qui
2691 4407 2984 4462 secundum
3030 4407 3199 4463 Deum
3233 4419 3447 4465 creatus
3495 4419 3586 4466 est
3613 4410 3821 4482 (Ephes,

2247 4494 2342 4564 ιν),
2391 4514 2409 4546 ι
2456 4503 2617 4566 atque
2649 4497 2723 4551 ita
2766 4484 2958 4553 merito
3002 4500 3362 4556 innovationis
3406 4501 3824 4564 solemnitatem,

567 4597 766 4668 ωιτη),
810 4615 830 4648 ι
865 4597 918 4650 in
945 4611 1053 4667 quo
1099 4612 1206 4652 non
1240 4597 1507 4668 percutiat
1531 4605 1588 4652 et
1623 4606 1795 4664 sanet,
1829 4576 2056 4653 deducat
2078 4599 2139 4653 ad

2247 4599 2367 4653 qua:
2413 4595 2495 4640 est
2543 4589 2838 4643 neomeniae
2883 4589 3165 4656 festivitas,
3198 4593 3355 4661 gerit.
3405 4590 3559 4648 Tunc
3602 4594 3829 4664 denique

569 4683 839 4742 infernu’m
862 4694 918 4740 et
952 4685 1193 4752 reducat,
1225 4685 1279 4740 in
1329 4701 1435 4758 quo
1482 4702 1586 4741 non
1631 4688 1840 4742 occidat
1883 4696 1937 4743 et
1963 4687 2145 4742 vivere

568 4778 753 4835 faciat.
783 4778 934 4834 Unde
957 4787 1013 4834 et
1055 4780 1311 4834 Dominus
1354 4780 1410 4834 in
1454 4779 1774 4851 Evangeliis,
1804 4795 1928 4835 cum
1974 4778 2144 4835 Judaei

567 4868 1094 4940 praescriberentsibi
1109 4869 1176 4924 de
1197 4869 1514 4939 operatione
1527 4879 1582 4924 et
1605 4870 1884 4927 curatione
1908 4871 2144 4937 sabbati,

571 4961 850 5032 respondit
875 4961 995 5016 eis:
1029 4979 1048 5012 ι
1091 4959 1251 5016 Pater
1289 4975 1442 5016 meus
1487 4976 1657 5030 usque
1696 4962 1855 5016 modo
1896 4969 2150 5032 operatur

572 5061 629 5106 et
677 5065 777 5121 ego
821 5065 1017 5122 operor
1058 5049 1239 5123 (Joan.
1266 5049 1346 5123 v).
1392 5069 1412 5103 ι
1451 5050 1752 5108 Ostendens
1782 5069 1881 5123 per
1921 5055 2038 5109 haec
2092 5054 2150 5108 in

577 5142 725 5197 nullo
770 5141 931 5212 hujus
976 5143 1158 5198 saeculi
1205 5144 1429 5200 sabbato
1484 5146 1821 5216 requiescere
1861 5146 2065 5212 Deum,
2116 5161 2149 5200 a

577 5232 1064 5302 disitensationibus
1088 5235 1294 5300 mundi,
1327 5245 1381 5289 et
1411 5252 1440 5289 a
1490 5237 1887 5305 provisionibus
1935 5235 2149 5307 generis

579 5325 820 5379 humani.
843 5325 977 5380 Nam
1003 5336 1278 5384 creaturas
1299 5329 1514 5396 quidem
1538 5327 1664 5383 fecit
1686 5344 1752 5381 ex
1779 5328 1933 5383 initio
1951 5338 2008 5383 et
2027 5329 2155 5383 sub-

580 5413 810 5468 stantias
834 5416 1076 5484 protulit,
1103 5426 1338 5487 quantas
1363 5418 1466 5473 sibi
1493 5417 1701 5473 sciebat
1732 5427 1789 5471 ut
1815 5427 1938 5488 pote
1970 5433 2153 5472 rerum

580 5503 860 5570 conditor,
892 5507 961 5562 ad
1000 5507 1384 5577 perfectionem
1434 5508 1618 5562 mundi
1661 5523 1819 5579 posse
1857 5505 2101 5562 sufﬁcere
2137 5524 2152 5560 :

582 5595 678 5653 sed
724 5611 895 5666 usque
938 5598 1006 5653 ad
1049 5601 1564 5655 consummationem
1611 5599 1813 5666 saeculi,
1852 5599 1921 5654 ab
1968 5613 2155 5654 earum

581 5681 895 5759 provisione
933 5698 988 5744 ct
1031 5691 1427 5761 dispensatione
1468 5710 1576 5750 non
1630 5703 1824 5751 cessat.
1869 5696 1988 5751 Erit
2025 5707 2156 5763 ergo

565 5784 776 5837 verum
803 5781 1110 5848 sabbatum,
1139 5784 1192 5838 in
1215 5800 1322 5855 quo
1343 5786 1704 5856 requiesceret
1724 5789 1866 5844 Deus
1891 5791 1962 5848 ab
1980 5796 2156 5849 omni-

2251 4686 2354 4742 est,
2396 4679 2610 4747 quando
2639 4697 2813 4751 neque
2841 4683 3010 4737 videri
3039 4699 3213 4753 neque
3233 4687 3616 4755 comprehendi
3642 4689 3829 4742 huma-

2250 4768 2335 4823 nis
2369 4770 2675 4839 aspectibus
2714 4782 2912 4841 potest.
2955 4772 3150 4829 Anima
3195 4775 3339 4829 enim
3388 4792 3513 4832 cum
3560 4785 3732 4834 totam
3776 4795 3831 4832 se

2251 4861 2539 4915 sociaverit
2566 4861 2814 4930 Domino,
2845 4872 2900 4920 et
2944 4865 2998 4919 in
3029 4865 3371 4934 splendorem
3396 4866 3530 4922 lucis
3556 4870 3678 4936 ejus
3723 4877 3826 4922 tota

2250 4951 2598 5016 concesserit,
2631 4952 2872 5022 nihilque
2893 4956 3114 5009 omnino
3146 4964 3414 5010 terrenum
3445 4956 3669 5026 cogitat,
3702 4957 3830 5010 nihil

2250 5045 2580 5098 mundanum
2608 5045 2853 5114 requirit,
2884 5062 2984 5101 nec
3014 5046 3319 5102 hominibus
3361 5047 3579 5117 placeue
3631 5048 3829 5110 studet,

2247 5135 2344 5188 sed
2368 5142 2534 5188 totam
2575 5149 2633 5189 se
2677 5135 2952 5205 sapientiae
2997 5135 3208 5203 lumini,
3234 5145 3400 5193 totam
3449 5137 3622 5194 calori
3658 5141 3830 5194 sancti

2253 5223 2486 5295 Spiritus
2507 5227 2927 5297 mancipaverit,
2959 5228 3168 5283 subtilis
3213 5238 3269 5284 et
3313 5228 3572 5299 spiritalis
3615 5230 3830 5296 effecta,

2252 5313 2522 5390 quomodo
2551 5321 2700 5375 cerni
2754 5320 2822 5375 ab
2864 5320 3171 5376 hominibus
3218 5329 3312 5376 aut
3356 5321 3611 5378 humanis
3653 5334 3833 5393 potest

2253 5415 2634 5488 conspectibus
2679 5415 3042 5486 apprehendi?
3071 5414 3331 5470 Animalis
3387 5430 3626 5485 namque
3668 5414 3835 5470 homo

2255 5504 2555 5575 intelligere
2581 5514 2635 5559 et
2678 5505 2984 5560 discernere
3030 5521 3136 5559 non
3181 5513 3357 5574 potest
3395 5504 3720 5576 spiritalem.
3772 5506 3838 5559 Et

2254 5593 2377 5649 ideo
2412 5593 2724 5664 dignissime
2756 5594 2895 5648 diem
2924 5593 3120 5650 festum
3153 5603 3276 5665 aget
3321 5602 3376 5650 et
3423 5593 3660 5649 hostiam
3707 5609 3840 5650 neo-

2255 5687 2447 5740 menize
2481 5686 2728 5752 Domino,
2760 5695 2941 5755 utpote
2989 5703 3086 5756 per
3125 5687 3298 5757 ipsum
3328 5688 3580 5741 innovata
3620 5685 3838 5757 jugula-

2255 5778 2352 5834 bit.
2416 5778 2620 5847 Quarto
2664 5779 2719 5833 in
2755 5778 2873 5834 loco
2918 5781 3134 5850 ponitur
3184 5781 3328 5836 inter
3370 5779 3699 5836 festivitates
3741 5777 3832 5832 Dei
