4112 6364
476 386 479 389 ’
535 396 676 457 1035

533 515 773 582 Domini,
805 520 933 571 tunc
961 511 1012 569 ei
1036 510 1360 585 propitietur
1389 510 1532 566 Deus
1564 525 1578 562 :
1615 514 1671 563 et
1717 516 1846 562 tunc
1892 504 1962 560 ad
2005 517 2127 559 eam
2155 506 2210 569 Α

532 607 683 667 venit
711 605 820 673 ille,
854 617 1013 676 quem
1055 601 1335 672 pr0posuit
1362 601 1502 656 Deus
1544 597 1983 669 propitiatorium
2030 610 2128 666 per

533 700 695 757 fidem
724 697 782 753 in
829 693 1091 769 sanguine
1138 708 1237 747 suo
1281 690 1531 747 Christus
1573 689 1731 746 Jesus
1780 687 2043 743 Dominus
2075 693 2129 740 et

532 790 865 860 Redemptor
909 783 1024 854 ejus
1051 783 1103 857 (I
1131 782 1296 839 Joan.
1324 783 1408 856 ιι).
1438 782 1555 837 Jam
1594 796 1723 837 vero
1750 779 1971 834 ultimus
2014 778 2129 833 dies

534 882 706 939 festus
736 878 854 945 Dei,
882 878 973 948 qui
1002 876 1089 939 sit,
1125 891 1232 951 quo
1255 875 1397 930 Deus
1442 875 1657 929 laetatur
1692 872 1748 928 in
1784 871 2023 935 homine,
2048 868 2129 923 vi—

535 973 712 1028 deam.
771 968 1167 1039 Seenophegia,
1200 966 1394 1036 inquit.
1422 964 1663 1020 Laetatur
1706 977 1836 1034 ergo
1864 976 2025 1034 super
2053 967 2123 1024 te,

539 1079 667 1120 cum
717 1062 921 1118 viderit
948 1061 1000 1115 in
1028 1061 1133 1115 hoc
1160 1058 1363 1114 mundo
1393 1058 1448 1111 in
1489 1053 1854 1111 tabernaculis
1881 1053 2131 1108 habitan-

536 1163 668 1219 tem,
704 1168 830 1210 cum
856 1160 911 1207 te
944 1150 1140 1205 viderit
1165 1165 1273 1205 non
1307 1148 1506 1203 habere
1550 1146 1716 1201 fixum
1746 1154 1801 1200 et
1846 1142 2129 1199 fundatum

540 1244 782 1301 animum
807 1258 871 1298 ac
899 1242 1235 1315 propositum
1270 1254 1431 1311 super
1460 1247 1653 1303 terras,
1689 1253 1788 1293 nec
1817 1235 2130 1291 desideran-

536 1342 649 1391 tem
699 1348 820 1404 qum
884 1340 1099 1387 terrena
1153 1338 1308 1396 sunt,
1355 1344 1456 1385 nec
1499 1330 1749 1383 umbram
1805 1327 1929 1381 vita:
1970 1324 2130 1395 hujus

479 1424 489 1437 ’
537 1427 693 1499 quasi
719 1425 1113 1497 possessionem
1142 1423 1423 1493 propriam
1452 1428 1506 1475 et
1528 1427 1845 1490 perpetuam
1873 1419 2130 1488 deputan-

540 1531 671 1587 tem,
711 1519 806 1574 sed
836 1519 983 1573 velut
1008 1518 1063 1571 in
1108 1517 1340 1571 transitu
1369 1515 1629 1585 positum,
1661 1522 1716 1568 et
1741 1514 1808 1569 ad
1836 1527 2022 1567 veram
2066 1511 2132 1567 il-

536 1611 645 1667 lam
673 1612 905 1683 patriam
928 1609 1070 1664 unde
1090 1624 1343 1682 egressus
1365 1615 1469 1673 est,
1497 1606 1758 1679 paradisi,
1785 1605 2129 1661 festinantem

539 1716 604 1756 ac
616 1700 915 1756 dicentem:
938 1718 956 1751 ι
976 1699 1153 1755 lncola
1166 1714 1263 1772 ego
1281 1714 1397 1754 sum
1412 1706 1466 1754 et
1498 1697 1817 1769 peregrinus
1839 1696 1979 1751 sicut
2010 1711 2128 1751 om-

537 1806 636 1847 nes
655 1800 837 1862 patres
854 1791 961 1845 mei
1001 1788 1173 1863 (Psal.
1200 1790 1449 1859 xxxviii).
1480 1776 1501 1840 ι
1527 1789 1583 1843 ln
1603 1786 1963 1843 tabernaculis
1984 1786 2126 1841 enim

1176 369 1247 446 n.‘
1277 379 1533 448 manu
1568 384 1790 447 MAURI
1825 380 2150 442 ARCHIEP.
2188 374 2501 440 uocum.
2540 374 2830 437 oesnou
2866 372 3049 433 mus
3085 374 3150 431 ιι.

3672 372 3818 433 1056

2232 499 2347 555 rite.
2376 495 2525 552 Pone
2553 494 2803 561 virtutes,
2836 498 3158 567 potestates,
3186 489 3361 556 sedes,
3393 486 3817 555 dominationes,

2230 603 2393 662 atque
2417 604 2579 646 omne
2606 602 2805 643 nomen
2825 585 3255 641 clarissimarum
3277 580 3693 651 cmlestiumque
3710 581 3822 637 vir-

2230 687 2424 746 tutum,
2449 694 2557 734 non
2578 677 2777 743 solum,
2803 675 2949 748 quod
2973 674 3027 729 in
3050 672 3305 746 praesenti
3332 669 3527 726 szeculo
3566 669 3822 726 nomina-

2231 780 2341 838 tur,
2372 772 2469 827 sed
2490 770 2637 841 quod
2660 768 2826 825 etiam
2853 767 2911 821 in
2938 765 3139 822 futuro.
3171 764 3317 819 Inter
3337 762 3434 818 hos
3467 777 3661 817 omnes
3685 776 3823 818 eon-

2231 863 2432 929 sidera,
2463 869 2518 917 et
2541 858 2748 931 conjice
2779 854 3053 931 quomodo
3073 856 3159 928 agi
3184 855 3395 928 possint
3424 853 3539 908 dies
3565 850 3691 908 festi
3715 851 3825 907 Do-

2230 954 2386 1022 mini,
2410 969 2529 1025 quae
2580 953 2655 1009 ibi
2702 951 2995 1016 festivitas,
3041 964 3163 1020 qua:
3208 947 3425 1021 gaudia,
3455 960 3576 1016 qua:
3621 944 3825 1003 laetitia

2230 1046 2566 1119 magnitudo.
2596 1044 2735 1100 Nam
2764 1044 2830 1100 de
2866 1043 2954 1098 his
2980 1056 3117 1112 quas
3143 1057 3307 1112 supra
3333 1038 3571 1095 diximus
3599 1038 3824 1108 spirita-

2230 1136 2372 1192 libus
2416 1135 2819 1202 festivitatibus,
2854 1134 3021 1190 etiam
3069 1133 3116 1189 si
3158 1146 3366 1203 magna:
3417 1137 3548 1187 sunt
3596 1137 3653 1184 et
3697 1142 3828 1185 vere

2229 1228 2516 1300 prmeipua:
2532 1243 2655 1283 cum
2682 1224 2999 1300 spiritaliter
3026 1232 3288 1297 geruntur
3310 1222 3366 1281 in
3391 1222 3577 1279 anima
3594 1261 3611 1287 ,
3641 1228 3825 1277 tamen

2232 1334 2297 1373 ex
2325 1328 2479 1391 parte
2508 1326 2655 1385 sunt,
2692 1334 2802 1374 non
2830 1332 2899 1374 ex
2924 1318 3155 1388 integro.
3183 1316 3266 1373 Ex
3289 1323 3445 1387 parte
3480 1328 3614 1389 ergo
3637 1313 3694 1367 in
3720 1313 3823 1369 hoc

2232 1410 2433 1465 mundo
2446 1410 2618 1465 sancti
2633 1409 2955 1481 aguntdiem
2970 1407 3408 1479 festum,quiaex
3433 1414 3593 1481 parte
3624 1405 3827 1469 sciunt,

2232 1511 2287 1558 et
2303 1518 2371 1558 ex
2394 1512 2548 1573 parte
2562 1502 2908 1574 pmphetant.
2925 1500 3060 1557 Cum
3074 1510 3257 1558 autem
3278 1498 3553 1563 venerint,
3568 1513 3695 1569 qua:
3707 1512 3832 1569 per-

2231 1592 2372 1651 fecta
2408 1601 2555 1660 sunt,
2579 1594 2861 1650 destruent
2897 1593 3002 1649 ista
3038 1608 3160 1664 qua:
3187 1606 3255 1651 ex
3279 1599 3434 1671 parte
3466 1597 3597 1649 sunt
3617 1588 3683 1663 (Ι
3702 1588 3829 1645 Cor.

2234 1684 2381 1755 xm).
2416 1682 2570 1740 Sicut
2585 1685 2729 1739 enim
2754 1683 3010 1756 perfecta:
3033 1684 3275 1741 scientia:
3296 1683 3442 1745 cedit
3471 1671 3606 1748 ista,
3628 1695 3832 1755 quae:

2232 1793 2299 1848 pa
2308 1785 2387 1832 rte
2412 1785 2515 1844 est,
2532 1777 2851 1849 etperfecta:
2866 1777 3166 1851 prophetia:
3191 1775 3335 1835 cedit
3354 1776 3480 1842 ista,
3496 1788 3699 1845 quaee;
3714 1788 3834 1846 par-

540 1884 929 1939 babitaverunt
942 1892 997 1940 et
1011 1894 1217 1955 patres,
1233 1893 1286 1939 et
1300 1884 1575 1938 Abraham
1592 1883 1644 1937 in
1659 1880 1876 1946 casulis,
1897 1879 1949 1935 id
1963 1888 2067 1943 est,
2084 1879 2136 1933 in

2247 1877 2300 1924 te
2330 1877 2412 1924 est
2432 1888 2443 1922 :
2463 1869 2537 1924 ita
2568 1878 2626 1924 et
2655 1868 2912 1940 perfectae
2945 1868 3249 1935 festivitati,
3270 1868 3415 1926 cedit
3444 1869 3577 1934 ista,
3602 1882 3728 1939 quae
3763 1882 3833 1925 ex

539 1975 910 2031 tabernaculis
922 1976 1187 2031 habitavit
1199 1992 1319 2031 cum
1334 1975 1479 2031 Isaac
1496 1983 1549 2029 et
1570 1975 1737 2030 Jacob
1758 1971 2133 2029 cohaeredibus

538 2067 877 2124 remissionis
898 2064 1156 2138 ejusdem.
1180 2068 1314 2123 Cum
1340 2085 1469 2140 ergo
1503 2069 1676 2123 incola
1702 2067 1869 2122 fueris
1898 2076 1953 2121 et
1980 2082 2134 2136 perc—

537 2158 726 2231 grinus
748 2159 803 2214 in
832 2160 1013 2223 terris,
1046 2167 1100 2215 et
1139 2176 1244 2215 non
1265 2168 1521 2216 estmons
1544 2169 1634 2213 tua
1665 2159 1772 2213 lixa
1814 2167 1867 2213 et
1892 2157 2134 2212 radicata

540 2249 597 2304 in
611 2250 897 2307 desideriis
914 2258 1275 2317 terrenorum,
1292 2252 1383 2307 sed
1399 2261 1619 2321 paratus
1641 2267 1720 2314 es,
1739 2258 1797 2304 ut
1825 2250 1933 2304 cito
1962 2259 2136 2304 trans-

539 2355 653 2406 eas,
672 2348 729 2396 et
757 2350 984 2410 paratus
1007 2355 1066 2396 es
1093 2343 1383 2397 extendere
1411 2350 1463 2396 te
1488 2357 1706 2412 semper
1730 2338 1798 2395 ad
1836 2339 2133 2405 anteriora,

537 2447 820 2502 nsquequo
850 2434 1136 2503 pervenias
1182 2434 1248 2487 ad
1290 2440 1491 2487 terram
1526 2433 1781 2487 fluentem
1817 2431 1902 2487 lac
1938 2438 1990 2485 et
2032 2430 2137 2486 mel

539 2522 708 2594 (Phil.
727 2524 834 2595 ιιι),
858 2532 912 2579 et
936 2525 1309 2579 haereditatem
1328 2525 1509 2594 capias
1535 2524 1871 2577 futurorum:
1894 2523 1937 2577 si
1960 2530 2031 2588 te,
2056 2522 2137 2575 in-

539 2630 725 2683 quam,
740 2616 977 2685 positum
992 2616 1046 2669 in
1064 2616 1150 2669 his
1167 2616 1349 2669 videat
1367 2613 1755 2679 Deus,la:tatur
1770 2613 1823 2667 in
1838 2621 1913 2677 te,
1930 2620 1982 2667 et
1996 2612 2136 2669 diem

540 2706 741 2759 festum
786 2715 909 2777 aget
943 2721 1107 2776 super
1136 2715 1206 2760 te.
1237 2705 1364 2761 Haec
1393 2705 1611 2775 quidem
1660 2705 1714 2760 in
1758 2704 2033 2776 praesenti.
2076 2704 2136 2759 In

539 2792 725 2849 futuro
762 2808 930 2862 vero,
964 2796 1010 2849 si
1046 2796 1130 2850 vis
1167 2795 1513 2851 considerare
1546 2796 1817 2867 quomodo
1856 2794 1973 2850 dies
2013 2793 2136 2849 festi

541 2892 795 2952 agantur,
820 2884 968 2954 erige
994 2884 1268 2955 paululum
1292 2885 1335 2940 si
1359 2893 1516 2955 potes
1539 2901 1731 2941 sensus
1763 2892 1886 2939 tuos
1908 2900 1939 2938 a
1964 2890 2131 2947 terra,

540 2980 597 3027 et
625 2973 947 3030 obliviscere
972 2975 1249 3046 paulisper
1283 2977 1398 3031 hzec
1440 2992 1558 3046 qua:
1594 2976 1863 3029 habentur
1884 2973 1939 3028 in
1971 2971 2131 3026 facie.

543 3064 802 3120 Describe
822 3081 956 3120 vero
979 3066 1078 3121 tibi
1107 3066 1381 3137 quomodo
1401 3067 1600 3121 coelum
1622 3073 1678 3121 et
1701 3073 1846 3119 terra
1870 3067 2131 3127 transeat,

538 3163 597 3212 et
642 3157 841 3212 transit
879 3158 1055 3212 omnis
1103 3157 1194 3213 hic
1235 3158 1454 3213 habitus
1497 3155 1707 3212 mundi.
1755 3154 1966 3210 leum
2003 3166 2133 3207 vero

2236 1972 2390 2034 parte
2418 1971 2500 2018 est
2524 1961 2812 2020 festivitas.
2834 1962 3020 2035 Neque
3043 1960 3702 2034 enim,quod_perfectum
3724 1968 3831 2029 est,

2237 2054 2471 2110 mundus
2501 2055 2603 2111 iste
2632 2070 2829 2127 capere
2866 2062 3079 2127 potest;
3107 2053 3220 2120 ubi,
3252 2061 3314 2110 ut
3341 2053 3601 2117 diximus.
3634 2065 3831 2109 neces-

2238 2145 2373 2201 sitas
2402 2146 2666 2216 corporis,
2703 2163 2849 2204 nunc
2878 2146 3084 2213 cibum,
3112 2161 3255 2201 nunc
3286 2153 3495 2217 potum,
3521 2158 3668 2200 nunc
3690 2157 3835 2199 som-

2236 2251 2367 2290 num
2391 2238 2650 2307 suggerit,
2671 2253 2813 2293 nunc
2839 2238 3005 2293 etiam
3028 2245 3504 2307 quantamcunqtte
3521 2234 3835 2292 necessario

2237 2330 2362 2387 vitae
2414 2330 2701 2400 prmsentis
2751 2329 3170 2385 sollicitudinem
3226 2335 3442 2391 movet;
3476 2341 3600 2398 quae
3649 2324 3833 2381 omnia

2239 2418 2643 2491 interrumpunt
2671 2419 2788 2477 sine
2824 2419 2987 2475 dubio
3012 2418 3474 2476 continuationem
3519 2414 3837 2473 festivitatis

2239 2514 2354 2569 Dei.
2408 2513 2545 2568 Cum
2590 2522 2773 2569 autem
2822 2512 3037 2568 venerit
3089 2511 3241 2578 illud,
3263 2510 3413 2582 quod
3456 2509 3663 2567 dictum
3708 2516 3836 2573 est,

2239 2604 2306 2660 de
2334 2604 2420 2660 his
2448 2603 2543 2675 qui
2569 2604 2925 2659 restituentur
2958 2603 3014 2658 in
3042 2610 3251 2667 sancta,
3286 2602 3333 2657 si
3362 2610 3549 2658 tamen
3573 2608 3631 2659 et
3656 2614 3760 2657 nos
3781 2606 3838 2654 et

2239 2711 2306 2751 ex
2338 2694 2426 2750 his
2446 2710 2566 2751 esse
2591 2710 2900 2751 mereamur
2928 2694 3022 2765 qui
3056 2693 3378 2755 i'e5tituendi
3419 2702 3575 2760 sunt,
3603 2693 3698 2763 qui
3738 2707 3836 2749 ne-

2239 2802 2345 2858 que
2374 2786 2634 2853 esurient,
2664 2801 2841 2858 neque
2869 2787 3075 2853 sitient,
3108 2801 3285 2857 neque
3315 2786 3713 2849 dormitabunt,
3735 2800 3837 2840 ne-

2238 2894 2345 2949 quc
2366 2878 2711 2944 laborabunt,
2731 2878 2827 2934 sed
2851 2886 3014 2934 erunt
3036 2878 3329 2950 pervigiles
3344 2878 3494 2955 sicut
3516 2875 3837 2951 angelorum

2236 2969 2350 3024 vita
2377 2968 2604 3041 pervigil
2633 2969 2852 3035 dicitur,
2885 2984 3009 3024 cum
3055 2970 3111 3025 in
3141 2968 3295 3027 illum
3332 2968 3589 3027 ordinem
3622 2962 3841 3023 restitui

2237 3061 2593 3117 merebuntur
2614 3101 2628 3127 ,
2664 3069 2795 3116 tunc
2817 3060 2923 3118 erit
2944 3075 3073 3116 vera
3102 3068 3153 3117 et
3178 3061 3498 3131 incorrupta
3523 3056 3795 3115 festivitas
3815 3071 3835 3110 ε

2238 3150 2394 3222 cujus
2435 3150 2747 3209 festivitatis
2780 3152 3035 3224 princeps
3091 3159 3147 3209 et
3185 3166 3416 3222 sponsus
3468 3159 3525 3205 et
3559 3147 3827 3205 Dominus

541 3259 741 3300 novum
762 3253 817 3301 et
841 3260 983 3302 nova
1012 3254 1155 3303 terra
1186 3246 1463 3303 fundetur.
1500 3246 1707 3301 Amove
1730 3243 1799 3300 de
1824 3242 2133 3315 conspecti-
2161 3253 2211 3318 α
2239 3240 2346 3304 erit
2394 3247 2510 3318 ipse
2548 3245 2707 3306 Iesus
2751 3247 3001 3304 Christus
3052 3246 3305 3307 Salvator
3355 3252 3551 3303 noster.
3576 3240 3689 3297 Sed
3730 3239 3831 3297 hil

540 3334 644 3390 bus
671 3336 779 3391 tuis
812 3338 978 3393 etiam
1014 3339 1143 3393 solis
1174 3336 1335 3407 hujus
1374 3334 1570 3403 lucem,
1606 3344 1661 3392 et
1694 3336 1762 3391 da
1801 3334 1877 3390 illi
1907 3335 2129 3400 mundo,

542 3426 637 3496 qui
682 3436 945 3484 venturus
994 3439 1096 3496 est,
1135 3430 1264 3485 solis
1320 3429 1482 3498 hujus
1535 3428 1843 3501 septuplum
1892 3428 2073 3483 lumen
2117 3444 2133 3482 :

542 3515 655 3570 imo
675 3517 854 3585 potius
876 3518 1175 3573 secundum
1201 3517 1495 3588 Scripturm
1537 3519 1916 3573 auctoritatem
1959 3517 2136 3587 ipsum

542 3603 598 3659 ei
624 3604 694 3659 da
720 3604 1030 3664 Dominum.
1058 3608 1257 3666 Lucem
1286 3624 1448 3680 pone,
1490 3617 1734 3666 astantes
1765 3609 1987 3683 angelos
2016 3608 2134 3682 glo-

2243 3338 2319 3396 ita
2343 3338 2637 3412 praelibatis
2662 3340 2718 3395 in
2748 3337 2974 3412 singulis
3001 3334 3407 3419 festivitatibus,
3427 3346 3565 3405 quas
3588 3328 3841 3387 oblatio-

2243 3446 2341 3487 nes
2360 3428 2557 3486 offerre
2586 3430 2838 3496 debeant,
2868 3443 3103 3500 sequens
3147 3427 3288 3485 liber
3330 3427 3693 3489 demonstrat,
3715 3432 3843 3494 my-

2245 3521 2547 3593 sticamque
2586 3520 3023 3579 observationem
3047 3533 3237 3579 earum
3268 3516 3424 3577 brevi
3465 3526 3725 3575 sermone
3747 3511 3841 3573 ὼ·

2246 3619 2534 3669 monstrat.

561 3760 3827 3801 MM

1539 3930 1846 4011 LIBER
1918 3926 2375 4011 DECIMUS
2451 3927 2808 4012 NONUS

932 4163 1287 4235 SEQUITUR
1316 4164 1545 4225 CAPUT
1579 4167 1743 4228 XLV.

624 4282 645 4318 ι
684 4260 816 4318 ﬂxec
840 4259 970 4317 dicit
1001 4259 1257 4316 Dominus
1277 4259 1419 4316 Deus
1444 4278 1457 4315 :
1503 4260 1561 4316 lu
1584 4262 1765 4337 primo
1793 4276 2003 4329 mense,
2032 4278 2142 4320 una

553 4376 575 4409 ι
618 4352 821 4410 mensis
848 4366 1028 4406 sumes
1058 4340 1309 4405 vitulum'
1331 4351 1396 4406 de
1434 4361 1679 4408 armento
1708 4352 2139 4422 immaculatum,

556 4464 574 4496 ι
620 4451 675 4498 et
698 4442 939 4511 expiabis
961 4440 1350 4493 sanctuarium.
1383 4440 1451 4495 Et
1478 4442 1625 4497 tollet
1648 4444 1899 4499 sacerdos
1922 4445 1989 4500 de
2013 4460 2136 4501 san-

2253 4188 2273 4223 ι
2312 4168 2655 4227 solemnitate
2676 4168 2862 4237 faciet,
2908 4169 3051 4243 sicut
3076 4183 3244 4244 supra
3266 4171 3415 4239 dicta
3442 4182 3580 4237 sunt
3618 4189 3723 4247 per
3742 4191 3837 4234 ao-

2252 4282 2272 4317 ι
2314 4271 2462 4335 ptem
2490 4263 2606 4318 dies
2632 4270 2743 4339 tam
2782 4276 2879 4332 pro
2900 4271 3149 4335 peccato,
3174 4280 3339 4335 quam
3367 4281 3471 4336 pro
3494 4267 3833 4333 linteatus,

2251 4373 2269 4406 ι
2310 4361 2365 4409 et
2392 4356 2447 4409 in
2482 4353 2754 4409 sacriﬁcio
2795 4360 2851 4409 et
2886 4352 2942 4408 in
2969 4352 3109 4410 oleo.
3143 4372 3162 4406 ι
3212 4353 3483 4427 (Hieron)
3513 4356 3713 4413 Totam
3744 4373 3835 4413 ca-

2242 4447 2471 4518 pitulum
2510 4449 2688 4519 posui,
2725 4465 2797 4506 ne
2822 4450 3056 4507 divisum
3083 4465 3181 4520 per
3212 4451 3422 4525 singula
3456 4452 3690 4524 legentis
3714 4454 3835 4508 ani-

557 4552 577 4586 ‹
623 4533 785 4606 guine
835 4530 978 4602 quod
1008 4530 1111 4585 erit
1140 4545 1239 4601 pro
1258 4541 1506 4601 peccato,
1550 4542 1603 4588 et
1620 4543 1782 4603 ponet
1809 4536 1865 4590 in
1894 4538 2140 4607 postibus
2163 4532 2219 4594 D
2245 4554 2392 4595 mum
2431 4542 2800 4597 conturbaret.
2853 4541 2921 4597 Et
2958 4542 3193 4613 primum
3249 4542 3317 4601 de
3372 4542 3838 4613 interpretatio-is

555 4644 576 4676 ‹
621 4624 839 4687 domus,
869 4630 925 4677 et
950 4621 1005 4676 in
1034 4628 1267 4691 quatuor
1294 4621 1504 4693 angulis
1532 4625 1822 4695 crepidinis
1849 4625 2059 4695 altaris,
2089 4637 2145 4685 et
2241 4632 2503 4687 varietate
2531 4631 2820 4690 dicendum
2853 4640 2955 4690 est.
3004 4633 3105 4693 Ubi
3143 4650 3243 4693 nos
3276 4635 3621 4707 interpretati
3646 4652 3837 4693 sumus

559 4734 576 4769 ι
624 4715 678 4771 ἰιι
705 4714 949 4787 postibus
988 4720 1162 4783 porta:
1189 4714 1315 4768 atrii
1346 4713 1637 4771 interioris.
1673 4715 1739 4786 Et
1764 4717 1843 4773 sic
1880 4718 2049 4775 facies
2087 4721 2145 4777 in
2250 4742 2267 4776 ι
2294 4723 2352 4778 in
2377 4732 2609 4793 quatuor
2633 4725 2844 4796 angulis
2870 4726 3166 4795 crepidinis
3195 4727 3401 4793 altaris,
3436 4748 3456 4781 ι
3483 4729 3834 4801 Septuaginta

557 4828 577 4860 ι
620 4807 848 4878 septima
873 4805 1073 4860 mensis
1088 4821 1189 4876 pro
1215 4821 1541 4877 unoquoque
1562 4808 1655 4877 qui
1693 4809 1961 4879 ignoravit
1984 4818 2038 4867 et
2058 4827 2143 4867 er-

559 4917 579 4952 ι
624 4914 751 4955 rore
776 4897 1030 4968 deceptus
1056 4905 1161 4962 est,
1191 4906 1246 4952 ct
1273 4897 1515 4968 expiabis
1543 4914 1642 4969 pro
1670 4902 1847 4957 domo.
1885 4902 1943 4958 In
1964 4904 2142 4973 primo

557 5006 579 5041 ι
622 5002 829 5054 mense,
843 4995 1039 5059 quarta
1056 4986 1263 5042 decima
1283 4987 1369 5042 die
1393 4989 1614 5055 mensis,
1629 4991 1735 5045 erit
1756 4993 1908 5048 vobis
1927 4994 2142 5063 paschae

558 5097 579 5130 ε
619 5077 950 5134 solemnitas.
990 5076 1207 5149 Septem
1239 5078 1428 5134 diebus
1455 5095 1644 5150 azyma
1675 5084 2042 5140 comedentur.
2076 5086 2144 5142 Et

561 5190 579 5223 ι
626 5172 786 5230 faciet
814 5173 1068 5245 princeps
1101 5174 1158 5228 in
1183 5171 1269 5228 die
1309 5172 1400 5228 illa
1438 5188 1540 5245 pro
1570 5190 1628 5230 se
1676 5184 1731 5231 et
1754 5191 1855 5246 pro
1888 5178 2141 5235 universo

560 5282 579 5314 ι
621 5264 816 5334 populo
845 5271 1005 5320 terra;
1050 5263 1279 5320 vitulum
1329 5281 1428 5336 pro
1468 5275 1713 5337 peccato.
1759 5267 1829 5323 Et
1851 5268 1907 5323 in
1934 5278 2139 5341 septem

562 5371 581 5405 ι
627 5353 833 5411 dierum
854 5355 1198 5412 solemnitate
1212 5355 1373 5411 faciet
1388 5356 1761 5414 holocaustum
1776 5359 2038 5415 Domino:
2055 5377 2142 5417 se-

562 5460 582 5494 t
622 5450 769 5515 ptem
796 5444 991 5501 vitulos
1018 5455 1071 5503 et
1097 5455 1303 5519 septem
1336 5448 1538 5529 arietes
1566 5449 1939 5506 immaculatos
1966 5454 2141 5522 quoti-

561 5552 585 5590 ι
625 5534 714 5591 die
739 5546 943 5607 septem
974 5540 1163 5596 diebus
1184 5582 1198 5609 ,
1234 5550 1291 5597 et
1314 5558 1414 5613 pro
1445 5553 1671 5614 peccato
1698 5544 1910 5601 hircum
1952 5562 2141 5619 capra-

563 5643 587 5680 ι
630 5643 751 5683 rum
773 5626 1054 5699 quotidie;
1086 5639 1142 5688 et
1161 5633 1490 5692 sacrificium
1525 5637 1649 5707 ephi
1676 5652 1773 5707 per
1815 5639 2039 5697 vitulum
2086 5650 2141 5699 et

561 5738 584 5775 ε
625 5721 747 5794 ephi
774 5736 873 5795 per
917 5722 1144 5783 arietem
1191 5727 1385 5798 faciet,
1425 5739 1481 5787 et
1522 5731 1626 5787 olei
1665 5731 1759 5788 hin
1805 5748 1903 5804 per
1930 5734 2141 5807 singula

565 5826 585 5861 ι
626 5810 770 5885 ephi.
799 5809 1041 5886 Septimo
1067 5831 1273 5888 mense,
1295 5819 1485 5895 quinta
1515 5821 1725 5883 decima
1751 5822 1840 5880 die
1854 5823 2059 5883 mensis
2080 5824 2139 5883 in

2246 4818 2659 4886 transtulerunt,
2716 4839 2735 4870 ι
2766 4828 2821 4875 et
2846 4834 3009 4889 super
3032 4830 3266 4889 quatuor
3299 4821 3527 4892 angulos
3562 4823 3751 4891 templi
3778 4832 3837 4877 at

2244 4926 2407 4981 super
2430 4911 2600 4968 altare
2627 4930 2641 4966 :
2676 4931 2697 4965 ι
2742 4912 2811 4967 Et
2838 4912 2929 4971 ubi
2955 4928 3053 4968 nos
3093 4914 3351 4978 diximus,
3407 4932 3426 4966 ι
3453 4929 3555 4983 βω
3584 4928 3834 4983 unoquo-

2243 5018 2347 5073 que
2376 5004 2471 5074 qui
2521 5004 2791 5075 ignoravit
2814 5012 2871 5060 et
2896 5018 3089 5062 errore
3116 5004 3376 5074 deceptas
3404 5014 3512 5070 est,
3549 5025 3570 5058 ι
3630 5004 3714 5061 illi
3739 5021 3836 5075 po-

2243 5102 2488 5162 suerunt,
2529 5113 2546 5146 ι
2574 5110 2677 5164 pro
2694 5095 2977 5164 ignorante
2996 5103 3055 5150 et
3072 5110 3172 5164 pro
3202 5096 3448 5165 parvulo.
3480 5117 3504 5150 ο
3531 5097 3595 5159 In
3614 5112 3686 5155 eo
3708 5113 3842 5170 qn.-

2243 5200 2348 5256 que
2360 5185 2451 5241 ubi
2472 5200 2572 5243 nos
2582 5185 2843 5252 diximus,
2865 5206 2884 5239 ι
2904 5194 2964 5245 et
2979 5187 3308 5245 sacriﬁcium
3321 5188 3447 5257 φῦ
3460 5201 3564 5258 per
3580 5190 3836 5254 vitulum.

2242 5286 2298 5331 et
2334 5277 2460 5348 ephi
2483 5292 2583 5347 per
2623 5278 2884 5348 parietem
2921 5277 3117 5347 faciat,
3155 5287 3214 5336 et
3236 5278 3342 5337 olei
3360 5279 3456 5334 hin
3490 5294 3594 5350 per
3625 5281 3842 5353 singula

2242 5369 2398 5441 Qui;
2428 5389 2447 5420 ι
2470 5368 2684 5435 illorum
2712 5369 2879 5427 editio
2896 5376 3063 5435 anet,
3096 5390 3117 5423 ε
3140 5379 3200 5427 et
3221 5369 3845 5429 sacrifici-metumto-

2242 5462 2620 5521 nemvituloet
2641 5463 3118 5523 coctionemaﬁoti
3138 5463 3492 5520 dahisctolei
3512 5464 3612 5518 δὴ
3632 5464 3848 5520 cocio-

2242 5555 2345 5611 nis.
2377 5554 2990 5631 ilnextremoqaoque
3020 5555 3843 5621 variabant-ostii“

2243 5646 2300 5705 in
2325 5645 2671 5707 sam-insidet
2696 5647 3314 5714 iuoloo,illidixeruat,
3338 5647 3845 5711 «sicuti-IIIS.

2242 5741 2629 5799 sicutinoleo.
2669 5739 3851 5814 »ιηρτιωο,εη‹ιιιίι,ιιαιεοοιριίιιιι‹ιίι

2244 5831 3532 5907 mensiszhauddubiumqmnﬂisusigaiﬂat
3563 5853 3579 5891 :
3606 5842 3853 5892 «συιδ
