4112 6364
313 375 447 441 £057
675 387 700 418 '

1225 376 1578 437 αοιίιίΕΝΤ.
1614 377 1682 434 IN
1722 376 2173 436 EZECHIELEM.
2212 407 2284 423 -
2319 379 2449 438 LIB.
2493 379 2632 438 XIX.

3404 384 3546 444 1058

306 497 531 554 vitulum
552 495 619 552 de
656 499 923 560 armento,
952 505 1059 552 non
1084 491 1178 561 qui
1204 493 1345 550 domi
1375 492 1608 550 nutritus
1636 492 1726 557 sit,
1774 485 1870 548 sed
1895 494 1952 558 Α
1971 501 2030 548 et
2053 491 2298 562 expietur
2322 492 2712 550 sanetuarium.
2767 510 2786 543 ι
2819 493 2884 548 Et
2928 494 3099 559 tollet,
3142 495 3336 564 inquit,
3365 511 3548 554 sacer-

303 606 396 662 qui
425 590 479 644 in
505 597 768 654 armento,
809 588 911 644 hoc
950 596 1052 653 est,
1084 588 1151 644 de
1184 602 1343 658 grege
1370 596 1427 641 et
1450 603 1677 644 numero
1701 587 1869 657 pluri-

301 696 534 740 morum.
575 701 594 758 ς
627 679 688 740 In
715 680 939 749 septima
965 694 1179 749 quoque
1203 680 1404 734 mensis
1425 680 1663 751 ejusdem
1692 680 1816 745 die;
1845 697 1864 732 υ

295 786 422 843 qua:
447 773 565 832 duae
592 772 976 837 solemnitates,
1007 771 1111 827 hoc
1138 779 1238 837 est,
1265 772 1427 841 primi
1475 772 1673 827 mensis
1700 773 1872 842 prima

303 860 690 932 dies.ejusdem
720 862 947 931 septima
973 862 1028 918 in
1052 862 1169 933 lege
1199 862 1428 918 Mosaica
1451 878 1558 918 non
1581 865 1869 918 habentur.

300 956 560 1025 martum
586 958 852 1015 decimum
885 965 1067 1013 autem
1097 956 1238 1011 diem
1268 957 1491 1024 mensis,
1538 973 1645 1026 quo
1668 956 1871 1026 pascha

299 1049 622 1113 celebratur,
642 1047 920 1118 etMoyses
946 1047 1187 1118 praeipit
1213 1048 1626 1113 observandum,
1655 1048 1871 1118 quando

299 1147 506 1209 septem
527 1139 718 1196 diebus
737 1155 927 1210 azyma
948 1140 1295 1196 comedimus.
1328 1140 1586 1207 Quartam
1613 1155 1742 1196 vero
1778 1155 1868 1196 so-

297 1226 625 1288 lemnitatem
645 1267 660 1294 ,
710 1227 776 1283 de
801 1244 908 1298 qua
935 1228 1064 1286 dicit
1090 1245 1103 1281 :
1137 1247 1158 1280 ι
1187 1227 1428 1299 Septimo
1471 1243 1654 1284 mense
1681 1229 1870 1298 quinta

296 1319 504 1380 decima
534 1320 620 1376 die
656 1321 858 1378 mensis
908 1321 964 1378 in
1007 1320 1345 1378 solemnitate
1364 1361 1378 1388 ,
1410 1340 1430 1373 ›
1475 1330 1609 1388 etc.,
1657 1321 1869 1377 videtur

294 1414 428 1472 mihi
469 1414 774 1484 signiﬁcare
819 1413 1209 1484 Scenopegiam
1236 1455 1250 1480 ,
1295 1429 1458 1484 quam
1503 1413 1593 1469 hic
1621 1413 1737 1470 sine
1767 1429 1866 1468 no-

293 1503 438 1567 mine
466 1504 662 1573 posuit.
709 1503 1004 1562 Curramus
1028 1495 1246 1574 ergo‘ad
1269 1505 1500 1575 singula,
1544 1513 1600 1560 et
1629 1504 1757 1575 quid
1781 1520 1870 1559 no-

291 1593 374 1648 bis
401 1593 664 1661 videatur,
694 1593 932 1654 breviter
960 1594 1307 1652 disseramus.
1339 1596 1472 1651 Esse
1501 1596 1868 1652 solemnitates

289 1683 561 1753 spiritaleti
599 1693 657 1744 et
705 1685 994 1758 Apostolus
1025 1687 1217 1743 docet:
1271 1706 1288 1738 ι
1327 1686 1571 1757 hie-ergo
1612 1688 1733 1756 quis
1772 1702 1869 1744 vos

287 1773 487 1845 iudicet
509 1775 562 1832 in
583 1776 704 1838 cibo
730 1786 788 1839 et
810 1785 958 1847 potu,
989 1787 1081 1834 aut
1102 1778 1154 1832 in
1183 1788 1338 1848 parte
1365 1779 1744 1845 solemnitatis,
1774 1787 1870 1836 aut

1969 581 2072 637 dos
2113 582 2179 637 de
2220 583 2482 650 sanguine
2509 583 2652 652 ejus,
2699 583 2841 651 quod
2876 585 2981 638 erit
3030 602 3126 654 pro
3160 596 3384 653 peccato
3429 602 3548 643 om-

1970 675 2142 729 nium.
2176 694 2193 726 ι
2231 674 2336 740 Qui
2363 675 2482 729 aliis
2509 675 2687 730 verbis
2721 691 2892 744 agnus
2927 675 3240 744 appellatur,
3273 678 3330 733 in
3361 677 3548 737 Exodo

1967 770 2025 818 et
2076 764 2131 818 in
2158 764 2488 834 ’Evangelio,
2515 765 2755 834 Baptista
2801 763 3008 819 Joanne
3051 767 3298 824 (licente:
3357 787 3376 822 ι
3407 769 3548 830 Ecce

1969 856 2156 927 Agnus
2179 855 2295 920 Dei,
2321 871 2452 912 ecce
2478 857 2571 926 qui
2599 856 2740 911 tollit
2765 865 2983 925 peccata
3005 859 3191 914 mundi
3219 857 3403 924 (Joan.
3430 861 3496 929 ι).
3519 880 3540 913 ι

1973 947 2204 1017 Sanguis
2223 958 2404 1004 autem
2425 949 2541 1017 ipse
2563 958 2648 1004 est
2669 950 2968 1018 pretiosus,
3013 950 3068 1004 in
3095 966 3199 1019 quo
3227 951 3546 1010 redimimur

1970 1040 2028 1094 in
2053 1042 2304 1110 passione
2328 1041 2540 1096 Domini
2565 1040 2880 1108 Saluatoris,
2912 1042 3064 1113 cuius
3082 1043 3333 1100 carnibus
3352 1044 3548 1100 alimur

1966 1141 2026 1188 et
2053 1147 2247 1187 cruore
2288 1142 2558 1203 potamur,
2607 1149 2714 1202 quo
2757 1143 3050 1204 tanguntur
3085 1143 3320 1204 quatuor
3365 1135 3546 1205 anguli

1969 1222 2274 1292 crepidinis
2319 1222 2521 1281 altaris.
2573 1223 2728 1290 Quod
2776 1223 3072 1282 Theodotio
3103 1225 3276 1296 ipsum
3318 1223 3548 1286 Hebrai-

1969 1327 2094 1371 cum
2153 1331 2174 1364 ι
2207 1314 2386 1382 posuit
2439 1330 2602 1368 azara
2657 1315 2768 1372 sive
2805 1314 3027 1385 templi,
3080 1323 3138 1370 ut
3197 1315 3549 1388 Septuaginta

1970 1404 2404 1470 transtulerunt,
2443 1415 2503 1460 ut
2552 1405 2921 1462 sanctificetur
2968 1407 3160 1463 domus
3210 1417 3267 1463 et
3294 1409 3484 1464 altare.
3521 1426 3544 1462 ι

1973 1493 2238 1551 Universa
2269 1495 2412 1550 enim
2441 1496 2628 1554 mundi
2656 1495 2920 1552 elementa
2946 1483 3050 1552 hoc
3069 1498 3330 1568 sanguine
3351 1499 3550 1556 sancti-

1971 1585 2224 1650 ficantur,
2255 1593 2314 1641 ut
2340 1602 2465 1641 cum
2491 1587 2614 1656 quis
2653 1589 2898 1657 expiatus
2939 1586 3102 1644 fuerit
3134 1596 3295 1659 atque
3321 1591 3550 1646 munda-

1973 1684 2080 1742 tus,
2121 1676 2453 1748 ingrediatur
2478 1686 2690 1747 portam
2711 1679 2834 1734 atrii
2859 1680 3154 1746 interioris,
3182 1691 3236 1736 et
3255 1682 3423 1751 possit
3446 1681 3550 1738 Do-

1971 1767 2104 1822 mini
2132 1781 2329 1824 arcana
2355 1784 2712 1840 cognoscere,
2757 1779 2812 1826 et
2835 1781 3228 1843 consequenter
3248 1775 3436 1830 venire
3479 1774 3549 1829 ad

289 1869 587 1926 neomenite
608 1911 622 1935 ,
648 1878 742 1932 aut
775 1870 1126 1928 sabbatorum
1149 1911 1163 1936 ,
1193 1887 1314 1941 qum
1346 1880 1471 1930 sunt
1502 1873 1691 1930 umbra
1716 1873 1865 1929 fuim-

1974 1860 2253 1930 septimam
2283 1863 2426 1918 diem
2454 1864 2656 1920 mensis
2687 1865 2843 1935 primi
2871 1907 2884 1931 ,
2922 1874 2977 1921 et
3001 1867 3259 1938 consequi
3285 1869 3546 1938 requiem,

290 1976 472 2015 rorum
502 1959 727 2031 (Colon.
751 1962 836 2035 ιι),
871 1982 891 2014 ι
916 1963 1055 2018 Etsi
1081 1979 1178 2032 per
1202 1962 1395 2020 Isaiam
1423 1965 1662 2034 loquitur
1685 1966 1827 2024 Deus
1852 1985 1866 2022 :

293 2066 310 2100 ι
341 2048 662 2108 Neomenias
684 2060 917 2117 vestras,
945 2061 998 2108 et
1027 2054 1250 2116 sabbata
1279 2063 1479 2120 vestra,
1507 2067 1563 2110 et
1583 2056 1725 2112 diem
1755 2073 1870 2114 ma—

283 2155 446 2210 gnum
477 2159 585 2198 non
606 2143 862 2214 suscipio,
890 2143 1151 2214 jejunium
1177 2153 1234 2202 et
1260 2145 1445 2211 ferias,
1481 2155 1537 2202 ct
1559 2149 1871 2205 neomenias

283 2237 340 2282 et
385 2229 754 2288 solemnitates
797 2245 1007 2300 vestras
1051 2235 1166 2296 odit
1214 2235 1392 2290 anima
1433 2251 1550 2293 mea
1583 2237 1811 2310 (13ml).
1843 2257 1862 2292 ι

282 2319 623 2392 Manifestum
645 2334 730 2382 est
769 2329 914 2396 quod
939 2327 1033 2397 qui
1062 2327 1434 2389 solemnitates
1463 2329 1640 2385 oderit
1658 2328 1870 2388 Judzeo-

282 2427 422 2482 rum,
451 2429 578 2472 suos
602 2415 821 2486 diligat,
867 2419 1148 2482 sabbatum
1172 2419 1422 2476 videlicet
1448 2420 1593 2490 quod
1620 2421 1866 2478 relictum

281 2513 362 2560 est
386 2507 580 2578 populo
607 2507 723 2575 Dei,
755 2518 814 2569 ut
840 2511 1120 2569 videamus
1173 2528 1293 2582 qua:
1321 2529 1352 2568 a
1377 2513 1489 2570 Deo
1514 2514 1712 2572 donata
1743 2523 1870 2570 sunt

281 2597 455 2664 nobis,
485 2608 541 2654 et
576 2599 862 2671 loquamur
889 2618 998 2664 non
1029 2605 1080 2658 in
1109 2605 1283 2660 doctis
1314 2606 1562 2662 humana:
1589 2606 1869 2676 sapientiae

280 2691 477 2757 verbis,
515 2693 606 2752 sed
636 2693 692 2748 in
730 2696 976 2758 doctrina
1009 2698 1251 2766 spiritus,
1286 2699 1619 2769 spiritalibus
1650 2700 1868 2770 spirita-

277 2780 349 2838 lia
373 2794 764 2855 comparantes.
801 2786 860 2842 ln
900 2789 1156 2859 praesenti
1195 2790 1342 2850 enim
1372 2790 1588 2855 smculo,
1619 2794 1759 2861 quod
1810 2792 1866 2848 in

277 2875 512 2948 maligno
538 2879 770 2947 positum
818 2889 930 2947 est,
963 2882 1078 2940 dies
1105 2883 1276 2938 bonos
1308 2883 1492 2938 videre
1516 2898 1624 2938 non
1673 2897 1867 2952 possu-

275 2982 419 3034 mus,
453 2969 548 3024 sed
577 2970 632 3026 in
666 2987 824 3030 novo.
859 2972 934 3034 De
969 2973 1170 3042 quibus
1196 2973 1384 3032 diebus
1407 2974 1459 3034 in
1489 2973 1732 3030 carmine
1756 2972 1868 3029 Mo-

275 3059 422 3116 saico
451 3059 686 3131 Spiritus
709 3072 931 3124 sanctus
958 3065 1103 3124 canit
1133 3083 1146 3122 :
1179 3085 1196 3118 ι
1228 3065 1498 3123 Memento
1520 3065 1735 3121 dierum
1765 3080 1864 3120 an-

277 3151 539 3222 tiquitatis
560 3195 576 3221 ,
642 3154 883 3227 intelligo
930 3171 1102 3216 annos
1150 3157 1517 3228 generationis
1563 3156 1866 3228 generatio—

1970 1963 2025 2010 et
2053 1954 2279 2012 Domino
2305 1955 2502 2020 oiIerre
2552 1957 2874 2024 sacrificium
2908 1968 3016 2014 tam
3063 1975 3160 2030 pro
3220 1961 3547 2030 ignorantia,

1971 2046 2037 2103 de
2064 2062 2170 2116 qua
2196 2047 2366 2102 Davia
2387 2049 2663 2118 loquitur:
2708 2069 2727 2102 ι
2760 2050 2966 2106 Delicta
2991 2051 3290 2121 iuventutis
3312 2060 3367 2106 et
3393 2053 3549 2123 igno-

1970 2138 2160 2194 rantiae
2189 2154 2323 2195 mea;
2351 2155 2419 2196 ne
2449 2141 2758 2220 memineris
2780 2141 2952 2213 (Psal.
2986 2143 3135 2215 xxxv)
3161 2160 3176 2211 ;
3211 2162 3232 2195 ι
3271 2159 3433 2213 quam
3451 2158 3551 2213 pro

1969 2230 2213 2300 parvulo,
2241 2232 2334 2301 qui
2370 2248 2492 2288 cum
2521 2233 2587 2287 ad
2617 2233 2842 2303 perfecti
2869 2235 2972 2289 viri
3013 2250 3323 2294 mensuram
3356 2250 3562 2305 perve-l

1969 2321 2134 2387 nerit,
2173 2324 2418 2381 destruet
2463 2339 2552 2390 ea,
2605 2341 2724 2394 qua:
2765 2325 2974 2396 parvuli
3012 2335 3156 2384 sunt.
3205 2327 3274 2383 Et
3314 2326 3551 2398 loquitur

1969 2414 2342 2471 confidenter:
2390 2436 2410 2468 ι
2445 2417 2584 2472 Dum
2630 2433 2804 2474 essem
2838 2419 3113 2489 parvulus,
3163 2419 3320 2489 quasi
3355 2434 3554 2489 parvu-

1969 2505 2054 2561 lus
2076 2505 2361 2577 loquebar,
2387 2509 2664 2578 sapiebam
2685 2511 2840 2579 quasi
2868 2511 3121 2581 parvulus
3143 2509 3193 2583 (1
3211 2510 3333 2565 Cor.
3360 2509 3502 2582 xui),
3526 2528 3547 2563 ι

1968 2597 2084 2653 sive
2112 2597 2205 2667 qui
2241 2613 2426 2655 errore
2457 2600 2712 2670 deceptus
2741 2596 2824 2656 est
2843 2642 2858 2665 ,
2911 2609 3106 2657 etnon
3139 2609 3248 2656 tam
3276 2601 3556 2658 voluntate

1969 2705 2131 2760 quam
2163 2691 2290 2746 boni
2316 2692 2569 2760 opinione
2597 2695 2860 2764 peccavit.
2890 2692 3185 2764 Completis
3216 2702 3395 2749 autem
3424 2693 3558 2748 dua-

1968 2780 2070 2835 bus
2106 2777 2536 2838 solemnitatibus
2572 2784 2734 2852 primi
2778 2785 2999 2849 mensis,
3055 2785 3158 2840 hoc
3211 2793 3328 2850 est,
3368 2783 3559 2853 prima:

1968 2872 2094 2935 diei,
2136 2880 2191 2927 et
2219 2873 2462 2942 septimm
2495 2873 2639 2943 ejus,
2679 2876 2830 2930 venit
2873 2878 2940 2931 ad
2985 2886 3238 2946 quartum
3286 2878 3558 2932 decimum

1968 2961 2115 3016 diem
2153 2963 2376 3031 mensis,
2409 2961 2466 3018 in
2487 2978 2594 3032 quo
2622 2965 2841 3024 Pascha:
2867 2967 3180 3023 solemnitas
3205 2975 3321 3033 est,
3362 2969 3430 3022 de
3449 2981 3557 3036 qua

1965 3053 2229 3123 scriptum
2257 3062 2385 3110 est:
2427 3072 2448 3107 ι
2482 3054 2694 3123 Etenim
2724 3059 2926 3126 pascha
2955 3065 3200 3113 nostrum
3247 3058 3559 3113 immolatus

1969 3155 2056 3202 est
2098 3147 2347 3203 Christus
2395 3147 2450 3220 (Ι
2479 3146 2604 3203 Cor.
2643 3149 2724 3221 v),
2758 3168 2776 3202 ι
2813 3160 2945 3206 tunc
2991 3151 3324 3226 comedimus
3351 3157 3559 3219 septem

276 3209 404 3302 num
435 3209 613 3315 (Deut.
660 3209 855 3319 xxxii;
901 3267 921 3299 ι
974 3247 1052 3304 De
1091 3209 1288 3320 quibus
1317 3257 1376 3305 et
1405 3209 1626 3306 sanctis
1676 3247 1864 3316 loque-
1890 3209 1946 3282 α
1969 3240 2162 3297 diebus
2187 3255 2378 3312 azyma
2405 3241 2462 3296 in
2490 3209 2754 3312 requielet
2779 3223 3276 3304 semritate'rerum
3290 3243 3559 3310 eninium,

274 3331 436 3387 batur
463 3334 518 3390 in
546 3336 756 3406 psalmo
780 3355 794 3392 -:
831 3355 852 3396 ι
883 3336 1051 3396 Nocte
1073 3339 1130 3394 in
1155 3340 1332 3413 corde
1358 3339 1662 3396 meditabar
1691 3338 1864 3410 (Paci.

273 3427 484 3495 uxvi).
525 3444 548 3482 ι
601 3426 670 3482 Et
694 3428 928 3486 iterum:
964 3449 984 3483 ί
1018 3430 1088 3486 Et
1121 3446 1294 3490 annos
1325 3441 1560 3490 aereos
1601 3432 1656 3488 in
1688 3439 1869 3488 mente

274 3515 438 3576 habui
478 3523 534 3572 et
575 3517 865 3578 meditatus
897 3534 1038 3578 sum.
1086 3539 1109 3576 ι
1155 3521 1260 3588 Qui
1287 3522 1452 3582 istum
1491 3538 1601 3580 non
1645 3522 1870 3592 suscipit

275 3608 629 3676 intellectum,
682 3613 1006 3682 respondeat
1075 3613 1347 3686 quomodo
1393 3614 1524 3669 illud
1563 3614 1734 3683 possit
1775 3629 1870 3671 ex-

275 3714 510 3771 ponere,
551 3705 692 3774 quod
716 3704 885 3766 lsaias
911 3705 979 3764 de
1024 3704 1208 3762 futuro
1245 3713 1304 3762 et
1330 3721 1472 3762 novo
1500 3705 1700 3762 saeculo
1724 3705 1868 3762 vati-

276 3793 510 3850 cinatur.
565 3813 585 3847 ι
624 3796 741 3852 Erit
767 3797 970 3852 mensis
1015 3812 1083 3854 ex
1118 3813 1342 3863 mense,
1377 3807 1433 3854 et
1471 3799 1753 3854 sabbatum
1801 3811 1872 3852 ex

279 3883 520 3950 sabbato,
544 3892 600 3938 et
626 3885 806 3940 veniet
824 3887 1001 3942 omnis
1025 3903 1150 3942 caro
1171 3889 1398 3944 adorare
1423 3889 1709 3945 Dominum
1731 3886 1866 3959 (Ita.

278 3976 448 4049 mi),
485 3994 503 4031 ι
550 3975 766 4048 quando
792 3978 907 4034 veri
945 3979 1260 4036 adoratores
1302 3994 1644 4048 nequaquam
1679 3978 1872 4036 adora-

277 4070 413 4125 bunt
463 4070 519 4125 in
553 4080 736 4125 monte
765 4069 1007 4136 Garizin,
1054 4087 1155 4128 nec
1212 4071 1262 4126 in
1299 4071 1644 4136 (Jerusalem,
1693 4071 1788 4126 sed
1814 4071 1872 4125 in

279 4161 472 4230 spiritu
523 4170 579 4216 et
610 4162 838 4220 veritate
863 4202 880 4229 ,
929 4165 1143 4232 quando
1181 4164 1287 4219 erit
1337 4161 1538 4220 coelum
1577 4178 1774 4222 norum
1819 4171 1874 4218 et

282 4260 427 4306 terra
449 4267 608 4315 nova,
638 4261 693 4308 et
719 4253 1038 4310 liberabitur
1076 4256 1256 4311 omnis
1284 4266 1536 4312 creatura
1557 4271 1586 4313 a
1611 4255 1874 4312 servitute

282 4344 641 4412 corruptionis
671 4344 726 4402 in
752 4345 1060 4402 libertatem
1077 4347 1450 4418 filiorumDei,
1481 4358 1538 4404 et
1564 4349 1650 4405 sol
1669 4348 1874 4417 septies

284 4442 490 4487 tantum
516 4433 696 4490 lumen
717 4436 946 4507 accipiet
972 4445 1028 4490 et
1045 4437 1172 4491 luna
1192 4438 1292 4492 soli
1321 4439 1870 4508 comparabitur.Ac—

282 4525 542 4578 cessimus
579 4526 723 4580 enim
750 4527 818 4582 ad
847 4537 1084 4590 montem
1111 4529 1265 4598 Sion,
1306 4532 1449 4600 quod
1479 4532 1872 4602 interpretatur

281 4614 509 4683 specula,
540 4624 595 4669 et
619 4618 686 4671 ad
709 4618 982 4672 civitatem
1028 4619 1126 4675 Dei
1153 4623 1383 4677 viventis
1426 4622 1728 4678 Jerusalem
1758 4639 1873 4680 cm-

283 4704 471 4760 lestem
504 4704 690 4777 (Hebr.
723 4709 844 4780 xu),
890 4718 944 4763 et
975 4712 1044 4768 ad
1071 4712 1240 4768 millia
1265 4713 1578 4784 angelorum
1609 4699 1869 4774 solemni-

287 4806 442 4856 tates.
471 4799 546 4854 De
571 4813 675 4868 qua
702 4800 1042 4858 solemnitate
1065 4800 1304 4871 loquitur
1325 4813 1380 4858 et
1409 4805 1548 4859 alius
1575 4805 1868 4873 propheta:

289 4908 309 4942 ι
346 4890 485 4957 Quid
518 4890 727 4946 facietis
751 4894 804 4946 in
827 4893 1016 4948 diebus
1034 4897 1487 4965 congregationis,
1519 4907 1578 4950 et
1602 4898 1656 4953 in
1684 4897 1875 4952 diebus

285 4979 640 5037 solemnitatis
671 4983 882 5037 Domini
911 4983 1054 5054 (Ose.
1089 4985 1188 5056 ix).
1244 5005 1262 5038 ι
1319 4986 1431 5042 Hoc
1461 4997 1544 5041 est
1573 4977 1702 5042 illud
1729 4989 1878 5057 quod

253 5125 256 5128 .
287 5083 344 5134 et
371 5073 498 5130 alibi
529 5074 767 5139 dicitur;
809 5094 831 5138 ς
869 5076 1126 5143 Celebra.
1167 5077 1324 5144 Juda,
1371 5079 1694 5140 festivitates
1725 5089 1866 5148 tuas,

289 5165 452 5222 redde
480 5173 602 5230 vota
629 5175 719 5228 tua
747 5167 1004 5238 (Nattam.
1034 5168 1096 5239 ι).
1131 5188 1150 5226 ι
1203 5168 1264 5229 Si
1296 5185 1426 5240 ergo
1467 5171 1754 5228 didicimus
1783 5188 1871 5228 so-

290 5257 593 5316 lemnitates
631 5260 920 5331 spiritales,
945 5273 1340 5332 consequenter
1365 5265 1680 5324 docebimur
1712 5274 1767 5321 et
1791 5266 1876 5321 vi-

285 5349 481 5407 ctimas
529 5353 818 5422 spiritales.
869 5354 1176 5416 Assumitur
1230 5357 1431 5416 vitulus
1475 5359 1542 5414 de
1590 5367 1870 5424 armento,

289 5441 405 5502 sive
437 5451 644 5514 taurus,
686 5454 746 5502 ut
775 5445 1162 5516 interpretatus
1187 5458 1276 5506 est
1307 5448 1686 5518 Symmachus,
1735 5450 1878 5506 liber

291 5540 344 5586 et
389 5532 536 5590 nullo
565 5549 783 5604 pressus
831 5537 980 5608 iugo,
1014 5538 1116 5594 hoc
1169 5547 1276 5604 est,
1310 5555 1476 5595 onere
1504 5548 1870 5608 peccatorum,

289 5631 344 5678 et
379 5624 769 5694 inmaculatus,
805 5649 826 5682 ι
861 5632 956 5702 qui
986 5641 1268 5703 peccatum
1294 5649 1403 5687 non
1421 5633 1570 5699 fecit,
1600 5649 1703 5690 nec
1721 5634 1883 5692 dolus

293 5713 547 5776 inventus
579 5727 665 5778 est
697 5720 752 5778 in
791 5737 885 5778 ore
907 5723 1024 5792 ejus
1069 5723 1124 5794 (Ι
1153 5722 1270 5780 Pet.
1296 5724 1380 5795 ιι),
1411 5745 1428 5776 i
1465 5725 1663 5782 vitulus
1691 5724 1877 5781 novel-

271 5805 398 5874 ius,
429 5821 634 5872 cornua
655 5811 890 5873 atterens
913 5825 967 5876 et
985 5817 1236 5889 ungulas,
1264 5826 1322 5875 ut
1348 5818 1400 5874 in
1431 5819 1547 5889 ipso
1588 5820 1882 5874 mundetur

1896 4574 1953 4635 D

1969 3332 2188 3403 quando
2216 3333 2544 3394 fermentum
2571 3333 2793 3390 malitiae
2815 3343 2877 3389 et
2903 3334 3160 3404 nequitiae
3193 3333 3555 3404 destruentes,

1969 3428 2361 3482 manducamus
2381 3442 2571 3498 azyma
2601 3426 2929 3483 sinceritatis
2944 3435 3003 3481 et
3023 3427 3290 3491 veritatis,
3315 3427 3562 3497 principe

1971 3526 2158 3573 nostro
2183 3525 2379 3578 cuncta
2427 3518 2545 3573 haec
2567 3531 2668 3588 pro
2695 3517 2853 3574 nobis
2891 3516 3182 3588 ofi'ei'ente,
3227 3526 3283 3574 et
3325 3517 3562 3588 primum

1970 3623 2072 3679 pro
2097 3609 2296 3678 seipso.

2046 3700 2297 3770 Suscepit
2324 3701 2470 3770 enim
2495 3716 2692 3772 corpus
2717 3702 3036 3770 humanum,
3079 3709 3136 3757 et
3157 3717 3254 3772 per
3276 3708 3561 3771 peccatum

1974 3793 2244 3848 destruxit
2291 3801 2614 3862 peccatum,
2643 3793 2736 3862 qui
2778 3807 2876 3862 pro
2905 3793 3063 3850 nobis
3109 3793 3251 3848 dolet
3279 3802 3331 3848 et
3379 3798 3563 3862 portat

1975 3882 2320 3939 infirmitates
2368 3892 2605 3940 nostras.
2639 3882 2870 3949 Proinde
2912 3899 3008 3952 pro
3052 3884 3206 3939 doma
3245 3899 3375 3947 sua,
3413 3881 3560 3951 quod

1974 3974 2033 4030 in
2071 3973 2425 4045 Septuaginta
2461 3976 2726 4043 scriptqu
2770 3983 2872 4038 est,
2921 3976 3014 4030 sed
3054 3976 3110 4028 in
3158 3975 3424 4031 Hebraioo
3450 3990 3561 4030 non

1975 4065 2224 4128 habetur,
2266 4064 2322 4120 id
2352 4073 2456 4128 est,
2509 4080 2609 4133 pro
2657 4064 2898 4120 Ecclesia
2933 4073 2988 4122 et
3037 4081 3134 4134 pro
3173 4068 3321 4124 omni
3367 4065 3564 4136 populo

1979 4163 2160 4219 terrae,
2208 4143 2462 4211 universo
2497 4155 2745 4212 videlicet
2773 4156 3008 4216 humano
3045 4171 3262 4227 genere.
3311 4155 3564 4211 Salvator

1976 4255 2061 4304 est
2096 4247 2242 4302 enim
2291 4247 2532 4301 omnium
2563 4247 2838 4302 hominum
2867 4288 2883 4313 ,
2933 4259 2990 4303 et
3026 4250 3263 4304 maxime
3297 4248 3559 4315 ﬁdelium,

1975 4346 2033 4392 et
2051 4339 2166 4406 ipse
2195 4346 2277 4392 est
2296 4337 2610 4408 propitiatio
2630 4353 2728 4406 pro
2757 4341 2993 4408 peccatis
3018 4341 3244 4406 nostris,
3269 4349 3449 4395 etnon
3476 4354 3565 4395 so-

1975 4429 2087 4483 lum
2114 4445 2212 4498 pro
2242 4429 2421 4495 nobis,
2468 4429 2564 4484 sed
2589 4445 2686 4498 pro
2708 4431 2857 4484 omni
2902 4432 3121 4486 mundo.
3163 4431 3354 4488 Oblato
3379 4440 3563 4486 autem

1975 4522 2147 4585 vitulo
2182 4539 2280 4594 pro
2315 4525 2571 4580 universo
2601 4525 2796 4594 populo
2822 4531 3004 4590 terrm,
3029 4526 3084 4579 in
3124 4534 3329 4594 septem
3375 4527 3567 4582 diebus

1981 4616 2206 4685 reliquis
2222 4616 2516 4678 Dominicte
2535 4616 2826 4684 passionis,
2853 4625 3060 4684 septem
3082 4616 3253 4680 vituli,
3276 4625 3331 4670 et
3357 4624 3564 4684 septem

1983 4712 2182 4765 arietes
2212 4709 2541 4764 immaculati
2593 4709 2894 4764 offeruntur
2923 4708 3183 4776 quotidie,
3215 4716 3276 4760 ut
3304 4707 3562 4762 holocau-

1985 4810 2070 4858 sto
2093 4807 2150 4854 et
2173 4800 2299 4870 igne
2318 4799 2601 4864 Dominico
2632 4808 3068 4854 concrementur.
3123 4797 3341 4868 Septem
3383 4807 3567 4853 autem

1984 4892 2138 4946 vituli
2160 4901 2216 4946 et
2237 4901 2442 4962 septem
2481 4893 2680 4946 arietes
2699 4901 2846 4955 sunt,
2891 4892 2981 4960 qui
3007 4893 3412 4961 configurantur
3458 4893 3566 4946 Do-

1984 4983 2200 5040 minime
2221 4983 2480 5052 passioni,
2514 4991 2572 5036 ut
2593 4983 2872 5042 imitentur
2895 4999 3078 5036 verum
3124 4982 3371 5047 vitulum,
3400 4991 3455 5037 et
3482 4997 3570 5037 ve-

1983 5092 2106 5133 rum
2131 5077 2378 5143 arietem,
2403 5084 2457 5130 et
2485 5075 2747 5146 sanguine
2783 5086 3082 5148 martyrum
3106 5091 3201 5146 per
3224 5082 3428 5144 septem
3451 5075 3568 5130 dies

1985 5171 2156 5226 totius
2181 5169 2367 5224 mundi
2395 5176 2613 5238 peccata
2644 5176 2958 5238 purgentur.
3005 5167 3336 5238 (Adamant.)
3372 5166 3566 5221 Hircus

1985 5277 2205 5334 quoque
2232 5277 2519 5332 caprarum
2567 5261 2794 5317 offertur
2820 5276 2918 5331 pro
2943 5269 3166 5330 peccato
3194 5261 3457 5330 quotidie,
3483 5275 3569 5315 se-

1984 5364 2134 5426 ptem
2175 5354 2427 5410 videlicet
2475 5354 2684 5409 diebus.
2719 5353 2776 5408 Si
2807 5367 2938 5408 vero
2962 5353 3086 5423 quis
3116 5353 3445 5418 inveniatur,
3476 5353 3568 5423 qui

1986 5446 2161 5517 possit
2189 5444 2457 5509 velamen,
2489 5445 2634 5513 quod
2661 5451 2749 5498 est
2772 5443 3006 5512 positum
3047 5443 3099 5495 in
3121 5443 3349 5498 lectione
3371 5441 3570 5496 veteris

1988 5538 2324 5603 testamenti,
2376 5551 2661 5592 removere
2688 5543 2850 5604 atque
2879 5535 3001 5590 inde
3029 5549 3271 5602 quaerere
3299 5549 3420 5603 quae
3463 5532 3570 5587 sint

1987 5645 2115 5686 vera
2151 5628 2439 5692 sacrificia,
2495 5642 2616 5695 qum
2656 5625 2947 5695 purificent
2992 5625 3248 5696 populum
3277 5625 3330 5680 in
3382 5622 3569 5678 diebus

1987 5721 2147 5778 festis
2174 5737 2188 5774 :
2220 5727 2347 5776 tunc
2395 5718 2599 5774 videbit
2628 5733 2792 5787 quam
2843 5718 2980 5774 mira
3011 5725 3066 5773 et
3104 5715 3388 5786 magniﬁca
3420 5721 3568 5777 sunt,

1989 5834 2112 5886 qui“
2149 5832 2246 5886 Per
2269 5817 2386 5873 haec
2409 5813 2718 5873 indicantur
2745 5829 2866 5884 quas
2902 5812 3168 5883 superﬂua
3197 5803 3569 5879 ignorantibus
