4112 6364
398 322 538 385 1045

1329 292 1682 380 comatur.
1722 319 1790 376 IN
1828 310 2287 377 EZECHIELEM.
2315 347 2386 359 —
2420 316 2549 375 Lm.
2588 318 2732 378 x1x.

3532 334 3673 390 ιοιθ

402 395 511 495 «ξι
543 433 768 515 paciﬁca
811 448 908 491 sua
925 474 941 502 ,
983 428 1124 490 sicut
1151 432 1268 489 ﬁeri
1303 432 1439 489 solet
1463 432 1519 488 in
1547 433 1634 489 die
1661 431 1895 499 sabbati,
1919 439 1976 489 et
2001 432 2057 494 Α
2077 428 2239 487 faciet
2276 429 2458 500 illum,
2490 452 2510 487 ι
2540 447 2638 504 per
2666 433 2879 507 singula
2906 395 3177 499 videlicet.
3196 455 3392 508 mane,
3429 447 3673 515 quando,

403 549 423 583 ι
453 510 764 601 egredietur
804 518 1191 596 claudeturque
1234 531 1387 595 porta
1425 520 1716 595 postquam
1759 524 1973 581 exierit.

2080 533 2200 581 orto
2228 525 2517 592 sole,lucis
2554 527 2835 582 exordium
2875 539 2996 597 est,
3045 532 3111 585 de
3150 547 3259 601 quo
3302 546 3463 590 mane
3500 533 3676 594 David

401 636 423 674 α
451 620 523 676 Et
566 633 765 692 agnum
799 615 1111 673 anniculam
1158 602 1565 672 immaculatum
1614 615 1787 673 faciet
1830 615 1980 672 h’olo-
2079 612 2319 689 loquitur
2345 618 2400 674 in
2429 621 2678 690 psalmo:
2717 640 2735 672 ι
2772 620 2926 677 Mane
2952 625 3209 682 cxaudies
3233 640 3423 685 vocem
3452 644 3673 687 meam:

370 718 420 766 ἰ
450 719 697 771 caustum
745 709 984 782 quotidie
1025 708 1277 785 Domino.
1340 707 1570 780 semper
1612 720 1775 765 mane
1819 706 1982 764 faciet

401 820 421 855 ι
449 803 602 859 illud.
660 803 729 859 Et
755 801 1080 858 sacriﬁcium
1128 802 1291 865 faciet
1336 806 1497 873 super
1539 816 1606 858 eo
1649 808 1770 858 cata
1796 816 1979 869 mane,

400 910 420 947 ι
454 908 612 949 mane
660 886 869 958 sextam
930 902 1139 964 partem
1181 893 1326 964 ephi,
1380 899 1436 948 et
1483 892 1550 949 de
1599 891 1718 949 oleo
1764 895 1984 950 tertiam

398 1001 421 1038 ι
450 991 661 1056 partem
689 982 807 1049 hin,
840 990 902 1038 ut
927 985 1225 1039 misceatur
1254 983 1465 1038 similar.
1507 980 1848 1039 Sacriﬁcium
1879 972 1987 1039 Do-

399 1092 419 1125 σ
449 1075 599 1130 mino
646 1075 946 1146 legitimum
992 1072 1121 1145 juge
1174 1083 1334 1143 atque
1382 1082 1726 1146 perpetuum.
1799 1072 1986 1130 Faciet

397 1183 420 1220 ι
452 1182 651 1239 agnum
688 1175 744 1222 et
783 1166 1110 1222 sacriﬁcium
1157 1175 1213 1221 et
1260 1166 1439 1221 oleum
1467 1173 1589 1222 cata
1620 1180 1801 1233 mane,
1826 1182 1986 1222 mane

397 1276 418 1310 ι
450 1257 827 1313 holocaustum
855 1257 1268 1327 sempiternum.
1303 1277 1322 1309 ι
1359 1252 1631 1329 (Ηίενοη.)
1659 1257 1761 1314 Ubi
1789 1273 1886 1314 nos
1909 1259 1988 1314 le-

390 1347 571 1420 gimus
614 1347 1046 1413 immaculatum,
1096 1357 1151 1404 et
1193 1349 1249 1403 iu
1283 1347 1553 1405 Hebraico
1594 1349 1856 1420 scriptum
1903 1359 1988 1405 est

393 1441 613 1494 thamin.
664 1440 857 1509 Aquila
896 1438 1183 1511 perfectum
1214 1441 1643 1511 interpretatur:
1677 1449 1733 1496 et
1762 1440 1856 1497 ubi
1889 1440 1987 1498 Se-

392 1526 671 1603 ptuaginta
710 1550 926 1601 manaa,
971 1534 1273 1590 Theodotio
1311 1536 1652 1605 sacri/icium,
1694 1537 1888 1607 Aquila
1932 1545 1988 1593 et

394 1624 775 1695 Symmachus,
803 1626 997 1681 donum
1028 1627 1380 1683 transferunt.
1419 1626 1526 1681 Pro
1553 1644 1617 1684 eo
1639 1637 1821 1683 autem
1842 1631 1988 1701 quod

392 1732 492 1772 nos
522 1717 755 1774 diximus
782 1727 1153 1789 spontaneum,
1198 1719 1550 1792 Septuaginta
1590 1710 1888 1794 duolopiav,
1932 1723 1987 1777 id

395 1819 500 1877 est,
531 1812 906 1883 confessionem
936 1823 1237 1882 verterunt,
1280 1824 1335 1872 et
1361 1833 1458 1888 pro
1487 1817 1731 1889 principe
1758 1819 1945 1874 ducem
1966 1836 1985 1875 :
2014 1798 2064 1860 Β

393 1902 499 1959 hoc
540 1906 683 1959 enim
731 1906 849 1961 nas’i
895 1906 1186 1978 signiﬁcat.
1249 1909 1439 1966 Adhuc
1481 1918 1659 1965 autem
1700 1928 1882 1969 sermo
1923 1913 1988 1987 de

393 2000 637 2074 principe
661 2012 767 2071 est,
794 2000 861 2060 de
890 1998 997 2076 quo
1018 2005 1188 2061 Isaias
1212 2004 1450 2078 loquitur
1476 2026 1489 2061 :
1525 2027 1542 2058 ε
1576 2007 1716 2065 Ecce
1745 2009 1991 2064 testimo-

395 2092 544 2147 nium
577 2094 631 2148 in
659 2082 932 2166 gentibus,
967 2096 1089 2151 dedi
1116 2112 1240 2153 eum
1286 2099 1669 2169 principemet
1692 2109 1991 2171 prmcepto-

395 2200 511 2240 rem
544 2186 597 2240 in
628 2188 876 2258 gentibus
927 2188 1064 2258 (Isa.
1111 2192 1223 2261 LV).
1259 2211 1277 2244 ι
1327 2190 1396 2246 Ει
1420 2180 1710 2247 Ezechiel:
1748 2212 1765 2244 ι
1797 2192 1866 2247 Et
1890 2208 1991 2265 ego

397 2278 659 2337 Dominus
680 2298 776 2337 ero
796 2285 876 2339 eis
901 2285 955 2339 in
978 2285 1146 2340 Deum
1163 2284 1381 2357 (Ezech.
1398 2287 1612 2358 xxxrv).
1636 2306 1654 2340 ι
1690 2288 1758 2342 Et
1781 2289 1986 2344 David:

390 2388 421 2449 ,ι
451 2366 710 2443 Princeps
736 2374 791 2427 in
817 2374 994 2430 medio
1019 2389 1211 2430 eorum
1231 2375 1408 2447 (Psal.
1432 2377 1581 2450 xcv).
1606 2398 1629 2431 ι
1665 2378 1802 2434 Cum
1826 2380 1992 2453 igitur

383 2456 500 2517 ’iste
528 2462 782 2533 princeps
811 2463 1005 2520 fecerit
1029 2474 1413 2536 spontaneum,
1441 2476 1498 2523 et
1521 2469 1721 2524 dixerit
1750 2490 1769 2521 ‹
1799 2470 1992 2525 volun-

397 2556 569 2624 taria,
618 2558 731 2614 sive
774 2568 1102 2631 spontanea,
1148 2562 1262 2617 oris
1292 2562 1436 2629 mei,
1488 2561 1828 2634 beneplacita
1872 2564 1986 2631 fac,

397 2649 624 2705 Domine
652 2649 826 2723 (Psal.
854 2654 1076 2724 cxvm);
1109 2672 1128 2706 ι
1193 2652 1562 2724 Spontaneum
1607 2664 1787 2711 autem
1838 2657 1991 2712 holo-

398 2747 673 2807 caustum,
703 2749 767 2795 ut
790 2749 965 2796 totum
994 2757 1055 2797 se
1080 2742 1274 2799 oﬁ‘erat
1301 2744 1435 2811 Deo,
1464 2750 1519 2800 et
1546 2745 1773 2814 paciﬁca
1802 2746 1992 2802 volun—

398 2832 570 2899 taria,
619 2834 764 2904 quod
816 2835 871 2889 in
919 2835 1195 2907 prioribus
1224 2853 1332 2893 non
1366 2837 1664 2893 invenitur.
1714 2837 1989 2909 Scriptum

400 2932 484 2980 est
511 2924 697 2980 enim:
728 2944 747 2977 ς
779 2924 847 2981 Et
885 2924 1087 2983 facient
1124 2928 1434 2984 sacerdotes
1469 2928 1845 2984 holocaustum
1876 2928 1990 2999 ejus

401 3024 459 3073 et
498 3017 726 3088 paciﬁca
770 3017 907 3088 ejus,
939 3037 958 3071 ι
1012 3027 1070 3074 et
1101 3019 1171 3076 de
1196 3021 1512 3091 spontaneis
1540 3036 1607 3077 ac
1632 3020 1988 3087 voluntariis,

401 3109 596 3178 quibus
611 3124 757 3165 nunc
779 3109 979 3166 dicitur
1003 3112 1227 3168 omnino
1254 3112 1535 3179 reticetur,
1582 3120 1777 3168 utnon
1792 3128 1986 3171 neces—

399 3173 560 3262 sitate
584 3206 769 3275 faciat,
796 3207 890 3263 sed
919 3206 1215 3275 voluntate,
1249 3217 1374 3278 post
1400 3173 1777 3266 holocaustum
1799 3208 1994 3265 oﬁ'erat
2020 3173 2067 3239 Ο

399 3297 627 3367 paciﬁca
675 3307 732 3355 et
781 3300 1168 3356 reconcilietur
1213 3303 1345 3358 Deo.
1403 3301 1559 3358 Unde
1605 3309 1662 3357 et
1707 3302 1993 3381 virginitas

400 3387 578 3459 major
606 3401 692 3447 est
725 3392 955 3463 nuptiis,
989 3393 1114 3463 quia
1151 3409 1262 3459 non
1304 3395 1539 3468 exigitur
1579 3410 1684 3452 nee
1723 3396 1992 3463 redditur,

404 3478 499 3535 sed
529 3478 773 3537 oﬁ’ertur.
823 3481 930 3539 Pro
966 3484 1231 3553 paciﬁcis,
1274 3500 1396 3555 qua
1432 3485 1696 3544 Hebraice
1740 3487 1997 3544 dicuntur

334 3628 337 3635 ,
403 3569 677 3639 selamim,
728 3572 1082 3645 Septuaginta
1128 3576 1390 3632 salutaria
1436 3576 1886 3649 interpretantur,
1935 3588 1998 3634 ut

348 3702 355 3705 .
406 3661 525 3733 ipsa
558 3664 929 3722 reconciliatio
955 3667 1307 3736 paciﬁoorum
1366 3667 1515 3725 salus
1583 3670 1658 3725 sit
1693 3668 1994 3728 offerentis.

408 3752 542 3810 Cum
572 3773 704 3829 ergo
732 3758 838 3814 hoc
876 3759 1071 3819 fecerit
1097 3760 1384 3833 princeps,
1424 3755 1700 3832 aperietur
1724 3763 1776 3819 ei
1804 3772 1961 3834 porta
1979 3805 1994 3831 ,

406 3844 493 3901 vel
534 3845 692 3918 juxta
737 3847 1123 3920 Septuaginta,
1156 3863 1177 3903 ι
1209 3852 1417 3923 aperiet
1466 3853 1571 3909 sibi
1614 3863 1827 3924 portam
1877 3864 2000 3926 Quae

409 3940 632 4012 respicit
657 3941 727 3996 ad
751 3941 1039 4008 orientem,
1061 3963 1081 3996 ι
1116 3943 1263 4001 illam
1286 3944 1540 4000 videlicet
1560 3954 1773 4016 portam
1799 3947 1868 4002 de
1890 3961 1999 4018 qua

358 4104 359 4107 η
409 4033 673 4103 scriptum
698 4041 819 4088 est:
850 4052 869 4084 ι
900 4032 1029 4091 Haec
1064 4046 1223 4106 porta
1262 4036 1517 4102 Domini,
1557 4037 1693 4110 justi
1719 4038 2000 4095 intrabunt

410 4138 652 4201 peream
681 4124 855 4195 (Psal.
878 4127 1068 4200 cxvii).
1101 4148 1120 4181 ι
1175 4129 1242 4184 Et
1269 4128 1413 4185 unde
1438 4130 1617 4186 oritur
1642 4129 1723 4186 sol
1752 4129 1997 4199 justitite.

418 4233 439 4269 ι
466 4214 537 4272 Ει
574 4212 769 4284 faciet,
818 4219 1030 4291 inquit,
1078 4222 1454 4278 holocaustum
1484 4238 1642 4279 suum
1680 4231 1736 4280 et
1772 4224 1999 4296 paciﬁca

380 4376 383 4379 η
414 4320 535 4376 sua,
564 4329 583 4364 ι
604 4300 686 4366 de
712 4312 909 4383 quibus
934 4330 1081 4371 nunc
1107 4316 1380 4372 diximus:
1412 4315 1600 4372 Faciet
1634 4326 1838 4384 autem,
1873 4319 2001 4390 quia

414 4409 770 4471 spontaneum
794 4405 1123 4462 sacriﬁcium
1144 4412 1253 4473 est,
1273 4414 1331 4463 et
1355 4421 1464 4462 non
1486 4407 1576 4463 alii
1599 4422 1701 4478 pro
1719 4423 1786 4464 eo
1804 4407 2003 4467 facient

417 4493 752 4561 sacerdotes,
782 4496 1042 4552 videlicet
1065 4499 1205 4555 sicut
1233 4499 1354 4555 ﬁeri
1388 4499 1527 4556 solet
1561 4500 1617 4556 in
1645 4501 1735 4556 die
1763 4503 1997 4560 sabbati.

416 4582 559 4655 Ergo
580 4585 727 4639 omni
760 4594 1004 4657 tempore
1032 4589 1406 4645 holocaustum
1432 4599 1488 4646 et
1511 4592 1818 4661 paciﬁcum,
1858 4595 2001 4664 quod
2026 4560 2080 4621 Β

415 4670 640 4753 oﬁ‘ertur
666 4675 989 4741 voluntarie,
1007 4686 1309 4734 reseratam
1335 4681 1500 4737 habet
1524 4689 1739 4752 portam
1765 4684 1998 4752 Domini,

416 4781 517 4835 nec
540 4767 795 4824 observat
812 4771 1120 4837 sabbatum,
1143 4774 1235 4827 sed
1262 4788 1452 4828 omnes
1472 4773 1591 4829 dies
1609 4775 1659 4829 ei
1685 4783 2004 4846 reputantur

417 4858 475 4914 in
495 4861 759 4931 reqniem.
788 4863 1032 4935 Denique
1050 4872 1337 4935 postquam
1355 4866 1615 4922 obtulerit
1630 4867 2003 4925 holocaustum

417 4958 472 5004 et
508 4951 732 5020 paciﬁca
757 4992 772 5018 ,
824 4955 1010 5010 statim
1044 4957 1321 5027 egreditur
1344 4964 1403 5013 et
1428 4956 1699 5013 clauditur
1724 4969 1850 5029 post
1875 4974 2000 5016 eum

413 5038 598 5109 janua,
630 5044 746 5100 sive
775 5044 979 5101 claudit
999 5048 1249 5118 januam,
1273 5056 1334 5103 ut
1358 5056 1609 5105 servetur
1635 5050 1866 5121 principi
1891 5052 2005 5122 pri-

422 5122 672 5204 vilegium
696 5146 853 5190 suum
879 5152 979 5192 nec
1000 5138 1269 5194 sacriﬁcio
1294 5137 1409 5208 ejus
1432 5139 1633 5210 populo
1651 5140 2004 5198 misceantur.

419 5220 489 5277 Et
538 5224 665 5294 quia
729 5227 1057 5297 generaliter
1112 5230 1323 5286 dixerat
1366 5248 1387 5282 ι
1430 5238 1790 5302 spontaneum
1851 5233 2007 5290 holo—

419 5321 707 5382 caustum,
762 5324 855 5372 aut
904 5318 1131 5388 paciﬁca
1178 5319 1485 5377 voluntaria
1524 5321 1758 5378 Domino
1782 5360 1797 5387 ,
1844 5341 1865 5375 ι
1909 5337 2008 5379 nec

420 5415 743 5475 apposuerat
784 5416 1001 5464 taurum
1034 5411 1151 5467 sive
1175 5402 1438 5479 vitulum,
1480 5414 1708 5470 arietem
1733 5414 1820 5471 vel
1849 5428 2004 5470 ovem

419 5494 741 5568 hircumque
781 5515 881 5571 pro
907 5511 1152 5583 peccato,
1195 5502 1375 5569 docet,
1407 5504 1555 5574 quod
1599 5503 1667 5561 sit
1698 5504 1874 5575 ipsum
1900 5506 2001 5561 ho-

420 5586 743 5647 locaustum.
765 5611 785 5645 ‹
814 5594 1048 5668 Agnum,
1079 5594 1355 5667 inquiens,
1378 5595 1715 5663 anniculam,
1745 5598 2005 5653 immacu-

422 5678 592 5737 latum
636 5683 803 5741 faciet
847 5688 1252 5759 bolocaustu‘m,
1294 5709 1317 5744 ι
1363 5696 1420 5745 et
1454 5702 1565 5744 non
1597 5689 1763 5745 certis
1790 5690 2001 5757 diebus,

422 5773 518 5859 sed
543 5775 813 5847 quotidie;
845 5797 864 5832 ι
898 5795 1000 5838 nec
1028 5780 1267 5856 qualibet
1298 5781 1452 5852 hora,
1483 5779 1578 5839 sed
1612 5794 1773 5839 mane
1799 5798 1817 5836 ι
1846 5794 2007 5840 mane

2080 724 2244 764 mane
2272 711 2525 766 assistam
2557 712 2652 766 tibi
2679 721 2734 766 et
2752 712 2945 769 videbo
2959 708 3224 789 (Psal.v).
3246 736 3266 771 ι
3301 717 3458 775 Mane
3484 720 3677 793 depre-

2084 798 2369 872 catur,qui
2394 803 2449 857 in
2474 803 2650 859 lucida
2667 805 2861 876 degere
2884 808 3295 865 conversatione
3318 811 3673 882 dignoscitur.

2086 890 2241 950 Tunc
2264 895 2411 949 enim
2438 912 2596 951 mane
2624 897 2874 963 dicimus,
2906 901 3124 970 quando
3151 902 3413 960 discussis
3441 907 3680 963 tenebris

2086 983 2221 1040 clari
2249 985 2471 1042 luminis
2494 988 2755 1069 adventus
2783 990 3073 1048 infulserit.
3095 992 3340 1050 Ecclesia
3365 996 3535 1064 enim,
3556 1012 3680 1069 quae

2086 1090 2147 1133 se
2189 1078 2467 1150 cognoscit
2513 1068 2772 1137 habuisse
2818 1084 3071 1139 tenebras
3117 1094 3467 1154 peccatorum
3512 1068 3577 1144 et
3613 1091 3681 1146 de

2088 1178 2253 1226 nocte
2301 1171 2489 1226 mundi
2531 1171 2689 1228 istius
2734 1186 3099 1245 congregata,
3148 1184 3277 1233 tunc
3325 1192 3386 1233 se
3434 1178 3683 1235 exaudiri

2087 1264 2283 1319 merito
2308 1264 2507 1331 credit,
2538 1281 2660 1321 cum
2688 1266 2742 1322 in
2768 1266 2946 1323 lucem
2981 1268 3219 1323 caelestis
3250 1270 3683 1326 conversationis

2086 1357 2267 1428 erupit
2292 1376 2304 1411 :
2340 1359 2536 1427 repetit
2563 1374 2779 1430 quoque
2810 1374 2990 1426 mane,
3020 1361 3166 1432 quod
3194 1362 3501 1418 necessario
3532 1378 3683 1419 men-

2087 1457 2200 1505 tem
2252 1450 2488 1507 lucidam
2534 1452 2799 1508 beneﬁcio
2841 1453 3052 1508 Domini
3114 1463 3294 1511 astare
3341 1456 3426 1511 sui
3470 1470 3685 1527 semper

2088 1543 2426 1600 orationibus
2447 1546 2739 1601 sentiebat.
2766 1545 2833 1601 Et
2855 1546 3088 1612 intuere,
3107 1562 3276 1617 quare
3298 1562 3461 1619 mane
3481 1548 3685 1605 dictum

2091 1645 2207 1701 est,
2251 1637 2458 1693 scilicet
2499 1654 2625 1693 cum
2664 1638 2721 1693 in
2761 1638 2878 1708 ipso
2915 1638 3141 1694 exordio
3168 1624 3435 1695 bonorum
3464 1650 3684 1696 actuum

2090 1727 2376 1783 veritatem
2412 1729 2643 1809 eruperit
2689 1744 2843 1785 mens
2876 1729 3176 1785 clariﬁcata
3211 1746 3580 1802 cognoscere:
3619 1748 3688 1787 ne

2090 1828 2314 1892 putares
2353 1832 2477 1893 post
2510 1833 2797 1893 peccatum
2828 1840 3039 1879 moram
3084 1825 3235 1893 ﬁeri,
3281 1842 3389 1899 qua
3420 1827 3686 1898 potuisset

2094 1912 2287 1975 audiri,
2337 1914 2477 1969 sicut
2504 1915 2753 1972 Ezechiel
2785 1918 3052 1987 propheta
3080 1919 3247 1973 dicit:
3282 1938 3299 1970 ι
3329 1918 3532 1989 impius
3560 1932 3689 1988 qua-

2093 2021 2306 2077 cunque
2333 2008 2420 2064 die
2448 2024 2506 2063 se
2537 2009 2799 2064 averterit
2827 2008 2894 2063 ab
2922 2011 3200 2080 impietate
3226 2025 3343 2077 sua,
3372 2024 3563 2065 omnes
3590 2010 3689 2064 im-

2091 2098 2325 2168 pietates
2344 2099 2462 2169 ejus
2483 2116 2591 2155 non
2621 2101 2857 2156 eruntin
2880 2103 3198 2157 memoriam
3220 2102 3436 2173 (Ezech.
3455 2099 3639 2169 xvm).
3662 2120 3682 2153 ι

2091 2190 2288 2248 Astare
2333 2201 2419 2249 est
2449 2194 2591 2249 enim
2629 2190 2951 2264 praesentem
3005 2210 3220 2267 semper
3267 2194 3544 2250 assistere.
3584 2192 3693 2249 Per

2072 2282 2198 2347 hoc
2239 2291 2419 2365 autem
2450 2286 2672 2340 verbum
2707 2285 2975 2357 religiosa:
3010 2286 3315 2341 devotionis
3355 2284 3692 2341 continuitas

2094 2372 2383 2430 indicatur.
2434 2373 2531 2430 Ille
2572 2375 2840 2444 siquidem
2886 2376 3023 2430 bene
3064 2377 3265 2432 dicitur
3304 2378 3417 2449 Deo
3464 2386 3650 2434 astare
3674 2418 3689 2445 ,

2094 2466 2187 2535 qui
2216 2464 2413 2537 dignus
2448 2475 2629 2538 potest
2666 2469 2784 2539 ejus
2822 2469 3200 2538 conspectibus
3234 2485 3523 2541 apparere,
3552 2471 3693 2527 sicut

2092 2558 2239 2614 Elias
2288 2561 2355 2615 de
2403 2575 2462 2615 se
2510 2560 2648 2615 dixit
2697 2558 2885 2615 :Vivit
2937 2561 3223 2629 Dominus,
3266 2563 3324 2617 in
3363 2562 3523 2634 cujus
3558 2577 3689 2618 con-

2093 2656 2282 2719 spectu
2313 2649 2487 2705 adsto.
2528 2649 2702 2721 Supra
2734 2651 2910 2707 dixit:
2941 2654 3202 2710 exaudies
3227 2653 3318 2709 hic
3352 2654 3606 2709 additur:
3638 2663 3694 2709 et

2092 2741 2319 2807 videbo;
2351 2743 2609 2813 quoniam
2633 2743 2688 2797 in
2719 2743 2809 2797 illa
2839 2745 3244 2817 resurrectione
3268 2745 3446 2816 ipsum
3470 2745 3688 2816 conspi-

2095 2837 2242 2901 ciet,
2294 2836 2385 2891 cui
2428 2837 2518 2891 hic
2547 2836 2755 2892 sanctis
2799 2837 3140 2893 orationibus
3179 2838 3527 2908 supplicavit.
3584 2835 3690 2904 Qui

2095 2929 2167 2985 sit
2203 2936 2385 2983 autem
2414 2928 2516 2983 iste
2545 2942 2718 2998 agnus
2747 2927 3145 2991 immaculatus,
3180 2926 3295 2983 sive
3327 2925 3604 2997 perfectus
3632 2935 3687 2980 et

2095 3020 2403 3085 anniculus,
2435 3019 2603 3075 lsaias
2629 3019 2843 3090 plenius
2869 3019 3048 3085 docet,
3080 3018 3269 3074 dicens
3295 3038 3307 3074 :
3338 3037 3360 3070 ‹
3392 3018 3548 3073 Sicut
3573 3018 3694 3072 ovis

2096 3115 2165 3169 ad
2192 3114 2469 3169 victimam
2500 3114 2694 3170 ductus
2723 3120 2835 3179 est,
2865 3120 2922 3169 et
2948 3113 3089 3169 sicut
3116 3126 3287 3182 agnus
3313 3110 3371 3166 in
3397 3118 3694 3181 conspectu

2099 3208 2374 3264 tondentis
2408 3222 2470 3263 se
2506 3207 2626 3261 sine
2664 3220 2831 3272 voce,
2879 3214 2937 3261 et
2980 3222 3087 3261 non
3129 3204 3380 3275 aperiens
3424 3218 3487 3259 os
3532 3217 3688 3258 suum

2098 3300 2232 3372 (Isa.
2262 3299 2403 3371 LIII).
2453 3321 2472 3353 ι
2507 3299 2575 3353 Ει
2612 3296 2878 3355 Jeremias
2905 3318 2917 3352 :
2952 3319 2969 3349 ι
3000 3297 3114 3368 Ego
3138 3305 3317 3351 autem
3349 3296 3493 3353 sicut
3519 3310 3691 3367 agnus

2097 3395 2361 3450 innocens
2386 3394 2581 3449 ductus
2607 3393 2673 3448 ad
2692 3392 2967 3448 victimam
2993 3406 3101 3447 non
3127 3388 3353 3461 cognovi
3379 3387 3519 3459 (Jer.
3540 3386 3647 3459 χι).
3671 3405 3689 3438 ι

2098 3485 2167 3541 Εῑ
2188 3484 2427 3541 Joannes
2453 3484 2736 3555 Baptista:
2769 3502 2789 3535 ι
2824 3484 2965 3541 Ecce
3007 3482 3192 3553 Agnus
3238 3479 3367 3546 Dei,
3417 3478 3509 3550 qui
3557 3476 3698 3535 tollit

2097 3585 2379 3648 peccatum
2408 3578 2595 3631 mundi
2625 3575 2807 3648 (Joan.
2837 3576 2897 3644 ι).
2933 3595 2952 3627 i
2994 3575 3107 3655 iste
3134 3581 3219 3629 est
3245 3586 3438 3643 agnus,
3468 3570 3562 3643 qui
3591 3571 3695 3626 im-

2098 3669 2337 3727 molatur
2384 3667 2439 3722 in
2486 3666 2744 3739 IEgypto,
2799 3667 2870 3722 de
2916 3662 3072 3735 cujus
3116 3664 3382 3735 sanguine
3412 3669 3700 3717 armantur

2096 3772 2282 3832 postes
2328 3758 2451 3816 ﬁdei
2500 3767 2556 3814 et
2598 3759 2989 3814 exterminator
3025 3755 3351 3813 excluditur.
3399 3750 3701 3808 Anniculus

2099 3861 2281 3908 autem
2317 3852 2445 3922 quia
2474 3851 2790 3921 praedicavit
2824 3864 3025 3905 annum
3060 3846 3272 3905 Domini
3308 3841 3702 3914 acceptabilem

2100 3953 2157 4001 et
2182 3944 2325 4000 diem
2352 3943 2748 3999 retributionis.
2779 3940 2891 3996 Nec
2919 3940 3150 3996 iniretur
3172 3939 3365 4004 lector,
3395 3935 3443 3991 si
3470 3934 3618 3992 idem
3644 3940 3703 3989 et

2100 4036 2355 4107 princeps
2374 4043 2479 4100 est,
2502 4041 2559 4090 et
2583 4032 2838 4089 sacerdos
2861 4040 2920 4087 et
2934 4030 3159 4097 vitulus,
3180 4037 3236 4084 et
3258 4027 3404 4083 aries
3429 4032 3485 4080 et
3504 4039 3697 4095 agnus,

2102 4144 2226 4184 cum
2272 4128 2331 4183 in
2361 4125 2666 4198 Scripturis
2714 4124 2919 4182 sanctis
2968 4136 3069 4195 pro
3116 4121 3379 4176 varietate
3408 4132 3701 4176 causarum
3762 4146 3778 4162 ο

2102 4218 2346 4291 legamus
2378 4233 2501 4273 eum
2542 4216 2852 4281 Dominum,
2889 4213 3172 4291 etDeum,
3215 4218 3272 4266 et
3306 4209 3604 4274 hominem,
3643 4217 3701 4264 et

2102 4314 2458 4385 prophetam,
2507 4317 2566 4367 et
2591 4310 2836 4382 virgam,
2880 4316 2936 4371 et
2964 4305 3186 4373 ﬂorem,
3234 4313 3290 4362 et
3325 4304 3597 4372 radicem,
3644 4310 3703 4361 et

2102 4406 2428 4478 principem,
2472 4411 2530 4461 et
2569 4401 2833 4474 judieem,
2882 4408 2939 4456 et
2984 4406 3187 4471 regem,
3212 4396 3422 4468 justum
3449 4402 3508 4452 et
3534 4393 3700 4467 justi-
3743 4441 3765 4478 ,

2105 4477 2261 4564 tiam,
2290 4495 2623 4569 apostolum,
2664 4502 2723 4552 ct
2750 4493 3086 4564 episcopum,
3118 4490 3426 4555 brachium,
3456 4501 3699 4553 servum,
3756 4477 3768 4499 ‘

2108 4590 2468 4659 unigenitum,
2488 4596 2785 4657 pastorem,
2813 4584 2981 4640 ﬁlium
3008 4590 3067 4639 et
3090 4596 3341 4653 puerum,
3366 4578 3703 4649 unigenitum

2110 4689 2166 4736 et
2192 4678 2633 4751 primogenitum,
2662 4675 2861 4735 ostium
2880 4713 2895 4739 ,
2925 4672 3068 4728 viam
3087 4708 3102 4737 ,
3132 4670 3414 4741 angelum,
3445 4667 3701 4737 sagittam

2111 4780 2164 4827 et
2192 4755 2551 4841 sapientiam,
2598 4775 2656 4822 et
2700 4764 2870 4823 multa
2914 4763 3058 4818 alia:
3088 4776 3320 4834 quorum
3364 4760 3609 4817 omnium
3656 4760 3704 4815 si
3760 4786 3777 4839 ξ

2112 4862 2335 4918 voluero
2363 4859 2671 4917 testimonia
2700 4857 2902 4923 dicere,
2925 4856 3147 4927 proprio
3174 4856 3313 4911 libro
3338 4853 3604 4925 indigent.
3644 4853 3702 4908 lu
3757 4842 3773 4914 ἶ

2110 4954 2425 5011 holocausto
2456 4951 2638 5021 itaque
2666 4949 2822 5008 istius
2851 4948 2975 5020 agni
3002 4945 3329 5003 immaculati
3355 4952 3412 5001 et
3437 4943 3701 5007 anniculi,

2110 5046 2204 5118 qui
2232 5060 2389 5100 mane
2416 5056 2634 5114 semper
2653 5041 2899 5107 oﬁ‘ertur,
2916 5040 3083 5096 faciet
3111 5040 3226 5110 ipse
3250 5038 3505 5107 princeps
3533 5035 3704 5091 sacri-

2109 5139 2295 5194 ﬁcium
2330 5136 2447 5193 sive
2482 5150 2701 5203 mauaa,
2732 5142 2787 5190 et
2822 5134 3079 5198 similam,
3105 5130 3220 5188 sive
3267 5129 3468 5185 donum
3516 5139 3700 5194 mane,

2111 5242 2269 5287 mane
2300 5236 2510 5285 sextam
2537 5236 2749 5299 partem
2776 5224 3253 5297 ephi,subauditut
3291 5222 3483 5280 simila:
3507 5239 3523 5276 :
3544 5228 3704 5277 sexta

2113 5328 2294 5376 autem
2324 5332 2452 5389 pars
2479 5319 2606 5389 ephi
2634 5317 2890 5374 dimidius
2928 5317 3142 5373 modius
3179 5322 3283 5371 est.
3316 5312 3377 5369 Si
3395 5310 3550 5369 enim
3576 5309 3705 5381 eplii

2112 5413 2321 5469 decima
2345 5426 2475 5482 pars
2499 5412 2615 5466 cori
2643 5418 2743 5473 est,
2774 5409 2827 5464 id
2853 5417 2939 5465 est
2962 5417 3076 5467 tres
3103 5406 3289 5471 modii,
3317 5405 3451 5462 nulli
3478 5402 3704 5461 dubium

2113 5502 2245 5573 quin
2282 5511 2435 5558 sexta
2477 5514 2605 5572 pars
2649 5500 2775 5570 ephi
2799 5500 3081 5556 dimidium
3115 5498 3280 5555 faciat
3311 5496 3571 5554 modium.
3624 5493 3704 5550 De

2110 5595 2231 5652 oleo
2260 5608 2478 5665 quoque
2518 5606 2789 5649 mensurae
2834 5593 2951 5659 hin,
2974 5592 3132 5648 tertia
3176 5605 3306 5663 pars
3349 5588 3598 5650 olfertur,
3643 5590 3708 5639 ut

2110 5686 2407 5743 misceatur
2431 5685 2547 5743 sive
2570 5694 2892 5757 aspergatur
2916 5684 3094 5741 simile
3119 5684 3449 5740 sacriﬁcium
3476 5675 3704 5734 Domim

2110 5777 2417 5853 legitimum
2454 5778 2585 5854 juge
2608 5787 2773 5853 atque
2797 5784 3117 5852 perpetuum
3157 5773 3302 5851 quod
3338 5771 3486 5831 nulla
3528 5770 3700 5827 inter-
