4112 6364
543 353 678 414 1051
1106 444 1107 447 η

1079 468 1353 561 “caper
1373 469 1577 567 μνη.

548 572 620 634 De
639 578 788 661 aquis
801 550 1121 661 multisque:
1134 552 1419 661 pgr'occdunt‘
1443 554 1739 661 detentpio,
1754 586 1818 661 de
1850 586 2022 661 gratia
2038 560 2149 661 ea:

608 648 876 723 ptisrni,de
891 648 1143 723 divisione
1155 650 1490 723 tamquam
1506 648 1835 711 ha'rédilorie
1850 648 2045 723 occepit
2060 650 2137 713 Is-

614 720 722 774 φησι
735 734 755 772 :
773 722 1001 792 deporto
1023 720 1265 788 civitatis,
1282 720 1434 793 cujus
1448 738 1636 780 nomen
1660 737 1732 781 eu
1755 720 2134 785 domuslndw.

1176 358 1239 413 B.
1280 358 1555 423 RABANI,
1576 357 1801 455 metu
1832 360 2167 459 tuemur,
2186 336 2505 451 uocum.
2546 366 2836 430 eranum
2872 368 3055 428 PARS
3085 371 3153 427 ιι.

3674 374 3828 439 1052

2149 474 2218 555 ,Α
2238 494 2365 537 eum
2394 482 2610 539 silentio
2638 472 2773 555 (lia.
2809 488 2953 558 vm),
2992 506 3011 539 ι
3039 482 3107 543 de
3132 484 3329 558 quibus
3353 486 3793 560 loquiturlsaias
3814 486 3839 555 ε’

2245 591 2271 663 «θ
2302 574 2576 634 llaurietis
2610 593 2780 649 aquas
2816 579 2882 635 de
2908 579 3145 635 fontibus
3176 579 3477 639 Salvatoris
3500 581 3641 657 (ha.
3665 585 3790 661 xu).
3811 608 3830 645 ι

2237 672 2306 729 Et
2322 674 2609 731 Psalmista
2635 690 2649 730 :
2678 694 2697 727 ε
2716 676 3032 732 Benedicite
3057 672 3286 733 Domino
3308 677 3375 733 de
3407 674 3649 737 fontibus
3668 680 3836 741 Israel

2237 756 2413 839 (Psal.
2447 769 2639 842 vau).
2666 789 2685 821 ι
2720 769 2789 823 Et
2810 766 2953 825 idem
2978 769 3151 825 Isaias
3175 760 3242 827 de
3257 770 3488 828 Domino
3513 764 3832 832 Salvatore:

615 870 634 905 ι
674 850 737 907 Et
759 825 1027 908 convertit
1051 832 1137 909 ine
1168 855 1233 910 ad
1262 828 1474 926 portam
1505 858 1722 926 domus,
1749 868 1804 916 et
1831 844 1959 918 ecce
1982 879 2139 943 aqua:
2293 859 2420 925 Iste.
2453 858 2549 926 ait.
2580 825 2847 917 habitabit
2878 861 2934 916 in
2963 860 3176 918 excelsa
3215 858 3475 933 spelunca
3518 858 3691 936 petae
3720 864 3831 922 for-

543 961 563 995 r
605 938 1026 1014 egrediebantur
1074 948 1262 1002 subter
1294 948 1459 1005 limen
1482 952 1698 1009 -domus
1740 956 1806 1010 ad
1846 938 2132 1013 orientem.

542 1053 559 1086 ι
600 1035 792 1091 Facies
822 1037 966 1092 enim
994 1038 1184 1094 domus
1214 1041 1540 1112 respiciebat
1563 1046 1631 1100 ad
1654 1047 1941 1104 orientem.
1964 1050 2135 1121 Aquae

542 1144 561 1178 ι
610 1139 793 1183 autem
820 1129 1225 1189 descendebant
1275 1133 1331 1188 in
1372 1133 1514 1191 latus
1557 1139 1742 1207 templi
1781 1140 2032 1197 dextrum
2065 1144 2135 1199 ad

542 1237 561 1270 ς
606 1221 894 1303 meridiem
942 1221 1149 1278 altaris.
1203 1224 1273 1279 Et
1320 1226 1511 1282 eduxit
1548 1245 1634 1285 me
1662 1247 1761 1303 per
1789 1233 1932 1287 viam
1964 1243 2135 1305 porta:

543 1328 562 1364 ‹
609 1312 896 1382 aquilonis,
926 1322 979 1371 et
1009 1317 1275 1372 convertit
1319 1334 1405 1373 me
1435 1320 1504 1375 ad
1548 1322 1695 1377 viam
1727 1322 1871 1379 foras
1916 1336 2135 1396 portam

604 1406 951 1471 exteriorem,
1005 1408 1145 1462 viam
1179 1425 1299 1478 quae
1348 1412 1789 1485 reSpiciebattad
1839 1418 2131 1475 orientem.

542 1511 562 1546 ι
603 1494 671 1550 Et
712 1511 839 1551 ecce
881 1512 1036 1567 aquce
1083 1499 1451 1575 redundantes
1491 1520 1523 1557 a
1558 1503 1730 1560 latere
1774 1506 1967 1563 dextro
2006 1525 2132 1567 eum

522 1603 560 1651 ⁵ε
602 1587 950 1658 egrederetur
970 1588 1053 1642 vir
1072 1590 1138 1644 ad
1160 1591 1447 1658 orientem,
1465 1594 1556 1665 qui
1580 1596 1813 1652 habebat
1834 1598 2131 1656 funiculum

538 1698 558 1731 ι
604 1679 657 1732 in
686 1694 846 1733 manu
874 1696 992 1745 sua,
1012 1689 1065 1735 et
1088 1696 1306 1738 mensus
1328 1693 1411 1739 est
1437 1685 1583 1740 mille
1613 1688 1916 1754 cubitos,et
1948 1699 2128 1747 trans-

538 1787 559 1822 ς
592 1770 757 1826 duxit
786 1786 871 1827 me
897 1786 996 1841 per
1026 1787 1222 1842 aquam
1254 1790 1426 1844 usque
1468 1776 1535 1831 ad
1579 1778 1733 1833 talos.
1783 1779 2127 1852 Rursumque

537 1877 565 1933 t
599 1875 819 1916 mensus
840 1870 925 1917 est
944 1862 1181 1940 mille,ct
1197 1865 1605 1939 transduxitme
1620 1884 1719 1938 per
1733 1886 1931 1940 aquam
1955 1889 2127 1944 usque

535 1974 556 2008 ι
597 1956 664 2010 ad
691 1972 886 2025 genua.
918 1956 989 2009 Et
1014 1972 1237 2015 mensus
1280 1968 1364 2015 est
1406 1961 1585 2027 mille,
1614 1972 1671 2016 ct
1701 1965 2004 2019 transduxit
2039 1982 2126 2023 me

536 2067 555 2100 ι
596 2064 695 2120 per
740 2065 936 2120 aquam
970 2066 1143 2121 usque
1171 2052 1240 2107 ad
1270 2069 1451 2115 renes.
1500 2056 1567 2111 Et
1599 2072 1823 2113 mensus
1866 2067 1950 2114 est
1979 2058 2126 2114 mille

533 2156 553 2190 ι
599 2147 896 2195 torrentem
926 2138 1090 2212 quem
1133 2158 1241 2199 non
1265 2145 1416 2215 potui
1460 2150 1825 2219 pertransire,
1866 2152 2127 2221 quoniam

530 2248 552 2284 ι
593 2231 963 2290 intumuerant
985 2251 1140 2306 aqua:
1166 2238 1423 2308 profundi
1452 2242 1733 2308 torrentis,
1766 2243 1859 2313 qui
1890 2259 1998 2298 non
2023 2260 2125 2315 po-

532 2339 551 2374 (
594 2330 737 2378 terat
764 2327 1135 2381 transvadari.
1158 2347 1176 2378 ι
1211 2327 1485 2402 (Ηὶενοη.)
1508 2330 1614 2386 Pro
1636 2347 1745 2403 quo
1772 2333 2129 2406 Septuaginta

525 2417 922 2473 transtulerunt
946 2436 959 2474 :
993 2437 1012 2471 ι
1040 2420 1110 2475 Et
1140 2406 1362 2478 mensus
1399 2435 1484 2480 est
1511 2426 1659 2480 mille
1687 2435 1744 2481 et
1770 2441 1881 2483 non
1913 2438 2128 2497 poterat

522 2506 881 2576 pertransire,
903 2526 922 2559 ›
956 2509 1216 2579 quoniam
1250 2510 1532 2567 ferebatur
1559 2529 1702 2585 aqua
1734 2516 1910 2571 instar
1934 2518 2126 2589 prisci-

523 2598 652 2667 pitis
683 2600 962 2664 torrentis,
995 2601 1091 2671 qui
1122 2603 1346 2657 transiri
1376 2620 1485 2659 non
1526 2615 1734 2677 potest.
1783 2608 1955 2679 Aquas
1980 2610 2124 2679 ista},

523 2704 648 2760 qua:
674 2692 1097 2760 egrediebantur
1120 2694 1308 2750 subter
1335 2696 1500 2753 limen
1534 2700 1755 2767 domus,
1786 2702 1843 2757 id
1870 2710 1959 2758 est
1983 2711 2123 2765 tem-

522 2781 600 2853 pli
647 2798 757 2839 non
797 2783 1114 2841 ferebantur
1142 2787 1211 2841 ad
1250 2789 1559 2860 aquilonem
1585 2804 1641 2847 et
1665 2794 1735 2848 ad
1759 2794 2122 2863 occidentem,

526 2876 622 2931 sed
651 2876 719 2930 ad
746 2875 1034 2932 orientem.
1076 2878 1147 2932 Et
1180 2879 1238 2934 in
1270 2880 1443 2936 latere
1474 2883 1658 2954 templi
1688 2884 1880 2941 dextro
1899 2923 1917 2951 ,
1947 2886 2000 2941 id
2038 2894 2124 2942 est

524 2966 594 3021 ad
642 2967 962 3034 meridiem,
1005 2968 1289 3039 ipsamque
1340 2972 1623 3029 meridiem
1669 2989 1785 3033 non
1804 2972 2122 3044 .cujuslibet

520 3055 648 3122 loci,
680 3058 777 3117 sed
797 3058 1005 3115 altaris.
1048 3060 1128 3115 Ex
1155 3075 1263 3131 quo
1289 3064 1639 3133 perspicuum
1676 3063 1737 3139 iit
1782 3080 1969 3137 sacras
1997 3080 2119 3121 esse

520 3168 693 3223 aquas
739 3162 794 3209 et
847 3153 1150 3212 Salvatoris
1204 3159 1381 3213 nostri
1431 3159 1745 3231 significare
1788 3162 2116 3229 doctrinam,

2238 949 2482 1017 tissimze,
2513 952 2670 1021 panis
2698 953 2748 1007 ei
2777 952 3014 1020 dabitur,
3045 959 3098 1009 et
3129 966 3268 1024 aqua
3300 953 3444 1011 illius
3474 954 3688 1011 ﬁdelis:
3713 972 3830 1012 eru-

2232 1042 2313 1114 pit
2343 1043 2486 1098 enim
2512 1044 2568 1098 in
2596 1045 2813 1101 deserto
2844 1062 2985 1117 aqua
3030 1056 3084 1103 et
3125 1046 3280 1102 vallis
3329 1048 3383 1103 in
3430 1058 3582 1104 terra
3624 1049 3829 1107 sitienti

2234 1128 2370 1206 (Isa.
2405 1136 2622 1208 χχχιιι).
2646 1157 2664 1188 ι
2698 1135 3010 1209 Diciturque
3047 1138 3434 1196 credentibus:
3465 1157 3486 1191 ι
3521 1139 3702 1197 Nolite
3755 1140 3827 1197 ti-

2232 1243 2402 1295 mere,
2428 1230 2684 1300 quoniam
2712 1230 2915 1285 redemi
2941 1238 3019 1297 te;
3045 1247 3198 1287 meus
3218 1248 3277 1288 es
3300 1240 3381 1298 tu,
3398 1231 3518 1288 etsi
3546 1234 3831 1292 transieris

2232 1335 2331 1391 per
2361 1336 2578 1392 aquam,
2600 1329 2778 1377 tecum
2800 1338 2899 1393 ego
2926 1337 3045 1377 sum
3077 1321 3213 1395 (Isa.
3242 1324 3419 1395 XLIII).
3438 1346 3455 1377 ι
3483 1325 3548 1379 Et
3579 1341 3825 1381 rursum:

2238 1429 2259 1471 (
2287 1410 2388 1477 Qui
2411 1411 2594 1476 sititis,
2611 1412 2683 1467 ite
2703 1414 2770 1467 ad
2786 1429 2978 1483 aquam
2998 1412 3131 1485 (Isa.
3158 1414 3266 1486 Lv).
3293 1435 3310 1467 ι
3332 1414 3399 1470 Et
3417 1430 3516 1487 per
3532 1415 3829 1473 Jeremiam

2231 1497 2468 1571 loquitur
2499 1504 2675 1559 Deus:
2707 1524 2725 1555 ‹
2754 1504 2870 1559 Duo
2913 1504 3057 1559 mala
3103 1503 3231 1560 fecit
3276 1506 3507 1576 populus
3534 1522 3714 1566 meus.
3746 1523 3829 1563 me

2230 1592 2518 1663 dereliquit
2548 1594 2752 1651 fontem
2792 1610 2945 1666 aqum
2970 1595 3125 1661 vivae,
3151 1604 3207 1651 et
3235 1596 3489 1651 foderunt
3533 1596 3638 1651 sibi
3680 1595 3829 1652 lacus

2228 1684 2320 1754 qui
2367 1702 2566 1757 aquam
2605 1687 2887 1741 continere
2929 1701 3034 1740 non
3077 1694 3305 1756 possunt
3354 1685 3490 1757 (Jer.
3523 1686 3588 1758 ι).
3620 1706 3637 1737 ι
3677 1685 3830 1743 Sient

2229 1770 2391 1847 igitur
2437 1776 2665 1847 legimus
2703 1776 2759 1830 in
2801 1775 2997 1830 bonam
3039 1785 3249 1846 partem
3291 1791 3485 1846 aquas,
3515 1792 3638 1847 qua:
3673 1792 3830 1848 egre-

2155 1854 2201 1913 Β
2230 1868 2449 1923 diuntur
2477 1868 2544 1923 de
2572 1868 2758 1923 limine
2784 1866 2970 1938 templi
2998 1875 3053 1924 et
3080 1864 3391 1923 referuntur
3420 1869 3487 1923 ad
3525 1869 3827 1924 doctrinam

2225 1954 2504 2025 Ecclesiae,
2528 1960 2607 2016 sic
2633 1968 2761 2016 sunt
2790 1976 2944 2032 aquae
2972 1975 3174 2016 amarae
3200 1968 3254 2016 et
3281 1978 3434 2031 aqua:
3462 1962 3736 2031 pessime,
3761 1962 3829 2018 ad

2226 2042 2362 2123 quas
2407 2051 2673 2108 Jeremias
2718 2054 2981 2124 propheta
3023 2069 3123 2109 nos
3165 2054 3417 2124 prohibet
3450 2055 3711 2110 accedere
3744 2055 3828 2110 di-

2227 2161 2355 2202 cens
2379 2165 2393 2202 :
2418 2168 2442 2221 ί(
2477 2146 2618 2216 Quid
2641 2147 2794 2203 vobis
2819 2156 2873 2203 et
2899 2146 2998 2202 viae
3020 2142 3241 2219 Egypti
3268 2156 3326 2201 ut
3345 2146 3548 2202 bibatis
3580 2149 3647 2203 de
3672 2147 3826 2219 aquis

2227 2234 2376 2294 Geon
2407 2239 2541 2313 (Jer.
2584 2238 2671 2309 ιι),
2694 2258 2714 2292 ι
2755 2254 2874 2309 qua:
2902 2238 3168 2295 Hebraice
3197 2238 3450 2295 dicuntur
3474 2240 3608 2307 sior,
3639 2240 3694 2295 id
3719 2246 3822 2306 est,

2229 2330 2455 2387 turbida:
2476 2341 2638 2402 atque
2662 2346 2915 2387 emnosae.
2946 2331 3023 2387 De
3044 2331 3241 2401 quibus
3267 2330 3439 2386 iratus
3467 2347 3632 2403 super
3653 2331 3823 2388 haere-

2228 2420 2350 2476 ticis
2376 2422 2615 2493 loquitur
2639 2420 2783 2478 Deus
2807 2439 2820 2476 :
2853 2442 2871 2474 ι
2898 2421 3038 2478 Ecce
3066 2438 3165 2494 ego
3192 2422 3383 2477 cibabo
3407 2438 3503 2478 eos
3532 2422 3815 2494 angustiis,

2226 2520 2281 2567 et
2305 2514 2442 2569 dabo
2481 2514 2559 2569 eis
2591 2523 2780 2585 potum
2813 2513 3050 2584 aliquam
3072 2513 3212 2569 fellis
3244 2513 3388 2587 (Jer.
3418 2514 3541 2585 rx),
3575 2535 3594 2568 ι
3633 2514 3687 2568 in
3715 2529 3820 2586 qua

2226 2602 2390 2659 draco
2438 2612 2626 2675 regnat
2670 2604 2989 2677 Egyptius,
3019 2605 3112 2675 qui
3146 2604 3315 2678 dicit:
3350 2623 3369 2655 ι
3404 2604 3524 2659 Mea
3567 2614 3693 2660 sunt
3722 2602 3819 2658 tin-

2224 2696 2392 2761 mina,
2424 2705 2482 2753 et
2506 2712 2604 2768 ego
2648 2695 2755 2753 feci
2794 2696 3171 2767 memetipsum
3211 2695 3429 2769 (Ezech.
3470 2695 3647 2767 nix),
3671 2714 3691 2747 ι
3728 2694 3816 2765 qui

2222 2802 2382 2845 omne
2422 2788 2697 2844 excelsum
2733 2787 2913 2853 videt,
2945 2795 3000 2842 et
3039 2787 3153 2857 ipse
3182 2795 3265 2842 est
3295 2802 3389 2840 rex
3414 2800 3610 2840 eorum
3632 2784 3726 2856 qui
3759 2786 3816 2839 in

2221 2881 2379 2951 aquis
2405 2891 2552 2936 sunt.
2583 2881 2736 2937 Unde
2765 2881 2849 2936 vir
2873 2880 3274 2936 ecclesiasticus
3299 2879 3592 2933 Dominum
3626 2878 3820 2949 depre-

2219 2980 2378 3026 catur
2403 2980 2459 3026 et
2495 2972 2663 3027 dicit:
2694 2990 2713 3024 ί
2747 2970 2970 3026 Salvum
2999 2986 3086 3026 me
3124 2970 3232 3037 fac,
3267 2969 3511 3034 Domine,
3555 2969 3817 3039 quoniam

2219 3064 2558 3119 intraverunt
2600 3079 2757 3135 aquae
2784 3077 2956 3134 usque
2994 3063 3062 3118 ad
3104 3064 3341 3118 animam
3383 3077 3580 3121 meam.
3612 3061 3819 3117 Infixus

2223 3172 2342 3212 sum
2364 3156 2418 3211 in
2450 3156 2638 3215 limum
2658 3154 2912 3226 profundi
2936 3163 2993 3210 et
3018 3170 3127 3209 non
3148 3164 3232 3209 est
3253 3153 3580 3220 substantia;
3606 3154 3730 3207 veni
3756 3152 3818 3207 in

516 3242 670 3314 juxta
700 3244 831 3300 illud
860 3246 1009 3316 quod
1052 3247 1427 3318 scriptum-est
1451 3268 1464 3302 :
1496 3269 1514 3303 ι
1550 3250 1625 3305 De
1650 3250 1783 3306 Sion
1808 3252 2119 3324 egredietur
2144 3231 2190 3295 C
2220 3246 2561 3302 altitudinem
2594 3246 2791 3312 maris,
2820 3254 2877 3300 ει
2900 3252 3190 3316 tempestas
3222 3244 3471 3299 ἀθωθτείε
3508 3257 3595 3297 me
3624 3238 3816 3313 (P‘al-

518 3333 638 3399 lex,
689 3343 746 3391 et
790 3337 1017 3393 verbum
1058 3337 1273 3393 Domini
1316 3342 1383 3395 de
1423 3339 1724 3398 Jerusalem
1766 3341 1917 3414 (ha.
1956 3344 2052 3418 ll).
2094 3364 2113 3399 ι

521 3426 594 3483 Et
621 3427 676 3484 in
705 3428 808 3483 alio
835 3428 956 3485 loco
984 3446 1000 3484 :
1029 3450 1048 3483 ι
1077 3432 1307 3502 Repleta
1356 3442 1483 3488 sunt
1525 3436 1705 3490 omnia
1755 3437 1982 3497 sciemia
2013 3440 2120 3493 Do‘

520 3519 681 3585 mini,
710 3521 852 3576 sicut
882 3537 1023 3592 aqua
1051 3522 1219 3579 multa
1251 3525 1505 3595 operiens
1533 3542 1683 3583 mare
1714 3527 1850 3596 (Ira.
1877 3528 2007 3602 x1)»
2041 3530 2121 3595 De

520 3612 611 3669 his
635 3615 794 3683 aquis
821 3624 879 3671 et
918 3615 1214 3675 Zacharias
1252 3619 1518 3688 propheta
1546 3621 1883 3678 vaticinatus
1919 3631 2003 3679 est
2029 3624 2119 3679 di-

520 3719 694 3761 cens:
726 3722 746 3757 ι
782 3706 841 3762 lu
870 3707 961 3762 illo
1000 3708 1090 3764 die
1138 3710 1450 3779 egredietur
1477 3725 1618 3780 aqua
1663 3713 1856 3771 vivens
1912 3714 1981 3770 de
2024 3714 2119 3772 Je-

520 3798 779 3864 rusalem,
808 3807 867 3854 et
891 3800 1129 3859 medium
1164 3798 1284 3868 ejus
1316 3802 1368 3859 in
1396 3816 1547 3862 mare
1588 3803 1846 3873 primtuu,
1878 3807 2116 3863 medium

520 3898 704 3955 autem
748 3888 891 3945 illius
933 3890 987 3944 in
1029 3906 1180 3947 mare
1225 3892 1580 3949 novissimum
1607 3893 1795 3965 (Zach.
1825 3896 1960 3963 XIV).
1986 3916 2009 3948 ι
2039 3896 2117 3955 De

520 3982 607 4038 bis
638 3982 796 4052 aquis
823 3990 881 4038 et
904 3982 985 4039 ad.
1005 3981 1409 4039 Samaritanam
1442 3984 1704 4045 Dominus
1746 3985 2072 4056 loquebatur
2098 4005 2112 4041 :

525 4090 544 4122 ι
582 4070 639 4128 Si
670 4073 843 4129 scires
868 4073 993 4144 quis
1016 4081 1102 4129 est
1126 4074 1221 4143 qui
1250 4073 1385 4130 dicit
1410 4075 1528 4141 tibi,
1552 4076 1631 4135 Da
1660 4076 1795 4137 mihi
1812 4076 2035 4145 bibere,
2056 4086 2116 4133 tu

480 4198 481 4211 ι
516 4163 747 4231 forsitan
764 4168 1001 4237 petisses
1016 4182 1165 4234 eum,
1179 4175 1235 4223 et
1255 4168 1493 4225 dedisset
1506 4169 1604 4224 tibi
1623 4170 1897 4239 viventem
1916 4184 2113 4240 aquam

520 4261 705 4331 (loca.
729 4261 875 4333 tv)»
920 4262 991 4318 Et
1017 4263 1254 4321 iterum:
1285 4280 1305 4315 ι
1336 4262 1533 4321 .Omuis
1562 4264 1656 4334 qui
1684 4265 1825 4325 bibit
1866 4266 1935 4321 de
1973 4280 2114 4336 aqua

484 4378 487 4393 ι
519 4353 803 4417 munitiet
842 4356 1024 4410 derum
1049 4373 1067 4409 ι
1094 4357 1189 4427 qui
1216 4364 1407 4417 autem.
1435 4357 1641 4413 biberit
1661 4372 1730 4413 ea
1769 4374 1913 4428 aqua
1949 4372 2115 4427 quam

470 4504 475 4511 ,
514 4444 806 4513 aperibo
845 4444 934 4509 ei,
959 4460 1069 4502 non
1110 4447 1259 4502 sitiet
1288 4448 1342 4504 in
1372 4432 1636 4503 aeternum
1679 4448 1933 4518 (Ibid.).s
1965 4449 2042 4509 Et,
2059 4448 2115 4504 in

521 4534 725 4605 templo
766 4534 1040 4591 clamabat
1079 4542 1240 4605 atque
1266 4538 1575 4593 .dicebatu
1600 4536 1817 4607 Siquis
1840 4539 2114 4644 ,δίιίιηγεξτ

504 4627 645 4681 ’πίει
672 4628 747 4682 ad
790 4643 878 4683 me
902 4638 958 4687 et
984 4629 1175 4685 bibat:
1209 4629 1303 4699 qui
1344 4630 1520 4691 credit
1560 4631 1615 4687 in
1656 4645 1767 4695 me,
1786 4630 1941 4699 sicut
1981 4627 2112 4701 dicit

521 4716 829 4789 Scriptura,
854 4716 1076 4775 ﬂumina
1104 4718 1391 4793 de‘ventre
1423 4720 1542 4790 ejus
1565 4719 1738 4791 ﬂuent
1769 4736 1924 4791 aqua:
1949 4722 2107 4785 vivae.

520 4810 861 4868 Hoc..auteni
907 4812 1045 4869 dixit
1082 4815 1149 4868 de
1188 4814 1383 4883 spiritu
1426 4829 1589 4883 quem
1635 4815 1909 4883 accepturi
1950 4822 2110 4879 erant

518 4903 807 4958 «euantes
850 4902 905 4959 in
946 4918 1075 4959 eum
1102 4902 1285 4975 (Joan.
1322 4904 1443 4976 vn).
1468 4924 1488 4958 ι
1524 4904 1645 4965 istm
1686 4912 1813 4960 sunt
1858 4920 2012 4975 aquae
2030 4906 2109 4965 ,de

521 5002 720 5072 quibus
752 5000 1025 5071 Propheta
1084 5002 1407 5071 loquebatur
1444 5003 1514 5057 in
1570 5002 1827 5073 psalmo;
1863 5019 1883 5051 ι
1934 5000 2108 5070 Super

521 5106 688 5164 aquas
716 5094 1033 5149 refectionis
1054 5094 1307 5151 educavit
1329 5109 1413 5149 me
1437 5091 1610 5166 (Paul.
1645 5093 1803 5163 xxii).
1828 5112 1847 5143 ι
1878 5092 1944 5146 Et
1967 5092 2106 5147 Eze-

519 5188 698 5241 chiel:
728 5206 747 5237 ι
773 5189 1061 5243 Assumam
1095 5204 1195 5243 vos
1230 5188 1301 5243 de
1349 5188 1601 5257 gentibus
1642 5194 1697 5241 et
1735 5172 1819 5243 de
1841 5185 2003 5241 terris
2051 5191 2108 5241 et

519 5290 802 5349 aspergam
820 5292 985 5351 super
1007 5297 1105 5335 vos
1124 5296 1323 5351 aquam
1344 5280 1619 5342 mundam,
1641 5278 2104 5338 et'mundabiminl

519 5380 585 5425 ex
628 5372 877 5428 clunibus
906 5374 1269 5428 immunditiis
1310 5372 1535 5435 vestris,
1562 5360 1931 5439 apparuerunt
1955 5369 2101 5431 enim

518 5461 715 5515 imites'
742 5472 1001 5531 aquarum
1029 5462 1244 5533 (Each.
1280 5462 1487 5533 xxxvi).
1517 5480 1536 5511 ι
1570 5460 1638 5514 Et
1666 5461 1719 5515 in
1749 5460 2102 5527 nonagesimo

519 5555 759 5609 secundo
784 5555 995 5622 psalmo
1021 5557 1268 5609 canitur:
1301 5554 1731 5608 «Elevaverunt-
1749 5550 1966 5609 ﬂumina
1995 5552 2101 5607 Do-

476 5662 477 5665 ‘
519 5650 672 5712 mini,
698 5642 1043 5703 «levaverunt
1062 5650 1278 5703 ﬂumina
1302 5663 1462 5703 voces
1485 5663 1613 5703 snas
1634 5646 1908 5703 arvocibus
1934 5658 2099 5715 nqua-

480 5742 481 5747 “
516 5748 641 5792 rum
688 5739 1010 5804 multarum,
1041 5740 1315 5794 mirabiles
1352 5740 1684 5795 elevationes
1724 5740 1893 5797 maris
1918 5736 2094 5810 (Paul.

460 5842 465 5853 '
517 5843 654 5899 acu,
677 5830 822 5889 Pent.
838 5830 1045 5904 xxxx)»
1062 5830 1185 5889 istae
1207 5838 1334 5889 sunt
1345 5846 1500 5905 aquae
1525 5831 1692 5901 Sitne,
1710 5850 1730 5887 ι
1751 5845 1876 5904 qua:
1897 5830 2101 5893 vadunt
2142 5894 2145 5897 η

2139 4589 2191 4649 D

2219 3338 2409 3409 uvn).
2440 3357 2459 3387 ι
2484 3338 2553 3392 Ει
2574 3337 2774 3393 iterum
2800 3355 2813 3392 :
2841 3355 2863 3389 ι
2889 3336 3116 3393 Liberer
3141 3338 3211 3393 ab
3240 3338 3327 3393 his
3351 3336 3437 3406 qui
3460 3334 3699 3417 oderunt
3722 3326 3822 3423 me

2218 3438 2276 3486 et
2308 3431 2374 3485 de
2416 3429 2684 3499 profundo
2724 3446 3010 3502 aquarum.
3049 3430 3167 3485 Non
3210 3444 3296 3484 me
3336 3427 3639 3500 prrecipitet
3674 3434 3816 3482 tem«

2218 3529 2403 3592 pestas
2429 3533 2607 3592 aqum,
2633 3537 2736 3577 nec
2773 3521 3062 3576 absorbeat
3108 3536 3196 3576 me
3234 3519 3591 3590 profundum,
3620 3531 3818 3603 neque

2218 3623 2411 3686 urgeat
2434 3630 2597 3686 super
2622 3631 2711 3670 me
2736 3624 2933 3686 puteus
2960 3631 3022 3671 os
3050 3630 3205 3670 suum
3236 3613 3414 3686 (Ibid.
3450 3614 3575 3685 xv).
3610 3633 3629 3665 ι
3664 3612 3733 3667 Et
3759 3612 3815 3668 in

2218 3706 2322 3771 alio
2341 3706 2551 3776 psalmo
2577 3724 2591 3761 :
2622 3726 2641 3760 ι
2669 3707 2784 3765 Nisi
2805 3709 2931 3779 quia
2960 3707 3220 3764 Dominus
3241 3709 3436 3769 eratin
3463 3707 3646 3787 nobis,
3668 3707 3814 3761 dicat

2216 3814 2360 3859 nunc
2380 3798 2569 3869 Jsrael
2592 3838 2608 3865 ,
2637 3800 2743 3856 nisi
2778 3801 2904 3871 quia
2930 3800 3189 3856 Dominus
3231 3810 3351 3857 erat
3380 3801 3439 3855 in
3466 3801 3646 3856 nobis.
3676 3798 3815 3855 Cum

2218 3897 2576 3962 exsurgerent
2606 3891 2852 3947 homines
2879 3892 2937 3951 in
2963 3905 3081 3956 nos,
3114 3890 3344 3946 forsitan
3372 3891 3525 3963 vivos
3555 3889 3814 3962 deglutis-

2217 3992 2342 4053 sent
2373 4000 2492 4041 nos.
2520 3985 2656 4043 Cum
2696 3986 3023 4059 irasceretur
3066 3982 3218 4039 furor
3255 3999 3445 4039 eorum
3492 3999 3658 4054 super
3686 3994 3812 4057 nos,

2218 4075 2447 4145 forsitan
2494 4090 2635 4146 aqua
2670 4064 3043 4131 absorbuisset
3080 4090 3180 4130 nos
3219 4073 3673 4147 (Psal._cxxm).
3695 4093 3716 4125 ι
3743 4071 3813 4128 Et

2216 4182 2413 4236 sponsa
2457 4167 2512 4220 in
2551 4165 2776 4224 Cantico
2817 4168 3154 4222 canticorum
3180 4185 3196 4221 :
3224 4186 3243 4218 ‹
3285 4165 3442 4236 Aqua
3487 4164 3660 4221 multa
3704 4181 3813 4220 non

2215 4260 2418 4331 poterit
2457 4258 2791 4330 restinguere
2837 4258 3177 4325 charitatem,
3218 4264 3273 4312 et
3312 4256 3537 4312 ﬂumina
3580 4272 3691 4312 non
3718 4258 3811 4315 ὐε-

2186 4362 2602 4425 ~mergenteam
2628 4353 2807 4426 (Cant.
2832 4352 2976 4421 vin).
3001 4372 3022 4405 ι
3051 4353 3159 4408 Ista
3183 4361 3268 4408 est
3287 4366 3428 4422 aqua
3456 4351 3524 4406 de
3544 4365 3653 4420 qua
3677 4350 3810 4404 dicit
3836 4415 3851 4440 ς

2216 4443 2356 4500 Osee
2381 4462 2395 4499 :
2423 4464 2444 4498 ι
2472 4444 2813 4515 Contempsit
2836 4458 2924 4499 me
2941 4443 3144 4500 Galaad
3169 4444 3383 4510 civitas,
3409 4458 3530 4515 quae
3549 4450 3809 4515 operatur

2217 4540 2488 4599 vanitates
2535 4540 2868 4599 conturbans
2908 4554 3136 4609 aquam;
3161 4548 3217 4593 et
3244 4536 3503 4593 fortitudo
3545 4537 3666 4609 ejus
3704 4534 3807 4589 viri

2214 4627 2407 4699 pirata:
2448 4627 2594 4699 (Ore.
2623 4632 2764 4701 νὴ.»
2813 4629 2944 4697 Quae
2984 4644 3125 4700 aqua
3167 4629 3275 4684 alio
3317 4627 3540 4684 nomine
3579 4636 3808 4684 vocatur

2214 4714 2393 4782 Maro,
2416 4717 2521 4772 hoc
2545 4726 2630 4774 est
2651 4718 2973 4783 amaritudo,
2997 4719 3051 4773 in
3077 4733 3185 4789 qua
3210 4718 3411 4788 lignum
3437 4719 3617 4777 crucis
3637 4717 3810 4772 mitti-

2214 4816 2321 4875 tur,
2354 4818 2411 4865 et
2450 4826 2634 4866 amara
2676 4819 2956 4867 vertentur
2982 4812 3039 4867 in
3066 4811 3262 4868 dulcia.
3292 4811 3592 4867 Considera
3629 4811 3803 4880 legem

2212 4899 2406 4972 Moysi,
2438 4903 2482 4958 si
2510 4903 2829 4974 intelligitur
2862 4902 3018 4973 juxta
3048 4919 3266 4959 sensum
3300 4918 3559 4959 cat-neum
3587 4901 3805 4959 Judae-

2210 5010 2354 5062 rum,
2370 4997 2637 5067 quomodo
2663 5010 2847 5065 amara
2871 4996 2961 5060 sit,
2975 4994 3235 5051 effodiens
3257 4993 3470 5051 oculum
3498 5009 3601 5064 pro
3618 4995 3799 5060 nario,

2213 5086 2430 5142 dentem
2467 5102 2568 5157 pro
2600 5086 2780 5151 dente,
2830 5085 3020 5142 Judam
3064 5086 3119 5141 in
3166 5084 3402 5141 Thamar
3441 5084 3803 5143 fornicatione

2213 5187 2269 5233 et
2290 5177 2431 5234 Osee
2459 5176 2706 5247 junctum
2730 5177 3058 5243 fornicarize,
3069 5176 3317 5233 εἰει·θωὶει)
3344 5180 3634 5252 περίζωμα.
3664 5176 3797 5233 lusi

2213 5284 2445 5330 uxorem
2474 5269 2863 5340 Ethiopissam
2899 5279 2955 5323 et
2992 5268 3416 5325 interfectionem
3447 5266 3719 5339 Egnatii,
3741 5274 3802 5322 et

2210 5364 2358 5420 mille
2378 5365 2506 5430 alia,
2527 5378 2649 5435 quas
2670 5363 2717 5419 si
2740 5363 3102 5435 intelligamus
3113 5360 3275 5431 juxta
3291 5361 3631 5418 occidentem
3652 5349 3801 5415 litte-

2208 5473 2348 5522 ram,
2373 5467 2430 5513 et
2454 5473 2563 5513 non
2584 5458 2741 5529 juxta
2761 5456 3010 5527 spiritum
3037 5456 3628 5521 viviﬁcantem,cmra
3645 5459 3795 5516 sunt,

2204 5556 2263 5605 et
2284 5550 2542 5605 lectorem
2572 5565 2729 5606 suum
2750 5564 2859 5606 non
2880 5558 2993 5604 tam
3008 5547 3460 5617 aedificantquam
3478 5546 3795 5601 destmnnt.

2202 5643 2324 5701 Ista:
2346 5644 2512 5713 igitur
2530 5657 2705 5712 aqum,
2727 5656 2849 5713 qua
2867 5641 3217 5713 egrediuntur
3239 5640 3304 5695 de
3330 5638 3533 5709 templo
3549 5634 3793 5699 Bmuiai,

2203 5744 2435 5810 pergunt
2456 5735 2523 5790 ad
2542 5734 2837 5798 orientem,
2862 5742 2917 5793 et
2957 5732 3291 5789 descendunt
3328 5731 3389 5787 in
3419 5729 3565 5805 latus
3604 5724 3793 5797 templi

2205 5829 2479 5895 dextrum,
2509 5823 2578 5883 ad
2616 5824 2804 5883 altaris
2821 5824 3127 5895 meridiem,
3152 5822 3244 5897 ubi
3273 5836 3502 5905 sponsus
3529 5819 3789 5901 convivas
