4112 6364
375 403 513 501 rosa

1248 437 1604 496 conamur.
1645 397 2200 494 intuemini.
2343 417 2468 491 Lib;
2511 417 2649 492 xix.
2699 423 2702 428 '
2759 417 2794 432 "

3476 401 3612 491 uitii

373 577 497 616 suas
539 557 710 628 pascit
736 564 792 609 ct
817 555 1058 610 accubat.
1102 553 1252 622 Quod
1297 564 1475 609 autem
1525 555 1765 624 sequitur
1787 571 1799 582 ·
1832 574 1847 605 ς
1878 541 1952 607 Et
1971 560 2021 619 Α
2052 575 2069 605 ε
2103 571 2260 625 quem
2287 572 2393 611 non
2429 559 2577 628 potui
2607 559 2954 628 pertransire,
2985 579 3003 610 ι
3039 555 3206 613 multo
3241 556 3428 614 melius
3454 573 3616 628 quam

371 653 555 708 eduxit
578 666 664 704 me
684 663 781 720 per
804 650 946 702 viam
969 657 1136 717 portic
1163 647 1426 716 aquilonis
1446 689 1460 713 ,
1485 657 1540 701 ct
1579 647 1844 701 convertit
1878 647 1944 701 ad

372 743 510 797 viain
543 740 689 796 foras
709 752 918 811 portam
945 739 1291 800 exteriorem,
1316 739 1455 791 viam
1483 753 1600 806 quae
1625 725 1947 806 rcSpicii-bat

372 836 438 888 ad
471 833 750 897 orientem,
787 829 911 883 illud
947 830 1176 882 latenter
1204 830 1457 894 ostendit,
1491 829 1633 897 quod
1659 831 1840 883 statim
1879 829 1946 882 ad

371 935 579 995 portam
612 921 922 978 orientalem
945 917 1228 991 pervenire
1258 938 1362 974 non
1389 936 1694 990 possumus,
1723 921 1825 976 nisi
1850 936 1946 990 per

372 1020 510 1072 viam
535 1025 701 1087 [)Ol'lLB
729 1016 992 1086 aquilonis
1029 1015 1184 1082 longo
1214 1015 1443 1068 circuitu
1479 1015 1854 1083 perveniamus
1880 1014 1947 1068 ad

369 1124 508 1163 eam.
564 1107 676 1161 Nisi
729 1107 872 1161 enim
935 1117 1148 1160 ventum
1204 1106 1610 1176 frigidissimum
1659 1106 1948 1161 vicerimus

369 1198 547 1252 calore
578 1197 786 1259 tidei,et
812 1194 1197 1249 calcaverimus
1225 1195 1468 1265 regiones
1491 1193 1624 1262 ejus,
1653 1203 1713 1248 ut
1736 1195 1951 1264 implea-

373 1293 456 1338 tur
488 1284 612 1339 iilud
639 1285 691 1338 in
734 1284 889 1339 nobis
916 1285 1264 1353 apostolicum
1295 1302 1307 1338 :
1337 1305 1353 1336 ε
1388 1284 1528 1339 Deus
1558 1294 1736 1339 autem
1767 1293 1950 1340 conte-

372 1384 451 1429 ret
473 1374 724 1429 Satanam
744 1375 842 1428 sub
863 1375 1086 1443 pedibus
1102 1377 1298 1430 vestris
1309 1375 1563 1450 velociter
1581 1373 1597 1445 (
1607 1367 1755 1450 Rom.
1776 1375 1943 1447 “1);;

368 1474 578 1535 portam
611 1481 708 1534 per
734 1481 894 1535 quam
935 1466 1284 1536 egrediuntur
1309 1483 1460 1537 aqua}
1491 1449 1546 1521 et
1576 1463 1701 1521 sunt
1728 1483 1755 1520 a
1784 1468 1950 1524 latere

368 1556 578 1619 dextro,
597 1556 802 1624 ingredi
818 1557 922 1610 non
937 1555 1249 1612 valebimus.
1269 1557 1471 1611 Etnota
1487 1559 1630 1627 quod
1643 1573 1793 1627 aqua:
1813 1559 1948 1625 istae,

368 1660 486 1714 quae
510 1646 855 1716 egrediuntur
878 1660 975 1714 per
998 1655 1206 1715 portant
1230 1647 1472 1711 orientis,
1506 1647 1766 1702 intantum
1790 1648 1950 1704 laevas

367 1746 548 1805 partes
579 1736 808 1806 fugient,
841 1744 898 1790 ut
925 1751 954 1790 τι
977 1737 1182 1791 dextris
1207 1739 1395 1793 altaris
1428 1740 1493 1792 ad
1523 1740 1801 1794 meridiem
1831 1755 1951 1810 per-

367 1839 494 1894 gere
521 1827 892 1880 describantur
917 1844 928 1878 ε
957 1845 973 1875 (
1009 1827 1108 1880 Vir
1141 1833 1338 1891 autem,
1369 1829 1565 1897 inquit,
1591 1829 1679 1882 ille
1717 1830 1808 1898 qui
1853 1831 1948 1883 ha-

2047 623 2447 719 Scptitaginut,-
2466 639 2555 718 qui
2601 623 2852 703 discrerit
2877 668 2898 726 φ
2932 641 3120 721 quem"
3141 629 3267 706 non
3293 623 3614 724 pauit—per“-

2047 739 2295 792 transire.
2328 760 2346 791 ι
2383 738 2649 809 Propheta
2675 739 2817 794 enim
2858 747 2910 793 et
2951 742 3124 797 omnis
3163 743 3395 796 humana
3426 751 3619 797 natura

2044 823 2160 901 post
2194 823 2404 885 lumbos
2437 839 2728 886 torrentem
2762 832 3144 904 cogitationum
3173 833 3229 887 ct
3264 832 3530 888 incentiva
3561 834 3617 888 in

2046 919 2208 979 corde
2244 915 2503 977 vitiorum
2545 911 2650 979 non
2699 913 2875 994 potest
2916 921 3263 998 pertransire.
3313 922 3416 980 Vir'
3439 925 3618 980 autem

2049 1005 2155 1078 ille,
2185 1005 2274 1083 qui
2302 1007 2521 1069 indutus
2547 1021 2664 1068 erat
2695 1013 2901 1068 baddim
2925 1023 2979 1068 et
2997 1011 3195 1068 doctor
3218 1013 3491 1084 propheta:
3510 1057 3522 1078 ,
3560 1009 3626 1068 li-

2046 1098 2218 1173 quido'
2231 1103 2559 1173 pertransiit,
2589 1122 2608 1154 ‹
2636 1104 2728 1172 qui
2755 1101 3031 1173 peccatum
3054 1119 3159 1157 non
3182 1102 3326 1168 fecit,
3353 1119 3451 1157 nec
3472 1101 3623 1158 doliis

2049 1195 2296 1249 inventus
2343 1203 2424 1250 est
2476 1195 2530 1248 in
2575 1193 2669 1249 Ore
2701 1193 2817 1262 ejus
2873 1193 2926 1264 (1
2955 1193 3098 1248 Petr.
3135 1194 3230 1264 XI).
3261 1197 3280 1246 ὼ
3316 1190 3626 1262 Causasqu‘e

2048 1285 2226 1341 reddit
2274 1301 2370 1339 cur
2413 1286 2677 1354 propheta
2714 1283 2858 1338 mille
2895 1291 3116 1352 quartos
3141 1284 3350 1338 cubitos
3387 1287 3493 1337 non
3529 1287 3624 1353 pd-

2049 1375 2215 1432 tuerit
2253 1377 2584 1446 pertransire
2609 1393 2622 1430 :
2651 1396 2668 1426 ε
2715 1375 2998 1443 Quoniam,
3033 1375 3224 1443 inquit,
3258 1374 3624 1428 intumuerant

2049 1482 2206 1537 aqua:
2249 1466 2497 1536 profundi
2551 1467 2830 1531 torrentis,
2860 1467 2950 1535 qui
2998 1480 3101 1520 non
3146 1468 3326 1534 potest
3378 1473 3624 1519 transva-

2051 1557 2188 1613 dari.
2220 1575 2238 1609 ι
2294 1557 2360 1611 Et
2415 1559 2683 1626 quomodo
2738 1559 2997 1627 scriptum
3057 1565 3137 1613 ρει
3197 1559 3458 1629 gloriante
3503 1565 3629 1627 pro-

2050 1647 2248 1718 pheta:
2289 1665 2307 1698 ί
2365 1647 2685 1702 Torrentem
2743 1649 3060 1718 pertransiit
3117 1649 3295 1702 anima
3354 1648 3624 1701 nostra?»

2053 1739 2159 1793 Sed
2202 1739 2358 1794 facile
2388 1741 2618 1795 solvitur
2657 1740 2702 1795 si
2735 1741 2970 1795 sciamus
3009 1756 3107 1810 pro
3148 1740 3248 1794 hoc
3292 1740 3547 1808 scriptum
3575 1739 3628 1793 in

2055 1819 2281 1887 lleb'raro
2309 1850 2321 1885 :
2355 1851 2372 1883 ‹
2405 1832 2638 1887 Torrens
2662 1835 2974 1902 pertransiit
3005 1834 3239 1886 animam
3278 1846 3473 1885 meam.
3499 1850 3516 1880 ι
3553 1829 3630 1884 De

368 1916 527 1970 bebat
550 1916 844 1970 funiculum
875 1917 928 1970 in
959 1909 1144 1984 manu,
1171 1934 1292 1973 cum
1324 1934 1408 1972 me
1436 1920 1678 1974 duxisset
1705 1935 1802 1990 per
1824 1906 2022 1990 por-1'3
2051 1926 2152 1980 hoc
2184 1931 2422 1979 torrente
2455 1933 2508 1978 ct
2547 1924 2714 1978 Isaias
2761 1923 3038 1992 loquitur:
3077 1941 3095 1974 ‹
3135 1922 3272 1977 Ecce
3296 1937 3395 1992 ego
3429 1921 3632 1976 incliilo

368 2014 475 2059 tam
518 2006 784 2075 aquilonis
826 2006 1122 2062 forinsecus
1167 2008 1232 2061 ad
1275 2009 1417 2061 viam
1463 2025 1584 2078 quae
1628 2009 1949 2079 respiciebat

364 2099 648 2162 orientem,
671 2107 724 2152 et
747 2100 860 2167 ipse
883 2115 1091 2168 quoque
1112 2108 1256 2153 esset
1281 2100 1332 2153 in
1357 2102 1544 2155 eodem
1567 2100 1706 2165 loco,
1734 2113 1950 2155 mensus

363 2197 448 2242 est
476 2187 713 2256 ejusdem
737 2203 889 2258 aqua“:
913 2190 1056 2244 mille
1081 2190 1311 2256 cubitus,
1339 2199 1392 2245 et
1422 2191 1725 2245 transduxit
1746 2207 1830 2245 me
1855 2205 1952 2260 per

367 2295 563 2348 aquam
593 2293 762 2349 usque
797 2283 862 2334 ad
890 2282 1054 2344 talos,
1076 2301 1097 2333 ι
1126 2298 1260 2352 quos
1290 2282 1481 2351 Aquila
1513 2287 1568 2337 et
1599 2279 1952 2353 Symmachus

365 2383 420 2426 et
449 2374 743 2428 Theodotio
787 2375 1139 2452 ἀστράγαλους
1165 2373 1502 2444 interpretati
1534 2383 1683 2440 sunt,
1710 2391 1809 2444 pro
1835 2378 1952 2446 qui-

366 2465 465 2519 bus
492 2465 836 2534 Septuaginta
859 2466 1268 2529 transtulcrunt,
1285 2467 1378 2519 sed
1401 2466 1652 2522 transibit
1681 2468 1734 2521 in
1756 2484 1950 2538 aquam

367 2569 563 2624 aquam
587 2555 941 2609 remissionis.
966 2551 1116 2622 Quod
1146 2557 1444 2626 intelligere
1470 2571 1753 2625 possumus
1775 2559 1949 2627 prima

368 2643 643 2698 hominum
691 2644 999 2713 significare
1045 2654 1264 2714 peccata
1291 2687 1305 2709 ,
1349 2652 1470 2716 quae
1528 2647 1952 2717 ingredientibus

369 2734 524 2789 nobis
553 2750 723 2804 aquas
763 2735 975 2790 Domini
1007 2737 1369 2802 dimittuntur,
1397 2745 1452 2791 et
1488 2739 1740 2808 baptismi
1767 2748 1950 2794 osten-

367 2825 503 2880 dunt
527 2829 756 2897 gratiam
798 2828 1110 2892 salutarem,
1143 2838 1195 2882 et
1243 2829 1396 2882 initia
1427 2838 1548 2883 sunt
1591 2829 1948 2898 profectuum.

368 2918 607 2988 Denique
634 2920 701 2973 ad
727 2919 863 2975 talos
886 2931 1056 2989 usque
1084 2921 1410 2992 pertingunt.
1440 2921 1530 2990 qui
1559 2922 1750 2989 plantis
1776 2921 1952 2975 calca-

369 3026 576 3082 neoque
623 3012 786 3067 vicini
810 3021 949 3073 sunt,
983 3013 1074 3081 qui
1105 3020 1254 3081 patet
1299 3014 1568 3076 morsibus
1608 3012 1832 3078 colubri,
1873 3013 1951 3068 di-

370 3109 526 3161 cente
565 3105 830 3160 Domino:
863 3123 882 3158 ι
917 3104 995 3159 Tu
1041 3105 1158 3175 ejus
1201 3105 1512 3159 observabis
1542 3109 1720 3174 caput,
1757 3112 1810 3157 et
1838 3105 1951 3173 ipse

368 3199 678 3255 observiibit
719 3206 864 3252 tuum
911 3198 1219 3253 calcaneum
1253 3197 1404 3268 (Gen.
1443 3198 1547 3268 in).
1570 3215 1590 3248 ι
1625 3197 1691 3250 Et
1719 3185 1769 3250 in
1797 3196 1950 3250 Psal-

365 3290 504 3349 feria
535 3290 601 3348 de
628 3288 762 3342 Juda
806 3289 1002 3343 dicitur
1037 3260 1310 3357 proditore
1338 3305 1348 3341 :
1383 3306 1399 3337 ‹
1435 3260 1533 3354 Qui
1562 3288 1754 3342 edebat
1784 3303 1949 3356 panes
1976 3260 2024 3326 ο

367 3399 538 3448 meos,
577 3378 943 3452 magitilicavit
990 3393 1154 3447 super
1183 3392 1266 3432 me
1313 3377 1800 3446 supplantationem
1830 3376 1946 3450 (Ps.

367 3479 481 3548 XL),
505 3497 523 3527 ›
551 3479 665 3530 sive
695 3475 1030 3530 calcaneum.
1065 3466 1178 3524 Hoc
1202 3471 1346 3523 enim
1377 3470 1624 3525 Graecum
1653 3474 1842 3548 πτέρὺα
1884 3473 1952 3527 si-

367 3568 605 3641 gniﬁcat.
647 3565 776 3622 Post
821 3565 972 3621 mille
1007 3567 1185 3622 attteni
1234 3560 1475 3624 cubitos,
1501 3563 1591 3629 qni
1638 3562 1958 3630 perveniunt

366 3675 538 3731 usque
586 3661 652 3714 ad
703 3659 891 3724 talum,
919 3673 1137 3711 mensus
1179 3661 1262 3709 est
1305 3651 1442 3708 alios
1478 3650 1620 3704 mille
1650 3650 1858 3705 cubitus
1902 3651 1957 3705 in

369 3770 526 3826 aqua,
558 3773 576 3805 ι
607 3763 660 3808 et
693 3752 996 3808 transduxit
1024 3763 1107 3805 nte
1150 3750 1215 3804 ad
1256 3764 1449 3820 genua.
1473 3768 1492 3800 ›
1528 3744 1653 3799 Post
1680 3744 1955 3799 remissio-

370 3861 492 3900 nem
524 3844 787 3914 siquidem
813 3853 1155 3913 peccatorum
1181 3850 1235 3896 ct
1254 3843 1356 3895 iter
1379 3839 1718 3910 profectuum
1746 3837 1959 3910 quando

367 3936 640 4006 paululum
669 3937 733 3988 de
770 3935 1000 3988 terrenis
1030 3935 1095 3988 ad
1132 3934 1324 3986 altiora
1354 3938 1617 3985 conamur
1643 3932 1955 3996 ascendere,

367 4034 632 4088 ﬂectimus
659 4031 883 4087 Domino
907 4047 1098 4102 genua,
1125 4031 1336 4085 dicente
1354 4028 1607 4098 Apostolo
1635 4047 1647 4081 :
1680 4028 1781 4083 «Ut
1802 4040 1960 4081 omne

371 4142 508 4196 genu
522 4124 768 4178 ﬂectatur
788 4123 1089 4177 caelestium
1106 4131 1160 4175 et
1175 4121 1508 4176 terrestrium
1539 4125 1591 4174 et
1610 4118 1957 4182 iul'ernorum,

374 4225 430 4269 et
473 4215 650 4268 omnis
680 4215 861 4284 lingua
886 4213 1210 4268 confiteatur
1240 4212 1493 4282 quoniam
1524 4211 1782 4264 Dominus
1805 4209 1964 4263 .lesus

372 4303 625 4360 Christus
675 4306 730 4359 in
781 4305 950 4375 gloria
1002 4309 1085 4358 cst
1131 4304 1225 4358 Dei
1274 4302 1450 4356 Patris
1501 4299 1730 4372 (Philip.
1780 4301 1874 4369 η).
1938 4319 1957 4353 ›

373 4395 560 4452 Tertio
583 4411 803 4453 mensus
822 4405 906 4451 est
934 4395 1078 4451 mille
1109 4396 1241 4450 alios
1272 4394 1482 4449 cubitos
1510 4415 1528 4446 ‹
1557 4402 1613 4448 et
1641 4391 1961 4462 transduxit,

378 4487 576 4554 inquit,
605 4499 691 4539 me
721 4497 820 4552 per
850 4489 1044 4552 aquam
1080 4490 1250 4550 usque
1277 4480 1344 4534 ad
1367 4489 1543 4534 renes.
1575 4497 1596 4529 ι
1629 4477 1631 4480 ⁴
1885 4483 1890 4490 '

453 4577 545 4630 His
573 4577 716 4630 enim
753 4577 1004 4645 gradibus
1033 4576 1100 4628 ad
1128 4574 1376 4628 sublimia
1427 4571 1791 4641 pervenimus,
1835 4581 1958 4641 quae

379 4677 560 4723 tamen
594 4667 707 4737 ipsa
735 4665 984 4720 sublimia
1011 4675 1179 4732 usque
1211 4665 1278 4717 ad
1307 4664 1522 4716 lumbos
1561 4671 1616 4717 et
1651 4678 1808 4716 renes
1839 4645 1959 4731 peri

379 4763 627 4825 veniunt,
655 4771 712 4816 ut
732 4759 906 4814 omnis
930 4759 982 4811 in
1005 4757 1160 4810 nobis
1186 4755 1433 4825 ignobilis
1461 4756 1624 4809 libido
1655 4761 1955 4817 truncetur,

381 4860 436 4907 et
472 4853 840 4923 possideamus
879 4847 1358 4904 sanctiﬁcationcm
1407 4846 1651 4915 corporis
1691 4846 1807 4899 sine
1850 4858 1958 4913 qua

383 4959 542 4997 nemo
565 4945 711 4997 videt
743 4942 930 4996 Deum.
960 4940 1111 4995 Unde
1145 4945 1199 4993 et
1240 4939 1293 4992 in
1337 4939 1440 4991 hoc
1466 4938 1655 4991 eodem
1697 4935 1957 5006 propheta

386 5051 414 5089 a
443 5034 667 5105 pedibus
702 5047 870 5101 usque
911 5033 974 5084 ad
1023 5030 1230 5084 lumbos
1279 5030 1418 5082 Deus
1456 5029 1646 5098 igneus
1693 5025 1954 5082 cernitur.

382 5121 623 5191 lndigent
657 5121 796 5175 enim
843 5120 965 5190 igne
1010 5127 1063 5172 et
1091 5118 1410 5188 purgatione
1439 5131 1600 5187 opera
1636 5115 1958 5179 lumborum,

385 5215 596 5269 dicente
618 5212 766 5282 justo
791 5231 802 5265 :
834 5233 850 5263 ι
894 5212 1158 5278 Quoniam
1193 5210 1357 5263 lumbi
1387 5209 1491 5263 mei
1521 5208 1712 5278 repleti
1742 5214 1868 5262 sunt
1891 5207 1959 5258 il-

383 5307 679 5362 lusiouibus
718 5303 888 5372 (Paul.
921 5305 1149 5374 xxxvii),
1190 5322 1208 5351 ν
1237 5317 1331 5370 per
1354 5315 1487 5370 quos
1512 5301 1666 5354 nobis
1706 5293 1760 5354 et
1798 5299 1852 5352 in
1875 5299 1962 5352 dic

384 5408 439 5453 et
466 5398 515 5451 in
535 5397 770 5451 noctium
802 5396 1180 5466 phantasmate
1199 5391 1373 5444 illudi:
1404 5391 1676 5445 inimicus.
1700 5390 1743 5443 A
1767 5388 1963 5442 lumbis

385 5505 512 5544 vero
549 5483 718 5559 uSiﬁe
748 5488 816 5541 ad
857 5493 1018 5557 caput
1044 5492 1097 5539 et
1128 5484 1386 5536 verticem
1426 5481 1819 5551 pretiosissimo
1857 5493 1965 5535 me-

387 5583 514 5637 tallo
541 5581 726 5636 electri
753 5579 958 5650 fulgore
996 5575 1322 5647 reSplendet,
1349 5581 1409 5626 ut
1441 5573 1575 5626 nihil
1605 5573 1658 5624 in
1697 5587 1755 5626 se
1785 5571 1962 5628 sordi—
1990 5632 1995 5639 _

383 5678 532 5739 dum,
563 5675 691 5728 nihil
721 5675 918 5728 habeat
965 5671 1231 5726 utilitatis.
1271 5667 1422 5723 Unde
1464 5683 1604 5721 nunc
1648 5675 1843 5736 quarto
1871 5665 1956 5720 di-

388 5771 563 5826 eitur:
601 5788 619 5818 (
663 5767 725 5820 Ει
759 5782 975 5821 mensus
1017 5773 1098 5820 est
1129 5763 1291 5827 mille,
1326 5781 1344 5813 ι
1395 5761 1718 5815 subauditur
1761 5760 1962 5815 cubito:

391 5855 720 5928 torrentem,
775 5860 918 5932 quod
967 5857 1320 5931 Septuaginta
1346 5915 1348 5923 τ
1375 5867 1483 5909 non
1532 5853 1960 5922 transtulerant;

2049 2031 2210 2085 Super
2234 2032 2326 2071 eos
2372 2015 2530 2071 sicuti
2574 2014 2792 2070 ﬂuvium
2843 2017 3014 2086 pacis,
3059 2023 3113 2070 et
3142 2015 3282 2070 sicut
3335 2016 3630 2068 torrentem

2050 2107 2395 2162 inundantem
2419 2107 2662 2176 gloriam.
2694 2126 2711 2159 ι
2749 2107 2816 2160 Et
2836 2106 2891 2160 in
2915 2107 3188 2161 tricesimo
3217 2106 3406 2174 q'uinto
3427 2104 3635 2174 psalmo

2051 2199 2118 2252 de
2151 2199 2354 2252 sanctis
2385 2199 2610 2251 dicitur:
2643 2217 2662 2248 σι
2699 2196 2756 2250 In
2807 2198 3143 2266 protec’tiOne
3171 2197 3376 2250 alarum
3419 2200 3634 2249 tuarum

2051 2290 2362 2358 sperabunt,
2390 2288 2803 2345 inebriabuntur
2824 2289 2892 2343 ab
2920 2288 3164 2343 ubertate
3211 2289 3403 2342 domus
3431 2293 3558 2350 tute,
3582 2293 3636 2340 et

2051 2383 2293 2435 terrente
2344 2380 2657 2435 deliciarum
2703 2369 2917 2434 tuarum
2973 2379 3183 2448 potabis
3232 2385 3347 2442 eos,
3383 2378 3635 2446 quoniam

2052 2473 2191 2544 apud
2235 2481 2288 2527 te
2333 2481 2414 2526 est
2445 2471 2564 2527 fons
2592 2473 2756 2536 vitae;
2788 2491 2807 2523 ι
2858 2478 2912 2525 et
2957 2471 3010 2524 in
3045 2471 3342 2525 centesimo
3378 2469 3636 2522 vicesiItlo

2053 2567 2282 2638 qui-into:
2311 2584 2327 2617 i
2381 2564 2663 2626 Converte,
2700 2562 2944 2628 Domine,
2979 2561 3345 2631 captivitatem
3395 2565 3634 2614 nostrain

2054 2657 2193 2713 sicut
2218 2661 2428 2712 torrens
2458 2658 2511 2711 in
2537 2665 2761 2722 austro;
2793 2677 2810 2709 ι
2863 2663 2916 2711 et
2958 2669 3118 2724 soper
3159 2651 3438 2707 Salvatore
3465 2671 3476 2704 :
3507 2667 3525 2700 ‹
3563 2649 3640 2703 De

2054 2757 2293 2806 torrente
2329 2750 2380 2804 in
2404 2751 2490 2805 via
2531 2752 2680 2805 bibat
2717 2747 3084 2822 (Psat.c1x).i
3121 2745 3252 2813 Quis
3297 2745 3440 2799 enim
3473 2741 3619 2797 homi

2053 2857 2181 2896 num
2222 2842 2442 2913 gloriari
2472 2850 2646 2911 potest
2693 2848 2900 2894 castum
2952 2853 3008 2894 se
3056 2839 3260 2893 habere
3287 2836 3425 2890 cor?
3455 2833 3537 2888 vel
3571 2833 3638 2887 ad

2053 2932 2207 3000 cujus
2233 2941 2464 2988 mentem
2487 2947 2586 3001 per
2607 2930 2884 2986 oculorum
2904 2929 3172 2983 fenestras
3192 2941 3341 2980 mors
3362 2924 3638 2993 concupis-

2054 3026 2247 3078 centiae
2280 3037 2385 3077 non
2421 3021 2680 3084 introivit,
2712 3027 2764 3074 et
2791 3027 2852 3073 ut
2875 3033 3063 3088 parum
3089 3017 3287 3080 dicam,
3323 3014 3488 3068 animi
3515 3011 3617 3065 tltil

2052 3115 2220 3170 latio?
2255 3133 2273 3166 (
2307 3113 2534 3168 Mundus
2559 3113 2704 3168 enim
2731 3112 2784 3165 in
2809 3110 3042 3178 maligno
3069 3107 3273 3178 positus
3298 3105 3381 3160 est
3404 3104 3455 3174 (1
3477 3102 3636 3157 Joan.

2054 3209 2129 3281 v),
2158 3229 2176 3262 ι
2209 3218 2264 3264 et
2290 3225 2319 3262 a
2350 3207 2578 3279 pueritia
2603 3206 2904 3275 appositum
2932 3211 3014 3258 est
3039 3215 3133 3257 cor
3163 3194 3396 3255 hominis
3430 3197 3496 3252 ad
3521 3212 3637 3250 ma—

2054 3300 2182 3365 lum,
2227 3307 2283 3354 ut
2314 3314 2379 3354 ne
2426 3299 2583 3352 unius
2613 3296 2828 3366 quidem
2869 3295 2974 3350 diei
3022 3309 3051 3349 a
3090 3291 3388 3348 nativitatis
3417 3287 3639 3344 exordio

2053 3393 2169 3449 sine
2196 3399 2419 3463 peccato
2449 3391 2516 3445 sit
2538 3390 2769 3442 humana
2793 3386 3046 3441 conditio.
3073 3384 3226 3439 Unde
3249 3390 3304 3437 et
3317 3381 3494 3435 ‘Davi-d
3517 3393 3617 3433 con

2053 3483 2235 3538 fitctur
2264 3483 2316 3536 in
2340 3481 2585 3552 psalmo:
2619 3497 2638 3529 ι
2677 3478 2816 3532 Ecce
2847 3476 2989 3531 enim
3022 3475 3075 3529 in
3104 3470 3479 3542 iniquitatibus
3510 3473 3642 3524 con-

2055 3585 2241 3644 ceptus
2269 3591 2408 3638 sum,
2447 3580 2498 3627 et
2539 3571 2592 3626 in
2636 3569 2873 3642 peccatis
2912 3568 3157 3638 concepit
3197 3563 3283 3620 me
3321 3573 3498 3619 mater
3523 3577 3642 3616 nica

2058 3665 2230 3738 (Psal.
2259 3667 2379 3734 1.).»
2434 3661 2552 3716 Non
2604 3663 2656 3716 in
2712 3657 3088 3729 iniquitatibus
3140 3654 3328 3710 matris
3374 3670 3508 3708 mea:
3558 3651 3640 3706 vel

2057 3745 2204 3813 certe
2231 3757 2385 3821 meis,
2418 3755 2510 3809 sed
2539 3755 2591 3808 in
2623 3749 2995 3826 iniquitatibus
3023 3749 3270 3803 humance
3296 3744 3638 3801 conditionis.

2059 3845 2212 3904 Unde
2240 3856 2294 3905 et
2317 3847 2602 3920 Apostolus
2638 3849 2804 3901 dicit:
2836 3865 2853 3896 ε
2894 3841 3154 3916 Regnavit
3181 3853 3328 3897 mors
3365 3837 3432 3894 ab
3457 3835 3642 3894 'Adam

2058 3955 2231 4010 usque
2256 3942 2321 3994 ad
2350 3940 2585 4010 Moysen,
2617 3939 2781 3994 etiam
2819 3945 2981 4006 super
3016 3949 3108 3989 eos
3171 3931 3259 4001 qui
3301 3947 3406 3984 non
3439 3929 3642 4000 pecca-

2059 4033 2256 4088 Verunt
2283 4030 2336 4085 in
2365 4029 2771 4086 similitudinem
2809 4025 3268 4099 prazvaricationis
3302 4025 3429 4080 Ada:
3461 4022 3637 4094 (Rom.

2059 4124 2136 4196 v).
2165 4144 2181 4175 ι
2225 4115 2426 4194 (ϐνεθ.)
2454 4121 2592 4188 Quid
2635 4135 2866 4190 namque
2914 4117 3215 4173 rnillenario
3263 4113 3642 4179 numero,'nisi

2064 4215 2245 4270 collati
2291 4216 2500 4268 numeri
2567 4207 2842 4285 plenitudo
2891 4213 3170 4283 signatur?
3207 4207 3302 4266 Vir
3338 4211 3518 4278 itaque
3549 4209 3641 4277 (μιὶ

2055 4305 2329 4377 "apparuit,
2377 4306 2526 4360 mille
2578 4307 2787 4359 cubitos
2821 4305 3059 4369 metitur,
3120 4311 3173 4357 et
3231 4300 3494 4369 Propheta
3545 4307 3640 4369 per

2065 4415 2231 4469 aquas
2255 4403 2423 4468 usque
2451 4400 2517 4453 ad
2546 4391 2680 4452 tales
2700 4397 2929 4452 ducitur.
2955 4393 3088 4463 Quia
3113 4394 3440 4463 Redemptor
3463 4401 3644 4448 noster

2065 4505 2187 4546 cum
2213 4486 2367 4545 nobis
2397 4491 2464 4543 ad
2483 4504 2542 4545 se
2571 4487 2850 4544 conversis
2873 4485 2997 4542 boni
3025 4485 3228 4542 exordii
3257 4484 3641 4555 plenitudinem

2070 4583 2275 4649 tribuit,
2303 4585 2442 4639 dono
2472 4581 2730 4653 spiritalis
2755 4579 3033 4649 sapientiae
3062 4579 3235 4648 prima
3271 4575 3439 4629 nostri
3463 4574 3643 4642 operis

2066 4678 2291 4748 vestigia
2318 4675 2568 4730 infundit.
2600 4677 2808 4742 Aquam
2834 4673 3032 4740 quippe
3073 4683 3241 4737 usque
3289 4668 3353 4719 ad
3387 4667 3520 4719 talos
3550 4679 3640 4717 ve-

2065 4770 2207 4832 nire,
2235 4776 2318 4820 cst
2361 4767 2470 4834 jam
2497 4780 2594 4818 nos
2640 4777 2737 4831 per
2785 4768 3061 4829 acceptam
3091 4756 3408 4826 sapientiam
3435 4755 3643 4808 deside-

2065 4867 2197 4913 ratic
2227 4853 2560 4909 rectitudinis
2597 4850 2822 4921 vestigia
2871 4858 3072 4904 tenere.
3115 4848 3216 4915 Qui
3264 4861 3476 4901 rursum
3501 4845 3643 4898 mille

2064 4950 2307 5012 metitur,
2337 4953 2390 5000 et
2417 4939 2681 5012 Propheta
2704 4957 2874 5013 usque
2894 4941 2958 4995 ad
2994 4931 3165 5010 genua
3204 4955 3300 5010 per
3329 4953 3520 5008 aquam
3544 4937 3642 4989 du-

2067 5043 2224 5097 citur.
2269 5040 2404 5107 Quia
2436 5053 2557 5092 cum
2597 5037 2722 5091 boni
2751 5035 2930 5105 operis
2956 5033 3231 5104 plenitudo
3272 5031 3544 5094 tribuitur,
3573 5028 3642 5084 ad

2066 5136 2167 5190 hoc
2197 5147 2364 5202 usque
2422 5137 2606 5185 nostra
2667 5128 2931 5198 sapientia
2979 5135 3224 5196 augetur,
3274 5131 3329 5178 ut
3379 5124 3432 5177 in
3464 5123 3640 5192 parvis

2059 5223 2170 5296 jam
2224 5223 2435 5277 actibus
2489 5220 2710 5274 minime
2763 5217 3027 5272 ﬂectatur.
3085 5216 3221 5271 Hinc
3271 5230 3500 5284 namque
3546 5229 3640 5282 per

2061 5317 2255 5371 lsaiam
2284 5313 2514 5369 dicitur:
2551 5331 2568 5363 i
2603 5310 2876 5365 Remissas
2896 5324 3089 5363 manus
3113 5316 3167 5362 et
3188 5307 3442 5363 dissoluta
3467 5322 3636 5377 genua

2064 5407 2277 5476 erigite,
2309 5384 2362 5458 ὦ
2390 5418 2606 5476 gressus
2637 5410 2812 5455 rectos
2841 5401 2998 5454 facite
3023 5395 3249 5469 pedibus
3275 5398 3467 5453 vestris
3503 5396 3636 5466 (lso.

2067 5497 2248 5568 xxxv).
2276 5516 2293 5547 ι
2322 5493 2474 5563 Aqua
2513 5506 2640 5562 ergo
2663 5492 2727 5543 ad
2752 5505 2924 5559 genua
2955 5488 3215 5558 pervenit,
3238 5503 3357 5542 cum
3380 5502 3496 5548 nos,
3521 5501 3641 5554 per-

2065 5597 2215 5655 ecpta
2246 5585 2529 5655 sapientia,
2559 5581 2794 5651 perfecte
2818 5580 2884 5634 ad
2907 5579 3031 5634 boni
3065 5578 3244 5648 operis
3264 5575 3636 5632 rcctitudinem

2067 5679 2304 5749 stringit.
2347 5675 2448 5742 Qui
2480 5675 2674 5728 iterum
2703 5672 2926 5727 metitur
2966 5671 3132 5736 mille,
3164 5678 3219 5725 et
3256 5667 3518 5736 Propheta
3545 5679 3640 5732 per

2067 5784 2230 5842 quam
2259 5782 2432 5837 usque
2470 5764 2536 5820 ad
2566 5779 2749 5820 renem
2779 5764 2992 5820 ducitur
3020 5781 3032 5817 :
3081 5762 3208 5832 quia
3238 5757 3485 5814 videlicet
3514 5764 3639 5808 tunc

2067 5863 2127 5923 in
2151 5861 2306 5920 nobis
2332 5858 2608 5934 plenitudo
2632 5858 2809 5932 operis
2839 5855 3126 5924 excrescit,
3157 5851 3371 5924 quando
3403 5848 3457 5902 in
3485 5844 3640 5906 nobis
