2056 3182
223 146 291 176 1059

541 140 572 167 B.
590 137 718 167 MBANI
735 135 847 175 nsunt
864 133 1025 162 ARCHIEP.
1036 130 1202 173 νμρειιΜ.⁵
1219 127 1361 171 OPERUM
1379 126 1469 163 rans
1487 125 1520 154 ιι.

1782 125 1858 165 meo

219 204 337 239 tiorum,
352 199 430 235 Unde
441 201 472 235 et
494 195 670 231 Joseplms'in
692 201 740 222 sua
763 196 858 220 narrat
881 191 1010 224 Historia,
1026 193 1056 232 AV,
1066 190 1130 217 urbs
1144 193 1205 224 post
1218 188 1324 215 ruinam
1341 186 1397 214 sale
1411 192 1558 221 conspersa
1574 184 1753 217 demonstrat.
1766 183 1859 220 Super

219 249 291 285 quod
314 238 457 285 postquam
476 243 607 270 Dominus
632 239 777 268 crucifixus
799 242 850 266 est.
873 242 901 274 et
921 238 1011 264 velum

220 283 312 330 templi
325 293 450 328 scissum,
463 291 519 318 sive
531 288 655 316 liminare
669 286 761 321 templi
775 286 889 313 fractum
899 283 1009 315 corruit,

222 329 313 370 audita
325 331 361 367 sit
373 346 426 366 vox
441 337 468 364 in
480 336 568 375 adytis
584 334 675 368 templi
691 333 823 360 virtutum
839 329 1010 375 cmlestium:

225 397 233 413 ι
250 374 434 414 Transeamus
445 373 537 410 exiliis
552 381 672 408 sedibus.
685 390 694 405 ›
710 379 768 406 Hoc
791 382 877 405 totum
890 383 943 405 non
969 382 1013 403 su-

222 425 336 468 perﬂuo,
353 430 400 458 sed
426 427 580 456 necessario
591 426 694 454 dictum
707 424 753 457 sit,
768 423 831 458 quia
851 428 926 449 mare
941 420 1012 447 Mor-

224 484 301 508 tuum
316 478 445 506 inﬂuente
457 475 484 503 in
496 482 524 501 se
535 472 643 510 flumine
659 469 956 508 Domini,dicituresse
968 474 1015 493 cu-

224 513 323 552 ratum.
348 523 435 558 Super
454 521 506 548 hoc
525 527 599 558 mare
610 518 643 546 ab
660 516 794 552 Engaddi,
808 513 887 542 oculo
902 517 929 540 et
942 512 1015 558 fonte

226 557 310 605 haedi,
333 556 449 603 quipro
472 556 591 601 peccatis
616 570 723 600 semper
736 561 858 593 oll'ertur,
885 566 970 598 usque
982 557 1016 586 ad

226 607 359 651 Eugaliim
372 605 475 649 fontem
482 604 643 645 vitulorum,
659 609 704 645 qui
726 611 879 636 mactantur
890 605 1016 637 Domino,

227 665 254 688 et
267 654 407 694 imitantur
422 658 536 685 vitulum
559 664 661 685 cornua
677 654 833 683 oll'erentem
852 656 879 681 et
893 651 1017 688 ungulas,

227 705 272 740 qui
351 709 414 739 typo
439 702 645 743 Salvatorislad
672 701 756 728 altare
771 702 915 734 mactatur,
939 700 1019 729 erunt

227 740 376 789 piscatores
390 750 488 785 quibus
507 740 627 784 loquitur
647 747 725 775 Iesus
736 754 745 783 1:
764 756 773 771 ‹
796 744 892 781 venite
915 744 949 771 ad
964 750 1017 781 me,

228 797 326 827 faciant
353 804 401 835 vos
424 796 573 831 piscatores
593 794 733 824 hominum
763 791 870 828 (Matth.
887 789 956 826 IV).)
982 788 1020 816 De

229 833 382 882 quibusmet
406 840 557 870 Jeremias:
583 849 591 865 ι
609 839 678 867 Ecce
702 845 763 873 ego,
789 836 886 872 inquit,
912 835 1019 863 mittam

1063 239 1211 262 torrentem
1226 240 1291 261 vero
1305 233 1362 260 sive
1379 231 1490 258 fluvium
1504 230 1607 258 orietur
1622 230 1649 259 in
1664 230 1730 265 ripis
1748 230 1807 265 ejus
1822 239 1859 259 ex

1063 285 1178 314 utraque
1200 282 1278 314 parte
1290 285 1370 305 omne
1384 276 1485 311 lignum
1501 275 1675 311 pomiferum,
1687 276 1744 304 sive
1759 281 1789 303 ut
1800 285 1860 305 om-

1064 333 1112 354 nes
1125 333 1190 353 voce
1200 331 1318 352 consona
1330 322 1525 350 transtulerunt
1533 321 1637 359 βρῶμα,
1649 322 1719 357 quod
1727 322 1818 350 cibum
1830 325 1862 350 et

1064 379 1154 400 escam
1181 370 1277 397 tribuit
1297 374 1325 397 et
1338 368 1410 404 quod
1433 367 1524 395 mandi
1543 371 1642 404 potest,
1656 367 1863 404 appellaturque

1066 418 1155 453 lingua
1164 416 1296 454 Hebraica
1308 413 1422 441 Machat.
1433 423 1442 439 ι
1453 414 1487 441 Et
1499 413 1574 446 nihil,
1583 413 1660 449 juxta
1671 413 1861 449 Septuaginta,

1068 458 1218 491 veterescet
1238 462 1264 489 in
1290 468 1331 495 eo,
1354 471 1363 487 ι
1382 460 1429 487 sed
1451 460 1571 495 quotidie
1585 460 1786 487 innovabantur
1804 459 1862 489 fru-

1067 517 1114 545 ges
1126 503 1196 542 ejus,
1208 508 1265 537 sive
1283 516 1292 532 ε
1311 514 1364 534 non
1378 506 1479 533 defluet
1497 504 1590 532 folium
1606 513 1639 532 ex
1653 513 1696 538 eo,
1709 509 1736 532 et
1752 513 1803 533 non
1816 505 1863 533 de-

1068 555 1254 584 ﬁciet'fructus
1262 553 1329 588 ejus,
1348 563 1357 579 ›
1370 552 1448 588 juxta
1463 552 1527 580 illud
1539 552 1610 587 quod
1622 552 1648 579 in
1660 552 1749 587 primo
1759 552 1863 587 psalmo

1069 601 1198 636 scriptum
1216 605 1256 628 est
1274 607 1281 626 :
1297 609 1306 624 ‹
1324 599 1357 626 Et
1370 599 1422 626 erit
1438 604 1565 636 tanquam
1582 598 1684 634 lignum
1697 598 1768 633 quod
1787 598 1878 633 plant

1070 653 1155 676 tutum
1173 651 1215 675 est
1235 654 1312 676 secus
1333 646 1463 675 decursus
1484 653 1635 681 aquarum,
1652 645 1723 682 quod
1746 643 1865 673 fructum

1070 700 1147 720 suum
1162 692 1237 719 dabit
1260 691 1286 718 in
1309 695 1430 727 tempore
1452 685 1511 724 suo,
1532 694 1560 717 et
1574 689 1667 717 folium
1681 689 1739 725 ejus
1751 698 1804 718 non
1820 689 1869 717 de-

1070 738 1144 766 ﬂuet.
1171 747 1179 764 )
1204 736 1256 763 Per
1279 726 1418 771 singulos,
1437 735 1534 774 inquit,
1562 743 1671 763 menses
1695 735 1790 762 atteret
1811 734 1868 769 pri-

1070 778 1174 815 mitiva,
1193 782 1249 810 sive
1265 786 1295 809 ut
1310 783 1337 808 in
1355 781 1529 817 Septuaginta
1544 781 1673 818 scriptum
1690 785 1731 811 est
1748 789 1755 806 :
1775 789 1785 805 ‹
1801 779 1870 807 r‘ru—

1073 833 1132 856 ctus
1145 829 1203 866 ejus
1228 828 1254 855 in
1276 826 1449 854 renovatione
1476 826 1516 853 sui
1536 821 1675 862 primitiva
1687 824 1780 857 dabit;
1811 834 1820 850 ι
1840 829 1870 852 ut

227 870 377 922 piscatores
392 886 459 924 (Jer.
471 887 538 921 xvi).
552 895 561 911 ι
580 885 614 912 Et
624 870 747 922 plurim—te
758 870 872 917 species,
899 880 954 908 imo
975 887 1021 915 ge-
1037 881 1062 913 Β
1072 876 1161 917 omnis
1175 874 1341 902 credentium
1363 873 1468 902 fructus
1489 873 1617 908 primum
1636 872 1702 904 sint.
1723 875 1750 901 ει
1770 870 1872 906 singuli

229 940 294 961 nera
309 933 423 969 piscium
440 937 519 960 erunt
531 932 557 958 in
572 931 641 959 mari
656 929 793 968 quondam
808 932 935 955 mortuo:
952 934 1022 961 quos

228 970 318 1014 pisces
332 979 366 1005 ad
380 979 517 1005 dexteram
537 975 764 1012 partentjubente
778 974 891 1002 Domino
905 972 1024 1000 extrahit

230 1024 327 1051 Petrus
355 1023 445 1058 (Joan.
459 1021 528 1057 xxi),
553 1026 580 1049 et
602 1024 681 1049 erant
704 1024 813 1048 centum
829 1017 1024 1055 quinquaginta

232 1075 296 1101 tres,
310 1070 347 1096 ita
359 1075 387 1097 ut
402 1077 458 1104 pra:
479 1068 651 1096 multitudine
664 1075 758 1105 eorum
781 1066 850 1095 retia
868 1073 1025 1102 rumperen-

232 1122 284 1145 tur.
303 1117 386 1144 Aiunt
398 1117 480 1149 enim,
501 1116 547 1151 qui
570 1116 603 1142 de
629 1114 807 1141 animantium
825 1113 959 1149 scripsere
977 1119 1025 1138 na-

232 1160 308 1191 turis'
318 1167 345 1190 et
359 1163 541 1199 proprietate,
558 1161 603 1198 qui
617 1161 748 1190 ἁλιευτικὰ
764 1165 817 1186 tam
832 1159 927 1186 Latino
943 1165 1024 1193 quam

232 1208 328 1235 Grazeo
348 1208 465 1235 didicere
478 1214 602 1235 sermone
612 1206 656 1242 (de
670 1206 768 1242 quibus
782 1205 947 1240 Appi-unicus
958 1204 1027 1233 Cilix

235 1252 299 1287 [Αι.,
313 1251 393 1291 Cilix]
408 1258 449 1279 est
461 1257 541 1289 poeta
560 1251 744 1287 doctissimus)
769 1255 880 1278 centum
892 1250 1028 1291 quinqua-

234 1298 307 1333 ginta
322 1298 372 1324 tria
397 1305 456 1325 esse
482 1305 580 1334 genera
606 1298 732 1333 piscium,
760 1305 819 1331 qua:
841 1296 933 1324 omnia
947 1300 1028 1331 capta

236 1349 297 1370 sunt
312 1344 345 1370 ab
357 1344 495 1378 apostolis,
513 1348 539 1370 et
553 1344 619 1371 nihil
636 1344 766 1372 remansit
788 1344 936 1378 incaptum,
964 1344 1029 1372 dum

236 1395 264 1416 et.
279 1388 381 1416 nobiles
405 1393 429 1415 et
462 1389 604 1424 ignobiles,
626 1394 653 1417 et
669 1390 766 1416 divites
780 1393 807 1416 et
832 1397 977 1424 pauperes,
1003 1391 1030 1415 et

237 1441 316 1461 omne.
331 1441 414 1469 genus
432 1435 574 1461 hominum
596 1434 628 1462 de
643 1435 711 1462 mari
735 1435 815 1469 hujus
830 1434 923 1461 SlBClIil
937 1438 1030 1461 extra-

238 1480 311 1507 hitur
329 1481 362 1507 ad
375 1480 498 1508 salutent.
516 1481 592 1514 Quod
618 1485 708 1508 autent
732 1481 872 1516 sequitur:
887 1490 896 1506 ι
915 1480 944 1507 In
958 1480 1032 1508 litto-

238 1527 312 1554 ribus
323 1525 391 1560 ejus,
407 1531 434 1554 et
450 1526 476 1553 in
493 1526 668 1561 palustribus,
684 1537 692 1552 ι
715 1526 771 1554 sive
784 1527 810 1553 in
825 1526 867 1553 his
883 1534 942 1561 qua:
952 1529 1030 1552 extra

1074 929 1181 949 menses
1209 920 1322 956 singulis
1347 919 1476 955 apostolis
1499 918 1671 954 deputentur.
1697 916 1754 944 Hoc
1779 920 1873 944 autem

1075 967 1193 998 eveniet,
1219 976 1228 991 ι
1255 955 1382 1001 quoniam
1397 972 1475 999 aquae
1490 963 1548 998 ejus
1568 963 1602 991 de
1623 955 1781 1000 sanctuario
1794 967 1872 1000 egre-

1076 1014 1193 1042 dientur.
1210 1022 1219 1039 ι
1229 1012 1266 1040 Ne
1281 1015 1407 1047 putemus
1420 1011 1539 1046 riparum
1552 1017 1613 1038 esse
1628 1008 1671 1037 vel
1680 1001 1811 1050 arborum
1825 1010 1874 1049 apt

1076 1061 1209 1089 mensium
1239 1064 1377 1087 tantarum
1405 1058 1512 1094 frugum
1540 1050 1761 1099 abundantia}!!!

1076 1115 1170 1135 causas
1182 1105 1314 1134 ubertatis
1326 1110 1352 1132 et
1368 1105 1460 1137 infert,
1471 1104 1533 1140 quia
1543 1111 1620 1138 aqute
1635 1101 1694 1137 ejus
1703 1101 1738 1132 de
1747 1104 1876 1138 sanctua-

1077 1155 1118 1183 rio
1131 1154 1311 1189 egredientur.
1326 1162 1335 1178 ι
1351 1152 1408 1180 Non
1423 1159 1488 1188 ergo
1500 1151 1615 1178 volentis
1629 1157 1717 1184 neque
1728 1148 1874 1182 currentis,

1078 1200 1124 1227 sed
1139 1199 1293 1227 miserentis
1307 1202 1348 1225 est
1369 1197 1419 1225 Dei
1438 1196 1527 1232 (Rom.
1543 1196 1592 1228 ix).
1612 1206 1619 1219 ι
1638 1195 1741 1223 Ilorum
1754 1193 1875 1223 omnium

1078 1247 1212 1283 lignorum
1225 1245 1407 1281 principatum
1429 1248 1501 1271 tenet
1521 1243 1620 1283 lignum
1640 1242 1710 1281 vitae,
1741 1240 1813 1280 quod
1835 1239 1876 1267 in-

1079 1282 1209 1329 telligitur
1230 1291 1373 1327 sapientia,
1390 1290 1423 1317 de
1439 1297 1491 1326 qua
1507 1282 1637 1323 scriptum
1652 1291 1713 1315 est:
1732 1295 1742 1314 ί
1760 1285 1875 1321 Lignum

1079 1340 1141 1367 vitae
1154 1343 1196 1367 est
1211 1338 1337 1366 omnibus
1351 1336 1525 1364 credentibus
1543 1336 1569 1363 in
1584 1343 1615 1363 ea
1632 1332 1726 1369 (Prov.
1740 1332 1795 1369 tn).
1813 1341 1824 1358 ι
1840 1330 1875 1360 ll-

1080 1386 1179 1420 ludque
1194 1385 1264 1420 quod
1277 1384 1375 1411 dicitur
1389 1392 1395 1410 :
1414 1393 1422 1409 ι
1446 1382 1480 1409 Et
1494 1384 1574 1408 erunt
1598 1379 1703 1408 fructus
1717 1378 1777 1413 ejus
1787 1377 1816 1406 in
1836 1376 1875 1404 ci-

1081 1434 1155 1466 bum,
1168 1436 1197 1459 et
1218 1431 1311 1459 folium
1325 1430 1383 1464 ejus
1393 1429 1427 1456 ad
1442 1420 1615 1459 medicinam,
1644 1435 1654 1452 ›
1669 1425 1826 1454 divinorum
1845 1422 1878 1451 Ii-

1081 1481 1193 1508 brorum
1215 1480 1384 1506 sacramenta
1408 1477 1588 1506 demonstrat,
1613 1480 1730 1510 quorum
1761 1471 1878 1503 alterum

1081 1527 1199 1562 pertinet
1214 1525 1248 1554 ad
1263 1524 1391 1555 litteram,
1412 1522 1527 1549 alterum
1551 1521 1585 1548 ad
1596 1519 1734 1555 spiritum,
1752 1522 1781 1547 ut
1793 1517 1878 1548 verba

236 1572 328 1599 littora
348 1582 356 1597 ι
375 1573 560 1610 egrediuntur,
579 1565 654 1607 aqum
673 1580 726 1600 non
747 1573 925 1605 sanabuntur,
942 1581 950 1596 ι
966 1570 1029 1598 illud
1044 1578 1074 1610 ρ,
1083 1570 1215 1606 simplicia
1244 1568 1426 1605 intelligamus
1455 1567 1482 1596 in
1508 1566 1588 1598 foliis,
1619 1566 1646 1594 in
1661 1565 1789 1599 fructibus
1808 1570 1875 1591 vero

238 1619 355 1646 latenter
369 1619 496 1654 ostendit,
518 1619 590 1654 quod
603 1618 649 1655 qui
674 1619 702 1646 in
714 1617 769 1645 Noé
784 1626 849 1645 arca
866 1625 920 1645 non
936 1617 1029 1649 fuerit,

238 1668 331 1702 pereat
351 1669 482 1700 regnante
497 1664 607 1698 diluvio,
622 1668 649 1691 et
666 1671 734 1701 quos
747 1664 797 1691 iste
811 1663 907 1691 ﬂuvius
922 1671 975 1691 non
991 1667 1032 1692 at-

240 1709 342 1744 tigerit,
355 1717 407 1736 non
428 1710 575 1746 suscipiant
601 1709 756 1740 sanitatem.
772 1720 780 1734 ι
809 1709 861 1736 Sed
877 1709 904 1735 in
920 1709 1030 1741 salinas,

240 1755 337 1790 inquit,
355 1755 508 1788 dabuntur;
525 1766 534 1781 ι
556 1757 634 1791 juxta
659 1756 723 1784 illud
744 1756 815 1791 quod
830 1755 959 1791 scriptum
971 1761 1029 1784 est:

243 1809 251 1826 ι
270 1800 414 1828 Pestilente
439 1801 580 1837 flagellato,
603 1802 699 1831 stultus
714 1803 860 1839 sapientior
873 1803 926 1830 erit
941 1802 1032 1839 (Prov.

241 1845 309 1882 xix),
321 1855 330 1871 ι
348 1847 475 1874 erudiunt
490 1849 561 1875 enim
584 1848 669 1876 honos
683 1849 804 1884 exempla
818 1849 950 1884 pejorum.
968 1849 1030 1876 Sive

241 1891 268 1918 in
294 1891 395 1919 salinas
424 1893 559 1919 dabuntur
574 1892 652 1926 juxta
666 1892 731 1920 illud
756 1894 827 1928 quod
841 1893 867 1920 in
886 1893 1031 1928 Evangelio

241 1936 371 1971 scriptum
389 1941 448 1965 est:
466 1948 474 1963 ι
496 1939 600 1966 Bonum
621 1944 662 1966 est
685 1938 734 1973 sal,
762 1939 783 1967 si
805 1944 896 1970 autem
910 1940 948 1967 sal
962 1940 1031 1967 infa-

243 1982 347 2008 tuatum
366 1981 454 2015 fuerit,
481 1984 507 2010 in
534 1984 599 2011 nihil
622 1990 664 2012 est
691 1985 755 2012 utile
784 1984 892 2021 (.ilatllt.
911 1985 938 2022 ι’)
955 1994 962 2018 ;
980 1995 989 2011 ι
1004 1990 1033 2013 nt

243 2027 268 2053 in
288 2033 449 2063 perpetuum
474 2028 596 2065 frugibus
619 2035 730 2059 careant
755 2035 782 2058 et
801 2031 901 2065 virore,
921 2032 1034 2067 quodet

283 2094 981 2108 .________________

985 2100 1171 2109 v—_—-———_

1082 1625 1192 1646 sensum
1211 1617 1350 1644 latentem.
1366 1614 1442 1643 Sicut
1459 1614 1532 1643 enim
1546 1613 1660 1641 scientia
1674 1611 1876 1646 Scriptorum

1084 1665 1158 1693 ducit
1176 1664 1211 1692 ad
1239 1670 1323 1699 regna
1342 1661 1474 1690 emtorum
1499 1664 1526 1689 ct
1543 1659 1646 1695 prtebet
1668 1657 1746 1686 nobis
1766 1652 1878 1692 panem,

1085 1710 1132 1744 qui
1155 1709 1221 1738 dicit
1247 1717 1253 1736 :
1275 1718 1284 1746 ι
1312 1708 1368 1743 Ego
1388 1714 1448 1735 sum
1463 1707 1548 1742 panis,
1565 1705 1609 1739 qui
1623 1704 1655 1739 de
1669 1703 1739 1731 uelo
1750 1701 1879 1732 descendi

1087 1756 1178 1791 (Joan.
1193 1754 1247 1791 v1);
1268 1765 1277 1781 ι
1297 1754 1337 1783 sic
1352 1753 1410 1788 ejus
1422 1753 1485 1780 folia
1500 1752 1630 1780 moralem
1646 1750 1801 1782 doctrinam
1816 1756 1879 1775 con-

1089 1804 1175 1831 tinent
1186 1807 1212 1831 et
1227 1803 1349 1830 tribuunt
1372 1802 1526 1833 sanitatem,
1550 1804 1580 1828 ut
1600 1799 1772 1834 peccantium
1784 1802 1880 1826 curent

1087 1849 1210 1876 vulnera.
1237 1849 1290 1876 Pro
1326 1848 1396 1875 foliis
1422 1854 1482 1882 qum
1508 1845 1640 1874 Ilebraice
1679 1844 1807 1875 dicuntur
1832 1843 1880 1871 Αιε

1085 1898 1196 1930 propter
1221 1894 1297 1920 verbi
1320 1897 1346 1922 et
1370 1893 1445 1920 vocis
1468 1891 1671 1922 similitudinem
1701 1890 1880 1925 Septuaginta

1086 1939 1270 1966 ascensionem
1280 1938 1487 1971 transtulerunt.
1496 1938 1572 1972 Quod
1582 1942 1609 1965 et
1619 1938 1707 1973 ipsum
1714 1938 1756 1965 sic
1764 1935 1880 1967 edisseri

1086 1990 1186 2021 potest,
1198 1991 1227 2013 ut
1238 1990 1299 2021 post
1312 1986 1388 2015 cibos
1401 1985 1549 2019 fructuum,
1563 1985 1709 2017 verborum
1718 1984 1831 2015 monitis
1845 1982 1880 2012 ad

1087 2032 1208 2061 cmlestia
1220 2032 1443 2061 conscendamus.

1173 2098 1872 2111 m—-——————-——u——(

822 2165 970 2206 LIBER
1008 2167 1300 2209 VICESIMUS.

280 2257 346 2289 Cum
361 2261 490 2295 propheta
504 2261 531 2288 in
544 2262 704 2296 praiecdenti
721 2262 789 2290 libro
798 2263 833 2290 de
854 2263 1036 2290 oblationibus
1049 2265 1074 2294 D
1089 2272 1099 2289 ι
1121 2271 1175 2298 quo
1203 2264 1377 2299 possidebitis
1404 2268 1503 2292 terram
1531 2264 1560 2292 iu
1585 2263 1727 2293 duodecim
1755 2263 1879 2292 tribubus

246 2307 411 2342 singularum
430 2307 606 2335 festivitatum
629 2313 656 2336 et
678 2308 711 2335 de
734 2308 869 2336 oblatione
892 2310 1032 2345 principis,

246 2362 296 2382 nec
304 2362 356 2381 non
371 2359 398 2381 et
413 2354 682 2383 sacerdotumoﬂiciis
694 2361 941 2388 cmmnemorasset,
953 2363 1035 2391 aqua-

247 2408 358 2434 rumque
373 2400 565 2427 abundantiam
579 2404 605 2427 et
623 2401 753 2435 lignorum
768 2402 794 2428 in
815 2402 881 2436 ripis
902 2402 960 2436 ejus
980 2402 1035 2428 fru-

246 2445 436 2473 ctiticationeut
448 2451 587 2473 enarraret
597 2467 604 2478 ,
616 2448 747 2475 convertit
759 2455 789 2475 se
803 2448 837 2474 ab
851 2448 901 2475 hoc
917 2453 946 2475 ut
958 2447 1034 2482 juxta

245 2497 407 2527 praeceptum
431 2492 537 2519 Domini
565 2493 692 2520 terminos
717 2497 796 2521 terra:
820 2493 962 2521 duodecim
986 2493 1034 2520 tri-

246 2537 329 2564 buum
356 2537 588 2572 possessionisque
623 2537 751 2572 spiritalis
778 2542 884 2565 enarret
910 2539 1036 2573 primitite

247 2583 403 2614 sanctuarii,
416 2582 666 2618 possessionemque
691 2582 847 2613 Levitarum
876 2584 1004 2612 describit
1026 2592 1032 2611 :

247 2626 394 2654 novissime
411 2635 475 2655 vero
497 2633 589 2665 portas
619 2629 738 2658 civitatis
757 2630 784 2657 in
810 2635 925 2665 quatuor
949 2630 1034 2665 plagis

247 2671 366 2700 notando
379 2672 406 2699 in
423 2672 474 2700 ﬁne
487 2673 547 2701 libri
570 2674 748 2702 habitatorem
761 2675 843 2710 ipsius
868 2675 959 2710 templi
980 2675 1034 2704 1)ορ

249 2717 352 2744 minum
365 2725 425 2744 esse
447 2719 575 2751 ostendit,
593 2720 638 2755 qui
653 2720 734 2747 totius
747 2721 809 2748 boni
829 2721 934 2748 initium
946 2726 974 2748 et
986 2729 1034 2749 au-

247 2766 317 2796 ctor,
331 2766 359 2792 et
371 2761 489 2798 perfecta
504 2766 668 2799 operationis
685 2767 892 2794 consummatio.

424 2809 570 2843 SEQUITU
577 2812 598 2839 ll
618 2812 731 2840 GAPUT
752 2812 854 2841 XLVII.

285 2864 293 2881 ι
316 2854 377 2884 [Lee
390 2856 455 2885 dicit
471 2856 600 2885 Dominus
620 2858 691 2886 Deus
706 2868 712 2886 :
725 2859 772 2887 Hie
786 2863 827 2887 est
851 2860 982 2888 terminus
1008 2861 1036 2888 in

1089 2319 1097 2335 ι
1120 2309 1212 2342 Israel,
1224 2310 1286 2345 quia
1298 2309 1396 2345 Joseph
1407 2310 1539 2347 duplicem
1550 2310 1696 2339 funiculutn
1711 2310 1801 2338 habet.
1814 2309 1879 2337 Pos-

1089 2365 1097 2379 ‹
1121 2354 1242 2382 sidcbitis
1267 2359 1356 2382 autem
1380 2363 1440 2382 eam
1454 2355 1551 2391 singuli
1566 2364 1642 2390 atque
1655 2359 1683 2383 ut
1697 2356 1781 2382 frater
1796 2363 1877 2388 suus;

1090 2411 1098 2426 ι
1120 2409 1201 2436 super
1209 2408 1290 2435 quam
1302 2401 1388 2428 levavi
1399 2409 1508 2429 manum
1522 2409 1610 2428 meum
1617 2405 1644 2429 ut
1652 2401 1744 2428 darem
1755 2401 1880 2435 patribus

1090 2456 1099 2473 ‹
1122 2448 1230 2480 vestris,
1240 2452 1268 2475 et
1281 2448 1360 2475 cadet
1369 2452 1441 2475 terra
1453 2448 1510 2481 haec
1523 2447 1599 2475 vobis
1614 2448 1641 2477 in
1648 2447 1876 2482 possessionem.»

1090 2494 1256 2531 (Αίιαηιαιιι.)
1283 2495 1359 2522 Sicut
1383 2495 1485 2524 umbra:
1500 2499 1527 2524 et
1553 2494 1699 2529 exemplari
1721 2493 1879 2522 deserviunt

1090 2539 1239 2570 coalcstium
1255 2540 1298 2568 his
1324 2540 1371 2576 qui
1385 2541 1471 2576 legem
1485 2541 1644 2576 suscipiunt,
1657 2547 1717 2575 quae
1734 2545 1780 2569 est
1807 2539 1879 2566 illius

1088 2593 1159 2623 verae
1176 2586 1241 2621 legis
1264 2586 1371 2620 umbra,
1399 2587 1436 2617 ita
1461 2586 1599 2622 exemplar
1619 2591 1648 2617 et
1663 2585 1758 2615 umbra
1782 2592 1878 2615 conse-

1088 2636 1202 2666 quenter
1214 2636 1278 2659 sunt
1291 2632 1430 2660 divisionis
1453 2633 1571 2663 cmlestis
1596 2632 1639 2662 bis
1665 2632 1711 2666 qui
1735 2631 1764 2660 in
1787 2630 1879 2660 Judaca

1086 2676 1273 2707 Meditatcm
1287 2677 1408 2705 dividunt
1425 2683 1513 2706 terras.
1527 2678 1593 2707 Erat
1611 2686 1677 2713 ergo
1691 2678 1718 2705 iu
1733 2677 1813 2705 antis
1833 2683 1879 2707 ve

1087 2719 1163 2754 ritas,
1189 2724 1287 2754 umbra
1313 2731 1378 2751 vero
1403 2727 1430 2750 et
1444 2724 1582 2758 exemplar
1596 2724 1720 2753 veritatis
1734 2723 1762 2751 iu
1787 2722 1878 2754 terris.

1085 2773 1114 2796 et
1130 2769 1216 2796 donec
1231 2769 1325 2796 umbra
1341 2770 1399 2797 haac
1408 2770 1555 2801 constabat
1578 2770 1606 2797 in
1635 2770 1727 2802 terris,
1751 2772 1812 2799 enat
1834 2767 1879 2795 Je-

1087 2814 1207 2842 rusalem
1221 2814 1368 2848 terrestris,
1381 2818 1441 2843 erat
1454 2814 1592 2850 templum,
1607 2819 1666 2844 erat
1680 2814 1766 2843 altare
1778 2818 1806 2842 et
1818 2818 1879 2842 erat

1088 2859 1200 2887 visibilis
1211 2860 1308 2892 cultus.
1326 2865 1404 2889 erant.
1420 2861 1563 2896 pontiﬁces
1575 2864 1604 2890 et
1625 2859 1789 2893 sacerdotes.
1812 2867 1878 2891 con-
