4112 6364
401 293 539 354 I061

1319 260 1689 353 comitur.
1730 263 1806 349 ιε
1835 261 2418 350 ’ἐῖεὰίηῐῖιέδίὲίέ-
2453 267 2582 350 tui.
2624 273 2742 350 ix.
2796 280 2806 296 "
2893 283 2896 290 '

3522 282 3690 364 1062'

398 413 615 469 stabant
635 410 797 468 etiam
825 409 1072 466 civitates
1096 418 1150 465 et
1181 407 1286 464 vici
1314 408 1482 476 Iudae,
1511 417 1564 464 et
1613 406 1792 462 omnia
1839 419 1970 472 nmc,
2001 393 2070 470 Αί
2079 404 2220 473 quod
2247 421 2346 460 nos
2368 397 2618 474 diximus;
2649 409 2676 459 ‹’
2697 409 2817 478 quia
2849 404 3042 482 IoSeph
3076 399 3338 484 duplicem
3367 413 3660 478 funiculum
3693 431 3698 442 '

397 521 519 580 quae
571 505 794 560 nuncin
848 505 985 560 libro
1037 505 1138 559 hoc
1182 503 1450 573 descripta
1504 519 1622 558 esse
1660 502 1972 556 recitantur.

397 597 530 653 Lum
562 615 692 654 vero
720 599 774 653 in
804 600 1034 654 adventu
1076 595 1376 652 Salvatoris‘
1393 595 1488 650 Dei
1527 596 1698 650 nostri
1730 596 1794 650 de
1826 594 1976 650 caelis

381 690 674 746 ‘dcscendit
703 689 850 745 salus
885 707 898 743 :
937 710 953 740 ι
991 687 1203 743 Veritas
1240 688 1304 743 de
1348 698 1489 744 terra
1531 695 1652 743 orta
1679 698 1782 752 est,
1816 695 1868 740 et
1891 683 1976 755 ju-

397 780 543 837 stitia
580 782 644 838 de
672 781 809 840 cmlo
845 778 1122 851 prospexit
1169 777 1340 850 (Psal.
1373 767 1632 850 Lxxxiv),
1669 779 1872 834 umbrae
1923 785 1976 834 et

396 873 725 944 exemplaria
774 873 1104 929 ceciderunt.
1179 871 1387 926 Cecidit
1443 872 1586 926 enim
1637 868 1972 938 Jerusalem,

395 966 589 1021 cecidit
613 965 892 1036 templum,
924 964 1092 1020 altare
1142 962 1410 1019 sublatum
1454 973 1558 1030 est,
1599 969 1657 1017 ut
1703 951 1874 1031 neque
1916 962 1974 1017 in

396 1055 578 1113 monte
628 1058 865 1116 Garizim
901 1073 1072 1129 neque
1121 1058 1173 1113 in
1225 1056 1522 1113 Jerusalem
1577 1057 1647 1114 sit
1689 1053 1839 1112 locus
1882 1045 2010 1136 uhi‘

394 1157 600 1220 oportet
633 1150 878 1214 adorare,
910 1150 1004 1206 sed
1041 1166 1059 1199 ί
1092 1148 1204 1202 veri
1240 1147 1568 1213 adoratores',
1614 1147 1705 1220 qui
1747 1137 1989 1202 adorant

394 1226 630 1308 Patrem,
679 1239 732 1318 in
761 1239 952 1314 spiritu
980 1229 1034 1294 et
1058 1239 1287 1293 veritate
1314 1237 1549 1294 adorent
1582 1227 1766 1321 (Iona.
1798 1229 1909 1309 'iv).
1943 1241 1966 1290 ἰ

394 1330 485 1387 Sic
505 1346 635 1404 ergo
659 1339 928 1404 prwscnte
955 1329 1184 1386 veritate
1212 1335 1368 1400 typus
1398 1335 1451 1382 et
1499 1325 1691 1383 umbra
1720 1330 1968 1384 cessavit.
2003 1327 2008 1342 ⁵

393 1421 455 1478 Et
482 1436 604 1501 cum
649 1421 867 1501 adesset
905 1420 1161 1492 templum
1199 1413 1356 1482 illud,
1387 1421 1530 1490 quod
1572 1435 1668 1490 per
1709 1413 2010 1501 Spiritum:

391 1511 485 1567 Dei
513 1500 568 1569 et
597 1497 856 1570 virtutem
887 1511 1150 1567 Altissimi
1180 1511 1233 1566 in
1266 1520 1418 1564 utero
1445 1501 1698 1584 Virginis
1741 1509 1972 1564 fabrica-

391 1611 500 1657 tum
528 1613 612 1658 est
640 1603 820 1674 (Joan.
860 1602 924 1676 ι),
949 1597 1291 1658 ιΙὶιύιυιιΥθδι
1324 1587 1682 1672 templuni'ei'
1705 1599 1972 1672 lapidibus
2003 1593 2007 1615 ¹

388 1695 728 1750 fabricatum.
777 1687 979 1750 Aderat
1021 1694 1263 1767 pontifex
1321 1695 1624 1749 futurorum
1670 1694 1968 1759 bonorum,

2081 497 2261 564 habet,
2293 519 2310 548 ι
2338 493 2478 553 LXX
2504 501 2894 557 transtulerunt
2921 522 2938 554 ‹
2970 519 3311 576 augmentum
3343 510 3598 582 funiculi;
3637 535 3656 568 ι
3699 521 3701 524 ’

2077 591 2275 646 etenim
2300 591 2496 662 Ioseph
2521 593 2908 666 interpretatur
2936 615 3289 670 augmentum,
3337 625 3450 662 rem
3500 610 3652 666 intel-

2077 683 2301 755 ligentes
2355 687 2451 754 pro
2506 687 2746 743 nomine.
2776 697 2828 742 et
2876 679 3091 747 lectoris
3145 698 3382 751 animum
3437 701 3661 755 'confun-

2078 773 2612 833 dentes.'Subtracta
2641 781 2782 835 enim
2821 780 3054 838 Levitica
3095 788 3234 842 tribu
3273 799 3326 845 et
3357 792 3538 862 templi
3569 791 3691 847 sa-'

2077 863 2581 941 criﬁciis‘delegata,
2608 876 2960 930 remanebant
2989 877 3092 932 duo
3117 882 3285 937 tribus
3312 901 3540 955 quarum
3564 887 3655 941 Io—

2077 957 2208 1028 seph
2248 957 2417 1014 divisa
2460 969 2542 1015 est
2571 960 2642 1015 'in
2676 959 2827 1029 duas,
2861 963 3116 1034 Ephraim
3163 973 3216 1024 e't
3263 969 3529 1041 Manass'e,
3553 977 3655 1048 “qui
3687 989 3691 992 '

2077 1049 2328 1105 dixerunt
2369 1051 2442 1104 ad‘
2477 1049 2640 1106 Iosue
2667 1053 2996 1111 'ﬁlium'Nun
3030 1075 3041 1112 :
3073 1057 3248 1132 Quare
3284 1055 3472 1118 dedisti
3525 1055 3656 1122 mihi

2073 1133 2469 1209 possessionem
2496 1144 2740 1198 sortis'et
2766 1143 2984 1201 funiculi
3011 1141 3200 1215 unius,
3223 1163 3344 1206 cum
3371 1155 3469 1208 sim
3500 1165 3658 1212 tanta:
3686 1164 3690 1174 '

2073 1227 2542 1290 multitudinis'et
2591 1233 2932 1292 benedixerit
2968 1239 3112 1295 mihi
3150 1233 3690 1319 Do‘min‘us?'(Josae'

2071 1315 2472 1397 xvir.)"Quib‘us
2500 1329 2779 1397 respondit
2818 1327 2981 1387 Iosue
3013 1349 3026 1387 :
3065 1339 3089 1384 «⁵
3116 1333 3172 1388 Si
3201 1327 3430 1410 populus
3454 1315 3660 1396 inultus
3693 1337 3696 1346 ’

2074 1417 2411 1484 es,”ascende
2441 1419 2494 1473 in
2524 1420 2751 1492 sylvam,
2776 1432 2829 1477 et
2858 1425 3072 1482 succide
3097 1428 3196 1482 tibi”
3224 1427 3396 1499 spatia
3416 1427 3480 1486 'in
3514 1431 3658 1490 terra
3695 1431 3697 1434 ’

2071 1507 2345 1564 Pherez'a‘ei
2381 1519 2434 1564 et
2464 1506 2746 1580 Raphaim,
2773 1516 2898 1584 quia
2935 1508 3162 1588 angusta
3189 1529 3270 1574 est
3309 1523 3404 1576 tibi
3441 1540 3656 1596 posses-

2073 1599 2154 1685 sio
2179 1601 2380 1656 montis
2407 1601 2696 1671 Ephraim.‘
2727 1600 2744 1655 ὸ
2789 1605 2853 1660 Et
2882 1607 3074 1663 iterum
3113 1630 3124 1665 :
3160 1621 3178 1661 ἀ
3214 1611 3464 1685 Dicitque
3493 1614 3679 1672 Iosue-

2073 1683 2140 1745 ad
2167 1691 2383 1746 domum
2401 1693 2658 1762 Ephraim
2682 1704 2734 1750 et
2758 1695 3004 1754 Man'asse
3023 1718 3035 1753 :
3055 1700 3288 1771 Populus
3310 1683 3508 1760 multus
3524 1721 3581 1761 es
3604 1717 3659 1762 et

387 1795 737 1859 cessaverunt
767 1785 1045 1856 pontiﬁces
1075 1795 1347 1840 taurorum
1387 1795 1440 1841 et
1485 1787 1778 1841 hircorum.
1808 1784 1969 1842 Venit
1996 1773 2279 1852 B'magnte
2309 1779 2662 1851 fertitudinis,
2703 1801 2812 1841 non
2842 1789 3064 1845 habebis
3099 1802 3301 1850 sortem
3332 1811 3514 1859 unam,
3564 1799 3658 1852 sed
3690 1807 3692 1812 '

389 1876 571 1947 Agnus
600 1871 714 1944 Dei,
751 1879 842 1952 qui
870 1874 1006 1934 tollit
1040 1889 1261 1950 peccata
1303 1879 1504 1942 mundi,
1545 1879 1751 1936 destitit
1798 1894 1967 1950 agnus

385 1984 445 2022 ex
475 1971 772 2039 pecudibus
799 1985 1127 2042 assumptus,
1160 1979 1214 2025 et
1242 1972 1602 2041 nequidquam
1636 1979 1797 2042 atque
1845 1972 1962 2026 ina-

381 2059 527 2116 niter
567 2069 643 2116 tot
673 2061 884 2117 saeculis
916 2062 1207 2134 jugulatus.
1239 2063 1492 2117 Refertur
1535 2078 1664 2133 ergo
1709 2063 1880 2132 prima
1911 2072 1966 2118 et

379 2151 616 2205 secunda
647 2151 975 2208 hmreditatis
1002 2152 1141 2208 facta
1167 2154 1376 2208 divisio.
1412 2153 1594 2207 Prima
1624 2152 1840 2222 quidem
1868 2169 1965 2224 per

377 2241 622 2313 Moysen,
649 2246 881 2300 secunda
907 2261 1053 2310 vero,
1081 2263 1199 2316 quae
1227 2254 1282 2300 et
1306 2237 1579 2314 potentior
1620 2253 1719 2307 est,
1743 2261 1841 2315 per
1878 2243 1964 2300 Ie-

375 2349 501 2388 sum
541 2333 683 2388 facta
724 2335 1068 2390 describitur.
1129 2335 1411 2407 (Nazian.)
1451 2334 1518 2388 Et
1561 2334 1772 2407 Moyses
1812 2341 1962 2392 trans

375 2423 669 2481 Iordanem
719 2427 880 2481 tribui
932 2427 1142 2492 Ruben,
1191 2436 1246 2481 et
1287 2427 1448 2482 tribui
1490 2426 1596 2482 Sad
1635 2437 1690 2483 et
1729 2427 1963 2482 dimidiae

373 2518 540 2573 tribui
572 2518 813 2576 Manasse
844 2521 1240 2592 possessionem
1290 2523 1554 2586 decernit,
1606 2523 1790 2578 caeteri
1833 2539 1962 2578 vero
1996 2535 1998 2538 '

372 2628 566 2670 omnes
607 2630 705 2684 per
749 2614 934 2671 Iesum
984 2617 1283 2685 suscipiunt
1335 2615 1706 2672 hmreditatem
1771 2616 1958 2688 (Num.

375 2707 576 2779 xxxu).
608 2691 985 2777 Diiimusjam
1014 2710 1163 2780 prius
1201 2710 1468 2780 quomodo
1501 2726 1598 2780 per
1625 2711 1796 2782 legem
1846 2709 1961 2780 pla-

371 2810 606 2877 cuerunt
629 2801 739 2857 Deo
761 2803 1126 2873 praecedentes
1155 2812 1394 2873 tempore
1423 2819 1537 2868 eos,
1566 2804 1654 2874 qui
1682 2819 1777 2872 per
1800 2803 1961 2858 ﬁdem

371 2889 504 2946 Iesu
537 2893 603 2946 ad
627 2893 890 2962 promissa
920 2894 1263 2970 perveniunt,
1303 2895 1542 2949 nondum
1573 2910 1635 2949 ea
1679 2907 1798 2964 qua:
1833 2910 1958 2964 per-

372 2981 521 3037 fecta
541 2991 667 3036 sunt
692 2993 1112 3053 consequuntur,
1144 2994 1520 3056 exspectantes
1547 3000 1640 3040 eos
1663 2985 1752 3054 qui
1781 2991 1960 3056 poste—

371 3072 550 3127 riores
580 3071 794 3129 diverso
816 3074 1031 3145 quidem
1075 3085 1335 3147 tempore,
1372 3068 1466 3132 sed
1492 3092 1598 3130 una
1635 3075 1740 3130 ﬁde
1774 3075 1957 3147 placa-

368 3161 529 3228 bunt,
555 3163 694 3218 sicut
713 3163 1002 3233 Apostolus
1039 3164 1174 3220 dixit
1202 3163 1389 3235 (Hebr.
1421 3165 1536 3239 x1):
1576 3166 1674 3222 «Ut
1699 3181 1806 3220 non
1840 3167 1958 3222 sine

369 3254 532 3310 nobis
560 3255 890 3325 perfectione
920 3266 1398 3328 consequerentur.
1449 3279 1468 3315 ι
1530 3259 1683 3328 Quod
1717 3260 1819 3316 sub
1862 3258 1958 3316 tali

369 3344 624 3416 exemplo
656 3359 940 3415 possumus
974 3345 1262 3415 conjicere.
1298 3348 1356 3404 Si
1383 3349 1527 3406 enim
1562 3367 1582 3401 ι
1637 3349 1781 3405 Deus
1834 3366 1958 3406 cum
1994 3363 1998 3368 ‘

371 3436 710 3506 dispergeret
736 3436 877 3493 filios
900 3436 1094 3502 Adam,
1119 3440 1308 3495 statuit
1335 3437 1469 3496 ﬁnes
1497 3441 1737 3514 gentium
1767 3453 1958 3497 secun-

371 3527 502 3583 dum
520 3541 802 3583 numerum
829 3529 1141 3604 angelorum
1165 3531 1281 3597 Dei,
1319 3550 1337 3584 ι
1371 3529 1454 3586 vel
1479 3540 1538 3585 ut
1557 3529 1755 3587 in‘aliis
1777 3548 1957 3587 exem-
1990 3549 1992 3551 ‘

368 3618 613 3689 plaribus
635 3619 881 3692 legimus,
921 3642 939 3673 ‹
970 3623 1265 3680 secundum
1289 3639 1574 3680 numerum
1615 3621 1848 3680 ﬁliorum
1876 3624 1956 3681 Is-

370 3708 488 3764 rael
524 3729 542 3762 ›
576 3709 628 3764 in
657 3710 810 3766 initio
837 3713 1043 3778 mttndi,
1077 3720 1130 3768 et
1153 3714 1226 3769 ita
1264 3714 1488 3784 dispersi
1520 3723 1648 3770 sunt
1679 3715 1774 3770 ﬁlii
1814 3715 1958 3771 illius

371 3799 542 3853 Adam
585 3801 727 3855 sicut
751 3801 834 3856 vel
874 3802 1087 3857 illorum
1116 3805 1307 3857 merita
1329 3803 1416 3859 vel
1448 3805 1617 3875 ipsius
1664 3806 1796 3861 Adae
1825 3822 1956 3862 con-

373 3891 651 3961 templatio
675 3892 1017 3964 postulabat:
1051 3894 1179 3963 quid
1221 3896 1461 3951 dicemus
1519 3897 1782 3964 futurum,
1834 3916 1956 3954 cum

375 3984 655 4039 novissimi
682 3983 876 4050 Adam,
909 3985 998 4058 qui
1029 4001 1135 4040 non
1159 3985 1213 4040 in
1264 3987 1500 4041 animam
1532 3989 1822 4054 viventem,
1865 3991 1958 4046 sed

374 4077 431 4132 in
474 4076 664 4147 spiritu
712 4078 1071 4154 viviﬁcantem
1100 4078 1272 4132 factus
1299 4087 1400 4143 est,
1426 4079 1655 4148 coeperit
1680 4079 1820 4134 ﬁlios
1850 4095 1957 4136 non

375 4165 704 4236 dispergere,
747 4167 840 4222 sed
891 4167 1203 4238 diSpeusare
1239 4176 1404 4239 atque
1436 4157 1729 4239 disponere
1773 4169 1956 4224 divina

377 4256 706 4326 dignatione,
739 4273 844 4314 non
887 4259 942 4314 in
983 4258 1157 4325 initio,
1201 4260 1292 4314 sed
1322 4260 1375 4314 in
1407 4260 1743 4326 ﬁnemundi,
1771 4270 1825 4317 et
1850 4279 1956 4318 non

375 4351 503 4414 illis,
531 4351 623 4421 qui
653 4351 708 4405 in
729 4350 901 4406 Adam
933 4366 1123 4407 omnes
1159 4352 1358 4414 mortui
1404 4361 1548 4418 sunt,
1589 4353 1683 4408 sed
1739 4355 1817 4408 eis
1865 4354 1953 4425 qui

374 4441 431 4496 in
454 4441 669 4496 Christo
695 4458 881 4518 omnes
902 4442 1156 4498 viviﬁcati
1186 4451 1333 4509 sunt,
1363 4445 1480 4499 sine
1503 4445 1666 4500 dubio
1697 4453 1825 4500 tunc
1852 4446 1954 4500 erit

2070 1875 2327 1932 transibis
2356 1878 2423 1932 ad
2454 1889 2692 1935 montem
2722 1889 2778 1937 et
2817 1885 3059 1941 suecides
3090 1869 3194 1942 tibi.
3216 1887 3377 1958 atque
3403 1889 3656 1962 purgahis

2068 1965 2136 2019 ad
2168 1966 2515 2023 habitandum
2541 1973 2712 2040 spatia
2739 1981 2793 2028 et
2819 1977 3022 2045 poteris
3046 1978 3185 2030 ultra
3214 1981 3504 2050 procedere
3534 1999 3654 2036 cum

2068 2055 2399 2113 subveneris
2428 2052 2817 2130 Chananaeum,
2845 2079 3004 2134 quem
3037 2067 3171 2121 dicis
3207 2066 3411 2124 ferreos
3457 2071 3659 2127 habere

2068 2159 2258 2202 currus
2283 2156 2336 2203 et
2360 2165 2480 2205 esse
2505 2151 2876 2208 fortissimum.
2913 2174 2930 2206 ›
2960 2153 3070 2211 Iloc
3091 2169 3376 2228 propterea
3404 2157 3654 2230 dixerim,

2065 2237 2200 2306 quia
2234 2247 2377 2295 nunc
2429 2240 2711 2313 Scriptura
2753 2258 3144 2302 commemorat
3182 2247 3409 2320 Ioseph,
3449 2263 3548 2307 noc
3576 2255 3689 2310 est'

2065 2328 2324 2398 Ep'hraim
2372 2327 2426 2386 et
2485 2329 2732 2392 Manasse
2781 2339 3047 2408 duplicem
3099 2341 3654 2411 babere'funiculum,

2066 2419 2291 2492 singulae
2317 2427 2494 2478 autem
2520 2415 2691 2482 tribus
2709 2437 2861 2498 juxta
2874 2429 3271 2488 multitudinem
3296 2427 3449 2490 suam
3473 2454 3658 2508 aequa-
3687 2417 3692 2426 ι

2065 2509 2134 2565 lia
2167 2514 2440 2584 accipiunt
2473 2523 2631 2573 terra?
2661 2521 2854 2590 spatia,
2888 2516 3231 2593 nequaquam
3256 2527 3483 2582 arbitrio
3513 2529 3652 2584 divi;

2065 2602 2262 2668 dentis,
2292 2606 2385 2660 sed
2415 2618 2582 2673 sorte,
2607 2623 2727 2678 quae
2760 2611 2812 2664 in
2843 2607 3054 2667 Domini
3084 2609 3353 2683 potestate
3383 2605 3651 2674 consistit.

2063 2693 2120 2748 In
2148 2697 2536 2752 consuetudine
2563 2699 2778 2770 quidem
2803 2703 3082 2759 hominum
3122 2723 3244 2762 cum
3279 2709 3482 2780 aliquid
3509 2721 3654 2768 sorte

2064 2783 2338 2850 dividitur,
2372 2783 2596 2841 fortuito
2623 2787 2837 2843 videtur
2874 2807 2992 2847 sors
3016 2789 3106 2848 illa
3134 2798 3202 2850 ad
3232 2793 3404 2863 illum,
3443 2799 3526 2854 vel
3551 2802 3652 2855 alia
3686 2790 3688 2794 ’

1994 2897 1996 2904 ι
2063 2873 2130 2927 ad
2166 2871 2331 2928 alium
2364 2877 2592 2944 cedere;
2619 2879 2674 2933 in
2717 2879 2996 2950 Scriptura
3021 2893 3201 2940 autem
3232 2898 3416 2942 sancta
3443 2905 3549 2944 non
3581 2892 3652 2945 ita

1993 2965 1996 2974 ’
2061 2974 2186 3021 est”:
2213 2975 2268 3022 et
2297 2967 2623 3039 aliquotiens
2659 2967 2964 3041 quaerebam
3009 2977 3148 3045 apud
3194 2975 3571 3048 m'emetipsum
3604 2981 3651 3035 si

2062 3055 2128 3110 de
2153 3070 2213 3110 re
2254 3066 2411 3113 tanta
2451 3073 2514 3114 ac
2545 3060 2637 3114 tali
2677 3063 2870 3118 Patres
2899 3067 3073 3120 sancti
3113 3068 3348 3123 sortibus
3387 3070 3650 3137 judicium

1985 3147 2030 3210 C
2062 3148 2494 3204 commisissent.-
2511 3149 2665 3218 Quod
2695 3153 2741 3206 si
2756 3166 2899 3210 esset
2913 3157 3054 3225 apud
3077 3167 3292 3214 sanctos
3313 3161 3386 3214 ita
3410 3163 3648 3231 gestum,

2055 3235 2167 3308 jam
2192 3238 2259 3294 de
2288 3239 2405 3294 aliis
2427 3240 2740 3298 hominibus
2768 3244 2856 3298 vel
2898 3247 3147 3315 gentibus
3174 3247 3308 3303 nihil
3337 3251 3534 3305 mirum
3567 3253 3647 3306 τί·
3679 3257 3684 3264 ³

2060 3327 2226 3394 deris,
2258 3328 2304 3384 si
2346 3329 2482 3385 nihil
2521 3331 2815 3396 haberetur
2830 3335 3091 3392 eximium
3123 3338 3178 3391 in
3214 3339 3296 3394 his
3322 3353 3495 3410 quae'a
3521 3359 3648 3396 san-
3683 3365 3688 3372 ·

2060 3418 2162 3473 ctis
2185 3419 2438 3475 dicuntur
2468 3431 2618 3478 sorte
2645 3424 2838 3479 divisa.
2887 3425 2995 3480 Sed
3025 3428 3307 3484 videamus
3336 3431 3380 3484 si
3409 3429 3546 3486 forte
3593 3433 3645 3486 in
3681 3423 3686 3446 ¹

2061 3506 2357 3577 Scripturis
2401 3511 2605 3580 aliquid
2648 3514 2987 3570 inveniamus
3037 3531 3162 3572 esse
3202 3519 3458 3588 positum,
3507 3521 3649 3590 quod

2059 3598 2608 3668 nobis'quid-virtutis
2625 3605 2971 3660 contineatur
2985 3607 3038 3660 in
3062 3610 3299 3664 sortibus
3321 3612 3644 3670 man-il'estet.

2058 3688 2383 3761 Incipiamus
2409 3694 2575 3765 igitur
2600 3712 2632 3751 a
2659 3696 2920 3762 Levitico,
2951 3699 3042 3754 ubi
3068 3702 3328 3771 scriptum
3368 3712 3452 3758 est
3479 3723 3491 3757 :
3533 3724 3550 3754 ι
3582 3705 3648 3760 Et

2059 3784 2348 3853 accipient,
2385 3785 2582 3857 inquit,
2622 3791 2757 3845 duas
2784 3801 2979 3859 sortes,
3007 3799 3135 3848 sors
3169 3809 3274 3849 una
3306 3795 3554 3862 Domino,
3593 3805 3648 3853 et

2058 3889 2177 3930 sors
2201 3892 2308 3929 una
2334 3879 2717 3948 ApOpompeeo.
2741 3883 2843 3936 hoc
2867 3892 2950 3937 est
2978 3886 3368 3942 transmissori.
3399 3887 3464 3940 Et
3483 3903 3647 3957 super

2059 3982 2436 4038 quemcunque
2490 3973 2699 4026 venerit
2757 3989 2875 4029 sors
2902 4015 2916 4040 ,
2979 3976 3325 4048 Apopompzei
3377 3961 3682 4049 accipient:

2057 4059 2266 4114 hircum
2308 4060 2459 4114 illum
2505 4071 2562 4116 et
2603 4065 2873 4118 abducent
2909 4066 2962 4119 in
3016 4067 3188 4122 locum
3240 4070 3410 4124 eremi
3439 4071 3640 4138 vivum,
3678 4077 3682 4080 '

2057 4157 2112 4205 et
2135 4150 2406 4204 dimittent
2432 4152 2581 4206 illum
2606 4154 2660 4206 iu
2687 4155 3060 4210 dimissionem
3081 4173 3260 4224 suam,
3311 4160 3476 4214 alium
3514 4173 3644 4217 vero

2055 4240 2267 4295 hircum
2307 4242 2663 4299 immolabunt
2709 4247 2958 4313 Domino,
3015 4268 3033 4299 ι
3061 4258 3118 4302 et
3149 4250 3373 4320 reliqua,
3421 4268 3540 4322 qua:
3570 4254 3642 4309 ibi

2057 4343 2204 4400 sunt,
2227 4351 2347 4404 quae
2369 4337 2554 4406 utique
2581 4339 2782 4404 sciunt,
2813 4341 2907 4409 qui
2935 4341 3142 4411 legunt.
3175 4343 3241 4397 Et
3269 4343 3464 4399 iterum
3499 4364 3513 4400 :
3551 4348 3643 4412 ubi

2055 4423 2267 4498 Moyses
2295 4437 2440 4483 sorte
2469 4428 2651 4485 divisit
2683 4431 2842 4486 tribui
2881 4432 3070 4487 Ruben
3118 4445 3174 4488 et
3203 4436 3364 4491 tribui
3418 4436 3533 4492 Gad
3587 4445 3644 4492 et

375 4532 620 4600 quantum
647 4513 838 4586 divisio
865 4540 920 4587 et
949 4533 1254 4588 distributio
1295 4535 1436 4600 talis,
1471 4550 1589 4604 qua:
1627 4552 1734 4590 non
1781 4536 1983 4591 solum‘

2060 4496 2294 4575 dimidia:
2323 4521 2486 4575 tribui
2512 4521 2790 4587 Manassae,
2821 4539 2940 4592 qua:
2965 4536 3323 4595 peposeerant
3352 4536 3504 4583 trans
3522 4528 3643 4584 Ior—

375 4638 474 4692 pro
512 4622 721 4677 meritis
753 4637 962 4688 eorum,
993 4624 1084 4691 qui
1120 4624 1452 4693 dispensant,
1488 4626 1582 4677 sed
1618 4633 1670 4677 et
1711 4641 1829 4695 qme
1853 4640 1953 4695 pro

373 4708 654 4766 novissimi
707 4708 878 4764 Adam
932 4708 987 4760 in
1025 4724 1131 4779 quo
1174 4724 1362 4762 omnes
1408 4709 1714 4763 viviﬁcandi
1769 4710 1954 4764 dicunt

377 4799 824 4869 contemplatione
852 4802 1124 4871 pensanda
1148 4801 1234 4856 sit.
1259 4800 1442 4856 Gratia
1472 4802 1615 4855 enim
1650 4803 1740 4856 Dei
1768 4820 1954 4858 sumus

377 4892 566 4949 salvati
605 4900 660 4947 et
706 4908 812 4948 non
850 4908 917 4947 ex
946 4893 1121 4958 nobis,
1162 4911 1181 4943 ι
1217 4907 1318 4947 nec
1367 4900 1492 4947 sunt
1520 4894 1799 4964 condigna:
1829 4909 1953 4963 pas-

377 4982 557 5038 siones
583 4982 738 5051 hujus
788 4984 1046 5054 temporis
1073 4984 1140 5038 ad
1170 4984 1404 5038 futuram
1435 4985 1682 5054 gloriam,
1712 5002 1830 5055 qua:
1868 5003 1954 5042 re-

381 5072 645 5129 velabitur
673 5074 727 5128 in
753 5074 908 5129 nobis
937 5072 1108 5145 (Rom.
1142 5074 1278 5144 vui).
1309 5094 1328 5126 ι
1366 5073 1458 5128 Dei
1486 5075 1630 5129 enim
1659 5076 1799 5130 dono
1834 5091 1954 5131 san-

379 5163 481 5218 ctis
502 5171 556 5218 et
576 5163 762 5218 electis
785 5164 901 5235 ejus
928 5164 1135 5219 confert
1151 5164 1375 5235 gloriam
1396 5165 1545 5238 regni
1568 5165 1823 5232 caelestis,
1840 5168 1956 5238 ipso

382 5255 670 5322 tribuente,
707 5255 798 5326 qui
827 5255 1100 5326 discipulis
1131 5257 1207 5311 ait
1245 5272 1259 5310 :
1298 5275 1316 5307 ‹
1356 5256 1463 5313 Vos
1507 5259 1638 5312 estis
1688 5259 1779 5328 qui
1834 5273 1958 5329 per-

383 5345 652 5400 mansistis
697 5360 906 5399 mecum
937 5344 988 5397 in
1029 5345 1408 5406 tentatiouibus
1436 5349 1590 5412 meis,
1621 5355 1677 5402 et
1698 5363 1798 5417 ego
1841 5348 1956 5403 dis-
1998 5345 2010 5360 '

381 5453 576 5507 ponam
628 5437 781 5492 vobis
826 5437 967 5492 sicut
1003 5436 1264 5505 disposuit
1295 5437 1423 5491 mihi
1473 5439 1632 5514 Pater
1673 5454 1824 5494 meus
1870 5455 1956 5494 re-

385 5542 570 5597 gnum,
605 5535 665 5580 ut
703 5528 874 5584 edatis
908 5535 964 5582 et
991 5527 1191 5582 bibatis
1216 5542 1378 5597 super
1405 5543 1646 5583 mensam
1689 5545 1868 5584 meam
1899 5529 1954 5584 in

387 5634 551 5688 regno
595 5634 740 5686 meo,
765 5628 819 5675 et
845 5620 1078 5676 sedeatis
1100 5635 1260 5691 super
1284 5621 1507 5676 thronos
1539 5621 1843 5688 duodecim,
1871 5620 1957 5690 ju-

391 5709 630 5766 dicantes
656 5709 938 5768 duodecim
960 5711 1134 5768 tribus
1159 5711 1324 5769 Israel
1350 5711 1501 5786 (Luc.
1524 5713 1682 5785 χχιι).
1716 5735 1736 5766 ι
1765 5714 1872 5769 Pro
1892 5729 1958 5772 eo

2056 4615 2270 4679 danem,
2291 4616 2537 4684 accipere
2564 4624 2762 4670 terram
2787 4618 2932 4669 illam
2975 4633 3136 4685 quam
3160 4631 3514 4687 poposceraut
3543 4622 3639 4676 lilii

2055 4703 2238 4758 Israel.
2281 4707 2438 4757 Dedit
2469 4718 2646 4758 autem
2675 4708 2789 4774 ipse
2809 4705 2965 4760 Iesus
2993 4710 3285 4762 secundum
3309 4722 3638 4778 prmptum

2055 4795 2268 4849 Domi-ni
2297 4796 2502 4850 Chaleb
2533 4797 2641 4851 ﬁlio
2667 4797 2941 4866 Iephonm,
2975 4808 3029 4853 et
3054 4802 3217 4854 tribui
3251 4800 3386 4855 Iuda
3413 4811 3634 4856 sortem.
3674 4809 3678 4816 '

2061 4887 2217 4941 Dedit
2248 4896 2439 4960 autem
2469 4889 2726 4957 Ephrem,
2767 4899 2822 4945 et
2851 4892 2924 4945 illi
2948 4907 3068 4961 qua:
3093 4907 3254 4963 super
3301 4903 3419 4948 erat
3475 4895 3638 4951 tribui

2061 4982 2307 5038 Manasse
2337 4999 2352 5038 :
2383 4991 2439 5037 et
2474 4993 2598 5053 post
2637 4986 2751 5041 haec
2771 4988 3114 5057 congregavit
3141 4988 3194 5040 in
3223 4988 3461 5042 Ecclesia
3498 4987 3640 5043 ﬁlios
3676 5064 3678 5066 _

2059 5075 2244 5141 Israel,
2279 5084 2334 5130 et
2351 5076 2521 5130 dixit:
2547 5093 2566 5125 ‹
2588 5075 2794 5129 Mittam
2823 5084 3024 5130 sortem
3054 5085 3109 5132 et
3131 5078 3402 5147 proferam
3432 5079 3485 5133 In
3509 5093 3642 5135 oon.

2064 5177 2248 5236 speetu
2280 5166 2514 5232 Domini,
2546 5168 2766 5237 siprius
2784 5168 3160 5226 describentes
3213 5178 3416 5224 terram
3447 5172 3640 5226 attule-

2065 5259 2186 5314 ritis
2216 5259 2351 5315 mihi
2367 5259 2788 5327 descriptionem
2821 5261 2957 5329 ejus,
2994 5278 3012 5310 ι
3041 5261 3196 5314 evita
3221 5272 3342 5330 mst
3383 5263 3499 5316 haec
3523 5275 3640 5317 mr-

2063 5351 2210 5405 tibus
2252 5351 2433 5405 missis
2471 5351 2756 5404 liaareditas
2803 5350 2999 5425 pepulo
3026 5347 3120 5404 Dei
3167 5351 3508 5408 distribuitur
3539 5362 3640 5410 δἐι

2064 5443 2300 5513 agitatur
2333 5457 2451 5498 sors
2487 5443 2590 5495 ista
2629 5457 2736 5495 non
2776 5441 3020 5506 fortuitu,
3061 5443 3161 5497 sed
3201 5445 3496 5501 secundum
3536 5446 3638 5500 hoc
3674 5455 3676 5458 '

2063 5535 2208 5604 quod
2231 5533 2668 5604 prtedestimtum
2698 5541 2782 5585 eet
2801 5547 2836 5585 a
2868 5531 2997 5586 Deo.
3028 5528 3271 5604 Denique
3299 5534 3482 5590 tribus
3498 5533 3638 5588 Ben-

2060 5627 2231 5698 jamin
2254 5626 2485 5695 primam
2505 5621 2584 5679 ibi
2604 5624 2813 5692 accepit
2833 5630 3034 5680 sortem
3059 5623 3149 5680 ubi
3181 5633 3298 5681 erat
3317 5623 3634 5692 Jews-Ian.

2063 5719 2193 5775 Post
2222 5720 2337 5775 haec
2361 5718 2539 5773 tribus
2579 5717 2802 5774 Simeou
2831 5718 3122 5775 secundam
3152 5736 3166 5774 :
3198 5727 3322 5790 post
3357 5718 3474 5774 hac
3487 5717 3647 5804 Issa-1
