4112 6364
542 313 680 381 1065

1176 311 1238 368 Β.
1277 309 1528 367 MBANI
1563 309 1784 368 MAURI
1819 307 2140 367 ARCHIEP.
2180 307 2490 368 MOGUNT.
2527 307 2813 367 OPERUM
2854 306 3034 365 PARS
3071 307 3138 364 II.

3656 313 3794 368 1064

538 430 692 494 char,
716 425 911 483 deinde
937 424 1196 493 Zabulon,
1224 404 1417 483 deinde
1445 426 1601 492 Aser,
1637 435 1761 498 post
1793 426 1910 482 haec
1945 425 2110 480 etiam
2134 427 2191 489 Α
2211 421 2392 478 luntas
2423 422 2664 479 continet
2691 422 2747 477 in
2780 421 2993 478 occulto
3011 461 3028 488 ,
3059 433 3177 477 sors
3211 419 3520 480 hominibus
3548 423 3791 481 deciarat

537 515 903 588 Nephtlialim,
925 517 1118 574 deinde
1137 518 1252 573 Dan
1275 517 1458 589 (Iosue
1478 534 1590 585 xvi,
1616 534 1748 584 xvii,
1779 534 1936 584 xviii,
1962 517 2108 588 xu):

533 607 594 665 in
621 608 818 679 quibus
837 609 1130 665 novissime
1151 608 1371 663 veniunt
1393 616 1503 664 tres
1526 608 1628 665 illae
1656 608 1843 674 tribus,
1881 615 2027 678 quae'
2045 623 2109 663 ex

533 697 850 774 concubinis
871 698 1265 755 descenderant
1303 697 1488 755 Iacob.
1519 699 1648 767 Quae
1687 716 1815 772 ergo
1861 700 2001 755 ratio
2043 699 2114 756 sit

535 787 763 844 sortium
792 787 933 860 apud
962 788 1339 858 memetipsum
1366 789 1730 858 requirebam,
1756 799 1815 844 ut
1843 805 1909 845 ex
1933 789 2114 845 multis

535 879 860 936 testimoniis
889 878 1317 950 Scripturarum,
1359 881 1502 950 quod
1543 879 1746 935 latebat
1791 895 2113 950 agnoscere-

531 987 672 1028 mus.
709 970 893 1028 Inveni
921 985 1051 1027 sane
1079 972 1132 1026 in
1149 971 1447 1043 Scripturis
1474 972 1639 1028 etiam
1674 972 1900 1044 gentiles
1935 974 2113 1029 homi-

530 1078 627 1119 nes
654 1079 782 1120 usos
807 1079 927 1119 esse
955 1063 1212 1129 sortibus,
1241 1071 1370 1118 tunc
1400 1080 1522 1119 eum
1554 1065 1834 1136 navigaret
1872 1065 2038 1121 Jonas
2058 1075 2114 1122 et

531 1163 826 1226 tempestas
845 1164 1076 1228 urgeret.
1107 1156 1275 1211 Aiunt
1294 1171 1528 1226 namque
1540 1157 1613 1211 illi
1636 1159 1728 1228 qui
1751 1159 2109 1228 navigabant:

535 1265 554 1297 ι
591 1247 866 1303 Mittamus
895 1254 1096 1302 sortem
1118 1255 1172 1302 et
1201 1246 1438 1304 sciamus
1456 1249 1610 1320 cujus
1636 1264 1799 1304 causa
1828 1249 1942 1304 haec
1964 1257 2112 1304 tanta

529 1337 738 1390 malitia
770 1338 841 1392 sit
871 1336 1044 1409 (Ιοηω
1076 1337 1195 1408 vn),
1243 1357 1262 1390 ι
1291 1340 1446 1408 quasi
1477 1354 1596 1394 sors
1625 1349 1830 1394 tantum
1884 1339 2108 1405 valeret,

527 1437 586 1481 ut
606 1427 838 1496 prodere
860 1429 1051 1498 possit,
1067 1428 1220 1498 cujus
1241 1445 1407 1485 causa
1416 1431 1724 1502 periculum
1737 1431 2112 1503 navigantibus

527 1519 853 1576 immineret.
877 1519 1132 1588 Quamvis
1161 1521 1390 1592 gentiles
1428 1529 1628 1588 essent,
1658 1531 1714 1577 et
1742 1522 1904 1578 alieni
1939 1539 1968 1578 a
2013 1538 2108 1578 co-

525 1611 769 1684 gnitione
797 1611 913 1678 Dei,
940 1630 1046 1669 non
1081 1623 1263 1668 tamen
1289 1615 1394 1670 hac
1421 1615 1671 1684 opinione
1703 1613 1982 1680 falluntur,
2015 1615 2110 1670 sed

523 1705 668 1773 quod
690 1719 878 1759 verum
901 1713 1020 1760 erat
1045 1705 1374 1776 prodiditeis
1398 1722 1518 1763 sors
1541 1721 1705 1777 super
1723 1706 1936 1763 Jonam.
1953 1707 2108 1774 Quae-

2215 511 2272 566 in
2296 511 2596 568 manifesto.
2628 511 2934 568 Secundum
2963 527 3090 567 vero
3121 511 3431 570 interiorem
3459 513 3792 572 intellectum

2215 607 2356 663 sicut
2387 607 2584 663 Paulus
2612 608 2824 663 videtur
2853 606 3098 678 judicare
3128 620 3255 662 cum
3281 605 3411 668 dicit
3440 625 3453 661 :
3492 624 3512 660 ι
3552 607 3611 663 In
3638 619 3794 680 parte

2221 718 2238 749 ι
2279 699 2443 753 sortis
2489 706 2799 754 sanctorum
2829 688 2901 751 'in
2949 695 3175 764 lumine,
3226 704 3281 752 et
3325 706 3474 752 sorte
3509 699 3691 753 vocati
3737 699 3793 756 in

2221 807 2238 838 ‹
2272 787 2506 844 Christo.
2555 808 2575 842 ι
2622 787 2922 844 Videndum
2957 797 3041 845 est
3067 804 3134 844 ne
3175 788 3315 846 forte
3342 804 3451 846 non
3490 789 3664 845 solum
3698 789 3794 846 ho-

2214 881 2474 946 minibus,
2511 881 2605 936 sed
2635 888 2691 936 et
2718 881 2774 936 in
2800 880 3052 952 supernis
3084 881 3376 938 virtutibus
3403 896 3524 938 sors
3551 880 3793 954 Agassnr

2212 982 2266 1028 et
2283 973 2760 1045 przcsideataliqua
2781 974 2952 1030 virtus
2971 974 3097 1030 huic
3118 973 3309 1040 ofﬁcio,
3332 990 3452 1046 qua:
3469 975 3618 1030 verbi
3631 991 3791 1031 causa

2212 1061 2340 1118 Jcsu
2369 1064 2480 1119 ﬁlio
2510 1063 2659 1121 Nave
2691 1081 2835 1124 nunc
2863 1073 3010 1122 sorte
3037 1066 3408 1123 haereditatem
3437 1068 3790 1124 distribuendi

2213 1171 2321 1211 non
2338 1146 2589 1227 'aliquam
2612 1159 2863 1228 gratiam,
2889 1159 2982 1214 sed
3005 1159 3295 1230 secundum
3319 1161 3421 1214 hoc
3441 1159 3572 1230 quid
3589 1161 3656 1215 sit
3679 1159 3792 1231 pla-

2214 1258 2339 1301 cere
2367 1246 2478 1300 Deo
2505 1246 2759 1302 ducatum
2786 1247 3026 1317 praebeat
3061 1249 3246 1314 sortis,
3272 1258 3328 1304 et
3357 1249 3436 1303 illi
3471 1249 3689 1319 quidem
3712 1249 3794 1303 fa-

2213 1335 2323 1389 ciat
2345 1335 2585 1403 evenire,
2613 1337 2914 1408 queeprima
2944 1346 3269 1408 sunt,quem
3315 1340 3419 1395 scit
3455 1339 3597 1410 apud
3621 1339 3789 1394 Deum

2210 1426 2445 1496 primum
2474 1427 2650 1486 loeum
2679 1435 2882 1495 tenere,
2912 1437 2971 1483 ut
2995 1428 3119 1494 hoc,
3141 1428 3287 1500 quod
3309 1428 3365 1484 in
3394 1429 3622 1486 occultis
3651 1430 3790 1500 apud

2211 1513 2382 1575 Deum
2409 1519 2661 1586 habetur,
2689 1521 2854 1576 sortis
2882 1519 3270 1591 gubernatione
3298 1521 3461 1576 etiam
3484 1520 3792 1576 hominibus

2212 1615 2630 1682 demonstretur,
2656 1615 2818 1670 alium
2835 1631 2962 1671 vero
2985 1614 3167 1671 facere
3187 1617 3406 1673 secundi
3430 1617 3532 1672 loci
3555 1625 3611 1673 et
3628 1617 3788 1672 alium

2216 1707 2382 1773 tertii,
2423 1707 2568 1778 quod
2617 1724 2724 1764 non
2773 1708 2945 1764 solum
2988 1709 3044 1764 in
3090 1710 3250 1766 terris
3299 1711 3554 1778 arbitror,
3606 1727 3790 1768 verum

525 1810 652 1850 rens
681 1811 813 1869 ergo
841 1797 906 1852 de
944 1796 1053 1864 his,
1094 1797 1309 1853 invenio
1330 1807 1385 1854 et
1433 1798 1775 1855 Salomonem
1812 1799 1868 1855 in
1891 1799 2120 1856 Prover-
2145 1802 2194 1863 B
2221 1799 2384 1854 etiam
2418 1798 2472 1852 in
2505 1799 2816 1855 coelestibus
2859 1809 2914 1856 et
2945 1800 3250 1870 hujusmodi
3290 1811 3456 1871 sorte,
3498 1819 3618 1874 qua:
3652 1804 3791 1874 apud

523 1885 627 1942 hiis
676 1887 946 1943 dicentem
991 1905 1006 1942 :
1043 1907 1062 1940 ι
1101 1887 1573 1946 Contradictiones
1601 1890 1818 1947 cohibet
1871 1906 2009 1958 sors,
2057 1905 2112 1949 et

523 1975 666 2030 inter
712 1985 960 2046 potentes
995 1977 1182 2033 definit
1210 1978 1391 2049 (Prov.
1431 1979 1608 2050 xviii),
1652 1999 1672 2032 ι
1705 1979 1871 2036 veluti
1899 1995 2113 2038 cessare

522 2069 816 2128 ostendens
842 2073 1318 2142 contradictiones,
1336 2070 1699 2131 ubi'n'iittetur
1722 2091 1860 2132 sors.

591 2161 700 2218 Sed
726 2178 848 2218 cum
874 2165 989 2219 haec
1012 2164 1068 2218 in
1097 2161 1446 2221 Testamento
1476 2165 1658 2221 Veteri
1686 2181 1794 2221 non
1821 2180 1996 2236 pauca
2025 2181 2112 2221 re-

521 2252 652 2309 ferri
709 2255 777 2311 de
809 2257 1050 2314 sortibus
1097 2257 1419 2324 invenirem,
1447 2259 1688 2315 converti
1714 2273 1803 2314 me
1831 2259 1996 2314 etiam
2043 2258 2111 2314 ad

521 2342 733 2401 Novum
765 2345 1196 2416 Testamentum,
1247 2357 1307 2403 ut
1349 2348 1588 2406 viderem
1613 2349 1661 2404 si
1721 2347 1862 2404 forte
1904 2349 1988 2404 vel
2037 2349 2111 2403 ibi

518 2444 1004 2492 contemnerentur
1064 2440 1282 2507 sortes),
1313 2451 1406 2493 aut
1447 2454 1516 2494 ne
1543 2438 1614 2494 ibi
1647 2439 1865 2508 quidem
1921 2454 2110 2495 earum

517 2545 649 2588 usus
691 2531 818 2589 alibi
838 2532 1129 2598 diceretur,
1159 2543 1216 2589 ct
1245 2533 1461 2588 invenio
1507 2531 1650 2603 quod
1682 2532 1968 2603 aliquando
1983 2547 2110 2586 cum

519 2623 736 2680 deesset
791 2640 1022 2680 numero
1050 2624 1420 2694 apostolorum
1449 2640 1608 2689 unus,
1641 2633 1701 2679 ut
1747 2631 1891 2679 esset
1914 2638 2109 2679 neces-

517 2717 725 2774 sarium
749 2717 805 2772 in
827 2717 1004 2774 locum
1029 2716 1181 2774 Juda:
1212 2718 1383 2774 alium
1413 2719 1696 2792 subrogari
1717 2719 1855 2789 (Act.
1886 2719 1953 2790 ι),
1981 2735 2110 2775 con-

519 2811 802 2868 venientes
830 2812 1128 2882 apostolos,
1182 2813 1275 2884 qui
1315 2812 1502 2883 utique
1549 2813 1720 2868 multo
1755 2813 2108 2882 sapientiores

517 2911 676 2958 erant
705 2918 870 2973 qnam
895 2903 951 2958 hi
979 2904 1071 2974 qui
1101 2919 1246 2960 nunc
1291 2905 1572 2976 episcopos
1608 2903 1694 2958 vel
1737 2906 2105 2976 presbyteros,

521 2992 609 3047 vel
629 2993 886 3050 diaconos
914 2995 1191 3059 ordinant,
1241 3004 1293 3050 ct
1335 2994 1618 3067 elegerunt
1656 2994 1791 3050 duos
1813 3002 1869 3050 et
1897 3002 2106 3050 statue-

517 3094 644 3140 runt
677 3084 733 3139 in
779 3083 981 3150 medio,
1038 3100 1138 3141 nec
1165 3093 1348 3141 tamen
1394 3089 1460 3141 de
1493 3085 1577 3140 his
1617 3083 1922 3156 semetipsis
1958 3083 2105 3155 judi-

2215 1891 2502 1948 Dominnm
2565 1893 2884 1948 meritorum
2941 1894 3394 1965 contemplatione
3447 1897 3794 1968 distinguitur

2210 1983 2375 2038 etiam
2403 1983 2460 2038 in
2503 1982 2596 2038 illo
2643 1991 2883 2055 tempore
2918 1984 3193 2041 habetur-z
3239 2004 3258 2036 ι
3303 1986 3438 2042 Cum
3468 1987 3664 2042 viderit
3697 2002 3793 2044 ex-

2210 2074 2389 2131 celsus
2415 2083 2603 2146 gentes
2627 2083 2683 2130 et
2704 2075 3140 2131 disseminaverit
3167 2076 3306 2133 ﬁlios
3332 2078 3527 2145 Adam,
3559 2087 3616 2132 et
3659 2093 3790 2132 con-

2211 2166 2442 2221 stituerit
2467 2164 2606 2220 ﬁlios
2641 2167 2880 2235 gentium
2923 2169 3218 2223 secundum
3255 2184 3538 2224 numerum
3580 2169 3794 2239 angelo.

2211 2273 2330 2312 rum
2369 2256 2466 2310 Dei
2489 2255 2669 2327 (Deut.
2699 2259 2895 2330 χχχιι).
2949 2278 2968 2309 ι
3008 2257 3076 2312 Ει
3104 2257 3247 2314 facta
3273 2268 3357 2314 est
3379 2259 3557 2330 portio
3583 2259 3792 2315 Domini

2210 2349 2380 2408 Jacob
2418 2351 2690 2407 funiculus
2717 2351 3050 2407 haereditatis
3077 2350 3195 2421 ejus
3226 2351 3410 2408 Israel.
3462 2351 3628 2408 Vides
3665 2367 3792 2423 ergo

2211 2450 2266 2497 et
2320 2442 2407 2498 nic
2449 2450 2683 2512 partem,
2731 2451 2786 2496 et
2839 2441 3138 2497 funiculum
3188 2443 3401 2498 Domini
3452 2442 3619 2498 Israel
3664 2443 3793 2506 dicit

2209 2549 2332 2588 esse
2377 2543 2544 2588 sorte.
2599 2532 2718 2588 Non
2748 2548 2877 2602 ergo
2917 2531 3141 2588 fortuito
3179 2534 3551 2589 arbitrandum
3579 2534 3792 2588 venisse

2211 2634 2435 2682 sortem.
2497 2625 2576 2692 Illi
2635 2627 2853 2696 quidem
2914 2627 3104 2697 angelo
3151 2635 3365 2697 gentem
3407 2627 3554 2681 illam
3616 2628 3786 2682 susci-

2208 2734 2337 2789 pere
2368 2718 2516 2772 verbi
2574 2717 2748 2789 gratia
2784 2717 3184 2788 Egyptiorum,
3224 2718 3315 2772 alii
3363 2727 3547 2774 autem
3599 2718 3790 2786 angelo

2209 2809 2568 2864 Idumzeorum
2601 2809 2956 2868 Moabitarum
2989 2829 3000 2863 :
3043 2819 3099 2864 et
3127 2810 3216 2865 alii
3253 2809 3456 2865 Indiam
3487 2810 3574 2864 vel
3603 2826 3791 2866 unam-

2210 2916 2479 2972 quamque
2525 2901 2794 2956 nationem
2837 2915 3067 2966 carum,
3116 2916 3236 2971 qua:
3291 2912 3416 2956 sunt
3471 2916 3636 2971 super
3685 2912 3793 2956 ter-

2210 3009 2345 3049 ram.
2399 2991 2506 3049 Sed
2552 3001 2606 3047 et
2647 2993 2720 3047 ibi
2746 2992 2909 3048 etiam
2943 2993 2990 3046 si
3031 2993 3325 3048 secundum
3358 3008 3646 3048 numerum
3696 3010 3790 3047 an-

2211 3086 2450 3159 gelorum
2493 3085 2590 3150 Dei
2622 3085 2871 3140 dicantur
2895 3093 3042 3142 sorte
3078 3094 3269 3156 gentes
3314 3085 3433 3142 istae
3470 3086 3671 3153 divisae,
3711 3094 3790 3139 ta-

516 3180 658 3235 cium
680 3179 1046 3250 permiserunt
1092 3187 1151 3234 ut
1204 3179 1355 3235 illum
1404 3178 1648 3236 facerent
1673 3194 1834 3250 quem
1879 3177 1983 3248 ipsi
2009 3192 2105 3234 vo-
2133 3156 2178 3220 Ο
2210 3156 2331 3232 men
2370 3176 2457 3231 illa
2487 3191 2609 3232 sors
2633 3175 2772 3231 sicut
2811 3176 2864 3229 in
2904 3175 3214 3231 hominibus
3251 3176 3502 3242 diximus,
3535 3177 3658 3246 quia
3685 3173 3785 3230 Dei

514 3269 761 3328 luissent.
788 3269 896 3326 Sed
937 3290 954 3322 ‹
1008 3281 1254 3337 orantes,
1283 3270 1477 3341 inquit,
1529 3269 1797 3336 miserunt
1844 3277 2098 3333 sortem,»

515 3373 578 3418 ut
602 3378 668 3418 ex
697 3362 805 3418 illis
837 3361 1045 3418 duobus
1092 3378 1230 3433 quos
1261 3370 1566 3418 statuerant
1592 3363 1649 3417 in
1679 3370 1972 3431 conspectu
2002 3360 2109 3416 Do-

517 3453 669 3520 mini,
694 3453 748 3509 id
777 3462 861 3509 est
883 3453 1105 3524 Ioseph,
1133 3455 1226 3524 qui
1279 3463 1504 3515 vocatur
1547 3452 1843 3520 Barnabas,
1897 3453 1991 3522 qui
2017 3466 2108 3508 co-

522 3546 868 3616 gnominatus
894 3554 977 3600 est
995 3545 1197 3616 justus,
1227 3554 1284 3600 et
1308 3544 1547 3600 Mathian
1577 3563 1590 3598 :
1623 3543 1876 3612 «Cecidit,
1908 3544 2103 3614 inquit,

517 3651 639 3694 sors
666 3649 830 3709 super
852 3637 1112 3702 Mathian,
1145 3644 1202 3691 et
1225 3646 1616 3694 annunieratus
1637 3645 1723 3692 est
1749 3653 1873 3692 eum
1902 3635 2105 3692 Christi

519 3731 796 3802 apostolis.
834 3749 853 3784 ι
887 3729 1232 3786 Pmcedente
1246 3745 1478 3800 namque
1495 3730 1721 3796 ratione,
1757 3745 1864 3784 non
1881 3728 1994 3797 jam
2017 3744 2106 3783 ca-

518 3838 604 3889 su,
633 3822 729 3878 sed
756 3821 1057 3893 prudentiae
1079 3835 1199 3876 sors
1231 3819 1472 3875 divinum
1497 3820 1765 3892 judicium
1792 3818 2101 3874 deferebat.

520 3915 630 3972 Sed
675 3914 851 3970 adhuc
886 3915 1194 3984 quaerebam
1221 3971 1224 3975 ,
1254 3913 1309 3968 in
1338 3912 1487 3968 Novo
1522 3911 1872 3968 Testamento
1921 3911 1968 3966 si
2012 3926 2107 3967 au-

519 4017 630 4065 tem
650 4022 770 4064 sors
825 4007 880 4062 in
929 4007 1147 4064 Christo
1173 4007 1260 4063 vel
1285 4007 1340 4062 in
1369 4006 1617 4063 Ecclesia
1647 4006 1982 4071 nominetur,
2017 4003 2106 4060 vel

519 4100 575 4156 in
597 4101 762 4158 rebus
784 4099 1050 4172 mysticis,
1080 4114 1202 4170 quae
1222 4100 1290 4154 ad
1309 4100 1550 4155 animam
1573 4099 1847 4170 pertinere
1889 4097 2109 4152 videan-

519 4203 627 4262 tur,
652 4194 870 4251 invenio
896 4193 1122 4251 Paulum
1149 4195 1218 4248 ad
1245 4191 1511 4264 Ephesios
1537 4191 1870 4248 scribentem
1921 4189 2106 4244 dicere

521 4288 588 4343 de
616 4287 839 4344 Christo
877 4306 890 4341 :
932 4307 950 4338 ε
986 4286 1045 4341 In
1069 4301 1198 4356 quo,
1249 4284 1446 4355 inquit,
1501 4293 1650 4340 sorte
1703 4282 1890 4338 vocati‘
1918 4296 2107 4336 sumus

518 4377 888 4450 prtedestinati
917 4375 1214 4432 secundum
1240 4375 1578 4446 propositum
1621 4373 1760 4444 ejus,
1797 4373 1891 4442 qui
1921 4371 2106 4426 omnia

520 4477 776 4538 operatur
817 4468 1117 4524 secundum
1167 4466 1452 4524 consilium
1506 4465 1802 4522 voluntatis
1847 4464 1984 4534 ejus,
2047 4472 2104 4519 et

522 4557 696 4614 simus
729 4557 786 4612 in
832 4556 1048 4612 laudem
1077 4555 1263 4627 gloriae
1303 4555 1443 4626 ejus,
1494 4555 1588 4626 qui
1618 4566 1744 4610 ante
1771 4555 2108 4625 speravimus

521 4650 578 4706 in
605 4647 824 4706 Christo
855 4647 1074 4721 (Ephes.
1105 4647 1168 4720 ι).
1232 4667 1251 4699 ι
1289 4646 1396 4703 Sed
1421 4655 1476 4704 et
1509 4647 1576 4702 ad
1617 4647 1966 4704 Colossenses
1993 4647 2108 4702 haec

522 4743 853 4800 scribentem
881 4760 897 4798 :
935 4761 955 4794 ι
1005 4741 1224 4798 Gratias
1255 4751 1482 4814 agentes
1508 4742 1620 4798 Deo
1651 4741 1822 4809 Patri,
1868 4742 1963 4811 qui
1992 4741 2108 4796 ido-

521 4851 656 4893 neos
702 4851 802 4892 nos
828 4834 963 4892 fecit
993 4835 1046 4890 in
1077 4843 1232 4906 parte
1274 4834 1440 4890 sortis
1473 4842 1783 4891 sanctorum
1822 4833 1878 4887 in
1904 4831 2110 4888 lumine

520 4926 745 4995 (Colon.
768 4927 831 4999 ι).
862 4945 880 4977 ι
900 4924 1036 4981 Tam
1055 4925 1242 4982 multis
1255 4939 1322 4981 ex
1337 4924 1556 4996 Scriptu
1565 4925 1639 4980 ris
1652 4924 1856 4980 sanctis
1867 4923 1934 4979 de
1959 4938 2108 4978 com-

521 5018 913 5077 memoratione
927 5017 1879 5090 sortiumtestimoniiscongregatis,
1908 5031 2016 5086 quo
2038 5029 2107 5070 ex

523 5107 765 5166 locorum
785 5109 1082 5166 multorum
1113 5108 1555 5165 consideratione
1567 5108 1827 5163 virtutem
1867 5108 2108 5178 reposci-

524 5219 647 5258 mus
694 5203 1008 5275 diligentius
1038 5202 1466 5273 apprehendere,
1499 5201 1634 5256 mihi
1663 5201 1879 5271 quidem
1923 5217 1989 5258 ex
2022 5201 2108 5258 his

525 5296 778 5354 omnibus
802 5296 890 5351 vel
923 5295 1145 5354 evidens
1175 5296 1352 5351 adhuc
1376 5310 1568 5351 sensus
1604 5294 1672 5349 ad
1704 5294 1967 5364 liquidum
2003 5309 2104 5366 pa-

527 5391 643 5442 tere
670 5399 778 5441 non
797 5388 992 5458 potuit,
1031 5387 1118 5443 vel
1154 5385 1323 5442 etiam
1345 5386 1412 5442 de
1445 5401 1506 5442 re
1537 5394 1687 5442 tanta
1715 5385 2030 5442 enuntiandi
2053 5393 2110 5441 et

529 5477 835 5550 proferendi
861 5478 1026 5534 animi
1048 5487 1227 5536 metus
1247 5479 1465 5536 insedit.
1496 5477 1631 5534 Illud
1656 5485 1834 5533 autem
1882 5476 2114 5546 inquan-

529 5577 660 5625 tum
679 5583 770 5624 res
813 5569 1017 5638 patitur
1057 5571 1353 5643 contigisse
1391 5568 1642 5637 sufﬁciat,
1673 5571 1819 5640 quod
1854 5567 2011 5625 nobis
2044 5567 2112 5624 ab

529 5659 790 5732 apostolis
836 5675 955 5717 sors
981 5661 1143 5718 ducta
1176 5663 1441 5736 designat.
1469 5661 1609 5730 Quia
1636 5660 1728 5718 ubi
1762 5659 1868 5716 ﬁde
1903 5660 2112 5730 integra

523 5766 600 5840 lac
625 5751 867 5812 oratione
905 5754 1186 5824 praemissa
1214 5769 1332 5812 sors
1372 5753 1606 5822 ducitur,
1639 5768 1704 5812 ea
1732 5767 1852 5825 qua).
1889 5751 1990 5814 Dei
2014 5765 2112 5810 vo-

2201 3267 2466 3337 judicium
2494 3266 2640 3337 quod
2660 3267 2715 3321 in
2738 3265 2951 3321 occulto
2973 3274 3075 3330 est,
3103 3281 3223 3321 sors
3249 3266 3432 3336 pandit
3455 3267 3507 3319 in
3527 3264 3748 3334 publico
3764 3281 3781 3316 :

2208 3360 2283 3412 ita
2305 3358 2468 3414 etiam
2499 3357 2573 3412 ibi
2603 3356 2772 3412 fuisse
2793 3358 3121 3412 credendum
3149 3367 3253 3423 est,
3296 3369 3354 3411 ut
3383 3373 3476 3428 pro
3503 3357 3700 3411 merito
3731 3363 3792 3411 et

2205 3451 2405 3505 virtute
2438 3450 2808 3520 unusquisque
2845 3449 3062 3520 angelus
3112 3450 3273 3503 etiam
3305 3459 3361 3504 et
3389 3443 3790 3520 illam'geutem

2207 3542 2261 3597 in
2285 3542 2548 3598 divisione
2579 3541 2899 3612 susciperet,
2922 3550 2978 3596 et
3007 3546 3131 3595 esse‘
3150 3539 3206 3593 in
3229 3539 3314 3594 his
3345 3539 3576 3611 singulis
3610 3553 3788 3596 sacra-

2207 3645 2391 3692 menta
2417 3634 2710 3692 ineffabilia
2733 3635 2926 3690 divinae
2953 3633 3390 3704 dispensationis,
3413 3643 3475 3688 ut
3495 3635 3672 3689 ordini
3695 3650 3791 3692 suo

2208 3737 2400 3783 cuncta
2423 3726 2750 3796 competenti
2778 3741 2875 3796 per
2923 3739 3358 3795 unamquamque
3387 3725 3640 3781 virtutem
3665 3726 3788 3780 diri-

2207 3826 2425 3872 mantur
2453 3816 2647 3872 ofﬁcio.
2685 3815 2773 3871 Sic
2796 3816 2939 3870 enim
2962 3824 3016 3870 et
3043 3815 3332 3886 Apostolus
3355 3816 3522 3871 dicit:
3555 3835 3573 3867 ι
3606 3816 3791 3870 Nonne

2207 3924 2395 3965 omnes
2440 3909 2816 3964 ministratorii
2871 3917 2996 3962 sunt
3045 3906 3280 3976 Spiritus
3324 3907 3383 3962 in
3430 3907 3788 3962 ministerium

2208 4000 2361 4056 missi
2424 4009 2647 4070 propter
2690 4013 2784 4054 eos
2830 3998 2921 4068 qui
2965 3999 3336 4052 haereditatem
3383 3999 3605 4068 capiunt
3649 3997 3790 4052 salu-

2210 4089 2320 4143 tis?
2363 4110 2380 4140 ι
2417 4089 2496 4143 Ad
2532 4089 2722 4142 horum
2754 4087 2918 4157 igitur
2951 4087 3305 4142 imitationem
3332 4085 3662 4141 credendum
3686 4097 3790 4150 est,

2209 4179 2375 4232 etiam
2399 4178 2482 4232 his
2507 4177 2912 4248 Scripturarum
2942 4177 3262 4231 auctoritate
3293 4174 3497 4230 referre
3529 4185 3706 4230 sortes
3739 4183 3792 4229 et

2209 4271 2333 4326 duci
2364 4287 2463 4341 per
2498 4269 2683 4326 Jesum
2716 4270 3108 4334 haereditatem,
3139 4277 3194 4324 et
3221 4283 3321 4338 per
3355 4282 3791 4337 unamquamque

2211 4364 2410 4419 tribum
2443 4363 2626 4417 divina
2655 4362 3058 4431 dispensatione
3083 4360 3321 4424 decerni,
3346 4367 3402 4415 et
3426 4373 3526 4430 per
3550 4356 3791 4412 ineffabi-

2210 4454 2315 4510 lem
2345 4453 2734 4526 providentiam
2767 4452 2862 4506 Dei
2900 4467 2930 4504 a
2964 4450 3319 4521 praesentibus
3349 4449 3404 4502 in
3430 4448 3515 4502 his
3557 4447 3789 4502 sortibus

2211 4545 2528 4601 adumbrari
2550 4544 2743 4599 futurae
2768 4543 3100 4598 haereditatis
3121 4543 3298 4612 portio
3316 4540 3620 4610 expleatur.
3646 4538 3786 4606 Quo—

2211 4640 2359 4694 niam
2394 4637 2612 4708 quidem
2641 4637 2727 4691 lex
2751 4635 3003 4690 umbram
3034 4635 3230 4688 dicitur
3261 4633 3459 4689 habere
3483 4633 3789 4687 futurorum

2210 4734 2498 4797 bonorum,
2527 4740 2581 4786 et
2610 4731 2752 4786 sicut
2781 4729 2910 4784 dicit
2934 4727 3221 4797 Apostolus
3247 4726 3313 4781 de
3340 4726 3427 4781 his
3478 4725 3571 4794 qui
3599 4725 3667 4778 ad
3692 4723 3791 4784 Do-

2212 4827 2418 4881 minum
2448 4822 2618 4878 Iesum
2647 4820 2921 4876 Christum
2948 4827 3234 4884 venerunt,
3266 4835 3284 4868 ι
3315 4816 3450 4884 Quia
3479 4815 3788 4871 accessistis

2213 4916 2281 4972 ad
2319 4915 2448 4970 Sion
2479 4920 2714 4969 montem
2753 4920 2808 4967 ct
2846 4911 3119 4966 civitatem
3165 4910 3258 4964 Dei
3303 4909 3531 4964 viventis
3573 4907 3790 4968 Jerusa-

2212 5010 2319 5066 lem
2350 5009 2645 5065 coelestem.
2683 5027 2700 5057 ι
2742 5006 2838 5060 Est
2867 5005 3044 5074 aliqua
3077 5005 3129 5058 in
3153 5003 3305 5059 caelis
3329 5003 3538 5066 civitas,
3564 5017 3686 5071 qua:
3712 5001 3789 5054 di-

2211 5104 2352 5159 citur
2377 5100 2677 5157 Jerusalem
2709 5109 2763 5153 ct
2796 5114 2951 5154 mons
2980 5098 3113 5152 Sion
3150 5115 3162 5149 :
3197 5095 3312 5151 Non
3347 5105 3429 5167 est
3469 5096 3655 5166 utique
3688 5095 3788 5149 hoc

2209 5194 2327 5250 sine
2351 5207 2516 5249 causa
2544 5191 2686 5262 quod
2714 5188 2993 5258 Benjamin
3027 5190 3083 5242 in
3113 5196 3258 5244 sorte
3286 5203 3382 5244 sua
3404 5188 3618 5258 accepit
3642 5185 3789 5241 Jeru-

2210 5285 2380 5343 salem
2408 5292 2465 5339 et
2494 5289 2731 5339 montem
2785 5279 2937 5343 Sion,
2975 5280 3100 5349 quia
3132 5279 3368 5335 caelestis
3397 5279 3539 5334 illius
3567 5277 3787 5334 Jerusa-

2214 5379 2321 5436 lem
2345 5377 2486 5432 ratio
2515 5375 2631 5432 sine
2653 5373 2815 5430 dubio
2860 5372 2965 5427 hoc
3003 5372 3258 5443 exigebat
3292 5380 3351 5426 ut
3385 5370 3502 5440 jam
3551 5371 3786 5441 aliquam

2213 5469 2493 5541 Benjamin
2519 5467 2649 5522 dare
2673 5465 2892 5521 deberet
2912 5461 3212 5519 Jerusalem
3241 5461 3534 5529 terrestris,
3576 5478 3696 5533 quae
3726 5463 3788 5516 il-

2213 5564 2319 5620 lius
2338 5562 2573 5620 caelestis
2595 5560 2822 5632 ﬁguram
2849 5565 3030 5616 servat
3057 5572 3118 5613 ac
3140 5557 3390 5626 formam.
3416 5553 3682 5611 Similiter
3698 5567 3791 5609 am

2217 5667 2324 5715 tem
2351 5658 2420 5713 de
2463 5654 2746 5725 Benjamin
2777 5653 3064 5710 dicendum
3102 5659 3210 5718 est,
3249 5637 3393 5722 quod
3431 5657 3581 5705 certa
3610 5647 3788 5718 aliqua

2214 5752 2424 5813 ratione
2449 5750 2508 5812 in
2531 5749 2682 5810 Judae
2724 5760 2926 5808 sortem
2952 5745 3278 5816 decernitur,
3319 5746 3402 5802 vel
3446 5744 3663 5802 llebron
3711 5739 3787 5796 vel
