4112 6364
569 370 703 426 1ῦ67

1205 371 1264 425 Β.
1310 373 1557 430 ΗΧΒΑΜ
1594 374 1811 432 MAURI
1848 373 2142 429 ARGIIIEP

2245 362 2511 432 l0t1UN'l‘.
2550 375 2834 433 OPEltUM
2875 372 3051 432 rans
3085 376 3148 432 ll.

3681 377 3819 435 {068

565 484 801 543 cutionis
819 484 1019 541 veteris
1040 484 1388 555 Evangelium
1408 485 1740 556 praedicavit,
1764 485 2146 555 utperveuiret
2172 489 2220 549 A
2249 485 2557 541 dulcissima
2599 486 2863 543 Iordanis
2896 492 3098 544 lluenta
3149 489 3439 561 pertingat,
3491 489 3615 562 qua:
3664 490 3821 561 longe

565 576 634 635 ad
680 575 880 630 atrium
934 573 1098 630 fontis
1149 576 1370 641 aeterni,
1402 583 1456 631 et
1511 576 1567 630 in
1607 576 1853 645 aquilone
1875 576 2146 646 quondam

562 665 774 738 positus
806 664 1234 736 apprehenderet
1263 666 1549 721 terminum
1587 668 1848 723 veritatis.

643 778 662 810 ι
689 757 860 813 Porro
897 756 1052 833 plaga
1096 757 1378 813 orientalis
1416 758 1482 812 de
1531 758 1709 813 medio
1746 758 1962 823 Auran,
1989 766 2046 813 et
2079 758 2148 814 de

568 865 590 899 ι
623 848 800 904 medio
827 847 1077 903 Damasci
1103 887 1118 913 ,
1147 855 1204 902 et
1230 847 1296 903 de
1325 848 1502 902 medio
1532 847 1765 915 Galaad,
1800 857 1856 903 et
1879 849 1943 905 de
1969 850 2147 905 medio

570 957 590 992 ι
627 948 787 996 terrae
810 939 1000 1006 Israel,
1021 938 1269 996 Jordanis
1294 940 1677 997 disterminans
1699 941 1766 996 ad
1792 957 1941 997 mare
1962 942 2144 997 orien-

571 1048 591 1081 ι
629 1030 735 1085 tale
759 1031 1055 1086 metiemini
1079 1030 1289 1102 plagam
1327 1031 1664 1086 orientalem.
1696 1049 1715 1082 ι
1749 1030 2015 1104 (Ηὶενοη.)
2043 1033 2148 1087 Pro

563 1138 674 1194 quo
710 1122 762 1178 in
792 1122 1149 1179 Numerorum
1172 1123 1310 1179 libro
1337 1123 1410 1178 ita
1434 1124 1694 1194 scriptum
1724 1125 1897 1194 reperi
1926 1142 1938 1178 :
1973 1144 1991 1176 ς
2022 1124 2148 1179 Inde

563 1218 855 1274 metientur
869 1216 1001 1272 ﬁnes
1015 1224 1202 1271 contra
1215 1216 1529 1271 orientalem
1542 1217 1751 1287 plagam
1766 1218 1833 1272 de
1846 1216 2145 1282 villaEnan,

564 1308 668 1364 hoc
688 1315 773 1364 est
792 1307 1067 1363 Aserenon
1091 1323 1261 1377 usque
1283 1305 1570 1378 Sephania,
1590 1316 1645 1363 et
1660 1309 1726 1363 de
1749 1307 2019 1379 Sephania
2035 1308 2151 1363 des-

564 1399 795 1455 cendent
823 1398 1038 1453 termini
1078 1399 1281 1454 Rebbla
1318 1407 1503 1455 contra
1541 1398 1765 1455 fontem.
1797 1399 1924 1455 Inde
1958 1414 2149 1469 perve-

562 1487 714 1563 nient
741 1496 926 1544 contra
952 1489 1218 1544 orientem
1247 1489 1299 1544 in
1322 1506 1470 1546 mare
1494 1489 1820 1557 Cheneretb,
1849 1498 1903 1545 et
1924 1491 2148 1546 tendent

561 1592 732 1648 usque
756 1577 1076 1646 Iordanem,
1105 1588 1159 1635 et
1187 1581 1254 1636 ad
1293 1581 1541 1638 ultimum
1572 1582 1891 1638 claudentur
1924 1582 2081 1637 mari.
2121 1601 2140 1634 ι

563 1663 739 1738 Supra
756 1668 997 1723 dixerat:
1019 1687 1036 1720 ‹
1060 1669 1126 1723 Et
1146 1669 1249 1725 erit
1273 1670 1531 1726 terminus
1555 1686 1585 1726 a
1613 1672 1748 1726 mari
1770 1687 1942 1742 usque
1955 1671 2148 1726 Esere-

561 1773 669 1813 non
694 1759 956 1815 terminus
985 1758 1252 1816 Damasci.
1279 1781 1296 1812 ι
1316 1761 1364 1816 Α
1391 1761 1496 1818 ﬁne
1521 1762 1684 1833 igitur
1709 1762 2145 1832 septentrionalis

559 1849 750 1920 plagae,
775 1851 879 1907 hoc
896 1860 981 1908 est
1000 1853 1137 1908 atrio
1157 1853 1309 1908 Enon
1338 1855 1560 1910 tendunt
1584 1854 1717 1911 ﬁnes
1734 1896 1749 1921 ,
1766 1854 1923 1924 juxta
1943 1855 2144 1912 Nume—
2174 1844 2219 1903 Β

561 1955 748 1995 rorum
785 1941 979 1997 librum
1002 1981 1017 2007 ,
1047 1957 1217 2012 usque
1253 1942 1550 2015 Sephania,
1580 1960 1742 2016 quam
1775 1944 1984 2001 Hebraei
2006 1946 2148 2017 Apa-

561 2029 729 2084 miam
754 2031 1057 2098 nominant,
1081 2039 1136 2087 et
1159 2032 1227 2088 de
1247 2033 1473 2104 Apamia
1497 2035 1829 2091 descendunt
1854 2037 2069 2091 termini
2092 2037 2146 2091 in

561 2119 788 2188 Rebbla,
804 2138 925 2194 quae
943 2139 1085 2179 nunc
1098 2121 1269 2195 Syria:
1289 2135 1510 2181 vocatur
1521 2125 1827 2182 Antiochia.
1844 2126 1911 2180 Et
1928 2134 1987 2181 ut
2006 2128 2149 2183 scias

565 2212 829 2269 Rebblam
852 2214 992 2270 hanc
1021 2215 1325 2288 signiﬁcare
1353 2219 1563 2284 urbem,
1590 2234 1711 2289 qua:
1736 2234 1880 2273 nunc
1910 2218 1962 2273 in
1990 2217 2147 2291 Syria

560 2299 710 2357 Coele
736 2301 1069 2358 nobilissima
1095 2312 1211 2370 est,
1250 2307 1526 2375 sequitur,
1557 2326 1575 2358 ι
1622 2316 1810 2362 contra
1850 2307 2050 2363 fontem
2072 2348 2087 2375 ,
2123 2327 2145 2360 ›

560 2406 722 2461 quem
758 2395 1096 2464 perspicuum
1142 2404 1229 2452 est
1266 2389 1559 2467 signiﬁcari
1604 2397 1885 2468 Daphnen,
1937 2400 2004 2453 de
2041 2415 2149 2469 quo

559 2479 714 2558 fonte
740 2484 1045 2554 supradicta
1086 2487 1215 2541 urbs
1237 2486 1392 2556 aquis
1426 2487 1900 2542 abundantissimis
1929 2487 2144 2544 fruitur.

560 2569 665 2628 Hic
700 2581 880 2628 autem
906 2573 1055 2629 locus
1082 2589 1113 2628 a
1135 2574 1281 2631 Gneo
1301 2575 1574 2644 Pompeio,
1600 2575 1691 2645 qui
1725 2577 1875 2647 prius
1909 2575 2147 2632 Judzeam

563 2655 810 2718 Romano
835 2664 1047 2734 subegit
1076 2664 1303 2735 imperio
1339 2665 1558 2721 militari
1587 2682 1746 2721 manu
1777 2667 2018 2723 consitus
2039 2677 2143 2735 est,

564 2762 622 2808 et
649 2752 717 2807 ab
750 2767 816 2808 eo
836 2751 989 2821 juxta
1039 2753 1273 2809 fabulam
1331 2764 1612 2826 poetarum
1652 2756 1907 2827 Daphnes
1950 2773 2147 2814 nomen

562 2844 772 2916 accepit
795 2845 865 2900 ob
894 2846 1076 2902 lauros
1098 2855 1154 2902 et
1183 2848 1511 2919 cyparissos,
1544 2864 1664 2920 quae
1697 2851 1919 2906 arbores
1946 2851 2000 2905 in
2030 2852 2148 2921 ipso

562 2935 684 2992 loco
714 2935 1163 3007 frequentissima:
1199 2947 1346 2994 sunt.
1395 2939 1549 3006 lnde,
1590 2942 1784 3011 inquit,
1825 2944 2143 3013 pervenient

561 3027 781 3083 termini
827 3039 1013 3085 contra
1054 3030 1372 3086 orientalem
1395 3031 1605 3101 plagam
1649 3034 1716 3088 ad
1756 3048 1905 3088 mare
1939 3032 2148 3090 Ghene-

564 3120 681 3174 reth
712 3124 897 3191 usque
928 3120 999 3175 ad
1035 3129 1285 3193 stagnum
1324 3121 1647 3178 Tiberiadis.
1678 3121 1826 3178 Mare
1855 3131 2033 3178 autem
2062 3123 2145 3179 di-

2248 583 2500 646 separato
2525 577 2662 632 mari
2688 576 2868 632 lumen
2891 577 3115 633 orientis
3139 580 3509 649 consequitur,
3542 580 3618 634 ita
3645 590 3711 635 ut
3735 579 3824 637 ﬁu-

2246 666 2336 722 vio
2361 665 2634 732 Iordanis,
2664 667 2756 736 qui
2782 667 3171 738 interpretatur
3193 669 3340 723 rivus
3356 669 3545 740 judicii
3573 681 3630 726 et
3650 673 3824 728 orien-

2247 758 2318 814 tis
2347 759 2577 814 termino
2593 757 2829 814 ﬁniatur.
2849 757 3001 825 Quod
3019 769 3200 816 autem
3220 761 3275 815 in
3297 761 3650 833 Septuaginta
3678 766 3825 834 poni-

2250 858 2338 907 tur
2360 852 2734 923 phteniconos,
2764 854 2818 908 id
2843 861 2929 909 est
2954 852 3191 923 palmeti,
3221 853 3275 909 in
3306 854 3571 909 Hebraico
3595 871 3703 909 non
3732 856 3825 911 ha-

2247 943 2438 1009 betur;
2467 960 2565 1016 pro
2591 962 2698 1016 quo
2747 962 2846 1002 nos
2886 945 3183 1001 metiemini
3223 946 3561 1017 interpretati
3593 963 3820 1001 sumus:

2247 1048 2507 1105 errorque
2555 1035 2889 1101 manifestus,
2939 1036 3082 1105 quod
3129 1050 3227 1105 pro
3277 1035 3595 1100 thamoddu,
3634 1036 3824 1090 littera:

2248 1125 2457 1194 decepti
2484 1125 2833 1181 similitudine
2854 1125 3029 1179 daletlz
3051 1134 3105 1181 et
3127 1143 3208 1179 res
3224 1166 3240 1190 ,
3257 1125 3502 1196 legerunt
3526 1126 3819 1179 tlmmorru.

2325 1232 2343 1265 ι
2381 1213 2540 1285 Plaga
2599 1222 2777 1268 autem
2832 1214 3087 1269 australis
3141 1214 3436 1268 meridiana
3492 1228 3523 1267 a
3580 1211 3820 1267 Thamar

2255 1325 2275 1358 ι
2309 1323 2477 1377 usque
2523 1308 2591 1364 ad
2627 1323 2795 1377 aquas
2832 1306 3293 1363 contradictionis.
3325 1303 3499 1361 Gades
3524 1314 3582 1361 et
3615 1315 3824 1360 torrens

2256 1418 2275 1452 ι
2307 1414 2479 1469 usque
2505 1400 2573 1454 ad
2601 1415 2750 1454 mare
2795 1414 3047 1469 magnum
3084 1398 3201 1452 haec
3243 1403 3328 1452 est
3370 1394 3525 1466 plaga
3555 1396 3622 1449 ad
3662 1396 3821 1449 meri-

2255 1510 2274 1543 ι
2311 1492 2452 1547 diem
2495 1492 2767 1546 australis.
2791 1511 2809 1543 ι
2851 1491 2957 1546 Pro
2987 1506 3095 1562 quo
3118 1490 3172 1545 in
3198 1488 3555 1545 Numerorum
3593 1490 3734 1545 libro
3754 1490 3823 1544 ita

2248 1582 2510 1652 scriptum
2553 1589 2636 1637 est
2674 1581 2863 1653 (Num.
2893 1581 3118 1651 xxxrv):
3154 1579 3417 1648 (Incipiel
3461 1595 3493 1633 a
3536 1579 3823 1634 solitudine

2250 1672 2368 1739 Sin,
2396 1688 2515 1742 quae
2551 1682 2635 1729 est
2663 1672 2819 1744 juxta
2844 1672 3013 1727 Edom
3036 1712 3049 1737 ,
3080 1679 3136 1726 et
3162 1669 3380 1725 habebit
3409 1669 3673 1724 terminos
3698 1683 3822 1722 cono

2250 1773 2332 1820 tra
2361 1765 2624 1821 orientem
2645 1779 2816 1830 mare,
2839 1764 2930 1833 qui
2956 1762 3261 1819 circuibunt
3285 1761 3581 1816 australem
3610 1760 3821 1831 plagam

2248 1872 2346 1928 per
2371 1870 2653 1911 ascensum
2691 1854 3012 1924 scorpionis,
3062 1853 3134 1908 ita
3162 1861 3223 1906 ut
3247 1859 3526 1906 transeant
3565 1849 3823 1906 Sennaet

2247 1946 2564 2017 perveniant
2589 1945 2643 1999 in
2666 1945 2948 1999 meridiem
2980 1958 3151 2012 usque
3184 1942 3251 1997 ad
3278 1941 3637 1997 Gadesbarne.
3672 1941 3825 1997 Unde

2247 2039 2589 2110 egredientur
2634 2036 2867 2093 conﬁnia
2915 2037 2984 2091 ad
3024 2035 3205 2090 villam
3260 2034 3479 2089 nomine
3523 2034 3723 2100 Addar,
3763 2043 3822 2088 et

2249 2129 2472 2184 tendent
2508 2142 2678 2198 usque
2715 2127 2784 2183 ad
2818 2126 3109 2191 Asemona,
3142 2125 3349 2195 ibitque
3374 2141 3472 2194 per
3497 2139 3688 2194 gyrum
3717 2133 3824 2178 ter.

2250 2219 2431 2272 minus
2468 2217 2537 2271 ab
2563 2217 2834 2271 Asemona
2860 2230 3032 2284 usque
3060 2213 3129 2268 ad
3161 2221 3459 2267 torrentem
3487 2211 3733 2283 Egypti,
3771 2220 3826 2267 et

2246 2311 2415 2366 maris
2464 2308 2638 2379 Magni
2686 2307 2864 2362 littore
2908 2307 3147 2361 ﬁnietur.
3179 2323 3198 2355 ι
3250 2303 3405 2370 Quod
3442 2303 3685 2357 breviter
3723 2303 3825 2357 hoc

2248 2400 2535 2472 signiﬁcat,
2575 2414 2643 2453 ne
2668 2411 2767 2467 per
2792 2396 3135 2452 occasionem
3176 2393 3481 2448 Ezechielis
3520 2393 3591 2448 ad
3617 2393 3825 2461 exposi-

2249 2494 2452 2550 tionem
2482 2491 2764 2546 videamur
2790 2488 3147 2543 Numerorum
3180 2486 3443 2541 transisse
3482 2485 3823 2548 latissimam,

2247 2599 2279 2637 a
2310 2582 2597 2638 solitudine
2628 2579 2744 2646 Sin,
2781 2594 2901 2649 qua:
2940 2584 3024 2633 est
3062 2576 3218 2648 juxta
3260 2576 3430 2631 Edom
3453 2583 3510 2631 et
3554 2575 3695 2630 mari
3721 2573 3826 2627 Ru-

2246 2675 2347 2730 bro
2381 2673 2669 2728 terminum
2705 2671 2960 2735 circuire,
3005 2678 3060 2725 et
3084 2685 3183 2740 per
3206 2684 3495 2724 ascensum
3525 2666 3826 2737 scorpionis

2248 2771 2302 2820 et
2320 2779 2418 2835 per
2439 2762 2619 2818 Senna
2649 2771 2705 2818 et
2729 2761 3077 2818 Gadesbarne
3103 2768 3156 2816 et
3184 2760 3382 2816 atrium
3407 2759 3597 2813 Addar
3624 2768 3679 2813 et
3696 2759 3829 2814 Ase-

2248 2868 2408 2909 mona
2458 2854 2740 2923 pervenire
2792 2867 2965 2922 usque
3006 2852 3072 2906 ad
3105 2858 3400 2905 torrentem
3454 2847 3698 2919 Egypti,
3733 2846 3824 2917 qui

2243 2945 2399 3018 juxta
2448 2945 2637 2999 urbem
2673 2943 3066 2997 Rinocoruram
3120 2941 3259 2995 mari
3305 2938 3503 2993 inﬂuit.
3554 2939 3654 2992 Hic
3696 2952 3826 2992 vero

2248 3036 2511 3092 terminus
2534 3034 2706 3105 plaga:
2734 3032 3009 3097 australis,
3040 3032 3145 3086 hoc
3173 3038 3255 3085 est
3292 3029 3606 3084 meridianae
3638 3028 3827 3097 incipit

2250 3143 2280 3182 a
2316 3127 2572 3192 Thamar,
2590 3139 2709 3195 qua:
2743 3124 2873 3178 urbs
2908 3124 2964 3178 in
3005 3121 3293 3177 solitudine
3312 3127 3416 3183 est,
3452 3134 3611 3189 quam
3639 3128 3694 3174 et
3724 3118 3829 3173 Sa-

562 3209 705 3266 citur
727 3190 849 3266 cum
871 3210 1068 3266 habeat
1090 3190 1273 3268 dulces
1294 3227 1464 3282 aquas
1483 3211 1635 3282 juxta
1671 3212 1871 3268 idioma
1905 3212 2145 3284 Scriptu-
2170 3190 2215 3253 (ἶ
2247 3219 2427 3273 lomon
2470 3190 2625 3271 miris
2654 3215 2911 3284 operibus
2939 3210 3228 3277 exstruxit,
3270 3218 3324 3265 et
3368 3209 3521 3264 hodie
3566 3207 3823 3278 Palmyra

564 3292 749 3355 rarum
770 3316 877 3370 quo
903 3303 1352 3373 congregationes
1383 3318 1649 3372 aquarum
1675 3303 2015 3373 appellantur
2035 3304 2145 3359 Ma-

562 3388 666 3447 ria.
706 3394 811 3448 «Et
835 3396 1074 3461 tendent,
1106 3396 1298 3466 inquit,
1331 3396 1547 3450 termini
1579 3409 1750 3466 usque
1774 3394 2066 3452 Iordanem
2087 3406 2145 3453 et

565 3483 634 3562 ad
681 3483 926 3538 ultimum
974 3485 1293 3540 claudentur
1336 3485 1508 3540 mari:
1540 3506 1559 3537 ι
1593 3485 1677 3540 vel
1725 3486 1863 3540 mari
1912 3486 2143 3554 Mortuo,

562 3574 649 3629 vel
688 3584 751 3630 ut
776 3575 865 3630 alii
891 3583 1080 3647 putant
1107 3575 1289 3649 lingua
1330 3576 1497 3631 maris
1525 3575 1717 3642 Rubri,
1761 3576 1816 3631 in
1861 3575 2016 3645 cujus
2056 3578 2145 3633 lit-

564 3673 683 3722 tore
726 3666 885 3722 Aliila
914 3667 1091 3739 posita
1137 3676 1237 3732 est,
1288 3667 1380 3722 ubi
1424 3682 1568 3722 nunc
1614 3674 1855 3721 moratur
1908 3666 2046 3736 legio
2090 3674 2146 3722 et

562 3756 876 3826 praesidium
904 3755 1290 3811 Romanorum.
1319 3756 1433 3811 Hoc
1465 3756 1618 3824 juxta
1649 3754 1848 3811 librum
1883 3755 2146 3810 Numero-

564 3862 687 3903 rum
716 3847 917 3904 dictum
953 3848 1024 3903 sit
1052 3866 1065 3901 :
1092 3849 1246 3919 juxta
1290 3847 1543 3903 Ezechiel
1578 3862 1713 3903 vero
1739 3849 1807 3902 de
1832 3847 2010 3902 medio
2035 3847 2145 3901 Au-

562 3953 664 3997 ran
689 3941 834 4011 quod
859 3949 942 3996 est
963 3940 1216 4012 oppidum
1247 3940 1497 3995 Damasci
1539 3940 1593 3995 in
1634 3939 1947 4004 solitudine,
1983 3947 2040 3995 et
2078 3940 2144 3994 de

559 4031 743 4087 medio
790 4029 1012 4095 Galaad,
1056 4030 1148 4101 qui
1196 4045 1351 4086 mons
1390 4028 1582 4085 Libani
1614 4029 1838 4085 collibus
1864 4029 2145 4099 copulatus

561 4122 758 4178 cecidit
803 4120 858 4176 in
906 4128 1109 4177 sortem
1158 4121 1347 4177 Ruben
1392 4129 1448 4176 et
1479 4119 1595 4175 Gad
1623 4128 1678 4176 et
1703 4120 1938 4175 dimidiae
1973 4120 2143 4175 tribus

561 4206 831 4277 Manassc,
853 4219 907 4266 et
925 4219 1007 4265 est
1031 4226 1062 4264 a
1091 4218 1240 4282 tergo
1263 4211 1537 4267 Phoenicis
1558 4219 1615 4265 et
1639 4210 1876 4277 Arabiae,
1900 4212 1967 4266 ad
1980 4226 2143 4281 quem

560 4313 802 4360 montem
841 4320 1014 4377 usque
1053 4306 1297 4374 pervenit
1330 4304 1396 4359 de
1433 4304 1614 4359 Garris
1648 4303 1923 4374 profectus
1953 4302 2141 4369 Iacob,

562 4405 619 4451 et
659 4397 1080 4465 comprehensus
1107 4406 1190 4451 est
1215 4412 1245 4451 a
1270 4397 1453 4451 Laban
1475 4435 1491 4462 ,
1534 4398 1600 4451 de
1636 4411 1745 4465 quo
1785 4405 1842 4452 et
1882 4395 2145 4451 Jeremias

560 4484 842 4555 loquitur:
874 4503 892 4535 ι
926 4485 1127 4540 Galaad
1156 4526 1171 4551 ,
1228 4496 1286 4540 tu
1333 4486 1466 4539 mihi
1509 4485 1723 4539 initium
1765 4485 1957 4540 Libani
2004 4485 2138 4557 (Jer.

558 4573 770 4647 xxvii),
799 4594 818 4628 ι
842 4590 1003 4645 quam
1032 4576 1196 4645 coepit
1223 4575 1290 4630 de
1320 4575 1759 4630 Amorrhmorum
1789 4576 2009 4644 regione
2029 4574 2137 4630 Ga-

558 4668 684 4726 laad
709 4669 849 4725 ﬁlius
871 4669 1080 4724 Maehir
1099 4670 1192 4723 ﬁlii
1220 4668 1467 4725 Manasse
1493 4686 1507 4723 :
1530 4667 1655 4723 ﬁnis
1678 4665 1943 4739 hujusque
1966 4667 2138 4739 plagae

556 4763 810 4820 Jordanis
852 4761 1045 4818 ﬂuvius
1091 4762 1504 4826 disterminans,
1549 4767 1606 4815 et
1643 4773 1792 4813 mare
1840 4757 2133 4822 orientale,

559 4855 702 4926 quod
728 4855 783 4908 in
805 4853 908 4909 hoc
938 4854 1058 4909 loco
1085 4868 1237 4907 mare
1263 4851 1528 4907 Mortuum
1559 4864 1665 4904 non
1693 4848 1933 4920 linguam
1966 4848 2136 4903 maris

557 4943 729 5001 Rubri
777 4942 1096 5014 intelligunt.
1139 4941 1391 4997 Dicamus
1422 4939 1577 5011 juxta
1613 4939 1967 5011 tropologiam
2011 4946 2134 5009 post

558 5035 823 5090 terminos
849 5032 1116 5104 aquilonis
1138 5032 1296 5103 longo
1326 5032 1552 5086 circuitu
1578 5046 1676 5101 per
1702 5030 1928 5085 Etbalon
1956 5040 2011 5085 et
2040 5029 2137 5085 Se-

560 5125 717 5192 dada,
752 5132 807 5180 et
844 5124 1103 5189 Berotha,
1154 5122 1403 5179 Sabarim
1459 5136 1673 5192 quoque
1717 5128 1771 5175 et
1817 5120 2045 5187 Thicon,
2082 5127 2138 5175 et

560 5212 765 5281 Auran,
810 5222 866 5270 et
909 5215 1269 5278 Damascum,
1313 5221 1368 5268 et
1408 5213 1605 5267 atrium
1652 5210 1804 5267 Enon
1841 5211 1908 5266 ad
1942 5210 2136 5265 Emath

561 5318 733 5374 usque
749 5307 993 5376 pervenit
1017 5305 1307 5363 Orientalis
1328 5305 1484 5377 plaga
1519 5318 1533 5356 :
1558 5303 1624 5358 de
1644 5304 1822 5360 medio
1846 5303 2137 5358 iracundiae

542 5390 775 5458 ’Auran,
817 5402 872 5449 et
895 5396 960 5450 de
982 5395 1159 5450 medio
1184 5394 1430 5449 Damasci
1460 5393 1721 5462 sanguine
1745 5391 1995 5447 videlicet
2018 5404 2134 5461 pte-

559 5483 823 5550 nitentite,
874 5495 928 5541 et
971 5487 1037 5542 de
1079 5487 1255 5542 medio
1284 5485 1510 5554 Galaad,
1553 5485 1697 5556 quod
1745 5484 2134 5591 inteTretatur

559 5576 820 5635 revelatio
853 5577 938 5631 vel
989 5577 1227 5632 tumulus
1272 5576 1599 5642 testimonii;
1638 5583 1699 5630 ut
1734 5576 2037 5646 post‘iram
2081 5582 2136 5628 et

563 5669 940 5744 paenitentiam
997 5685 1145 5741 spem
1202 5668 1393 5724 salutis
1439 5670 1703 5733 ostendat,
1744 5675 1799 5722 et
1842 5666 1909 5721 de
1956 5664 2136 5721 medio

566 5765 732 5817 terra:
764 5758 947 5826 Israel,
978 5776 1097 5830 qua‘
1122 5760 1381 5816 visionem
1412 5759 1651 5817 continet
1685 5757 1835 5831 pacis
1867 5770 2040 5829 usque
2067 5756 2135 5813 ad

2247 3316 2617 3378 nuncupatur.
2669 3303 3004 3373 Hebrzeoque
3048 3317 3301 3358 sermone
3340 3300 3565 3355 Thamar
3590 3298 3822 3363 dicitur,

2245 3414 2364 3469 qua:
2393 3398 2446 3452 in
2477 3396 2659 3465 lingua
2679 3402 2865 3449 nostra
2889 3393 3124 3463 palmam
3149 3399 3327 3456 sonat,
3368 3404 3535 3458 usque
3558 3390 3627 3443 ad
3651 3403 3830 3456 aquas

2245 3487 2690 3546 contradictionis
2737 3484 2934 3550 Gades,
2983 3498 3147 3554 quam
3190 3482 3247 3536 in
3296 3481 3511 3536 deserto
3556 3493 3681 3534 esse
3721 3493 3829 3532 non

2249 3581 2469 3637 dubium
2498 3587 2603 3646 est,
2647 3586 2705 3634 et
2733 3584 2947 3632 torrens
2990 3573 3298 3645 ingrediens
3348 3588 3503 3627 mare
3548 3570 3823 3642 Magnum,

2246 3670 2349 3725 hoc
2369 3668 2514 3739 quod
2538 3666 2758 3738 Egypti
2785 3664 3189 3732 Palaestinaeque
3224 3660 3514 3731 praetendit
3556 3659 3827 3713 littoribus

2243 3768 2297 3812 et
2323 3758 2438 3812 btec
2464 3764 2548 3811 est
2576 3755 2732 3825 plaga
2756 3751 3008 3808 australis
3036 3752 3103 3806 ad
3129 3749 3433 3805 meridiem.
3455 3748 3590 3803 Post
3612 3746 3825 3817 plagam

2244 3863 2374 3920 ergo
2403 3846 2673 3917 aquilonis
2714 3853 2772 3900 et
2810 3843 3057 3909 orientis,
3094 3840 3312 3912 quando
3347 3848 3501 3894 ortus
3532 3840 3691 3894 nobis
3714 3838 3827 3893 lue-

2243 3940 2318 3994 rit
2360 3938 2440 3995 sol
2482 3935 2751 4008 justitiaa,
2810 3933 3106 4003 accipimus
3160 3930 3520 3986 meridianam
3570 3929 3825 4000 plagam,

2244 4031 2459 4102 quando
2489 4037 2663 4084 totum
2709 4026 2870 4082 nobis
2916 4026 3148 4094 desuper
3184 4022 3365 4077 lumen
3409 4020 3736 4081 infunditur,
3771 4026 3830 4073 et

2243 4136 2365 4176 cum
2390 4118 2664 4174 Abraham
2691 4116 2890 4170 inimus
2909 4114 3240 4177 convivium,
3263 4120 3318 4166 et
3343 4110 3684 4165 inebriamur
3699 4110 3829 4164 vino

2242 4209 2386 4280 quod
2436 4207 2672 4262 laetiﬁcat
2713 4220 2808 4260 cor
2846 4204 3081 4259 hominis
3142 4200 3314 4274 (Psal.
3355 4202 3510 4267 cur),
3561 4217 3687 4256 cum
3730 4198 3822 4254 Jo-

2243 4297 2372 4368 Seph
2397 4309 2452 4352 et
2476 4294 2736 4349 fratribus
2760 4291 2894 4362 ejus.
2940 4292 3131 4361 Incipit
3177 4299 3357 4344 autem
3398 4290 3502 4345 ista
3550 4289 3824 4360 possessio

2243 4398 2298 4447 et
2318 4389 2373 4444 bi
2397 4386 2612 4443 termini
2634 4401 2664 4439 a
2679 4384 2934 4448 Thamar,
2962 4396 2993 4437 a
3018 4383 3194 4453 palma
3215 4382 3466 4439 videlicet
3485 4381 3826 4449 victoriaque

2243 4480 2517 4541 vitiorum,
2540 4492 2713 4547 usque
2750 4477 2819 4531 ad
2856 4490 3024 4546 aquas
3068 4474 3511 4531 contradictionis
3547 4491 3563 4527 :
3607 4485 3825 4540 semper

2244 4570 2389 4624 enim
2427 4567 2720 4623 virtutibus
2757 4565 3161 4622 contradicitur.
3195 4564 3349 4621 Unde
3374 4571 3428 4619 et
3449 4558 3823 4633 pmdicationi

2242 4659 2566 4730 evangelicae
2588 4655 2760 4713 Judaei
2782 4664 2972 4711 contra
3001 4654 3229 4709 Paulum
3252 4654 3605 4715 disserentes,
3626 4650 3685 4704 in
3711 4656 3825 4705 toto

2240 4752 2373 4807 orbe
2413 4756 2665 4805 asserunt
2703 4744 3021 4803 contradici.
3062 4744 3133 4798 Et
3172 4743 3227 4798 in
3267 4739 3562 4813 Evangelio
3591 4738 3827 4808 legimus

2242 4841 2494 4897 Simeone
2528 4840 2778 4895 dicente:
2813 4854 2832 4889 ‹
2853 4834 2953 4892 Hic
2994 4834 3097 4890 erit
3139 4833 3195 4888 in
3239 4832 3450 4887 ruinam
3482 4837 3540 4884 et
3580 4840 3829 4882 resurre-

2239 4932 2474 4989 ctionem
2517 4928 2834 4994 multorum,
2875 4927 3015 4981 etin
3040 4926 3253 4994 signum
3295 4921 3385 4977 cui
3418 4918 3828 4976 eoutradicetur

2242 5024 2395 5094 (Luc.
2422 5023 2508 5093 ιι).
2533 5040 2552 5074 ›
2583 5020 2771 5078 Omnis
2802 5027 2982 5075 autem
3005 5016 3360 5073 contradictio
3380 5022 3467 5071 est
3489 5010 3824 5073 sanctitatis,

2241 5113 2385 5183 quod
2415 5112 2802 5181 interpretatur
2821 5107 3016 5172 Gades,
3041 5106 3255 5162 dicente
3279 5102 3567 5159 Psalmista
3592 5118 3607 5153 :
3639 5118 3660 5151 ι
3687 5098 3826 5153 Gon-

2241 5203 2411 5259 cutiet
2460 5199 2723 5255 Dominus
2769 5197 3046 5253 desertum
3098 5193 3275 5250 Gades
3331 5190 3507 5265 (Psal.
3558 5187 3818 5260 XXVIII)J

2243 5295 2399 5364 Quod
2433 5292 2684 5349 videlicet
2718 5291 2951 5361 primum
2980 5303 3088 5343 non
3118 5288 3350 5343 habebat
3381 5283 3596 5339 Domini
3622 5279 3825 5338 sancti.

2244 5397 2429 5455 tatem,
2462 5388 2559 5444 sed
2577 5401 2899 5443 concussum
2944 5391 3029 5442 est
3066 5392 3229 5453 atque
3263 5389 3620 5443 commotum,
3649 5385 3711 5431 ut
3736 5388 3828 5430 re-

2240 5483 2447 5552 ciperet
2492 5480 2764 5550 hospitem
2808 5478 3003 5543 Deum,
3049 5476 3141 5546 qui
3185 5475 3360 5531 dicit:
3394 5492 3414 5524 (
3442 5472 3621 5542 Super
3658 5481 3825 5539 quem

2243 5572 2539 5643 requiescit
2589 5570 2814 5642 spiritus
2862 5583 3050 5635 meus,
3100 5566 3204 5622 nisi
3251 5579 3414 5636 super
3462 5561 3724 5620 humilem
3762 5562 3826 5613 et

2242 5666 2506 5736 quietum,
2561 5671 2617 5720 et
2664 5671 2982 5717 trementem
3030 5660 3197 5715 verba
3246 5673 3367 5713 mea
3411 5655 3546 5728 (ha.
3580 5649 3816 5719 un)?»

2246 5755 2376 5813 Post
2412 5755 2689 5812 desertum
2729 5751 2904 5809 Gades
2945 5764 3118 5822 usque
3165 5748 3233 5805 ad
3282 5761 3429 5805 mare
3470 5742 3721 5815 Magnum
3758 5736 3818 5790 in
