4112 6364
342 428 485 488 {069

1259 421 1611 479 COMMENT.
1652 420 1720 475 IN
1754 420 2202 476 ΕΖΕΟΠΙΕΙᾸΞΜ.
2243 452 2313 462 -—
2349 422 2476 477 LIB.
2526 422 2644 477 XX.

3444 432 3583 491 1070

342 541 570 601 meridie
612 537 783 611 plaga:
824 533 1079 593 australis
1130 542 1342 590 torrens
1378 540 1481 597 est,
1521 531 1587 587 de
1614 545 1721 600 quo
1750 543 1911 599 supra
1937 533 1989 592 Α
2014 529 2179 583 salem
2201 530 2497 596 emicstem,
2529 531 2634 586 hoc
2650 538 2734 586 est
2752 531 2805 585 in
2825 528 3032 590 visione
3053 538 3204 604 pacis
3224 541 3586 610 sempiternae.

338 634 599 697 diximus,
631 631 722 701 qui
752 644 859 685 non
888 629 953 685 de
978 636 1144 692 terra,
1186 624 1282 681 sed
1326 625 1393 680 de
1430 622 1569 678 ccelo
1593 622 1803 693 pluvias
1823 623 1916 676 ha-

337 720 436 781 bet
455 722 793 778 diversarum
823 718 1083 772 virtutum
1112 714 1374 769 varietate
1405 710 1679 768 collectas.

417 830 439 864 ι
469 811 538 866 Ει
564 810 719 882 plaga
750 808 917 864 maris
944 820 1099 861 mare
1119 804 1368 877 Magnum
1394 819 1425 857 a
1452 802 1688 858 conﬁnio
1712 816 1811 873 per
1836 799 1920 855 di-

346 919 368 955 c
398 911 608 957 rectum
646 901 816 955 donec
853 898 1040 952 venias
1083 895 1297 950 Emath.
1338 892 1465 948 Haec
1504 899 1589 947 est
1616 891 1772 963 plaga
1803 905 1918 945 ma-

344 1012 367 1047 (
394 993 492 1049 ris.
516 1011 535 1043 ι
569 993 645 1047 De
673 1004 779 1061 qua
825 986 1166 1043 manifestius
1185 995 1240 1041 et
1263 985 1480 1040 brevius
1502 983 1691 1039 scribit
1717 981 1917 1038 Nume-

339 1097 524 1139 rorum
552 1080 690 1136 liber
714 1078 901 1152 (Num.
935 1077 1121 1147 xxxrv)
1149 1094 1162 1129 :
1195 1075 1396 1146 «Plaga
1438 1082 1619 1129 autem
1664 1072 1915 1128 occiden-

339 1170 468 1226 talis
488 1184 520 1225 a
543 1168 682 1225 mari
704 1166 891 1238 Magno
914 1164 1151 1233 incipiet,
1171 1172 1225 1218 et
1252 1164 1366 1234 ipso
1389 1162 1494 1217 ﬁne
1506 1160 1910 1226 concludetur»

337 1259 444 1318 hoc
468 1266 551 1315 est
588 1259 654 1313 de
683 1257 818 1312 mari
844 1271 1014 1325 usque
1042 1256 1108 1309 ad
1140 1267 1305 1315 mare,
1338 1268 1369 1307 a
1397 1259 1639 1307 torrente
1666 1251 1920 1306 videlicet

338 1347 696 1412 Binocornre,
722 1346 811 1416 qui
837 1346 890 1399 in
921 1359 1069 1399 mare
1093 1342 1267 1398 inﬁuit
1287 1357 1457 1412 usque
1480 1342 1547 1395 ad
1566 1355 1691 1396 eum
1718 1340 1913 1406 locum,

336 1444 429 1514 qui
460 1451 543 1498 εει
573 1452 760 1497 contra
808 1439 1000 1494 Emath
1047 1438 1234 1493 urbem
1282 1435 1475 1507 Syriae,
1506 1435 1573 1489 de
1611 1449 1716 1504 qua
1753 1448 1916 1504 supra

336 1533 593 1588 diximus.
651 1530 917 1589 Occidens
976 1537 1157 1583 autem
1199 1528 1356 1598 juxta
1410 1526 1555 1596 leges
1608 1523 1917 1595 tr0pologiae

334 1639 553 1696 semper
592 1625 648 1680 in
683 1623 819 1679 mari
860 1632 966 1688 est,
1006 1635 1217 1691 semper
1244 1620 1299 1675 in
1328 1619 1442 1674 salo
1472 1628 1527 1673 et
1550 1617 1800 1673 fluctibus
1825 1615 1918 1671 ubi

337 1717 578 1787 quotidie
604 1713 883 1785 naufragia
909 1714 1262 1778 suscitantur,
1291 1718 1348 1766 et
1371 1709 1697 1765 miserorum
1730 1722 1913 1775 neces,

334 1816 394 1863 et
419 1806 727 1861 divitiarum
758 1812 815 1860 et
857 1804 1118 1859 mercium
1170 1802 1408 1858 amissio.
1458 1800 1525 1855 Et
1574 1807 1752 1854 tamen
1790 1813 1912 1853 cum

2018 621 2128 677 Sed
2164 624 2286 692 quis
2319 632 2566 678 nostrum
2599 621 2721 677 talis
2747 632 2854 687 est,
2884 632 2944 677 ut
2968 626 3036 679 ab
3063 625 3372 694 hujusmodi
3406 630 3564 687 distri

2017 713 2238 769 butione
2258 713 2326 767 ad
2352 713 2499 767 illam
2536 713 2777 769 caelestis
2817 714 3147 769 haereditatis
3180 727 3381 772 sortem
3407 722 3591 776 venire

2018 801 2322 856 mereatur?
2351 800 2482 868 Quis
2506 801 2577 856 ita
2608 800 2798 857 beatus
2830 802 2954 867 erit,
2999 805 3153 875 cujus
3185 820 3304 862 sors
3336 806 3594 864 Hierusa-

2019 887 2124 944 lem
2142 888 2344 955 veniet,
2373 897 2435 943 ut
2465 889 2537 944 sit
2575 889 2672 955 ibi,
2716 890 2808 945 ubi
2844 892 3101 961 templum
3129 894 3224 949 Dei
3258 904 3359 960 εει,
3393 897 3503 953 imo
3532 909 3593 954 ut

2018 976 2137 1048 ipse
2179 978 2251 1032 sit
2292 977 2387 1033 Dei
2422 978 2717 1048 templum?
2758 977 2890 1045 Quis
2931 979 3006 1033 ita
3043 980 3235 1037 beatus
3270 992 3374 1051 est,
3418 995 3479 1040 ut
3520 987 3591 1042 ibi

2021 1067 2137 1123 dies
2165 1066 2333 1123 festos
2357 1077 2481 1139 agat
2505 1068 2597 1123 ubi
2620 1068 2790 1124 altare
2815 1069 3054 1125 divinum
3077 1074 3352 1142 perpetuis
3381 1075 3594 1146 ignibus

2016 1157 2298 1214 adoletur?
2331 1157 2460 1226 Quis
2491 1159 2564 1213 ita
2601 1158 2791 1214 beatus
2816 1168 2921 1225 est,
2949 1159 3042 1230 qui
3070 1162 3395 1219 sacriﬁcium
3436 1180 3595 1222 suum

2017 1263 2075 1307 et
2100 1252 2379 1308 incensum
2404 1252 2687 1307 suavitatis
2723 1266 2883 1322 supra
2922 1252 3071 1307 illum
3110 1253 3284 1325 ignem
3310 1260 3492 1327 ponat,
3528 1258 3597 1314 de

2017 1359 2126 1414 quo
2167 1343 2383 1399 dicebat
2425 1343 2713 1399 Salvator:
2747 1363 2764 1395 ι
2788 1344 2968 1416 ignem
3022 1347 3143 1402 veni
3185 1349 3399 1406 mittere
3437 1350 3592 1422 (Luc.

2017 1435 2190 1504 xu)?o
2250 1434 2384 1501 Quis
2433 1436 2508 1491 ita
2553 1437 2744 1491 beatus
2795 1445 2902 1502 est,
2949 1438 3043 1506 qui
3093 1438 3164 1493 ibi
3210 1455 3424 1512 semper
3471 1455 3598 1515 agat

2016 1521 2224 1578 Pascha
2260 1523 2313 1579 in
2339 1523 2461 1580 loco
2484 1540 2643 1597 quem
2686 1525 2908 1597 elegerit
2949 1527 3208 1585 Dominus
3257 1530 3399 1587 Deus
3441 1548 3592 1601 suus,

2016 1615 2091 1671 ibi
2141 1614 2486 1672 Pentecostes
2514 1616 2656 1675 diem
2681 1628 2851 1689 gerat,
2883 1628 2938 1674 et
2962 1617 3309 1677 festivitatem
3352 1626 3596 1695 repropi-

2017 1707 2259 1763 tiationis
2280 1716 2336 1762 et
2364 1707 2834 1765 tabernaculorum
2860 1709 3278 1778 solemnitatem,
3331 1730 3438 1769 non
3476 1716 3591 1787 jam

2014 1814 2113 1869 per
2136 1797 2406 1865 umbram,
2453 1799 2548 1854 sed
2573 1813 2671 1868 per
2702 1799 2872 1869 ipsam
2913 1801 3148 1871 speciem
3192 1818 3481 1875 rerumque
3503 1821 3594 1861 ve-

336 1896 455 1951 haec
492 1896 673 1950 omnia
709 1895 968 1965 patientia
992 1894 1339 1965 fregerimus,
1371 1892 1618 1948 venimus
1646 1905 1744 1961 per
1767 1889 1913 1946 dire-
1945 1884 1990 1945 Β
2019 1888 2266 1944 ritatem?
2328 1886 2461 1955 Quis
2517 1896 2764 1944 nostrum
2823 1889 3015 1960 dignus
3065 1890 3355 1948 habebitur
3420 1893 3592 1950 beata:

333 1994 485 2043 ctum
512 1987 581 2043 ad
606 1987 820 2052 Emath,
855 1986 957 2043 hoc
1001 1998 1085 2042 est
1129 1986 1195 2039 ad
1237 1984 1449 2040 Domini
1478 1985 1783 2049 veritatem,
1822 1982 1917 2053 qui

334 2076 497 2132 victis
517 2078 985 2148 persecutionihus
1024 2086 1225 2133 aeterna
1270 2075 1427 2131 nobis
1470 2075 1690 2145 praemia
1732 2090 1918 2145 repro-

333 2167 505 2224 misit.
555 2168 847 2241 (Mwnus.)
895 2169 963 2224 Et
1001 2176 1061 2223 ut
1092 2169 1333 2223 breviter
1375 2167 1682 2237 supradicta
1724 2165 1916 2222 morali

332 2271 501 2315 sensu
540 2259 700 2313 simul
744 2259 925 2315 omnia
973 2258 1421 2328 recapitulcmus,
1475 2256 1721 2326 quisquis
1769 2255 1918 2325 cupit

334 2354 499 2402 terra:
542 2357 745 2403 sanctae
791 2348 1159 2404 hmreditatem
1190 2350 1488 2418 possidere,
1520 2360 1573 2403 et
1604 2350 1796 2404 futurae
1821 2366 1916 2420 pa-

335 2436 456 2491 tria:
488 2447 690 2493 sortem
728 2453 852 2494 cum
891 2438 1078 2493 electis
1102 2448 1156 2492 et
1185 2441 1387 2493 sanctis
1413 2439 1504 2493 Dei
1526 2439 1792 2509 accipere,
1821 2454 1916 2494 ne-

331 2541 488 2582 cesse
520 2536 629 2594 est,
660 2537 720 2583 ut
747 2529 969 2599 incipiat
996 2544 1026 2583 a
1055 2528 1209 2599 plaga
1242 2529 1628 2600 septentrionis
1656 2538 1710 2583 ει
1736 2529 1919 2585 tendat

334 2617 406 2671 ad
432 2617 715 2682 orientem,
745 2617 799 2672 id
822 2626 910 2673 cst
931 2627 991 2674 ut
1012 2619 1225 2673 deserto
1250 2618 1581 2674 inﬁdelitatis
1604 2617 1819 2690 frigore,
1847 2622 1916 2674 ad

334 2714 503 2763 recta:
534 2706 653 2762 ﬁdei
685 2716 866 2762 ortum
896 2708 1097 2773 tendat,
1132 2716 1187 2764 et
1215 2708 1449 2779 primum
1475 2718 1536 2763 ut
1560 2709 1794 2765 diximus
1820 2726 1919 2781 per

337 2797 565 2867 Thalon,
610 2800 664 2856 id
706 2810 789 2857 est
821 2815 919 2870 per
952 2801 1324 2871 pmnitentiam
1362 2811 1707 2872 peccatorum
1738 2803 1920 2856 veniat

335 2887 408 2944 ad
437 2889 673 2957 Sadada,
695 2891 800 2946 hoc
827 2900 912 2946 est
937 2890 1167 2946 declinet
1189 2907 1222 2945 ιι
1244 2891 1411 2957 vitiis,
1442 2900 1499 2947 et
1524 2900 1705 2947 cesset
1730 2908 1761 2947 a
1787 2907 1916 2962 pec-

335 2980 499 3046 catis,
547 2980 971 3053 indignationem
1020 2981 1234 3036 Domini
1275 2991 1543 3038 metuens.
1587 2980 1749 3037 Juxta
1787 2983 1918 3039 illud

336 3066 658 3137 Psalmistaa,
692 3086 799 3142 quo
833 3071 946 3125 ait:
980 3089 999 3122 ι
1022 3070 1239 3127 Declina
1267 3087 1298 3126 a
1327 3071 1471 3127 malo
1497 3082 1552 3128 et
1580 3071 1667 3128 fac
1689 3074 1913 3141 bonum,

336 3165 396 3214 et
437 3159 681 3216 inhabita
726 3160 779 3215 in
824 3160 1076 3217 saeculum
1118 3162 1617 3234 smculi:quoniam
1659 3165 1918 3220 Dominus

340 3260 492 3308 amat
524 3249 810 3320 judicium,
848 3260 902 3306 et
933 3267 1037 3308 non
1064 3228 1401 3322 derelinquet
1427 3262 1648 3326 sapctos
1676 3269 1827 3322 suos,
1862 3256 1917 3310 in
1946 3228 1990 3291 Ο

338 3350 604 3399 aeternum
644 3343 1129 3397 conservabuntur.
1165 3341 1354 3411 lnjusti
1387 3351 1571 3399 autem
1603 3344 1917 3414 punientur,

339 3440 401 3489 et
445 3447 627 3487 semen
673 3432 961 3502 impiorum
1015 3431 1242 3502 peribit,
1276 3451 1294 3484 ι
1359 3443 1415 3489 ει
1467 3432 1674 3503 reliqua
1731 3432 1915 3505 (Paul.

347 3520 580 3595 xxxv").
607 3520 805 3592 Sicque
831 3523 900 3578 ad
928 3530 1117 3593 puteos
1144 3522 1374 3577 viventis
1400 3538 1574 3595 aquae,
1608 3524 1713 3579 hoc
1744 3534 1830 3580 est
1852 3526 1921 3582 ad

338 3624 746 3668 sacramentum
802 3612 1183 3683 baptismatis,
1241 3612 1328 3667 vel
1395 3614 1695 3669 doctrinam
1751 3630 1922 3671 sacrae

340 3704 582 3761 scientiae
610 3705 835 3760 tendens
862 3705 931 3760 ad
957 3712 1169 3761 montes
1190 3704 1482 3775 spiritales,
1511 3707 1613 3761 hoc
1635 3714 1717 3762 est
1736 3707 1922 3763 docto-

341 3806 432 3848 res
456 3804 676 3848 sanctos
726 3794 808 3849 ire
850 3793 1088 3860 festinet,
1134 3802 1195 3847 ut
1236 3792 1307 3848 ab
1345 3793 1426 3848 eis
1468 3795 1701 3865 accipiat
1741 3795 1920 3851 lumen

339 3896 485 3938 vera:
514 3883 753 3938 scientia:
785 3884 1053 3938 et'diseat
1095 3883 1363 3951 castigare
1407 3896 1604 3952 corpus
1649 3899 1832 3949 suum,
1867 3893 1921 3940 et

341 3979 559 4028 terrena
598 3972 840 4027 membra
886 3972 1216 4026 mortiﬁcare
1256 3988 1270 4026 :
1312 3984 1578 4043 quatenus
1624 3974 1690 4028 ad
1721 3976 1918 4029 atrium

341 4060 510 4117 fontis
535 4060 720 4116 aeterni
758 4070 815 4114 et
842 4060 1017 4130 ipsum
1052 4061 1340 4115 terminum
1371 4061 1613 4116 veritatis
1637 4065 1923 4132 pervenire

238 4140 249 4147 ’
341 4151 532 4222 possit.
567 4150 703 4205 Cum
740 4158 920 4204 autem
956 4151 1006 4205 ei
1048 4152 1117 4205 ab
1161 4152 1412 4207 orientali
1450 4152 1605 4223 plaga
1632 4154 1743 4223 ipsa
1775 4156 1920 4209 veri-

341 4246 457 4294 tate
501 4239 762 4295 illucessit
800 4251 855 4295 et
887 4257 950 4297 ex
982 4244 1307 4300 testimoniis
1334 4256 1642 4301 sanctarum
1675 4247 1920 4318 Scriptu-

342 4344 531 4385 rarum
578 4331 834 4402 mysteria
882 4333 997 4402 ipsa
1043 4333 1370 4401 revelantur,
1423 4346 1551 4391 tunc
1584 4338 1635 4391 in
1664 4336 1918 4405 Jordane,

341 4422 447 4478 hoc
475 4432 559 4479 est
593 4423 647 4477 in
676 4424 791 4480 rivo
817 4424 1009 4495 judieii
1057 4427 1479 4497 profunditatem
1519 4429 1796 4500 sapientia:
1840 4430 1923 4485 in-

340 4512 569 4585 telligit,
619 4524 676 4569 et
726 4530 854 4571 vere
895 4517 1261 4573 mundatiouis
1289 4517 1563 4574 lavacrum
1616 4521 1917 4592 cognoscit.

342 4601 634 4674 Postquam
679 4612 860 4660 autem
897 4607 962 4661 ad
1003 4609 1307 4676 meridiem,
1347 4612 1453 4665 hoc
1493 4618 1577 4666 est
1620 4614 1687 4667 ad
1728 4628 1920 4683 puram

341 4693 520 4751 lucem
549 4695 787 4750 scientia:
811 4706 868 4751 et
892 4698 1139 4753 ardorem
1161 4701 1443 4757 charitatis
1464 4706 1794 4772 pervenerit,
1828 4720 1923 4761 ne-

343 4801 499 4843 cesse
546 4794 632 4842 est
675 4796 736 4842 ut
779 4787 921 4843 bella
961 4790 1406 4846 contradictionis
1444 4800 1498 4847 et
1530 4794 1921 4863 persecutionis

342 4886 535 4933 azstum
574 4878 859 4935 sustineat.
907 4878 1042 4947 Quia
1084 4880 1239 4951 juxta
1281 4880 1636 4952 Apostolum’:
1680 4883 1922 4942 «Omnes

344 4968 438 5038 qui
484 4968 572 5038 pie
624 4968 813 5024 volunt
861 4969 1043 5025 vivere
1094 4969 1145 5025 in
1199 4970 1436 5037 Christo,
1485 4973 1921 5042 persecutionem

343 5058 625 5127 patiuntur
672 5057 759 5131 (II
785 5057 919 5113 Tim.
959 5060 1105 5131 ιιι).ι
1161 5060 1386 5129 Quando
1431 5070 1608 5117 autem
1656 5065 1725 5120 ad
1766 5065 1922 5122 Occi-

347 5146 564 5202 dentem
596 5164 972 5219 properamus,
1014 5159 1069 5205 et
1100 5150 1223 5206 ﬁnis
1246 5152 1367 5205 vita:
1397 5161 1595 5208 nostra:
1632 5158 1924 5228 appropin-

346 5239 598 5307 quaverit
636 5254 858 5296 necesse
895 5251 978 5297 est
1018 5253 1077 5299 ut
1102 5244 1155 5297 in
1195 5243 1363 5299 maris
1410 5243 1680 5310 fluctibus,
1715 5248 1817 5301 hoc
1839 5258 1924 5303 est

347 5329 631 5396 praesentis
676 5332 856 5387 saeculi
907 5333 1211 5389 turbinibus
1252 5336 1609 5406 exagitemur,
1647 5346 1701 5392 et
1724 5338 1801 5394 sic
1826 5355 1923 5409 per

347 5417 663 5485 patientiam
691 5420 759 5475 ad
790 5420 999 5477 Domini
1028 5423 1310 5478 veritatem
1338 5426 1562 5481 devictis
1588 5427 1922 5497 persecutio-

347 5509 509 5566 nibus
564 5514 940 5582 perveniamus
977 5533 991 5569 :
1026 5523 1086 5571 ut
1135 5517 1431 5572 secundum
1490 5518 1660 5590 ipsius
1710 5519 1922 5577 Domini

349 5601 694 5670 sententiam,
722 5603 778 5659 in
802 5606 1063 5676 patientia
1097 5615 1280 5663 nostra
1310 5608 1682 5678 possideamus
1712 5612 1924 5668 animas

350 5698 589 5760 nostras,
619 5702 675 5749 et
703 5697 1031 5770 accipiamus
1069 5702 1287 5772 prtemia
1321 5701 1445 5757 vita:
1478 5711 1712 5771 aeternae,
1745 5706 1922 5784 possi-

352 5781 681 5859 deamusque
708 5797 908 5848 terram
928 5793 1244 5862 viventium,
1260 5805 1313 5851 et
1335 5793 1638 5853 hahitemus
1666 5798 1718 5854 in
1740 5781 1924 5855 Hieru-

1947 4572 2000 4633 D

2017 1978 2179 2034 sortis
2223 1978 2489 2034 electione
2529 1994 2651 2033 cum
2696 1978 2938 2036 dividere
2984 1982 3127 2037 Deus
3179 1984 3408 2054 coeperit
3451 1984 3592 2041 ﬁlios

2016 2067 2327 2134 novissime,
2357 2068 2443 2122 cui
2487 2067 2632 2124 dicat
2666 2066 2820 2139 (Luc.
2849 2069 2965 2142 xu)
2993 2089 3004 2123 :
3040 2089 3060 2121 ι
3090 2071 3211 2127 Eris
3241 2088 3405 2144 super
3433 2076 3591 2145 quin-

2016 2176 2122 2231 que
2139 2162 2385 2217 civitates
2405 2169 2729 2230 potestatem
2751 2161 2973 2229 habens,
2988 2182 3006 2213 ι
3033 2173 3127 2218 aut
3144 2164 3232 2220 cui
3257 2164 3403 2221 dicat
3418 2167 3594 2222 ftEl‘is

2015 2268 2178 2324 super
2193 2254 2380 2311 decem
2395 2255 2648 2310 civitates
2664 2264 2989 2325 potestatem
3014 2256 3269 2324 habens”
3298 2272 3396 2313 nec
3418 2259 3594 2314 solum

2011 2349 2100 2404 cui
2123 2350 2287 2415 dicat,
2318 2368 2336 2400 ι
2356 2349 2501 2404 Intra
2523 2349 2577 2403 in
2600 2351 2853 2420 gaudium
2880 2350 3090 2406 Domini
3117 2351 3210 2406 Dei
3231 2352 3360 2417 tui,»
3391 2353 3487 2408 sed
3507 2354 3595 2409 cui

2014 2438 2181 2506 dicat,
2214 2459 2231 2492 ι
2253 2441 2448 2497 Sedete
2478 2449 2534 2495 et
2562 2455 2659 2496 vos
2692 2455 2906 2496 mecum
2942 2456 3106 2514 super
3134 2443 3416 2499 duodecim
3447 2444 3597 2498 thro-

2016 2546 2117 2586 nos
2134 2529 2445 2600 judicantes
2470 2538 2527 2585 et
2545 2544 2642 2586 vos
2672 2530 2956 2586 duodecim
2988 2533 3162 2588 tribus
3188 2531 3592 2605 1ειεε1(ΜαιιΙι.

2016 2620 2153 2691 nx).
2180 2640 2199 2673 ι
2233 2621 2301 2675 Ει
2337 2621 2404 2676 de
2444 2620 2644 2691 quibus
2678 2619 2860 2675 dicat:
2897 2640 2914 2673 ι
2936 2620 3121 2688 Pater,
3148 2621 3267 2677 volo
3293 2630 3349 2677 ut
3381 2623 3471 2678 ubi
3496 2638 3598 2694 ego

2018 2724 2157 2773 sum,
2187 2717 2243 2765 et
2268 2709 2358 2764 isti
2393 2711 2501 2764 sint
2533 2723 2745 2764 mecum
2790 2707 2975 2780 (Joan.
3003 2709 3118 2781 xv),
3142 2727 3161 2762 ι
3203 2718 3258 2765 ει
3287 2710 3407 2765 volo
3431 2711 3598 2765 etiam

2018 2800 2152 2855 istos
2177 2815 2295 2855 esse
2320 2816 2495 2872 reges,
2520 2809 2580 2855 ut
2606 2815 2705 2871 ego
2729 2815 2849 2854 sum
2877 2816 2972 2855 rex
3001 2815 3208 2872 regum,
3232 2801 3354 2856 volo
3382 2810 3438 2857 et
3466 2802 3600 2858 istos

2018 2893 2221 2947 habere
2250 2892 2693 2956 dominationem,
2723 2898 2785 2944 ut
2805 2899 2861 2945 et
2887 2905 2987 2961 ego
3008 2906 3126 2946 sum
3148 2891 3406 2948 Dominus
3434 2892 3601 2948 domi-

2020 2981 2288 3037 nantium.
2314 2980 2467 3035 Beati
2489 2980 2580 3051 qui
2620 2980 2689 3036 ad
2711 2981 2854 3036 hanc
2872 2982 3188 3049 pervenient
3210 2983 3601 3038 beatitudinem

2020 3085 2309 3128 summam.
2356 3070 2510 3126 Beati
2556 3071 2649 3141 qui
2686 3072 2753 3126 ad
2798 3071 2901 3127 ista
2942 3073 3357 3127 conscenderint
3385 3071 3600 3144 fastigia

2022 3161 2361 3218 meritorum.
2415 3160 2483 3215 Et
2528 3159 2847 3216 benedictus
2890 3161 3032 3216 Deus
3085 3169 3293 3224 noster,
3344 3160 3436 3231 qui
3485 3161 3604 3217 ham

2022 3253 2272 3322 promisit
2309 3251 2656 3323 diligentibus
2693 3266 2772 3307 se.
2824 3250 2888 3305 Hi
2938 3258 3065 3306 sunt
3107 3251 3210 3321 ipsi
3253 3264 3381 3307 vere
3430 3254 3604 3310 sacris

2022 3343 2265 3400 numeris
2304 3341 2573 3399 numerati
2613 3341 2753 3412 apud
2802 3341 2971 3397 Deum
3002 3359 3015 3395 :
3048 3341 3156 3397 imo
3178 3341 3281 3412 ipsi
3309 3351 3434 3398 sunt
3463 3358 3602 3414 quo-

2023 3452 2143 3492 rum
2174 3436 2339 3492 etiam
2365 3433 2545 3505 capilli
2583 3434 2780 3503 capitis
2816 3433 3088 3489 numerati
3129 3442 3255 3489 sunt
3291 3449 3389 3505 per
3415 3433 3602 3491 Jesum

2021 3526 2296 3582 Christum
2336 3525 2623 3581 Dominum
2671 3534 2937 3580 nostrum.
2987 3522 3096 3580 Sed
3139 3524 3263 3595 quia
3300 3539 3605 3595 persuper-

2022 3616 2169 3670 biam
2221 3614 2305 3671 vel
2355 3614 2610 3670 invidiam
2659 3628 2820 3669 nemo
2848 3614 2916 3669 ad
2950 3621 3151 3669 sortem
3199 3613 3496 3669 electon
3548 3622 3606 3669 et

2024 3707 2091 3762 ad
2121 3707 2518 3777 possessionem
2549 3705 2787 3761 cmlcstis
2826 3705 3015 3776 patriae
3049 3706 3358 3777 pertingere
3382 3707 3602 3777 poterit,

2024 3814 2246 3856 necesse
2293 3808 2382 3855 est
2417 3808 2479 3853 ut
2516 3812 2613 3869 per
2650 3796 3017 3851 humilitatem
3057 3811 3244 3851 veram
3268 3805 3326 3851 et
3356 3796 3605 3852 dilectio-

2024 3906 2147 3946 nem
2190 3889 2490 3944 fraternam
2528 3887 2655 3942 illuc
2686 3886 2767 3942 ire
2808 3886 3121 3952 contendat,
3152 3886 3399 3956 quisquis
3424 3886 3493 3942 ad
3519 3886 3604 3940 fu-

2026 3992 2146 4036 tura
2180 3981 2322 4036 bona
2354 3980 2639 4051 pervenire
2688 3978 2983 4043 desiderat,
3024 3978 3441 4046 memineritque
3468 3977 3606 4032 seri-

2024 4080 2219 4142 ptum:
2259 4087 2279 4122 ι
2310 4069 2444 4136 Quia
2491 4069 2688 4134 omnis,
2737 4068 2829 4139 qui
2856 4067 3254 4123 seexaltaverit
3290 4067 3602 4123 humiliabi-

2025 4173 2132 4227 tnr,
2149 4168 2204 4216 et
2228 4162 2319 4231 qui
2340 4175 2398 4215 se
2418 4160 2784 4216 humiliaverit
2805 4159 3132 4215 exaltabitnr
3152 4158 3367 4231 (Matth.
3384 4160 3565 4233 mu).
3579 4178 3602 4215 ν

2025 4254 2257 4324 ideoque
2285 4251 2492 4307 nullum
2520 4252 2806 4321 despiciat,
2845 4250 3050 4307 nullum
3079 4262 3325 4322 spernat,
3365 4254 3460 4309 sed
3491 4269 3609 4308 ωε-

2025 4341 2108 4412 gis
2130 4341 2441 4398 inferiorem
2470 4357 2530 4397 se
2552 4340 2804 4396 omnibus
2826 4355 2947 4396 esse
2967 4342 3167 4406 credat,
3194 4341 3435 4413 sciatque
3447 4342 3607 4412 juxta

2025 4433 2171 4490 Petri
2203 4434 2435 4505 apostoli
2465 4432 2813 4499 sententiam,
2862 4434 3004 4503 quod
3031 4451 3050 4485 ι
3078 4449 3187 4491 ιιοιι
3217 4442 3303 4490 εει
3344 4450 3607 4506 persona-

2028 4539 2150 4579 rum
2180 4532 2434 4596 acceptor
2462 4523 2625 4589 Deus,
2676 4523 2773 4580 sed
2813 4523 2866 4579 in
2903 4524 3051 4580 omni
3094 4533 3276 4595 gente,
3319 4525 3411 4596 qui
3454 4525 3609 4580 timet

2027 4616 2198 4671 Deum
2218 4624 2273 4671 et
2287 4624 2544 4685 operatur
2556 4614 2846 4686 justitiam,
2867 4626 3120 4685 acceptus
3138 4624 3221 4670 est
3239 4615 3314 4670 illi
3332 4614 3469 4687 (Act.
3488 4616 3564 4684 χ).
3580 4634 3599 4666 ι

2028 4704 2181 4771 Quod
2202 4712 2594 4774 consequenter
2610 4704 2696 4758 vir
2717 4704 2808 4774 qui
2831 4704 2896 4758 ad
2918 4706 3239 4775 prophetam
3262 4704 3473 4760 locutus
3497 4714 3599 4768 est,

2026 4793 2282 4857 ostendit,
2310 4794 2525 4847 dicens:
3474 4846 3485 4858 κ

2101 4902 2121 4935 r
2154 4883 2222 4937 Et
2250 4882 2503 4938 dividetis
2547 4890 2749 4939 terram
2793 4883 2954 4938 istam
2989 4883 3162 4950 vobis,
3191 4883 3375 4951 Israel,
3401 4892 3457 4938 et
3485 4900 3600 4939 me-

2030 4974 2227 5050 r‘tietis
2248 4989 2368 5030 eam
2396 4974 2449 5029 in
2476 4973 2845 5029 hzereditatcm
2875 4973 3028 5030 vobis
3068 4982 3123 5030 et
3150 4964 3373 5030 advenis
3397 4975 3486 5046 qui
3514 4988 3604 5029 ac-

2030 5086 2050 5118 ι
2085 5065 2350 5121 cesserint
2387 5064 2455 5119 ad
2512 5078 2629 5130 vos,
2682 5064 2775 5136 qui
2821 5065 3104 5136 genuerint
3138 5063 3279 5119 ﬁlios
3316 5064 3371 5119 in
3424 5065 3602 5120 medio

2031 5177 2049 5208 ι
2084 5157 2291 5225 vestri,
2335 5164 2390 5212 et
2432 5162 2589 5211 erunt
2630 5156 2785 5211 vobis
2820 5155 2959 5210 sicut
3003 5154 3267 5226 indigena:
3295 5154 3435 5210 inter
3462 5154 3601 5210 ﬁlios

2032 5267 2050 5299 ι
2086 5247 2273 5302 lsrael.
2304 5246 2589 5302 Vobiscum
2625 5246 2863 5301 divideut
2889 5245 3285 5315 possessionem
3327 5246 3382 5301 in
3422 5244 3600 5302 medio

2029 5359 2049 5391 ι
2091 5340 2327 5394 tribuum
2365 5338 2551 5393 lsrael.
2598 5337 2657 5393 In
2708 5337 2851 5393 tribu
2892 5346 3073 5391 autem
3116 5352 3436 5408 quacunque
3478 5337 3597 5392 fuc-

2031 5448 2050 5481 ι
2090 5430 2160 5483 rit
2198 5430 2403 5485 advena
2437 5429 2510 5485 ibi
2544 5428 2740 5485 dabitis
2776 5429 3172 5499 possessionem
3211 5428 3286 5483 illi
3326 5444 3340 5483 :
3379 5428 3454 5484 ita
3486 5427 3599 5483 Do-

2030 5539 2048 5572 ‹
2085 5520 2264 5574 minus
2307 5519 2466 5575 Deus.
2498 5538 2516 5571 ι
2550 5517 2817 5591 (Ηὶενοη.)
2848 5518 2953 5575 Per
2988 5519 3093 5575 hoc
3122 5519 3413 5590 capitulum
3438 5515 3602 5573 disci-

2026 5629 2167 5678 mus,
2208 5620 2264 5668 et
2297 5612 2564 5667 decutitur
2599 5611 2941 5681 supercilium
2980 5609 3313 5677 Judaeorum,
3352 5609 3489 5665 nihil
3514 5608 3601 5663 in-

2027 5711 2110 5759 ter
2134 5702 2300 5759 Israel
2327 5713 2382 5759 et
2405 5702 2642 5774 gentium
2668 5702 2924 5775 pepulum
2948 5719 3068 5761 esse
3093 5703 3342 5775 divisqm.
3371 5700 3428 5757 Si
3453 5699 3601 5757 enim

2028 5798 2249 5855 advenis
2289 5806 2343 5852 et
2377 5796 2691 5869 alienigenis
2735 5812 2859 5855 cum
2897 5797 2983 5855 his
3025 5796 3116 5869 qui
3154 5803 3279 5853 sunt
3309 5795 3376 5851 de
3398 5791 3598 5865 populo
