4112 6364
536 350 665 406 l0'll

1133 347 1196 403 Β.
1242 346 1493 402 RABANI
1534 346 1754 403 MAUR!
1787 346 2103 402 ARCHIEP.
2144 346 2450 404 MOCUNT.
2481 347 2767 407 OPERUM
2817 347 2994 406 PARS
3030 350 3094 406 ll.

3637 353 3778 444 {D72
3800 418 3801 421 η

526 459 717 531 lsrael,
760 463 863 520 hoc
896 471 979 522 est
1023 463 1309 534 indigenis,
1350 471 1492 517 terra
1526 462 1798 529 dividitur,
1832 461 1961 517 nulli
2001 463 2099 517 du-
2130 462 2176 521 Α
2203 457 2510 528 Jordanen,
2549 460 2721 520 Bosor
2756 464 3004 520 videlicet
3040 475 3097 520 et
3137 463 3399 533 Bamoth,
3438 477 3497 524 et
3531 466 3778 539 Gaulon,

527 553 676 611 bium
715 556 960 609 eamdem
1004 570 1126 611 esse
1166 552 1536 609 hrcreditatem
1570 548 1747 624 populi
1784 554 2022 622 gentium
2052 561 2108 607 et

527 646 710 718 populi
751 643 1080 712 Judmorum,
1123 647 1169 701 si
1197 655 1376 700 tamen
1408 646 1658 701 conversi
1682 640 1883 701 fuerint
1908 641 1973 699 ad
1998 640 2107 699 cul-

527 746 640 791 tum
674 732 770 790 Dei
799 734 963 789 lsrael
991 735 1133 804 quod
1179 735 1399 805 proprie
1444 746 1640 788 nomen
1676 735 1916 804 possidet
1954 728 2105 788 Chri-

524 822 757 882 stianum
800 818 1124 880 habentibus
1162 818 1363 879 Iudaeis
1398 817 1533 894 legis
1578 822 1815 879 litteram
1855 832 1907 879 et
1950 822 2105 879 nobis

523 915 810 986 spiritum,
851 915 1065 986 illisque
1104 913 1411 970 tenentibus
1446 914 1818 979 membranas,
1860 922 1916 968 et
1950 913 2104 969 nobis

521 1020 646 1065 eum
669 1006 761 1076 qui
789 1006 1025 1076 scriptus
1053 1006 1213 1061 estin
1244 1005 1608 1061 membranis:
1640 1012 1693 1060 et
1715 1005 1853 1074 apud
1881 1004 2100 1077 Moysen

522 1108 670 1154 sorte
699 1107 843 1153 terra
869 1098 1144 1163 dividitur,
1187 1098 1275 1155 hic
1317 1106 1498 1153 autem
1536 1105 1596 1151 ut
1624 1097 1861 1153 diximus
1887 1097 2100 1151 Domini

514 1189 725 1260 judicio
761 1188 1039 1259 delegatur
1081 1202 1296 1258 unaque
1333 1187 1606 1257 possessio
1646 1195 1748 1253 est,
1796 1188 2015 1241 advenae
2044 1194 2100 1241 et

519 1279 728 1347 lsraeli,
758 1280 888 1336 etin
916 1278 1141 1351 singulis
1185 1279 1430 1336 tribubus
1471 1280 1631 1336 datur
1672 1279 1961 1335 haereditas
2002 1277 2095 1348 ju-

520 1372 682 1429 beute
710 1370 935 1428 Domino
958 1370 1089 1427 Deo.

1064 1459 1289 1518 CAPUT
1327 1460 1558 1517 XLVIII.

519 1548 627 1609 Hic
654 1553 964 1610 describitur
989 1553 1175 1609 divisio
1206 1562 1394 1620 terra,
1425 1561 1677 1625 quantum
1708 1553 1778 1607 ad
1804 1554 2092 1609 intrnneos.

593 1664 615 1698 ι
649 1645 717 1702 Et
764 1646 879 1702 haec
924 1646 1144 1702 nomina
1197 1646 1433 1701 tribuum
1465 1663 1480 1700 :
1518 1645 1563 1699 A
1599 1645 1793 1701 ﬁnibus
1828 1628 2133 1715 aquilonis.

522 1757 543 1791 ι
570 1736 725 1807 juxta
775 1736 921 1793 viam
969 1737 1184 1793 Ethlom
1232 1737 1599 1807 pergentibus.
1648 1736 1845 1791 Emath
1894 1736 2093 1791 atrium

2206 545 2263 602 in
2312 549 2521 606 duabus
2575 558 2630 606 et
2682 548 2905 608 dimidia
2959 553 3103 608 tribu
3157 553 3297 609 data:
3346 564 3503 622 sunt,
3559 568 3617 613 et
3667 569 3782 618 tres

2206 639 2347 695 intra
2390 634 2695 710 Iordanen,
2735 642 2908 700 Cades
2947 643 3196 701 videlicet
3233 654 3291 702 et
3330 644 3547 703 Sichem
3587 659 3644 705 et
3679 651 3780 707 Ca-

2206 728 2502 787 riatharbe.
2550 731 2732 802 Neque
2779 729 2924 789 enim
2971 748 3107 806 opus
3151 746 3270 791 erat
3318 737 3372 792 in
3421 739 3782 812 descriptione

2202 823 2431 891 mystica
2472 829 2528 877 et
2560 823 2895 881 habitatione
2933 833 3241 883 sanctorum
3279 836 3335 883 et
3371 833 3783 889 conversatione

2203 912 2443 982 perfecta
2476 912 2821 985 fugitivorum
2853 918 3086 976 describi
3128 922 3325 977 auxilia
3364 924 3562 993 quibus
3617 923 3783 979 lsrael

2204 1002 2433 1074 indiguit
2481 1004 2656 1061 adhuc
2708 1006 2762 1061 in
2813 1017 2959 1063 terra
3024 1010 3272 1081 positus,
3326 1021 3382 1067 et
3433 1027 3530 1083 per
3584 1014 3783 1070 multos

2203 1091 2417 1149 labores
2470 1103 2633 1165 atque
2678 1096 2993 1153 discrimina
3049 1101 3116 1155 ad
3168 1101 3311 1156 hanc
3361 1102 3633 1158 civitatem
3685 1120 3777 1158 ve—

2203 1183 2323 1239 nire
2372 1183 2669 1252 festinans,
2725 1196 2779 1243 et
2831 1189 2886 1244 in
2937 1190 3166 1263 singulis
3233 1192 3439 1248 sanctis
3502 1182 3726 1264 loquens
3758 1215 3775 1250 :

2208 1291 2227 1326 (
2261 1272 2481 1330 Adveua
2527 1291 2644 1331 sum
2690 1286 2743 1333 et
2782 1281 3135 1349 peregrinus,
3180 1282 3323 1338 sicut
3365 1297 3555 1340 omnes
3598 1294 3779 1356 patres

2200 1364 2306 1421 mei
2340 1363 2529 1438 (Psal.
2561 1382 2769 1422 xxxvnt
2791 1366 2831 1439 ).
2868 1388 2886 1420 ι
2922 1370 2989 1424 Et
3033 1371 3088 1426 in
3131 1372 3239 1427 alio
3282 1371 3400 1429 loco
3430 1391 3442 1427 :
3476 1393 3495 1426 ι
3528 1374 3780 1432 Hahitavi

2198 1469 2323 1510 cum
2374 1455 2739 1512 habitantibus
2788 1457 2985 1527 Cedar,
3034 1461 3259 1517 multum
3308 1463 3649 1534 peregrinata
3696 1476 3781 1522 est

2200 1546 2378 1600 anima
2428 1561 2543 1602 mea
2598 1545 2788 1617 (Paul.
2819 1550 3006 1622 cxix).
3039 1568 3057 1602 ι

2275 1656 2294 1690 ι
2328 1638 2397 1693 Ει
2421 1654 2582 1710 super
2612 1641 2897 1697 terminum
2919 1641 3056 1698 Juda
3084 1659 3115 1698 a
3144 1644 3302 1718 plaga
3329 1645 3580 1703 orientali
3607 1663 3777 1718 usque

2206 1750 2224 1783 ‹
2261 1732 2329 1787 ad
2358 1732 2570 1804 plagam
2602 1734 2790 1799 maris,
2822 1744 2981 1791 erunt
3000 1737 3252 1807 primitize
3278 1754 3415 1808 quas
3453 1741 3779 1810 separabitis

521 1845 541 1878 ι
578 1824 761 1882 Enen
816 1826 1106 1882 terminum
1166 1827 1416 1903 Damasci
1474 1826 1540 1882 ad
1592 1820 1897 1896 aquilonem
1943 1825 2096 1896 juxta
2131 1810 2173 1869 Β
2206 1841 2225 1873 ι
2266 1838 2370 1876 xxv
2401 1822 2567 1879 millia
2618 1823 2920 1882 latitudinis
2967 1836 3021 1883 et
3067 1828 3416 1900 longitudinis
3458 1831 3621 1887 sicuti
3665 1832 3781 1887 sin-

524 1936 544 1969 ι
579 1919 795 1983 Emath,
830 1926 887 1975 et
922 1918 1029 1974 erit
1051 1918 1099 1974 ei
1126 1918 1282 1988 plaga
1318 1917 1598 1973 orientalis
1631 1933 1782 1972 mare
1816 1918 1927 1973 Dan
1964 1932 2091 1972 una.

523 2025 544 2059 ι
580 2006 652 2063 Ει
697 2021 728 2061 a
783 2007 1016 2064 termino
1063 2007 1178 2062 Dan
1226 2021 1256 2062 a
1304 2006 1459 2079 plaga
1507 2006 1755 2062 orientali
1806 2023 1977 2078 usque
2026 2007 2095 2062 ad

521 2118 541 2152 ι
575 2081 787 2169 plagam
837 2096 976 2154 Aser
1024 2112 1153 2154 una.
1206 2097 1272 2152 Et
1321 2111 1484 2167 super
1531 2097 1819 2153 terminum
1868 2096 2008 2152 Aser
2063 2110 2094 2151 a

516 2208 541 2242 ι
578 2189 736 2263 plaga
786 2189 1039 2245 orientali
1070 2205 1238 2261 usque
1262 2191 1329 2245 ad
1374 2190 1587 2261 plagam
1616 2189 1784 2244 maris
1819 2186 2096 2258 Nephtha—

520 2298 540 2331 ι
577 2278 670 2335 lim
705 2295 833 2334 una.
882 2279 951 2334 Et
974 2296 1138 2351 super
1172 2280 1463 2335 terminum
1494 2277 1841 2349 Nephthalim
1877 2293 1907 2332 a
1941 2276 2094 2348 plaga

525 2390 546 2425 ι
582 2372 809 2428 orientis
845 2387 1017 2442 usque
1054 2372 1120 2426 ad
1149 2372 1363 2443 plagam
1394 2371 1562 2426 maris
1592 2369 1839 2425 Manasse
1866 2384 1992 2423 una.
2030 2368 2098 2423 Et

522 2482 543 2516 r
577 2477 740 2534 super
774 2463 1064 2520 terminum
1101 2461 1348 2518 Manasse
1387 2477 1417 2516 a
1452 2460 1607 2532 plaga
1641 2458 1891 2516 orientali
1925 2473 2097 2528 usque

519 2570 539 2606 ι
573 2553 643 2608 ad
686 2552 898 2624 plagam
948 2553 1116 2608 maris
1148 2552 1406 2622 Ephraim
1440 2566 1568 2606 una.
1607 2550 1675 2605 Et
1706 2565 1868 2621 super
1906 2550 2097 2605 termi-

517 2662 539 2697 c
575 2660 705 2700 num
743 2644 1001 2715 Ephraim
1041 2658 1072 2698 a
1112 2643 1269 2715 plaga
1307 2642 1551 2699 orientali
1584 2630 1755 2713 usque
1790 2643 1857 2698 ad
1884 2642 2096 2714 plagam

518 2751 540 2785 ι
580 2732 747 2789 maris
780 2731 971 2788 Ruben
1007 2746 1135 2787 una.
1184 2732 1250 2787 Et
1289 2748 1451 2803 super
1496 2733 1782 2788 terminum
1832 2732 2020 2787 Ruben
2063 2747 2094 2787 a

517 2847 538 2882 ε
572 2827 730 2899 plaga
751 2827 999 2899 orientali
1025 2842 1197 2899 usque
1223 2828 1290 2882 ad
1317 2827 1528 2898 plagam
1556 2827 1721 2881 maris
1747 2824 1881 2881 Juda
1910 2841 2039 2881 una.
2068 2842 2088 2877 ι

512 2916 819 2990 (Ηίει-οη.)
848 2918 1127 2988 Descripta
1157 2927 1316 2974 terra:
1361 2927 1564 2974 sanctae
1596 2919 1940 2989 possessione
1979 2926 2088 2972 tam

507 3006 663 3078 juxta
689 3015 1013 3078 prasentem
1038 3008 1338 3065 Ezechielis
1359 3009 1722 3078 prophetiam,
1746 3023 1908 3078 quam
1938 3006 2093 3076 juxta

509 3095 872 3152 Numerorum
919 3095 1143 3163 librum,
1193 3112 1337 3151 nunc
1382 3095 1715 3166 singularum
1771 3096 2006 3149 tribuum
2059 3109 2091 3149 a

2210 1930 2228 1962 ι
2262 1911 2399 1983 gula:
2447 1921 2628 1983 partes
2670 1930 2700 1969 a
2746 1915 2902 1986 plaga
2940 1918 3187 1974 orientali
3232 1936 3403 1990 usque
3446 1921 3515 1975 ad
3563 1921 3778 1993 plagam

2205 2017 2223 2050 ι
2259 1999 2445 2055 maris.
2492 2000 2561 2055 Et
2607 2003 2711 2057 erit
2752 2006 3118 2060 sanctuarium
3158 2007 3213 2061 in
3256 2008 3431 2063 medio
3474 2007 3614 2078 ejus.
3654 2009 3773 2064 Pri-

2204 2108 2221 2140 i
2259 2090 2425 2145 mitias
2468 2106 2604 2161 quas
2644 2094 2966 2163 separabitis
3007 2097 3236 2152 Domino
3273 2097 3550 2170 longitudo
3587 2099 3775 2169 viginti

2203 2198 2221 2230 ι
2258 2182 2494 2251 quinque
2524 2183 2759 2240 millibus
2786 2193 2841 2242 et
2867 2185 3093 2242 latitudo
3121 2187 3307 2243 decem
3335 2189 3594 2245 millibus.
3624 2209 3644 2240 ι
3676 2189 3778 2245 Su-

2197 2272 2459 2343 perﬂuum
2501 2285 2585 2331 est
2626 2277 2855 2333 disserta
2887 2280 3153 2337 disserere
3172 2323 3187 2348 ,
3217 2290 3273 2337 et
3304 2283 3356 2337 in
3388 2285 3586 2353 quibus
3613 2301 3777 2355 supra

2198 2362 2564 2420 laboravimus
2586 2407 2601 2432 ,
2629 2368 2785 2436 quasi
2823 2384 2929 2423 non
2962 2370 3071 2425 sint
3100 2371 3245 2426 dicta
3278 2373 3474 2428 iterum
3506 2373 3773 2430 laborare.

2200 2455 2324 2511 Post
2367 2466 2574 2528 septem
2615 2460 2850 2515 tribuum
2883 2463 3143 2519 terminos
3169 2465 3237 2520 ab
3265 2462 3476 2521 oriente
3506 2483 3680 2537 usque
3710 2469 3777 2523 ad

2197 2545 2531 2602 occidentem
2573 2548 2949 2604 describuntur
2977 2552 3258 2620 primitias,
3290 2569 3521 2623 quarum
3550 2554 3779 2611 latitudo

2199 2643 2378 2689 teneat
2405 2624 2594 2707 viginti
2624 2638 2860 2707 quinque
2892 2639 3060 2694 millia
3091 2640 3423 2697 calamorum
3452 2662 3465 2697 :
3498 2644 3778 2716 longitudo

2198 2739 2325 2779 vero
2367 2726 2526 2781 sicuti
2568 2736 2752 2783 tenent
2790 2729 3012 2799 singula:
3054 2731 3227 2786 tribus
3255 2733 3323 2787 ab
3351 2734 3565 2789 oriente
3604 2752 3779 2805 usque
3812 2774 3823 2779 ρ

2197 2817 2264 2871 ad
2303 2831 2453 2871 mare
2498 2816 2650 2887 cujus
2696 2819 3048 2890 longitudinis
3094 2821 3332 2876 incertus
3371 2831 3459 2878 est
3496 2840 3773 2880 numerus.

2195 2906 2381 2976 Neque
2435 2909 2580 2963 enim
2637 2908 2691 2964 in
2745 2910 3072 2980 singularum
3127 2912 3491 2981 descriptione
3541 2916 3777 2970 tribuum

2196 3012 2448 3052 mensura
2475 2999 2743 3070 descripta
2767 3008 2868 3056 est.
2896 3000 2991 3056 Sin
3020 3010 3200 3058 autem
3223 3004 3453 3060 latitudo
3483 3006 3647 3062 habet
3669 3024 3776 3062 xxv

2199 3087 2421 3143 millium
2461 3090 2789 3145 calamorum
2813 3131 2829 3157 ,
2880 3093 3053 3148 conici
3092 3093 3255 3148 datur
3294 3094 3467 3150 multo
3512 3095 3774 3165 majorem

508 3185 668 3259 plaga
704 3184 951 3246 orientali
987 3200 1157 3256 usque
1191 3187 1258 3241 ad
1288 3184 1497 3256 plagam
1527 3185 1856 3250 occidentis,
1892 3185 1946 3240 id
1975 3192 2086 3249 est,
2118 3170 2173 3230 (ἶ-
2193 3192 2313 3233 esse
2354 3195 2639 3235 numerum
2680 3181 3059 3252 longitudinis,
3092 3198 3213 3253 qua:
3252 3198 3464 3255 semper
3488 3184 3659 3253 major
3682 3193 3771 3241 est

505 3276 679 3336 maris
714 3276 989 3347 possessio
1024 3276 1367 3332 describitur.
1419 3276 1488 3331 Et
1533 3276 1768 3346 primum
1818 3275 1954 3331 ﬁnes
2002 3291 2091 3332 ac-

509 3367 720 3438 cipiunt
771 3368 841 3422 ab
891 3366 1143 3438 aquilone
1188 3366 1343 3438 juxta
1393 3368 1533 3422 viam
1591 3366 1805 3422 Ethlom
1856 3382 2089 3438 pergen-

513 3459 662 3515 tibus
704 3458 938 3524 Emath,
992 3458 1188 3513 atrium
1241 3459 1355 3514 sive
1402 3459 1541 3514 Aser
1594 3459 1745 3514 Enon
1799 3459 2089 3514 terminum

510 3549 798 3616 Damasci,
847 3549 915 3604 ad
959 3549 1265 3618 aquilonem
1309 3548 1464 3618 juxta
1510 3549 1737 3615 Ematb,
1786 3550 1852 3604 de
1897 3550 2092 3619 quibus

513 3650 641 3699 ante
685 3643 800 3713 jam
848 3640 1102 3700 diximus.
1157 3641 1350 3713 Incipit
1402 3652 1582 3698 autem
1634 3643 1864 3712 primum
1919 3645 2093 3699 tribus

510 3733 650 3799 Dan,
685 3732 921 3790 secunda
957 3732 1115 3799 Aser,
1152 3733 1314 3787 tertia
1350 3731 1715 3803 Nepbthalim,
1750 3741 1940 3804 quarta
1975 3733 2090 3788 Ma-

514 3837 709 3889 nasse,
745 3823 934 3893 quinta
971 3822 1228 3893 Ephraim
1249 3864 1265 3889 ,
1301 3833 1452 3879 sexta
1483 3823 1672 3879 Ruben
1694 3864 1709 3889 ,
1740 3825 1964 3894 septima
1992 3823 2090 3878 Ju-

519 3910 623 3969 dae.
674 3911 788 3967 Hoc
835 3918 949 3978 est,
1003 3926 1033 3965 a
1084 3911 1305 3967 sinistra
1357 3920 1512 3983 parte
1561 3920 1618 3967 et
1661 3913 1960 3982 completus
1993 3930 2093 3968 ιιιιο

513 4015 699 4056 merus
732 4000 1090 4072 septenarius.
1131 4000 1333 4056 Deinde
1365 4002 1618 4072 primitiae
1658 4005 1997 4058 sacerdotum
2038 4012 2094 4058 et

512 4088 824 4147 Levitarum
847 4131 862 4157 ,
895 4100 950 4147 et
989 4092 1352 4147 sanctuarium
1396 4092 1609 4148 Domini
1652 4093 1706 4147 in
1750 4094 1928 4148 medio
1967 4109 2092 4149 san-

514 4190 769 4250 ctumque
798 4189 1132 4237 sanctorum.
1186 4181 1326 4237 Urbs
1365 4197 1580 4252 quoque
1627 4184 1953 4239 describitur
1995 4199 2093 4254 per

514 4273 726 4345 singula
767 4274 936 4329 latera
975 4275 1029 4328 in
1072 4274 1337 4346 quadrum
1375 4284 1608 4344 quatuor
1648 4275 1813 4330 millia
1856 4284 1911 4330 et
1937 4275 2094 4346 quin:

513 4373 704 4434 gentos
747 4364 952 4419 habens
991 4364 1249 4420 calamos.
1297 4364 1616 4420 Suburbaua
1662 4381 1873 4435 quoque
1915 4382 2093 4422 sacer-

512 4454 701 4509 dotum
743 4462 797 4509 et
837 4454 1147 4508 Levitarum
1190 4469 1287 4524 per
1325 4457 1570 4511 ordinem
1607 4456 2004 4523 describuntur,
2038 4466 2093 4515 et

2193 3269 2493 3326 latitudine.
2518 3271 2575 3326 In
2598 3273 2772 3327 medio
2793 3282 2970 3328 autem
2993 3275 3360 3330 sanctuarium
3380 3276 3589 3345 ponitur
3602 3274 3785 3343 juxta

2190 3360 2485 3428 primitias,
2525 3376 2645 3431 quae
2671 3369 2796 3416 sunt
2838 3363 3065 3418 Domino
3103 3372 3396 3435 separatae,
3420 3352 3797 3434 longitudinis;

2191 3456 2380 3528 viginti
2418 3457 2655 3527 quinque
2695 3458 2918 3513 millium
2978 3459 3311 3514 calamorum
3374 3469 3429 3514 et
3472 3459 3777 3516 latitudinis

2193 3547 2377 3601 decem
2400 3546 2646 3601 millium.
2672 3547 2800 3614 Qua:
2826 3547 3008 3618 legens
3031 3547 3163 3602 nihil
3184 3548 3327 3603 aliud
3350 3564 3568 3619 possum
3595 3550 3777 3604 dicere

2191 3638 2297 3693 nisi
2334 3638 2461 3693 illud
2491 3637 2733 3708 Apostoli
2760 3636 2949 3711 (Rom.
2981 3636 3070 3710 xl)
3102 3656 3115 3692 :
3152 3658 3169 3689 ‹
3200 3638 3244 3694 0
3273 3638 3600 3710 profundum
3639 3639 3776 3694 divi-

2191 3729 2389 3783 tiarum
2416 3728 2690 3799 sapientiae
2716 3738 2772 3784 et
2793 3728 3034 3785 scientia:
3060 3730 3186 3785 Dei!
3215 3743 3376 3799 quam
3402 3729 3772 3785 inscrutabilia

2185 3817 2385 3887 judicia
2428 3819 2546 3889 ejus
2581 3828 2635 3875 et
2677 3820 3072 3892 investigabiles
3112 3821 3213 3875 via:
3254 3819 3408 3888 ejus!
3439 3840 3457 3872 α
3489 3820 3557 3875 Et
3584 3822 3638 3875 in
3668 3821 3775 3876 alio

2191 3912 2310 3968 loco
2337 3911 2560 3984 (Ep/tes.
2594 3912 2688 3985 ιιι)
2718 3930 2730 3967 :
2762 3932 2780 3965 ι
2808 3912 2878 3969 Ut
2903 3914 3118 3984 possitis
3162 3914 3621 3984 comprehendere
3648 3930 3774 3970 cum

2191 4002 2441 4057 omnibus
2467 4002 2669 4057 sanctis
2687 4042 2702 4067 ,
2734 4017 2854 4073 qua:
2881 4003 2952 4057 sit
2978 4003 3202 4058 latitudo
3223 4013 3278 4058 et
3301 4003 3580 4075 longitudo
3599 4014 3654 4059 et
3679 4022 3770 4059 su-

2190 4089 2427 4144 blimitas
2450 4099 2503 4143 et
2526 4089 2866 4160 profundum.
2912 4089 3065 4147 Scire
3089 4093 3252 4147 etiam
3279 4094 3772 4162 supereminentem

2193 4183 2429 4238 scientiae
2449 4185 2767 4239 charitatem
2790 4184 3013 4251 Christi,
3034 4195 3088 4242 ut
3118 4187 3449 4257 impleamini
3476 4190 3528 4243 iu
3556 4204 3771 4244 omnem

2191 4271 2577 4342 plenitudinem
2620 4272 2737 4328 Dei.
2767 4292 2786 4325 ι
2814 4271 3012 4345 Viginti
3046 4276 3284 4345 quinque
3328 4277 3555 4331 millium
3587 4287 3770 4334 autem

2194 4360 2475 4416 numerum
2508 4361 2696 4419 referri
2735 4363 2801 4418 ad
2838 4380 3028 4419 sensus
3059 4366 3126 4420 de
3172 4367 3366 4435 quibus
3405 4368 3610 4422 dictum
3641 4377 3766 4423 est:

2196 4448 2423 4505 Sensum
2454 4452 2690 4507 divinum
2716 4455 3160 4522 possidebitiszet
3188 4474 3221 4511 x
3251 4457 3476 4511 millium
3506 4459 3577 4513 ad
3594 4458 3766 4529 perfe-

514 4542 791 4613 possessio
857 4541 1139 4613 principis.
1191 4518 1545 4612 llursumque
1620 4558 1651 4597 a
1697 4551 1850 4612 parte
1902 4518 2090 4599 dextra
2118 4518 2170 4579 D
2195 4548 2335 4594 ctam
2364 4518 2901 4614 consummatamque
2928 4546 3216 4616 virtutem,
3247 4564 3365 4619 qua:
3392 4518 3652 4621 decalogo
3678 4566 3769 4605 ve-

519 4630 817 4689 succedunt
854 4630 1092 4702 quinque
1127 4632 1299 4687 tribus
1328 4647 1357 4686 a
1396 4632 1551 4704 plaga
1586 4632 1835 4688 similiter
1869 4634 2093 4690 orientis

510 4732 685 4791 usque
731 4720 798 4776 ad
851 4721 1065 4792 plagam
1122 4722 1459 4788 occidentis,
1510 4737 1737 4792 quarum
1784 4725 1959 4793 prima
2008 4734 2091 4780 est

510 4807 790 4880 Benjamin
818 4852 833 4880 ,
892 4813 1129 4868 secunda
1203 4813 1424 4869 Simeon
1482 4829 1635 4869 suam
1690 4818 2088 4884 possessionem

510 4901 817 4971 specialiter
857 4901 1082 4968 habens,
1125 4911 1180 4958 et
1217 4918 1557 4973 nequaquam
1584 4912 1642 4959 ut
1689 4907 1839 4976 prius
1863 4908 2088 4963 mixtam

509 5005 634 5047 cum
679 4988 815 5047 Juda
839 5032 854 5059 ,
885 4992 1045 5048 tertia
1076 4992 1342 5057 lssachar,
1372 5001 1564 5062 quarta
1598 4993 1869 5060 Zabulon,
1903 4998 2089 5067 quinta

510 5084 646 5141 Gad.
692 5084 979 5156 Portaeque
1028 5084 1264 5141 civitatis
1309 5094 1510 5152 ternae,
1555 5102 1654 5156 per
1695 5087 1932 5158 singulas
1976 5090 2091 5161 pla-

510 5188 607 5246 gas
631 5184 688 5231 et
714 5190 907 5231 nomen
938 5168 1123 5247 ipsius
1156 5176 1424 5243 civitatis,
1466 5178 1609 5248 quod
1646 5179 1699 5233 in
1733 5178 1912 5235 fronte
1957 5198 2091 5252 pon-

511 5264 675 5322 tiﬁcis
732 5267 849 5323 auri
905 5269 1104 5323 lamina
1184 5269 1540 5335 continetur,
1594 5271 1661 5326 de
1723 5273 1918 5342 quibus
1970 5275 2090 5329 uni-

510 5357 687 5413 versis
731 5358 785 5414 in
833 5361 949 5416 suis
995 5361 1323 5416 disseremus
1368 5361 1520 5417 locis.
1569 5362 1683 5418 Hoc
1729 5378 1943 5435 quoque
1993 5381 2088 5420 no-

511 5448 770 5518 tandum,
820 5451 965 5520 quod
1015 5452 1372 5523 quadraginta
1427 5464 1552 5507 octo
1601 5453 1915 5519 civitatum,
1966 5471 2086 5526 qua:

512 5538 571 5598 in
626 5536 985 5595 Numerorum
1040 5539 1310 5596 volumine
1365 5541 1529 5595 tribui
1584 5541 1838 5597 Levitica:
1888 5544 2086 5600 dantur

514 5632 587 5688 ad
633 5629 984 5687 habitandum
1023 5646 1144 5686 cum
1189 5631 1512 5689 suburbanis
1549 5633 1685 5699 suis,
1732 5633 1821 5689 hic
1860 5635 2088 5691 silentur

513 5721 764 5792 nomina,
791 5728 849 5781 et
880 5719 1127 5779 civitates
1157 5720 1501 5794 fugitivomm
1533 5739 1760 5796 quarum
1793 5733 1902 5782 tres
1936 5734 2085 5783 trans

2195 4633 2325 4688 teris
2360 4631 2709 4691 Instrumenli
2754 4638 2822 4692 ad
2860 4639 3223 4710 evangelicum
3266 4641 3547 4710 perveniat
3587 4656 3771 4696 sacra-

2194 4731 2434 4779 mentum
2451 4766 2466 4791 ,
2495 4734 2550 4780 ut
2577 4727 2730 4796 prius
2756 4728 2905 4784 brevi
2944 4744 3197 4786 sermone
3232 4734 3651 4802 perstrinximus
3672 4774 3688 4797 ,
3714 4742 3772 4787 et

2193 4813 2282 4868 hic
2324 4829 2391 4868 ex
2430 4824 2583 4886 parte
2628 4818 3109 4875 commonehimus.
3143 4819 3200 4875 Si
3230 4820 3375 4875 enim
3416 4823 3485 4876 ab
3524 4838 3635 4877 uno
3676 4824 3770 4877 ad-

2193 4905 2325 4962 dens
2344 4922 2568 4962 numero
2590 4908 2655 4963 ad
2680 4917 2912 4978 quatuor
2940 4911 3247 4980 pervenias,
3268 4910 3551 4967 denarium
3580 4912 3771 4981 imple-

2192 5000 2278 5057 his
2296 5018 2601 5069 numerum,
2622 5010 2783 5073 atque
2809 5004 2883 5059 ita
2908 5005 2999 5060 lict
3025 5014 3085 5059 ut
3105 5014 3159 5060 et
3182 5015 3334 5062 vetus
3358 5006 3768 5063 Testamentum

2192 5092 2591 5162 constringatur
2627 5094 2681 5148 in
2716 5109 2877 5161 novo,
2901 5104 2955 5150 et
2983 5111 3179 5150 novum
3208 5097 3261 5151 in
3293 5098 3459 5152 veteri
3486 5097 3764 5153 dilatetur.

2266 5200 2285 5232 ι
2322 5180 2414 5237 lla:
2440 5193 2620 5238 autem
2645 5192 2803 5239 erunt
2830 5185 3081 5255 primitia:
3106 5189 3394 5244 sanctuarii
3422 5189 3769 5246 sacerdotum

2196 5290 2215 5323 r
2253 5272 2321 5326 ad
2372 5273 2674 5343 aquilonem
2724 5274 3075 5347 longitudinis
3122 5279 3313 5350 viginti
3360 5280 3600 5350 quinque
3644 5278 3768 5335 mi»!-

2196 5379 2214 5412 ι
2253 5359 2414 5427 lium,
2445 5370 2500 5417 et
2528 5364 2597 5418 ad
2627 5379 2775 5419 mare
2804 5365 3105 5422 latitudinis
3146 5368 3330 5424 decem
3372 5369 3622 5423 millium.-
3654 5368 3765 5425 Sed

2195 5468 2213 5502 ι
2251 5460 2305 5505 et
2341 5451 2409 5506 ad
2448 5453 2713 5507 orientem
2751 5453 3050 5511 latitudinis
3088 5456 3274 5522 decem
3314 5457 3574 5523 millium,
3606 5467 3664 5514 et
3695 5456 3768 5513 ad

2193 5560 2212 5593 ο
2250 5542 2530 5601 meridiem
2568 5543 2913 5614 longitudinis
2950 5547 3137 5617 viginti
3182 5546 3419 5619 quinque
3458 5549 3710 5605 millium.
3738 5568 3765 5604 ι

2189 5631 2558 5704 (Αάαηιαηι.)
2606 5632 2807 5691 Omnes
2858 5633 2954 5691 lilii
3001 5637 3167 5694 lsrael
3221 5647 3545 5711 acceperunt
3590 5640 3770 5695 sortes

2188 5738 2315 5781 suas
2357 5723 2411 5781 in
2458 5731 2622 5781 terra.
2664 5724 2868 5784 Levitis
2905 5734 3088 5810 autem
3131 5727 3417 5786 luereditas
3458 5728 3607 5787 solus
3653 5726 3767 5785 su!-
