4112 6364
413 309 560 367 4073

1338 303 1689 364 COMMENT.
1730 302 1798 361 IN
1835 298 2290 358 EZECHIELEM.
2331 334 2401 344 —
2433 301 2561 359 LIB.
2611 301 2728 358 XX.

3530 300 3678 358 1074

413 422 533 480 ﬁcit
578 421 741 477 Deus.
772 419 971 477 Verum
1014 383 1267 488 quoniam
1305 419 1644 489 accipiebant
1669 413 1994 472 Levitazde-
2019 413 2077 487 Α
2095 419 2151 467 et
2189 424 2385 485 quanta
2432 415 2732 472 dill‘ereutia
2780 414 2860 488 in]
2878 413 3176 487 Scripturis
3223 422 3278 470 et
3325 430 3505 470 rerum
3550 429 3683 471 οοη-

384 499 587 571 ἀῐηιαε
630 517 685 565 et
722 508 989 581 primitias
1033 506 1101 564 de
1140 506 1405 563 fructibus
1448 522 1478 562 a
1525 505 1649 561 ﬁliis
1689 500 1855 560 Israel
1898 515 1997 575 per

412 608 743 673 praeceptum
785 598 918 665 Dei,
961 596 1246 669 oportebat
1286 612 1380 654 eos
1418 597 1582 654 etiam
1625 596 1691 652 de
1733 604 1904 661 terra,
1936 602 1998 651 ut

414 690 495 748 ita
547 690 724 747 dicam
752 730 769 757 ,
819 701 876 745 et
925 690 991 745 de
1043 688 1367 745 habitaculis
1418 686 1660 743 decimas
1707 688 1993 756 accipere,

412 778 520 837 hoc
562 789 648 835 est
690 780 865 843 enim,
910 779 977 834 ab
1019 779 1268 836 omnibus
1310 779 1547 834 decimas
1591 778 1880 848 accepisse.
1930 777 1998 832 Et

418 868 540 924 ideo
586 868 910 931 accedentes
955 868 1198 939 primarii
1247 868 1389 934 viri,
1431 867 1522 938 qui
1567 875 1725 922 erant
1766 867 1832 923 de
1872 865 1996 921 ﬁliis

416 957 546 1013 Levi
596 957 663 1011 ad
711 957 1028 1011 Eleazarum
1077 957 1447 1025 sacerdotem,
1492 966 1549 1012 et
1591 957 1660 1012 ad
1701 955 1884 1012 Jesuni
1932 958 1995 1010 ll-

414 1047 546 1103 lium
573 1046 720 1103 Nave
739 1089 755 1116 ,
785 1056 841 1103 ct
868 1051 936 1104 ad
956 1048 1228 1121 principes
1258 1049 1490 1104 tribuum
1543 1047 1775 1103 ﬁliorum
1827 1046 1992 1102 Israel

415 1137 472 1193 in
527 1136 707 1192 Selom
759 1138 815 1192 in
871 1147 1014 1193 terra
1061 1137 1318 1195 Chanaan
1368 1138 1621 1193 dixerunt
1668 1156 1681 1191 :
1736 1138 1996 1193 Dominus

382 1214 675 1300 praecepit
723 1230 777 1283 in
828 1245 991 1283 manu
1039 1228 1211 1302 Moysi
1259 1230 1374 1285 dari
1424 1228 1580 1285 nobis
1630 1228 1879 1285 civitates
1927 1228 1996 1283 ad

381 1304 806 1387 ‘habitandum,
851 1330 906 1375 et
951 1320 1256 1375 suburbana
1303 1336 1491 1376 earum
1538 1320 1862 1376 animalibus
1900 1336 1997 1377 no-

412 1411 576 1477 stris,
616 1411 757 1467 sicut
793 1411 846 1466 in
886 1410 1026 1467 libro
1067 1410 1198 1468 Jesu
1236 1409 1383 1467 Nave
1422 1411 1683 1481 scriptum
1728 1410 1996 1482 reperitur

413 1501 639 1575 (Iosue.
672 1520 765 1559 xxx
789 1503 831 1577 ).
872 1498 1183 1574 Oportebat”
1202 1519 1332 1576 ergo
1366 1504 1531 1560 etiam
1568 1505 1635 1560 de
1669 1502 1996 1560 suburbanis

410 1603 470 1649 et
509 1595 577 1651 de
616 1595 933 1652 civitatibus
974 1604 1179 1652 sortem
1222 1596 1341 1651 lieri
1373 1613 1386 1649 :
1426 1610 1495 1652 ne
1529 1594 1668 1651 forte
1705 1594 1997 1651 indiscrete

412 1692 467 1740 ct
514 1683 737 1741 fortuito
786 1685 930 1740 inter
976 1684 1194 1740 Levitas
1243 1683 1512 1741 celebrata
1546 1683 1739 1740 divisio
1778 1682 1992 1740 videre-

2097 507 2382 576 sequentia
2428 507 2769 572 describitur,
2823 508 3094 578 quomodo
3145 505 3280 561 nihil
3326 507 3444 563 sine
3491 506 3675 561 mode

2098 594 2308 650 ratione
2354 602 2410 651 et
2450 596 2641 652 ordine
2685 596 2916 668 geritur.
2965 596 3182 652 intuere
3228 595 3569 668 diligentius,
3620 604 3677 651 et

2098 685 2153 740 in
2196 687 2341 741 omni
2383 687 2651 757 scriptura
2700 687 2818 742 hcec
2859 686 2936 742 ita
2980 687 3222 743 invenies
3261 687 3532 742 ordinata.
3565 683 3689 743 Sed.

2097 777 2219 846 quis
2260 784 2438 846 potest
2481 776 2773 833 ascendere
2817 777 2934 833 hazc
2995 777 3176 832 omnia
3222 785 3278 832 et
3320 777 3680 848 comprehcn-

2098 868 2271 923 dere?
2303 867 2435 935 Quis
2480 868 2752 924 invenisse
2795 875 2974 940 potest
3015 867 3239 934 saltem,
3287 877 3343 923 et
3384 869 3677 925 observare

2095 960 2339 1017 ordinem
2390 962 2773 1033 mysteriorum
2816 960 2998 1025 valet,
3049 975 3172 1014 eum
3238 959 3533 1015 secundum
3584 957 3676 1013 lit-

2098 1058 2271 1106 teram
2318 1050 2488 1106 solam
2536 1049 2752 1106 diﬂicile
2808 1058 2988 1106 textus
3037 1050 3370 1105 narrationis
3414 1048 3674 1120 explicari

2095 1149 2308 1213 potest,
2334 1147 2391 1195 et
2429 1139 2719 1210 permixtio
2755 1139 2841 1193 vel
2880 1139 3119 1193 locorum
3161 1138 3255 1192 vel‘
3284 1148 3673 1209 personarum,

2097 1247 2215 1304 qua:
2253 1232 2306 1287 in
2347 1232 2574 1288 historia
2612 1232 2959 1287 continentur
2993 1230 3211 1286 evolvi?
3253 1229 3393 1298 Quid
3439 1229 3676 1285 dicimus

2097 1323 2163 1379 de
2205 1323 2290 1379 his
2327 1323 2684 1378 sacramentis
2705 1364 2720 1389 ,
2758 1338 2877 1392 qua:
2911 1338 3010 1393 per
3045 1322 3149 1376 hoc
3183 1320 3496 1376 scribuntur
3534 1319 3676 1376 etin

2096 1413 2293 1484 quibus
2322 1414 2733 1470 distributiones
2763 1412 2959 1468 futura:
2994 1412 3324 1468 hzcrcditati‘s
3346 1410 3675 1467 adumbran-

2097 1504 2229 1559 tur?
2271 1513 2326 1561 et
2368 1520 2467 1574 per
2509 1519 2669 1574 quem
2714 1513 2917 1559 sanctae
2959 1512 3151 1569 terrm,
3200 1517 3360 1572 quam
3409 1501 3678 1556 mansueti

2095 1593 2410 1650 haereditate
2456 1593 2787 1665 suscipient,
2834 1594 3029 1651 divisio
3077 1593 3488 1648 celebrabitur?
3538 1591 3674 1660 Quis

2097 1694 2401 1741 castrorum
2445 1684 2600 1740 sedes
2645 1684 2892 1740 diversas
2935 1682 3201 1753 explicet,
3249 1681 3521 1752 quomodo
3560 1682 3683 1737 haec

413 1783 523 1830 tur.
564 1774 718 1832 Sicut
751 1791 879 1849 ergo
914 1775 1224 1832 distributio
1258 1775 1450 1841 sortis,
1493 1790 1615 1845 quae
1652 1773 1794 1829 facta
1827 1783 1910 1829 est
1941 1774 1994 1828 in
2022 1785 2071 1846 Β
2099 1775 2154 1831 in
2203 1776 2601 1831 resurrectione
2648 1791 2746 1846 per
2793 1775 3035 1848 singulos
3079 1788 3320 1844 quosque
3363 1779 3678 1829 sanctorum

410 1866 541 1923 ﬁliis
568 1866 765 1933 lsrael,
797 1867 984 1923 habuit
1019 1866 1281 1923 rationem
1302 1907 1317 1933 ,
1349 1881 1456 1937 qua
1489 1866 1610 1936 quis
1642 1865 1819 1937 prima
1849 1872 1996 1920 sorte

410 1959 608 2031 dignus
653 1958 967 2027 haberetur,
1019 1974 1125 2029 qua
1170 1967 1227 2015 et
1271 1957 1409 2014 alius
1450 1958 1723 2026 secunda,
1771 1958 1839 2016 de
1890 1973 1996 2028 qua

412 2058 475 2105 ut
501 2049 775 2121 potuimus
808 2049 924 2120 jam
968 2058 1093 2107 ante
1134 2050 1528 2115 tractavimus;
1582 2050 1678 2105 sed
1715 2058 1771 2107 et
1807 2050 1863 2106 bi
1904 2049 1997 2119 qui

407 2154 512 2210 per
557 2140 777 2212 Moysen
830 2140 972 2196 ultra
1026 2139 1300 2197 Jordanen
1348 2148 1405 2195 et
1447 2140 1517 2195 ab
1568 2137 1695 2195 Jesu
1742 2141 1799 2195 in
1850 2147 1996 2195 terra

414 2231 857 2300 repromissionis
905 2231 1209 2300 accipiunt,
1259 2230 1349 2285 ubi
1399 2230 1574 2301 prima
1634 2245 1755 2287 sors
1803 2230 1999 2287 cecidit

406 2317 469 2373 in
499 2317 779 2388 Benjamin
801 2361 816 2387 ,
849 2329 904 2375 et
940 2322 1283 2392 postmodum
1326 2322 1470 2378 inter
1505 2331 1732 2379 caeteros
1774 2323 1830 2379 in
1871 2324 1995 2394 qui-

406 2407 515 2465 bus
563 2408 664 2464 fuit
705 2410 928 2466 ultimus
974 2411 1092 2466 Dan
1139 2429 1154 2467 :
1205 2412 1283 2468 ita
1330 2429 1553 2470 necesse
1598 2422 1683 2472 est
1725 2430 1847 2471 esse
1893 2415 1996 2470 ali-

403 2515 575 2570 quam
614 2500 879 2556 rationem
919 2503 1082 2557 etiam
1119 2503 1173 2558 in
1212 2504 1403 2559 ordine
1431 2506 1786 2561 sacerdotalis
1813 2513 1869 2562 et
1896 2504 1999 2561 Lc-

406 2590 597 2649 vitica:
648 2592 852 2659 sortis,
903 2601 964 2648 ut
1007 2593 1098 2651 alii
1149 2594 1325 2665 prima
1356 2636 1372 2663 ,
1423 2595 1515 2650 alii
1574 2596 1855 2662 secunda,
1904 2595 1996 2650 alii

380 2694 544 2749 vero
599 2681 756 2737 tertia
809 2697 930 2738 sors
980 2682 1250 2750 ducatur,
1292 2699 1390 2754 per
1442 2699 1577 2754 quas
1625 2684 1715 2739 illa
1769 2684 1854 2741 vel
1907 2684 1997 2740 illa

399 2768 532 2825 loca
583 2771 873 2840 unicuique
921 2773 1304 2829 decernuntur.
1359 2773 1627 2830 Dicuntur
1667 2782 1848 2830 autem
1900 2775 1995 2832 ﬁlii

397 2874 533 2914 esse
565 2858 726 2926 Levi,
760 2859 967 2916 Gerson
989 2902 1004 2927 ,
1033 2870 1088 2917 et
1121 2861 1325 2929 Caath,
1364 2871 1421 2919 et
1453 2862 1650 2918 Merari
1671 2904 1687 2931 ,
1724 2872 1779 2921 et
1817 2870 1999 2922 osten-

400 2948 561 3004 ditur
611 2949 907 3020 primatum
961 2953 1203 3008 tenuisse
1254 2953 1309 3007 in
1363 2952 1568 3010 honore
1618 2947 1833 3023 Caath,
1888 2955 1995 3011 hoc

392 3049 527 3104 est,
571 3042 671 3110 qui
720 3041 818 3096 ﬁlii
861 3042 1032 3099 Caath
1076 3043 1295 3100 fuerunt
1335 3059 1402 3101 ex
1442 3043 1711 3101 Amram:
1756 3060 1883 3101 nam
1931 3047 1999 3102 de

2101 1862 2421 1920 sacerdotali
2455 1864 2543 1919 vel
2581 1863 2822 1920 Levitico
2858 1864 3047 1920 ordine
3087 1864 3334 1919 habenda
3382 1863 3453 1919 sit
3497 1860 3681 1918 distri-

2098 1954 2293 2012 butio?
2340 1961 2401 2011 ut
2454 1954 2907 2025 quemadmodum
2960 1954 3094 2010 dicit
3136 1951 3428 2023 Apostolus
3478 1952 3534 2007 in
3588 1966 3677 2007 re-

2099 2047 2439 2104 surrectione
2481 2062 2587 2103 non
2631 2046 2855 2105 confuse
2894 2054 3121 2119 agantur
3163 2044 3377 2111 omnia,
3412 2044 3508 2101 sed
3534 2063 3555 2095 ‹
3587 2059 3681 2101 ve-

2098 2138 2216 2194 niat
2255 2138 2626 2209 unusquisque
2666 2137 2721 2194 in
2768 2153 2867 2195 suo
2910 2138 3102 2193 ordine
3146 2136 3357 2191 initium
3392 2135 3677 2202 Christus,

2099 2232 2293 2289 deinde
2346 2233 2438 2300 hi,
2488 2233 2581 2306 qui
2614 2239 2739 2289 sunt
2775 2231 3009 2299 Christi,
3045 2232 3136 2302 qui
3184 2230 3237 2286 in
3283 2230 3514 2287 adventu
3559 2229 3683 2301 ejus

2099 2334 2457 2397 speraverunt
2498 2340 2621 2381 cum
2663 2325 2947 2383 tradiderit
2992 2340 3216 2396 regnum
3256 2325 3369 2379 Deo
3413 2331 3467 2379 et
3500 2321 3677 2393 patri,

2099 2424 2297 2473 etcum
2325 2415 2617 2486 subiecerit
2659 2415 2709 2471 ei
2757 2429 2973 2474 omnem
3017 2414 3383 2491 principatum
3428 2420 3483 2468 et
3522 2419 3679 2484 pote-

2099 2515 2294 2562 statem
2338 2505 2411 2579 (Ι
2445 2505 2568 2560 Cor.
2603 2504 2750 2578 xv),
2780 2522 2805 2562 ι
2834 2506 2925 2562 ubi
2969 2505 3087 2561 sine
3132 2504 3295 2562 dubio
3342 2503 3479 2559 tales
3526 2516 3679 2573 qua:-

2100 2597 2225 2652 dam
2248 2603 2553 2652 castrorum
2576 2596 2985 2652 observationes
3018 2603 3074 2650 et
3103 2592 3464 2650 sacerdotales
3497 2592 3682 2649 distri-

2097 2685 2346 2742 butiones
2369 2696 2425 2742 et
2448 2685 2667 2742 ordines
2690 2702 2755 2742 ac
2779 2686 3028 2743 tubarum
3054 2683 3476 2756 signiﬁcationes
3497 2691 3678 2740 erunt.

2100 2776 2251 2846 Quod
2280 2785 2462 2834 autem
2491 2778 2731 2849 exceptis
2758 2793 2850 2832 sex
2879 2778 3106 2832 urbibus
3135 2774 3482 2846 fugitivorum
3503 2814 3519 2840 ,
3546 2771 3683 2827 alias

2098 2869 2455 2940 quadraginta
2498 2869 2635 2924 duas
2677 2869 2842 2924 urbes
2875 2868 3075 2924 Levitaa
3117 2867 3421 2939 accipiunt,
3466 2863 3684 2920 indubi-

2099 2966 2279 3013 tanter
2304 2958 2418 3029 ipsa
2443 2958 2754 3029 przedicatio
2776 2966 3088 3014 sanctorum
3115 2957 3379 3030 signatur.
3405 2955 3509 3026 Ipsi
3534 2953 3683 3011 enim

2097 3048 2377 3119 possident
2423 3047 2756 3115 doctrinam,
2802 3064 2924 3119 quae
2966 3055 3178 3105 constat
3220 3047 3354 3118 legis
3393 3045 3681 3116 decalogo,

396 3149 477 3189 eo
512 3133 755 3206 Moyses,
789 3144 844 3191 et
871 3133 1084 3204 Aaron,
1133 3144 1188 3193 et
1230 3135 1419 3195 Maria.
1471 3135 1783 3209 (Nazian.)
1829 3137 1997 3208 Igitur
2024 3143 2070 3208 C
2102 3145 2158 3195 et
2189 3137 2494 3210 quadriﬁdo
2528 3138 2803 3211 Evangelii
2838 3153 3100 3205 numero,
3137 3138 3293 3211 quasi
3328 3137 3509 3194 decies
3541 3153 3681 3209 qua-

397 3225 479 3281 de
512 3224 682 3281 Caath
723 3241 850 3298 pars
880 3227 1097 3300 quidem
1136 3225 1455 3303 [quadam]
1486 3226 1656 3298 plebis
1686 3226 1877 3283 ellecta
1909 3237 1993 3284 est

395 3317 761 3374 sacerdotalis
785 3359 801 3387 ,
850 3335 972 3390 quae
1014 3328 1099 3377 est
1139 3321 1321 3377 Aaron
1366 3328 1423 3377 et
1475 3319 1571 3377 ﬁlii
1604 3318 1742 3388 ejus.
1784 3319 1995 3396 Moyses

400 3415 595 3462 autem
644 3407 701 3462 in
749 3410 1071 3465 sacerdotali
1119 3409 1343 3474 ordine,
1402 3419 1497 3465 aut
1547 3409 1593 3465 si
1643 3410 1773 3479 quid
1823 3409 1991 3466 etiam

362 3556 368 3563 ,
401 3494 643 3568 amplius
672 3497 995 3553 sacerdotali
1033 3513 1156 3555 esse
1193 3505 1371 3570 potest
1399 3497 1682 3554 habendus
1725 3506 1847 3554 est:
1883 3498 1991 3555 alia

402 3599 543 3641 vero
571 3594 656 3642 est
683 3586 821 3642 ratio
860 3587 928 3642 de
970 3587 1095 3643 ﬁliis
1137 3585 1272 3656 ejus.
1311 3585 1504 3645 Caeteri
1543 3596 1721 3643 autem
1762 3603 1830 3644 ex
1870 3588 1997 3645 ﬁliis

404 3676 619 3742 Caath,
660 3678 954 3734 secundum
999 3686 1286 3742 tenuerunt
1320 3678 1378 3734 in
1422 3679 1565 3734 tribu
1603 3678 1755 3735 Levi.
1802 3677 1860 3735 Si
1901 3679 1994 3750 qui

414 3774 545 3822 sunt
578 3781 645 3822 cx
673 3767 924 3835 lssachar
958 3778 1014 3825 et
1050 3769 1303 3826 Chebron
1341 3777 1398 3826 et
1432 3768 1603 3825 Odiel.
1636 3767 1769 3826 Cum
1801 3768 2001 3845 deinde

405 3866 533 3925 post
579 3856 684 3912 hoc
721 3857 992 3926 accipiant
1030 3867 1237 3928 partem
1279 3865 1403 3928 post
1441 3856 1611 3914 Caath
1642 3873 1674 3915 e
1710 3857 1836 3913 ﬁliis
1861 3856 1998 3917 Ger-

409 3962 511 4002 son
555 3946 715 4004 tertio
748 3947 869 4003 loco
900 3966 913 4003 :
953 3949 1281 4004 novissimus
1319 3964 1450 4005 vero
1491 3948 1733 4005 omnium
1770 3947 1987 4006 Merarl.

408 4041 538 4097 llaec
585 4049 671 4097 est
717 4049 898 4097 autem
946 4040 1248 4097 differentia
1296 4040 1458 4113 primi
1504 4040 1745 4109 ordinis,
1797 4048 1853 4096 ct
1900 4056 1994 4097 se-

409 4131 611 4197 cundi,
658 4139 715 4186 et
758 4130 904 4187 tertii
952 4130 1034 4186 vel
1077 4130 1290 4201 quarti,
1335 4144 1500 4199 quam
1538 4129 1716 4201 primo
1755 4128 1996 4184 omnium

411 4220 821 4291 observavimus
850 4220 907 4275 in
950 4220 1210 4276 numeris.
1252 4219 1449 4276 Postea
1493 4219 1672 4285 enim,
1704 4233 1867 4288 quam
1910 4232 2023 4273 or-'

410 4311 608 4368 dinaue
650 4312 869 4369 fuerant
905 4313 1187 4369 duodecim
1231 4313 1405 4368 tribus
1441 4326 1539 4383 per
1574 4319 1810 4383 quatuor
1848 4311 1998 4368 orbis

408 4411 570 4459 terra:
612 4413 828 4475 partes,
880 4404 1028 4461 circa
1068 4419 1253 4460 arcam
1302 4402 1612 4460 testamenti
1648 4402 1861 4459 Domini
1899 4417 1997 4459 ex-

2098 3237 2283 3284 ternas
2324 3229 2487 3285 urbes
2519 3229 2812 3295 habentes,
2851 3229 3048 3302 quibus
3080 3229 3244 3285 etiam
3276 3228 3394 3284 duae
3419 3223 3684 3296 adjiciun-

2099 3326 2208 3383 tur,
2240 3316 2366 3389 quia
2397 3317 2653 3372 nimirum
2679 3326 2872 3373 cuncta
2899 3333 3019 3389 quae
3042 3317 3340 3393 pradicant
3357 3355 3373 3384 ,
3400 3315 3595 3372 morali
3616 3331 3683 3371 ac

2096 3406 2326 3481 mystico
2369 3422 2531 3464 sensu
2565 3407 2906 3462 annuntiant.

2172 3515 2191 3549 ι
2226 3496 2297 3553 Εῑ
2332 3496 2472 3564 erit,
2517 3496 2733 3566 inquit,
2762 3496 3132 3553 sanctuarium
3159 3495 3373 3552 Domini
3404 3493 3459 3550 in
3499 3493 3681 3551 medio

2102 3605 2121 3639 ι
2158 3584 2295 3657 ejus.
2339 3585 2728 3643 Sacerdotibus
2767 3588 3138 3643 sanctuarium
3172 3587 3279 3644 erit
3311 3587 3381 3642 de
3412 3587 3538 3643 ﬁliis
3577 3585 3678 3642 Sa-

2102 3699 2121 3732 c
2158 3679 2330 3747 doch,
2370 3678 2463 3749 qui
2502 3679 2874 3736 custodierunt
2893 3679 3254 3735 caeremonias
3294 3693 3443 3735 meas
3476 3688 3532 3735 et
3566 3694 3678 3735 non

2102 3787 2121 3820 ι
2157 3777 2480 3825 erraverunt
2509 3784 2633 3824 cum
2661 3775 2911 3825 errarent
2936 3767 3031 3823 ﬁlii
3058 3768 3223 3824 Israel
3244 3809 3260 3836 ,
3286 3768 3430 3824 sicut
3456 3783 3679 3825 errave-

2102 3877 2122 3911 ‹
2156 3866 2285 3915 runt
2308 3858 2530 3915 Levita.
2554 3858 2622 3915 Et
2643 3866 2805 3915 erunt
2827 3859 3083 3930 primitiae
3110 3858 3177 3915 de
3200 3859 3492 3930 primitivis
3519 3867 3680 3916 terra:

2102 3970 2121 4004 ι
2157 3958 2406 4007 sanctum
2449 3959 2765 4007 sanctorum
2799 3950 2953 4021 juxta
2982 3952 3272 4007 terminum
3301 3951 3633 4009 Levitarum.
3655 3970 3676 4003 ι

2098 4039 2377 4115 (Hier-om)
2410 4039 2653 4109 Quatuor
2678 4041 3039 4112 primitiarum
3067 4041 3452 4098 describuntur
3480 4042 3680 4115 plagae,

2095 4148 2217 4203 qua:
2243 4147 2351 4188 non
2377 4133 2448 4188 ad
2473 4131 2731 4205 populum
2759 4146 2860 4187 nec
2885 4130 2953 4187 ad
2979 4132 3170 4203 vulgus
3199 4131 3432 4203 ignobile
3448 4174 3464 4200 ,
3506 4148 3685 4204 neque

2098 4221 2165 4277 ad
2209 4221 2459 4288 Levites,
2502 4221 2608 4278 hoc
2649 4228 2733 4279 est
2777 4220 3089 4276 inferiorem
3125 4223 3389 4294 gradum,
3420 4222 3517 4279 sed
3556 4237 3686 4295 pro-

2097 4316 2215 4386 prie
2261 4316 2329 4374 ad
2372 4314 2577 4372 cultum
2619 4315 2856 4387 pertinet
2894 4315 3272 4384 sacerdotum,
3304 4315 3573 4388 aquilonis
3603 4317 3687 4372 vi-

2098 4405 2294 4463 delicet
2336 4415 2393 4463 et
2438 4406 2737 4465 occidentis
2783 4416 2840 4463 et
2881 4407 3109 4465 orientis
3150 4415 3205 4463 et
3250 4409 3451 4475 austri,
3493 4416 3548 4465 et
3586 4424 3686 4481 per

407 4495 597 4550 cubias
635 4511 829 4568 agere,
874 4505 930 4553 et
972 4505 1190 4553 statutae
1229 4505 1358 4554 sunt
1402 4505 1512 4553 tres
1556 4495 1778 4567 quidem
1822 4496 1997 4553 tribus
2020 4496 2076 4558 D
2099 4505 2285 4567 partes
2322 4496 2663 4569 profectuum
2700 4499 2835 4555 ordo
2875 4507 3148 4568 narratur,
3187 4507 3247 4554 ut
3284 4498 3553 4569 aquilonis
3581 4498 3684 4554 fri-

407 4583 481 4637 ab
530 4586 774 4651 oriente,
826 4595 883 4642 et
925 4594 1038 4642 tres
1082 4587 1301 4657 quidem
1350 4587 1419 4643 ab
1468 4585 1655 4642 Africo
1697 4585 1783 4643 vel
1826 4586 1991 4642 meri-

406 4676 607 4745 diano,
639 4686 751 4734 tres
779 4686 959 4733 autem
997 4692 1181 4745 mare,
1221 4679 1367 4750 quod
1394 4686 1478 4734 est
1515 4680 1585 4734 ad
1624 4677 1990 4744 occidentem,

409 4776 527 4845 tres
572 4785 704 4824 vero
751 4768 820 4825 ad
866 4768 1211 4839 aquilonem,
1255 4769 1349 4839 qui
1391 4777 1475 4826 est
1521 4768 1851 4838 septentrio,
1898 4769 1990 4824 ubi

408 4860 578 4917 etiam
625 4860 716 4916 isti
757 4876 857 4931 per
902 4868 1136 4930 quatuor
1178 4860 1328 4916 orbis
1374 4867 1535 4917 terrae
1572 4869 1753 4932 partes
1799 4859 1990 4915 eodem

406 4950 602 5008 ordine
637 4951 980 5025 deputantur.
1013 4950 1082 5006 Et
1116 4951 1184 5007 ab
1211 4950 1425 5007 oriente
1466 4949 1686 5022 quidem
1740 4950 1833 5006 ubi
1875 4957 1997 5005 erat

410 5043 589 5098 tribus
629 5040 765 5097 Juda
786 5082 802 5109 ,
831 5058 952 5114 quae
978 5051 1097 5100 erat
1133 5044 1276 5103 inter
1307 5051 1537 5101 caeteras
1576 5043 1749 5118 prima
1770 5083 1787 5111 ,
1814 5043 1996 5101 Aaron

410 5142 576 5205 atque
607 5131 704 5189 ﬁlii
731 5131 850 5203 ejus
884 5134 1242 5191 collocantur.
1285 5133 1456 5192 Caath
1496 5149 1632 5192 vero
1669 5142 1724 5190 ct
1767 5134 1993 5209 reliqui,

409 5228 506 5299 qui
553 5235 715 5284 erant
754 5226 850 5283 lilii
896 5242 1076 5285 arcam
1116 5227 1427 5285 testamenti
1462 5226 1674 5284 Domini
1717 5226 1898 5284 levare
1941 5227 1995 5283 in

411 5321 670 5378 humeros
711 5329 767 5376 et
810 5321 956 5378 tubis
994 5337 1194 5380 canere
1239 5329 1599 5378 statuuntur:
1644 5321 1719 5378 ita
1761 5329 1822 5378 ut
1869 5336 1994 5379 cum

412 5410 589 5481 prima
637 5412 765 5467 tuba
820 5410 1171 5477 cecinissent,
1227 5419 1509 5468 moverent
1555 5419 1738 5469 castra
1790 5412 1847 5470 hi
1898 5411 1991 5482 qui

358 5546 363 5551 .
412 5509 574 5557 erant
619 5503 689 5559 ab
731 5503 964 5560 oriente.
1016 5501 1154 5559 Cum
1199 5516 1333 5557 vero
1381 5501 1669 5579 cecinisset
1717 5500 1990 5565 secunda,

413 5592 474 5650 bi
514 5593 609 5663 qui
651 5602 810 5649 erant
847 5610 880 5651 a
916 5594 1217 5652 meridiano
1256 5602 1678 5663 consurgerent,
1722 5594 1883 5650 tertia
1924 5594 1994 5649 ab

415 5683 726 5751 occidente,
758 5693 950 5757 quarta
988 5686 1056 5745 ab
1081 5684 1355 5761 aquilone.
1385 5683 1547 5745 Vides
1568 5691 1828 5755 quantum
1856 5682 1993 5742 ordo

2099 4604 2231 4664 gora
2281 4589 2649 4662 relinquentes
2700 4589 2983 4647 veniamus
3030 4590 3099 4645 ad
3148 4590 3519 4657 occidentem,
3572 4605 3687 4661 quo

2098 4678 2295 4735 scilicit
2344 4679 2596 4737 occidant
2645 4677 2804 4735 nobis
2852 4677 2983 4733 vitia
3039 4685 3203 4751 atque
3260 4678 3550 4753 intereant.
3609 4676 3682 4733 Et

2098 4771 2224 4826 inde
2269 4778 2611 4825 transeamus
2654 4769 2723 4825 ad
2762 4769 3062 4837 orientem,
3105 4778 3334 4840 ortoque
3376 4769 3532 4825 nobis
3569 4769 3685 4825 sole

2088 4857 2315 4930 justitiae
2354 4859 2638 4916 veniamus
2680 4858 2749 4915 ad
2785 4860 3067 4917 meridiem
3099 4860 3151 4916 in
3180 4876 3287 4935 qua
3320 4860 3682 4917 clarissimum

2095 4951 2277 5009 lumen
2325 4959 2488 5027 atque
2535 4951 2835 5024 perfectum
2883 4962 3001 5021 est,
3055 4960 3109 5012 et
3153 4961 3265 5007 tam
3314 4954 3383 5007 ab
3427 4952 3682 5025 aquilone

2097 5057 2269 5117 usque
2309 5042 2378 5098 ad
2424 5056 2609 5108 mare,
2655 5056 2818 5113 quam
2861 5041 2927 5096 ab
2973 5041 3185 5097 oriente
3232 5057 3404 5111 usque
3446 5040 3514 5096 ad
3561 5057 3680 5104 me-

2101 5133 2294 5191 ridiem
2338 5132 2528 5205 viginti
2573 5131 2812 5208 quinque
2854 5130 3021 5187 millia
3066 5130 3414 5203 longitudinis
3460 5141 3521 5192 et
3559 5131 3683 5199 lati-

2105 5224 2308 5283 tudinis
2351 5224 2537 5279 decem
2580 5220 2749 5277 millia
2793 5221 2934 5288 sint,
2980 5228 3040 5275 ut
3083 5221 3281 5291 ubique
3321 5220 3510 5283 eadem
3560 5221 3677 5280 lon-

2103 5315 2361 5389 gitudinis
2409 5324 2464 5372 et
2511 5311 2815 5371 latitudinis
2865 5326 3119 5369 mensura
3171 5318 3438 5368 servetur;
3475 5331 3496 5366 ι
3535 5310 3680 5368 San-

2103 5408 2372 5467 ctuarium
2425 5414 2641 5473 autem,
2680 5425 2698 5458 ι
2734 5405 2789 5460 id
2839 5413 2923 5460 est
2975 5406 3232 5477 templum
3276 5405 3533 5472 Domini‘,
3563 5425 3582 5456 ι
3619 5405 3675 5459 in

2100 5499 2278 5554 medio
2327 5498 2432 5555 erit
2466 5517 2485 5549 ι
2519 5497 2881 5568 primitiarum
2928 5497 3377 5558 sacerdotalium.
3423 5504 3479 5551 et
3523 5511 3680 5566 aequo

2101 5590 2271 5645 latere
2313 5605 2379 5645 ex
2422 5587 2567 5642 omni
2612 5588 2766 5658 parte
2811 5586 3116 5647 vallahitur.
3160 5587 3228 5641 Et
3269 5587 3392 5657 quia
3432 5586 3674 5650 dixerat,

2050 5706 2062 5711 -
2101 5679 2185 5737 hic
2229 5686 2409 5734 autem
2450 5668 2610 5734 et’unt
2649 5674 2905 5747 primitire
2946 5676 3238 5733 sanctuarii
3287 5676 3631 5732 sacerdotum
3656 5715 3672 5740 ,
