4112 6364
528 289 665 346 {0'75
1164 289 1226 343 B.
1270 289 1519 344 [MBAN]
1560 289 1780 345 MAUlll
1813 291 2083 348 ARCHIE]

2186 293 2475 350 thGUNT.
2509 293 2797 354 OPERUM
2839 298 3023 357 PARS
3062 299 3124 356 ll.
3641 304 3789 360 1076

523 420 590 458 ne
637 403 912 457 communi
959 403 1217 459 vocabulo
1267 419 1456 460 omnes
1501 404 1810 461 sacerdotes
1858 405 2099 461 vindica~
2129 406 2178 466 A
2207 417 2262 462 et
2291 409 2544 480 intelligit
2575 427 2633 468 se
2661 428 2692 467 a
2723 413 3047 486 sacerdotali
3079 414 3246 486 gradu
3293 429 3413 472 esse
3451 415 3788 488 disjenctam

519 505 641 552 rent
691 494 798 552 sibi
852 494 1010 564 hujus
1060 496 1160 552 loci
1213 499 1606 566 possessionem
1659 507 1714 553 et
1751 501 2105 556 cmremonias
2204 499 2269 552 ad
2299 499 2678 556 decutiendam
2723 505 3033 573 superbiam
3064 505 3476 574 ministrorum,
3503 508 3594 577 qui
3627 508 3790 580 igno-

516 587 909 652 observandas,
957 588 1110 658 ponit
1156 587 1464 658 specialiter
1491 587 1763 654 inferens,
1794 608 1813 640 ι
1850 590 2101 644 sacerdo-

517 681 660 737 tibus
709 681 1080 738 sanctuarinm
1127 680 1233 736 erit
1281 679 1348 734 de
1393 680 1520 735 ﬁliis
1569 678 1814 742 Sadoch,
1843 699 1862 731 ι
1897 681 1988 750 qui
2020 681 2101 734 in-

514 779 853 840 terpretatur
889 770 1103 842 justus,
1155 771 1222 826 de
1269 784 1379 840 quo
1428 769 1629 826 dicitur
1661 787 1674 823 :
1708 788 1726 822 ι
1762 768 1947 826 Justus
1996 771 2102 826 Do-

514 858 698 914 minus
743 869 798 914 et
837 858 1076 928 justitias
1117 857 1338 925 dilexit,
1383 859 1695 929 :equitatem
1739 859 1874 913 vidit
1921 859 2101 914 vultus

514 951 634 1020 ejus
664 949 852 1019 (Paul.
884 967 920 1005 χ
940 949 982 1020 ).
1016 970 1034 1002 ι
1070 949 1174 1004 Pro
1200 967 1306 1021 quo
1336 949 1545 1005 Sadoch
1575 950 1931 1020 Septuaginta
1959 951 2097 1004 scri-

515 1043 654 1098 bunt
698 1041 898 1097 Saduc.
943 1040 1060 1111 Ipse
1109 1041 1320 1095 Sadoch
1364 1039 1607 1110 loquitur
1654 1041 1707 1094 in
1757 1040 2093 1110 Evangelia:

519 1155 542 1188 ι
575 1133 692 1190 Νοη
721 1136 864 1190 enim
893 1135 1054 1189 Pater
1076 1134 1283 1204 judicat
1311 1149 1640 1206 quemquam
1661 1177 1675 1201 ,
1706 1136 1799 1191 sed
1827 1151 1988 1190 omne
2010 1135 2098 1206 ju-

515 1225 716 1282 dicium
758 1224 904 1281 dedit
944 1225 1078 1281 Filio
1111 1224 1307 1296 (Joan.
1343 1225 1436 1296 v).
1471 1245 1489 1278 ι
1524 1227 1593 1282 Et
1631 1227 1698 1281 de
1738 1228 1842 1282 hoc
1866 1229 1966 1282 sub
1993 1242 2092 1282 no-

513 1316 663 1372 mine
691 1314 993 1371 Salomonis
1025 1316 1249 1386 mystice
1276 1316 1544 1387 Propheta
1573 1317 1821 1372 decantat
1849 1335 1862 1372 :
1895 1319 2092 1385 «Deus,

507 1407 771 1480 judicium
794 1417 941 1463 tuum
968 1408 1034 1464 da
1062 1409 1197 1479 regi,
1220 1416 1273 1464 et
1291 1408 1561 1478 justitiam
1587 1418 1733 1464 tuam
1757 1410 1866 1464 ﬁlio
1891 1412 2051 1482 regis.
2067 1432 2086 1465 ι

507 1493 594 1551 Illi
636 1504 818 1551 autem
859 1497 1171 1551 sacerdotes
1202 1497 1403 1551 domini
1443 1498 1812 1554 sanctuarium
1854 1499 2092 1568 posside-

508 1585 646 1642 bunt
687 1594 742 1642 et
779 1587 1082 1644 custodient
1123 1590 1474 1645 caeremonias
1504 1589 1649 1659 ejus,
1684 1592 1773 1661 qui
1806 1609 1910 1646 non
1942 1609 2092 1648 erra-

2203 596 2386 644 rantes
2437 589 2796 651 humilitatem
2849 603 3025 649 status
3069 594 3195 662 sui,
3242 595 3382 650 ultra
3426 600 3780 662 sacerdotes,

2200 675 2302 730 hoc
2340 685 2459 743 est,
2510 682 2856 751 presbyteros
2907 682 3306 748 intumescunt,
3356 691 3410 737 et
3455 683 3781 756 dignitatem

2200 782 2306 822 non
2340 770 2558 836 merito,
2585 772 2680 826 sed
2711 773 2914 828 divitiis
2939 775 3228 829 :estimant.
3259 775 3418 831 Certe
3445 777 3535 847 qui
3568 779 3784 848 primus

2201 856 2365 912 fuerit
2415 860 2820 929 ministrorum,
2877 864 2968 934 qui
3020 881 3116 934 per
3165 865 3374 937 singula
3425 868 3788 925 concionatur

2199 947 2251 1002 in
2296 949 2521 1020 populos
2565 960 2621 1007 et
2662 968 2694 1007 a
2744 954 3017 1024 pontiﬁcis
3059 955 3229 1011 latere
3269 973 3374 1012 non
3417 957 3658 1024 recedit,
3692 960 3785 1018 in-

2189 1037 2390 1106 juriam
2421 1049 2575 1111 putat
2601 1043 2644 1098 si
2687 1046 2970 1115 presbyter
3019 1048 3314 1112 ordinetur,
3345 1057 3400 1102 et
3441 1065 3547 1103 non
3592 1051 3788 1105 memi-

2196 1132 2275 1186 nit
2316 1149 2626 1191 mensarum
2665 1143 2721 1190 et
2759 1136 3040 1192 viduarum
3075 1137 3323 1192 minister
3359 1138 3412 1192 in
3455 1141 3786 1210 obsequium

2196 1237 2274 1288 se,
2303 1231 2356 1278 et
2383 1224 2741 1279 ministerium
2765 1240 2872 1279 non
2900 1226 3070 1280 solum
3098 1227 3440 1284 sacerdotum
3460 1269 3480 1294 ι
3502 1228 3596 1282 sed
3621 1238 3676 1283 et
3697 1229 3783 1283 vi-

2195 1312 2420 1366 duarum
2453 1320 2507 1368 et
2535 1329 2833 1384 pauperum
2863 1315 3184 1387 delegatum.
3218 1337 3235 1366 ι
3272 1317 3339 1372 Et
3367 1333 3474 1373 non
3503 1320 3784 1374 venunda-

2192 1400 2360 1467 bunt,
2384 1401 2590 1473 inquit,
2614 1419 2680 1458 ex
2709 1419 2776 1459 eo
2800 1421 2975 1476 neque
3001 1409 3317 1473 mutabunt,
3344 1428 3360 1458 ι
3383 1417 3443 1463 ιιι
3465 1419 3787 1478 permaneat

2191 1489 2442 1545 Leviticte
2470 1492 2864 1548 distributionis
2895 1503 3094 1549 aeterna
3123 1497 3394 1567 possessio
3412 1538 3427 1560 ,
3460 1513 3561 1552 nec
3589 1499 3783 1553 vinca-

2193 1587 2282 1633 tur
2307 1581 2481 1650 pretio
2523 1583 2775 1636 meritum
2807 1583 3105 1653 dignitatis,
3135 1601 3234 1639 nec
3258 1587 3327 1640 ab
3355 1586 3459 1640 alio
3487 1586 3785 1642 transfera-

508 1687 707 1734 verunt
745 1694 866 1734 cum
909 1689 1156 1735 errarent
1204 1679 1296 1734 ﬁlii
1339 1681 1501 1736 lsrael
1546 1691 1708 1752 atque
1748 1681 1978 1749 Levitze,
2024 1685 2092 1739 de
2191 1685 2312 1725 ""15
2338 1671 2404 1724 ad
2433 1670 2631 1736 alium.
2674 1672 2800 1742 αιιίίι
2847 1688 2966 1742 (Ιιιεε
3015 1673 3348 1728 εδηεῑίίῖεθιθ
3389 1684 3512 1729 sum
3548 1677 3784 1732 θοωίηο

510 1769 708 1840 quibus
761 1770 814 1824 iu
865 1772 1233 1842 superi-oribus
1287 1773 1619 1843 disputatum
1671 1783 1789 1840 est,
1839 1775 1930 1844 qui
1980 1791 2087 1832 mu
2117 1753 2164 1811 B
2192 1775 2299 1813 non
2341 1768 2465 1814 sunt
2500 1776 2687 1816 eorum
2719 1762 2920 1830 quibus
2957 1763 3082 1818 data
3131 1772 3290 1829 sunt,
3335 1765 3426 1819 sed
3475 1767 3590 1838 ejus
3624 1766 3789 1836 cujus

507 1858 744 1915 onerum
788 1861 1068 1928 victimas,
1100 1865 1193 1918 sed
1239 1865 1518 1936 privilegio
1553 1866 1787 1921 nominis
1837 1875 1891 1922 et
1940 1882 2092 1923 οπο,
2193 1848 2410 1902 nomine
2432 1851 2795 1920 possidentur.
2825 1853 3072 1923 Quinque
3101 1854 3267 1909 millia
3297 1864 3501 1920 autem,
3534 1873 3652 1926 qua:
3682 1874 3780 1913 su-

509 1947 591 2004 ris
637 1949 721 2004 sui
765 1949 1072 2007 humilitate
1117 1954 1392 2021 contenti,
1442 1971 1656 2026 semper
1700 1955 1994 2027 loquuntur
2036 1959 2090 2014 in

508 2038 721 2093 corde:
754 2038 1148 2110 «Iniquitatem
1191 2057 1366 2098 meam
1414 2060 1514 2117 ego
1559 2061 1825 2117 agnosco,
1870 2056 1923 2103 et
1967 2064 2092 2118 pec-

507 2136 689 2184 catum
733 2146 912 2186 meum
959 2147 1142 2190 coram
1187 2150 1275 2190 me
1314 2145 1399 2190 est
1440 2151 1655 2208 semper
1698 2136 1888 2208 (Psal.
1934 2138 2028 2210 ι).
2065 2157 2084 2191 ι

507 2217 708 2274 Audiat
749 2219 855 2276 hoc
900 2224 1252 2280 sacerdotalis
1299 2226 1499 2296 gradus
1541 2235 1596 2282 et
1635 2227 1850 2282 Ariana:
1912 2243 2090 2298 perse-

507 2309 745 2366 cutionis
808 2312 1004 2369 ardore
1067 2323 1352 2385 superatus
1379 2355 1393 2381 ,
1439 2331 1504 2370 ae
1541 2331 1681 2372 vera:
1728 2326 1916 2386 postea
1965 2317 2088 2372 ﬁdei

502 2413 577 2456 ne
613 2401 807 2470 opibus
856 2413 1059 2470 careat,
1085 2406 1327 2474 potentia
1380 2405 1514 2461 colla
1571 2407 1909 2468 submittens,
1944 2405 2090 2460 sum-

501 2505 630 2548 cere
680 2492 783 2548 sibi
835 2494 883 2548 si
936 2511 1042 2549 non
1097 2495 1400 2566 expellatur
1447 2511 1478 2552 e
1528 2497 1746 2565 templo,
1775 2496 1818 2550 si
1870 2495 2086 2566 pristini

503 2581 743 2638 nominis
789 2584 1035 2638 umbram
1074 2587 1365 2654 quamdam
1420 2595 1476 2641 et
1525 2586 1812 2657 imaginem
1869 2593 2084 2652 teneat,

502 2679 562 2724 et
605 2686 711 2725 non
761 2673 1048 2742 resupinus
1104 2684 1358 2730 eructans
1399 2675 1647 2742 delicias,
1687 2677 1839 2746 quasi
1890 2677 2084 2732 imma—

504 2759 720 2815 culatus
749 2768 802 2816 et
829 2777 997 2831 purus
1039 2763 1104 2820 de
1146 2765 1515 2822 excelsissimo
1555 2768 1750 2823 throno
1790 2767 1946 2823 nobis
1986 2768 2087 2822 im-

500 2851 712 2921 peritia:
739 2867 850 2907 suae
877 2861 932 2909 et
957 2855 1202 2912 barbara:
1230 2858 1558 2928 garrulitatis
1598 2867 1770 2914 ructet
1802 2874 2082 2914 nauseam.

509 2959 529 2992 ι
560 2939 763 3007 Erunt,
797 2942 1004 3015 inquit,
1048 2947 1127 3000 eis
1163 2949 1416 3017 primitize
1445 2950 1510 3004 de
1538 2949 1794 3020 primitiis
1838 2958 2030 3017 terra},
2061 2970 2079 3004 ι

500 3029 608 3085 hoc
650 3040 735 3086 est
779 3034 1179 3102 sacerdotibus,
1221 3046 1275 3090 et
1320 3037 1413 3106 qui
1454 3054 1559 3093 non
1601 3049 1920 3096 erraverunt
1959 3057 2084 3096 cum

2191 1951 2412 2011 persunt
2441 1942 2494 1996 in
2522 1942 2807 1998 latitudine
2835 1958 2932 2014 per
2957 1945 3146 2014 viginti
3185 1946 3420 2015 quinque
3451 1947 3617 2001 millia
3637 1989 3652 2013 ,
3682 1964 3780 2003 su-

2190 2032 2447 2086 bauditur
2470 2033 2821 2104 longitudinis
2852 2035 3074 2106 profana
3111 2046 3270 2092 erunt
3299 2039 3452 2094 urbis
3485 2049 3542 2093 et
3570 2042 3778 2097 cunctis

2189 2123 2433 2177 habitare
2461 2123 2619 2182 liceat
2639 2125 3190 2198 lsraelitis.omnique
3213 2127 3277 2182 de
3297 2127 3474 2197 plebe,
3499 2145 3604 2184 non
3628 2131 3781 2200 quod

2189 2212 2462 2268 immunda
2495 2215 2605 2269 sint
2645 2224 2739 2270 aut
2766 2216 2966 2286 aliquid
3004 2217 3058 2271 in
3097 2217 3432 2274 habitatione
3470 2227 3628 2275 terrae
3654 2214 3782 2276 san-'-

2189 2313 2290 2359 cta:
2331 2306 2754 2361 contaminatum
2804 2315 3024 2378 putetur
3063 2318 3118 2364 et
3165 2310 3466 2374 sordidum,
3512 2311 3607 2366 sed
3635 2313 3779 2381 quod

2188 2403 2384 2465 praeter
2407 2397 2713 2452 sacerdotes
2737 2397 3062 2452 omnibusin
3087 2399 3164 2453 eis
3187 2398 3432 2454 habitare
3452 2403 3780 2470 permissum

2189 2484 2278 2538 sit.
2319 2483 2423 2542 Per
2454 2500 2573 2556 quae
2610 2486 2956 2558 intelligimus
2983 2497 3174 2543 cuncta
3197 2529 3213 2554 ,
3239 2505 3361 2558 qua:
3395 2490 3680 2547 referimus
3711 2493 3786 2550 ad

2189 2588 2381 2629 sensus
2399 2614 2414 2640 ,
2445 2574 2548 2630 hoc
2572 2583 2676 2642 est,
2705 2577 2772 2630 ad
2799 2578 3043 2646 corporis
3084 2578 3406 2648 voluptates,
3423 2596 3540 2650 qua:
3575 2582 3700 2636 visu
3726 2592 3783 2638 et

2189 2667 2396 2732 auditu,
2425 2676 2591 2731 tactu,
2619 2669 2786 2725 odore
2813 2678 2868 2723 et
2890 2685 3080 2740 sapore
3107 2671 3350 2740 capimus
3380 2687 3501 2727 esse
3527 2673 3777 2742 profana,

2188 2765 2243 2809 et.
2269 2757 2449 2827 templi
2483 2760 2894 2815 sanctimoniam
2927 2775 3032 2813 non
3059 2759 3282 2826 habere,
3314 2775 3417 2815 nec
3467 2764 3776 2816 sacerdota-

2188 2845 2254 2900 lis
2279 2862 2399 2902 esse
2431 2848 2728 2922 privilegii,
2765 2850 2860 2905 sed
2902 2850 3054 2905 laieae
3089 2850 3331 2906 vilitatis.
3365 2851 3570 2907 Civitas
3596 2862 3780 2909 autem

2187 2939 2292 2993 erit
2317 2940 2369 2994 in
2397 2942 2604 3008 medio,
2639 2943 2705 2998 de
2736 2958 2841 3012 qua
2878 2944 3140 3013 scriptum
3170 2953 3254 2999 est
3285 2964 3298 2998 :
3337 2964 3356 2996 ι
3389 2945 3652 3002 Fluminis
3677 2949 3778 3002 im-

2187 3039 2342 3098 petus
2367 3031 2602 3086 laetiﬁcat
2629 3033 2899 3088 civitatem
2930 3033 3024 3088 Dei
3055 3033 3224 3105 (Psal.
3253 3034 3399 3104 χιιι).
3423 3055 3441 3086 ›
3471 3036 3538 3090 Ει
3563 3056 3576 3090 :
3610 3057 3626 3087 ι
3655 3036 3774 3099 Non

498 3131 751 3178 errarent
794 3122 888 3178 ﬁlii
933 3124 1098 3180 Israel
1144 3136 1198 3180 et
1238 3125 1454 3183 Levitre.
1496 3128 1754 3185 Primitize
1792 3139 1970 3188 autem
2019 3132 2083 3188 de

2189 3131 2367 3192 potest
2391 3123 2581 3180 civitas
2611 3123 2868 3180 abscondi
2900 3139 3061 3195 super
3085 3134 3323 3180 montem
3350 3127 3520 3195 posita
3553 3126 3764 3196 (Matth.

498 3211 790 3282 primitiis,
838 3215 980 3271 sicut
1026 3216 1359 3272 decimarum
1412 3219 1668 3288 decimae,
1724 3231 2081 3295 sanctumque

498 3310 812 3357 sanctorum
851 3303 1004 3374 juxta
1052 3307 1342 3362 terminum
1388 3309 1714 3377 Levitarum,
1745 3322 1804 3367 ut
1847 3314 2081 3369 habeant

499 3393 716 3462 quidem
761 3393 964 3450 Levita:
1004 3398 1237 3453 conﬁnia
1290 3403 1664 3468 sacerdotum,
1719 3405 1811 3458 sed
1865 3407 2081 3460 umbili-

498 3495 655 3549 cum,
698 3483 752 3538 id
797 3494 879 3542 est
926 3488 1163 3546 medium
1201 3489 1337 3558 ejus,
1375 3500 1430 3546 et
1474 3493 1643 3563 ipsam
1683 3496 2079 3564 possessionem

498 3577 690 3628 tenere
732 3589 839 3629 non
884 3576 1120 3634 valeant.

577 3691 599 3724 ‹
638 3673 744 3729 Sed
792 3681 847 3729 et
888 3674 1090 3732 Levitis
1140 3677 1386 3734 similiter
1429 3677 1585 3746 juxta
1639 3679 1774 3736 ﬁnes
1829 3684 2080 3739 sacerdo-

499 3776 527 3814 ι
562 3767 678 3815 tum
730 3761 919 3830 viginti
974 3773 1030 3818 et
1077 3766 1313 3835 quinque
1365 3768 1528 3822 millia
1582 3768 1968 3839 longitudinis,
2024 3783 2079 3827 et

504 3851 864 3907 «latitudinis
917 3853 1104 3910 decem
1157 3855 1344 3911 millia.
1399 3855 1586 3913 Omnis
1639 3859 1916 3930 longitudo
1969 3877 2076 3916 xxv

502 3959 524 3993 σ
560 3939 820 4007 millium,
861 3951 917 3998 et
954 3943 1181 3999 latitudo
1221 3946 1406 4002 decem
1446 3948 1697 4004 millium.
1740 3951 1808 4004 Et
1852 3967 1959 4006 non
1985 3967 2078 4008 ve-

501 4048 522 4082 ι
555 4030 876 4087 nundabunt
930 4049 995 4089 ex
1049 4049 1115 4089 eo
1161 4051 1335 4106 neque
1386 4039 1670 4094 mutabunt
1717 4055 1817 4096 nec
1868 4044 2074 4098 tranfe-

501 4142 521 4174 ι
555 4131 747 4178 rentur
802 4126 1056 4195 primitiae
1109 4137 1301 4196 terrae,
1361 4132 1487 4200 quia
1547 4133 1897 4189 sanctiﬁcata
1953 4143 2078 4190 sunt

499 4230 521 4264 ι
557 4213 795 4270 domino.
841 4215 1088 4287 Quinque
1148 4220 1314 4274 millia
1373 4229 1586 4286 autem,
1627 4238 1748 4292 qua:
1789 4233 2078 4294 supersunt

501 4318 524 4354 ε
560 4300 617 4356 in
664 4301 946 4360 latitudine
989 4320 1087 4375 per
1130 4306 1319 4377 viginti
1363 4310 1598 4378 quinque
1636 4311 1805 4366 millia
1852 4311 2076 4382 profana

501 4406 525 4442 ι
557 4399 718 4445 erunt
756 4391 910 4446 urbis
957 4393 1381 4462 inhabitaeulum
1423 4407 1480 4452 et
1527 4400 1580 4453 in
1626 4399 1955 4455 suburbana.
2009 4401 2076 4455 Et

2186 3211 2263 3284 v),
2291 3232 2308 3265 ›
2335 3214 2400 3268 de
2423 3229 2528 3283 qua
2551 3214 2792 3270 dicemus
2815 3215 2868 3269 in
2891 3217 3369 3286 consequentibus,
3391 3221 3755 3292 ῐιροτείχισμα,

2187 3301 2288 3358 hoc
2332 3313 2443 3368 est,
2489 3305 2844 3371 antemurale,
2878 3315 2932 3360 et
2977 3306 3266 3375 Διάστημα,
3300 3308 3350 3361 id
3383 3318 3493 3372 est,
3524 3308 3764 3376 spatium

2183 3396 2326 3464 quod
2365 3395 2712 3466 Septuaginta
2746 3412 2844 3466 pro
2884 3397 3198 3451 suburbanis
3243 3398 3577 3466 interpretati
3617 3404 3771 3471 sunt,

2182 3498 2341 3554 quem
2371 3499 2589 3539 sensum
2618 3484 2670 3539 in
2697 3485 2801 3540 hoc
2829 3485 2947 3541 loco
2970 3485 3205 3541 habeant
3231 3487 3563 3556 ignoramus.

2258 3590 2276 3623 ι
2313 3573 2381 3634 Et
2416 3574 2498 3627 ha:
2523 3589 2791 3630 mensurae.
2822 3575 2937 3645 ejus
2969 3592 2982 3627 :
3011 3575 3092 3629 Ad
3127 3576 3338 3647 plagam
3377 3576 3774 3644 septentriona-

2188 3683 2206 3715 ι
2244 3663 2349 3719 lem
2379 3665 2670 3736 quingenta
2699 3676 2754 3722 et
2775 3677 3008 3737 quatuor
3037 3667 3225 3732 millia,
3251 3676 3305 3722 et
3324 3668 3392 3722 ad
3415 3668 3630 3738 plagam
3661 3684 3772 3723 me-

2187 3775 2204 3806 ι
2245 3757 2507 3813 ridianam
2533 3758 2824 3828 quingenta
2847 3767 2902 3814 et
2923 3767 3156 3828 quatuor
3182 3758 3346 3812 millia
3373 3767 3427 3812 et
3461 3760 3530 3812 ad
3562 3759 3764 3828 plagam

2186 3867 2203 3897 ι
2240 3847 2559 3901 orientalem
2588 3849 2880 3919 quingenta
2910 3857 2964 3903 et
2999 3857 3230 3918 quatuor
3257 3849 3454 3913 millia,
3482 3859 3538 3904 et
3563 3851 3628 3902 ad
3657 3851 3771 3918 pla-

2186 3956 2204 3988 ι
2244 3954 2363 4009 gam
2399 3937 2786 3994 occidentalem
2827 3941 3118 4008 quingenta
3157 3947 3212 3994 et
3248 3948 3483 4009 quatuor
3519 3941 3704 3994 millia.
3743 3958 3768 3994 ι

2180 4028 2331 4098 Quod
2361 4030 2492 4084 dicit
2521 4049 2535 4085 :
2571 4050 2589 4084 ι
2627 4030 2695 4084 Et
2717 4031 2800 4085 hac
2826 4046 3092 4086 mensura:
3117 4032 3252 4101 ejus,
3290 4051 3311 4084 ι
3336 4031 3768 4085 subaudiendum

2179 4127 2263 4173 est
2291 4119 2544 4174 civitatis.
2577 4119 2634 4174 In
2669 4120 2773 4174 ﬁne
2801 4120 2943 4174 enim
2976 4120 3234 4190 praeteriti
3274 4119 3494 4189 capituli
3533 4120 3766 4188 positum

2179 4215 2280 4272 est,
2301 4228 2317 4260 ι
2347 4217 2402 4262 et
2427 4209 2530 4263 erit
2557 4209 2749 4263 civitas
2776 4209 2829 4265 in
2858 4209 3035 4264 medio
3065 4207 3200 4276 ejus,
3228 4209 3280 4266 id
3307 4217 3410 4274 est,
3431 4217 3612 4262 teme.
3644 4207 3767 4261 Pri-

2179 4313 2434 4367 mumque
2481 4314 2511 4353 a
2553 4299 2707 4370 plaga
2749 4300 3151 4369 septentrionali
3183 4299 3392 4368 incipit,
3413 4300 3768 4369 eteregione

2179 4389 2332 4456 ponit
2374 4388 2588 4457 plagam
2639 4389 3015 4443 meridianam.
3055 4388 3400 4458 Rursumque
3441 4405 3542 4459 par
3593 4391 3767 4444 reddit

501 4497 523 4530 ς
561 4479 665 4534 erit
703 4479 894 4535 civitas
931 4481 984 4536 in
1021 4484 1198 4536 medio
1243 4487 1380 4555 ejus.
1418 4506 1434 4537 ι
1469 4488 1622 4554 Quod
1669 4505 1769 4545 nos
1816 4491 2078 4547 vertimus

2186 4481 2296 4548 pari
2325 4488 2384 4533 ut
2411 4479 2660 4534 orientali
2689 4479 2856 4551 plaga:
2882 4495 2912 4535 e
2950 4481 3226 4536 contrario
3260 4490 3422 4551 ponat
3457 4482 3761 4537 occidenta-

496 4567 556 4622 in
605 4567 924 4638 profanum,
975 4585 1074 4640 pro
1121 4587 1228 4641 quo
1277 4574 1470 4645 Aquila
1525 4579 1771 4649 βέϐηλον,
1831 4579 2079 4650 Symma-

495 4655 630 4711 chus
650 4665 706 4711 et
745 4656 1045 4714 Theodotio
1077 4660 1242 4717 λαῑκόν
1283 4664 1698 4733 transtulerunt,
1726 4667 2075 4740 Septuaginta

495 4748 683 4803 dixere
717 4753 1103 4823 προτείχισμα,
1146 4753 1290 4821 quod
1330 4756 1656 4810 antemurale
1681 4773 1968 4828 possumus
1996 4759 2076 4815 di-

496 4852 643 4893 cere.
699 4838 990 4894 Prolanum
1043 4851 1224 4896 autem
1274 4853 1402 4908 est,
1452 4853 1508 4899 et
1557 4845 1793 4913 laicum,
1845 4849 1898 4903 id
1947 4857 2070 4917 est,

495 4931 752 5003 vulgare,
796 4933 938 5004 quod
979 4935 1124 4990 omni
1172 4935 1367 5005 populo
1412 4936 1658 4993 habitare
1696 4940 1898 5008 passim
1924 4940 2070 4996 licet.

495 5019 630 5076 lllud
656 5031 856 5090 autem,
880 5024 1024 5095 quod
1050 5026 1302 5084 dixerunt
1323 5026 1490 5093 LXX,
1519 5043 1619 5084 nec
1648 5032 2073 5100 mensurabitur,

497 5127 601 5169 nec
629 5115 926 5184 auferetur,
961 5134 1058 5188 pro
1088 5134 1153 5174 eo
1197 5119 1339 5189 quod
1381 5134 1480 5174 nos
1521 5121 1790 5188 diximus,
1824 5137 1930 5179 non
1962 5140 2077 5177 mu-

497 5205 705 5261 tabitur
743 5223 917 5278 neque
951 5208 1306 5264 transferetur
1335 5225 1550 5264 sensum
1585 5226 1690 5265 non
1722 5210 1922 5266 habere
1951 5227 2074 5282 per-

497 5295 745 5365 spicuum
775 5308 878 5353 est.
911 5298 1246 5354 Describitur
1271 5315 1485 5370 quoque
1513 5299 1823 5354 Levitarum
1856 5315 2070 5370 posses-

494 5388 577 5440 sio
600 5424 615 5450 ,
647 5400 767 5456 qua:
795 5388 969 5443 vicina
999 5390 1217 5460 quidem
1255 5399 1339 5446 est
1368 5390 1566 5446 ﬁnibus
1597 5391 1938 5445 sacerdotum
1957 5433 1971 5456 ,
2017 5401 2074 5446 et

497 5477 686 5534 eadem
717 5477 881 5534 habet
909 5483 1080 5550 spatia
1109 5483 1164 5537 in
1195 5482 1560 5553 longitudine,
1603 5490 1658 5538 et
1701 5483 1754 5537 in
1785 5482 2071 5540 latitudine

2179 4569 2283 4625 lem
2303 4610 2318 4636 ,
2348 4569 2401 4624 id
2421 4578 2502 4624 est
2532 4585 2701 4624 mare.
2735 4568 3062 4641 Singulaque
3101 4570 3270 4626 latera
3305 4571 3541 4626 civitatis
3565 4571 3764 4624 habent

2178 4671 2410 4733 quatuor
2450 4661 2616 4716 millia
2657 4669 2713 4716 et
2759 4663 3082 4732 quingentos
3121 4663 3393 4727 calamos,
3427 4662 3520 4732 qui
3558 4661 3766 4718 faciunt

2179 4752 2453 4823 supputati
2483 4751 2735 4807 undecim
2762 4752 2928 4807 millia
2958 4769 3212 4824 passuum
3235 4761 3289 4808 et
3309 4754 3585 4824 octoginta
3608 4754 3765 4821 quin-

2177 4859 2297 4913 que,
2328 4850 2385 4898 ut
2416 4843 2574 4897 simul
2594 4843 2769 4898 omnis
2794 4845 2943 4908 urbs,
2973 4844 3112 4900 sicut
3137 4845 3188 4899 in
3211 4844 3318 4898 ﬁne
3343 4844 3504 4912 hujus
3527 4845 3764 4898 volumiq

2176 4933 2260 4987 nis
2303 4934 2589 4998 scribitur,
2618 4949 2718 5004 per
2755 4934 3040 4989 circuitum
3081 4935 3278 4989 habeat
3319 4935 3504 4989 decem
3544 4943 3600 4989 et
3637 4943 3762 4989 octo

2175 5023 2341 5077 millia
2380 5024 2742 5089 calamorum,
2770 5023 2863 5094 qui
2901 5023 3104 5078 faciunt
3134 5025 3487 5095 quadraginta
3526 5033 3762 5094 quatuor

2176 5116 2341 5170 millia
2380 5131 2638 5185 passuum
2675 5123 2730 5170 et
2769 5125 3040 5172 trecentos
3078 5117 3453 5186 quadraginta.
3504 5115 3658 5171 Unde
3705 5124 3758 5169 et

2175 5210 2620 5280 quadragesimus
2664 5218 2891 5279 quartus
2927 5210 3194 5281 psalmus,
3238 5210 3328 5279 qui
3377 5209 3694 5264 inscribitur
3739 5221 3755 5263 :

2180 5322 2198 5352 ι
2234 5300 2288 5354 1η
2320 5300 2510 5365 ﬁnem,
2538 5315 2637 5370 pro
2676 5282 2759 5355 his
2801 5300 2890 5370 qui
2931 5302 3406 5356 commutabuntur
3439 5317 3452 5353 :
3497 5319 3516 5351 ι
3554 5307 3607 5354 et
3637 5311 3758 5367 per—

2174 5393 2305 5446 tinet
2328 5394 2394 5448 ad
2424 5392 2602 5459 Idida,
2640 5393 2695 5448 id
2721 5404 2837 5458 est,
2876 5394 2944 5449 ad
2974 5395 3260 5450 amabilem
3285 5393 3530 5459 Domini,
3559 5393 3675 5447 sive
3698 5398 3758 5445 ut

2172 5485 2555 5554 interpretatus
2593 5494 2677 5541 est
2714 5485 2907 5555 Aquila
2945 5503 3042 5556 pro
3088 5485 3234 5542 (iliis.
3289 5484 3759 5557 Symmachusque

496 5584 596 5641 pro
653 5569 991 5628 multitudine
1033 5573 1340 5628 Levitarum
1361 5613 1375 5642 ,
1431 5589 1552 5644 qua:
1606 5573 1771 5630 habet
1822 5575 2070 5644 paucitas
2169 5594 2262 5647 pro
2287 5577 2503 5646 ﬂoribus
2524 5619 2538 5644 ,
2572 5579 2858 5647 Ecclesiae,
2893 5593 3012 5648 qum
3045 5578 3176 5634 urbs
3213 5578 3424 5633 Domini
3453 5587 3560 5639 est,
3582 5574 3758 5631 conti-

499 5663 872 5721 sacerdotum.
927 5665 1020 5720 sed
1071 5674 1248 5722 tamen
1293 5666 1528 5739 propriis
1571 5665 1740 5727 utitur
1784 5667 2056 5735 terminis,

2169 5675 2261 5724 net
2291 5679 2627 5729 sacramenta
2660 5685 2675 5727 :
2705 5671 2772 5730 dc
2796 5686 2901 5744 qua
2924 5670 3178 5728 scribitur
3203 5670 3255 5726 in
3285 5670 3475 5727 eodem
3497 5666 3709 5740 psalmo
3734 5681 3754 5721 ε
