4112 6364
391 250 527 305 i077

1342 243 1692 303 COMMENT.
1720 244 1800 305 ΙΝ
1839 242 2291 299 EZECIIlELEM.
2332 274 2402 285 -—
2440 244 2566 299 LIB.
2608 244 2726 298 XX.

3491 242 3628 315 ιυῖε

393 381 414 416 ι
444 364 626 421 Astitit
651 363 832 436 regina
854 378 885 417 a
912 362 1117 420 dextris
1139 363 1244 419 tuis
1273 362 1328 418 in
1349 363 1542 420 vestitu
1571 363 1830 417 deaurato
1849 360 1956 417 cir.
1982 361 2030 420 A
2057 370 2116 417 ut
2138 361 2313 417 nullus
2340 377 2399 417 se
2425 361 2494 417 ab
2520 377 2682 432 opere
2725 360 2960 416 civitatis
2997 360 3289 416 immunem
3330 366 3501 429 putet,
3536 360 3633 416 sed

387 452 635 507 cumdata
664 452 943 513 varietate.
976 472 995 506 ι
1028 452 1094 506 Ει
1114 453 1309 508 iterum
1340 471 1353 508 :
1390 472 1408 504 ‹
1435 452 1620 508 Omnis
1643 450 1811 523 gloria
1836 449 1956 504 ﬁlice

385 541 532 613 regis
558 542 911 609 intrinsecus,
943 562 962 596 ι
991 549 1053 598 ιιι
1078 558 1182 597 non
1212 542 1282 597 sit
1321 541 1511 597 similis
1538 541 1837 613 sepulchris
1871 538 1954 594 fo-

388 631 633 687 rinsecus
659 632 950 698 dealbatis,
980 632 1075 687 sed
1097 639 1152 685 et
1179 631 1321 687 intus
1345 640 1401 687 et
1429 630 1562 688 foris
1599 631 1778 685 omnia
1816 629 1958 684 lavet

386 722 707 791 paropsidis.
737 722 977 793 Cumque
1012 722 1393 778 recesserimus
1423 724 1490 778 ab
1519 722 1766 792 aquilone
1794 732 1956 777 vento

388 809 762 884 frigidissimo,
792 814 1082 870 transimus
1111 813 1178 869 ad
1207 814 1484 869 meridiem
1505 854 1521 880 ,
1550 822 1607 868 et
1633 822 1757 883 post
1778 822 1954 867 ortum

388 902 442 957 in
473 902 625 957 nobis
653 902 829 959 lumen
860 903 1098 959 scientia:
1145 918 1395 959 occasum
1439 902 1806 958 fortitudinum
1846 901 1955 957 for-

385 991 684 1058 midamus,
733 1008 1070 1064 nequaquam
1115 994 1418 1064 praeterita,
1470 994 1563 1049 sed
1600 992 1776 1047 futura
1826 1009 1956 1049 con-

384 1081 718 1150 siderantes,
754 1100 856 1139 nec
895 1085 1154 1140 habentes
1186 1097 1388 1140 certam
1411 1085 1628 1140 virtutis
1661 1084 1954 1154 possessio-

385 1187 531 1237 nem,
559 1174 652 1228 sed
671 1175 910 1243 quotidie
934 1175 987 1230 in
1015 1176 1257 1231 oratione
1281 1176 1520 1232 dicentes
1544 1194 1556 1229 :
1589 1195 1607 1227 ί
1634 1176 1712 1232 Ne
1732 1176 1954 1233 inducas

384 1276 483 1316 nos
508 1262 560 1317 in
590 1263 967 1330 tentationem,
1000 1285 1020 1318 ι
1056 1279 1217 1335 quam
1243 1264 1387 1320 ferre
1416 1281 1523 1322 non
1552 1266 1843 1336 possimus.

460 1371 480 1405 ι
522 1353 694 1408 Erunt
722 1364 900 1409 autem
932 1356 1237 1412 suburbana
1278 1358 1512 1415 civitatis
1545 1359 1612 1413 ad
1651 1358 1953 1428 aquilonem

389 1459 409 1494 ι
455 1441 667 1498 ducenti
685 1444 1092 1516 quinquaginta,
1110 1456 1165 1502 et
1183 1446 1250 1501 ad
1271 1448 1549 1503 meridiem
1569 1449 1780 1503 ducenti
1799 1448 1954 1518 quin-

389 1550 408 1583 ι
453 1532 729 1602 quaginta,
758 1542 813 1589 et
846 1534 911 1589 ad
939 1535 1201 1591 orientem
1238 1537 1450 1593 ducenti
1490 1538 1872 1610 quinquaginta
1901 1548 1956 1595 et

390 1638 410 1673 ι
452 1621 519 1676 ad
554 1637 703 1677 mare
740 1623 953 1680 ducenti
989 1626 1394 1699 quinquaginta.
1431 1649 1449 1682 ι
1479 1628 1586 1686 Pro
1621 1630 1952 1698 suburbanis,

2057 467 2245 507 omnes
2272 453 2522 507 certatim
2557 460 2836 507 exstruan’.
2860 450 3173 516 Ecclesiam,
3203 449 3345 520 quod
3376 450 3428 504 in
3454 451 3633 505 taber-

2059 543 2249 599 naculo
2274 558 2487 613 quoque
2519 541 2717 599 factum
2744 540 2992 614 legimus,
3031 548 3091 595 ut
3125 556 3223 612 pro
3256 540 3518 595 varietate
3546 540 3634 597 vi-

2056 633 2220 699 rium,
2249 633 2386 688 alius
2416 647 2625 695 aurum,
2661 639 2716 686 et
2743 639 3044 702 argentum,
3075 645 3285 696 cocum,
3307 630 3549 702 byssum,
3577 634 3635 685 et

2054 738 2384 794 purpuram,
2432 722 2691 793 variaque
2738 731 2793 777 et
2840 722 3051 777 diversa
3107 720 3480 791 subtegmina,
3538 719 3632 774 alii

2054 814 2242 885 pelles,
2284 822 2341 869 et
2390 827 2674 884 caprarum
2726 811 2958 867 offerunt
3003 810 3160 882 pilos.
3202 809 3270 865 Et
3297 825 3422 866 cum
3449 800 3635 865 essent

2055 907 2191 961 dona
2222 905 2432 961 diversa
2470 920 2569 974 pro
2604 901 2865 973 qualitate
2891 902 3204 958 substantia:
3233 917 3396 955 unum
3429 901 3631 956 donan-

2055 997 2188 1051 tium
2217 1005 2358 1052 esset
2389 996 2665 1066 prazmium
2704 1014 2716 1049 :
2747 995 2855 1049 imo
2904 994 3076 1064 majus
3128 1008 3315 1048 eorum
3344 992 3435 1062 qui
3460 1007 3629 1062 parva

2053 1086 2269 1156 quidem
2295 1085 2607 1151 obtulerint,
2635 1085 2730 1140 sed
2753 1083 2951 1152 majora
2976 1099 3073 1153 pro
3096 1083 3318 1148 viribus,
3354 1083 3407 1136 in
3443 1097 3629 1137 exem-

2051 1177 2199 1250 plum
2246 1177 2421 1232 viduae
2472 1175 2744 1247 pauperis,
2792 1191 2913 1245 quae
2970 1176 3074 1231 duo
3124 1175 3326 1230 minuta
3376 1174 3428 1229 in
3471 1188 3632 1247 gazo—

2050 1269 2284 1340 phylacii
2326 1269 2467 1324 dona
2507 1268 2754 1323 mittebat
2813 1267 2962 1341 (Luc.
3007 1267 3142 1340 xxi),
3187 1277 3242 1324 et
3294 1267 3502 1323 Domini
3548 1252 3634 1322 est

2046 1357 2250 1428 judicio
2278 1357 2490 1413 laudata
2514 1357 2757 1422 dicentis,
2789 1377 2807 1408 ι
2837 1358 2976 1413 Vere
2992 1357 3113 1412 dico
3143 1357 3296 1412 vobis
3322 1356 3446 1426 quia
3468 1356 3633 1411 vidua

2052 1447 2169 1502 inec
2194 1446 2522 1517 paupercula
2549 1446 2670 1516 plus
2692 1461 2855 1517 quam
2878 1462 3066 1501 omnes
3088 1446 3252 1502 misit.
3277 1444 3411 1500 Nam
3442 1458 3633 1501 omnes

2053 1536 2109 1591 hi
2134 1550 2197 1590 ex
2229 1535 2560 1591 abundantia
2585 1534 2687 1590 sibi
2721 1534 2986 1589 miserunt
3010 1536 3063 1588 in
3100 1549 3322 1588 munera
3351 1532 3465 1587 Dei.
3504 1530 3632 1586 llaec

2055 1637 2236 1685 autem
2267 1644 2336 1683 ex
2382 1644 2448 1684 eo
2494 1628 2639 1699 quod
2676 1627 2838 1713 _deest
2870 1626 2945 1680 illi
2983 1640 3199 1680 omnem
3231 1625 3431 1678 victum
3472 1638 3634 1679 suum

383 1729 503 1785 quin
531 1713 792 1771 Hebraice
819 1717 1068 1775 dicuntur
1098 1737 1327 1792 magras,
1358 1737 1571 1778 rursum
1602 1723 1953 1797 Septuaginta
1982 1705 2028 1765 Β
2055 1737 2215 1792 quem
2242 1720 2432 1776 habuit
2460 1720 2628 1775 misit.
2670 1705 2823 1773 Sicut
2853 1733 2980 1789 ergo
3015 1717 3250 1772 diximus
3280 1717 3343 1771 de
3377 1716 3633 1786 operibus

383 1804 669 1878 Διάστημα,
692 1807 744 1863 id
766 1817 851 1864 est
868 1810 1121 1880 spatium,
1153 1813 1562 1870 transtulerunt.
1579 1814 1729 1883 Quod
1758 1817 1956 1874 dicitur

382 1895 597 1953 ducenti
622 1899 1007 1973 quinquaginta
1026 1918 1122 1973 per
1147 1905 1387 1976 singulas
1406 1906 1613 1978 plagas,
1637 1909 1955 1965 subauditur

381 1986 597 2055 calami,
643 1991 735 2060 qui
780 2007 910 2047 sena
953 1995 1133 2049 cubita
1162 1996 1361 2052 habent
1389 2006 1445 2053 ct
1472 2015 1635 2054 unum
1671 2000 1907 2069 palmum
1936 2018 1951 2058 :

381 2087 436 2134 et
459 2094 556 2149 per
582 2081 788 2152 singula
813 2082 980 2139 latera
1009 2084 1215 2141 faciunt
1238 2101 1427 2156 passus
1458 2099 1742 2146 sexcentos
1767 2091 1956 2146 decem

381 2177 438 2224 et
463 2179 667 2239 septem
694 2172 1055 2242 paulominus,
1078 2185 1133 2231 et
1159 2177 1214 2232 in
1237 2194 1521 2235 commune
1545 2181 1690 2236 mille
1717 2181 1957 2239 calamos

381 2257 644 2315 habentes
673 2276 864 2330 passus
889 2263 995 2320 duo
1019 2265 1185 2321 millia
1218 2269 1638 2340 quadringentos
1671 2274 1951 2345 sexaginta

379 2357 522 2415 octo,
546 2365 665 2420 quae
690 2355 862 2423 spatia
901 2372 1083 2413 muros
1106 2373 1204 2429 per
1223 2359 1507 2416 circuitum
1540 2364 1786 2419 ambiunt
1817 2366 1955 2421 civi-

382 2440 528 2506 tatis,
554 2450 613 2498 ut
633 2442 773 2499 inter
793 2446 979 2503 urbem
1004 2456 1059 2503 et
1077 2464 1140 2504 ea
1158 2466 1279 2521 qua),
1308 2452 1513 2523 reliqua
1542 2462 1668 2509 sunt
1692 2454 1953 2511 dividant.

382 2534 459 2589 Ex
481 2550 589 2606 quo
619 2539 922 2594 ostenditur
949 2542 1154 2597 nullum
1187 2543 1254 2597 de
1279 2544 1365 2599 bis
1390 2546 1577 2615 spatiis
1602 2546 1671 2601 ad
1699 2562 1956 2603 exercen-

381 2624 508 2679 dum
528 2641 690 2696 opera
712 2627 946 2684 civitatis
967 2631 1455 2703 capiendorumque
1470 2633 1739 2691 fructuum
1754 2637 1954 2692 habere

382 2713 675 2783 licentiam,
708 2720 802 2774 sed
827 2735 1019 2775 vacare
1056 2723 1124 2778 ab
1153 2738 1254 2779 usu
1292 2732 1347 2778 et
1372 2739 1536 2794 opere
1569 2726 1865 2794 hominum,
1894 2737 1954 2784 ut

382 2805 584 2860 circum
602 2808 828 2863 muralia
848 2811 996 2865 urbis
1020 2821 1209 2882 sponte
1235 2814 1571 2869 nascentium
1599 2815 1953 2888 virgultorum

381 2904 541 2967 atque
587 2898 873 2956 herbarum
923 2911 979 2958 et
1024 2912 1365 2973 cancrorum,
1412 2922 1532 2979 quae
1577 2915 1722 2964 terra
1762 2909 1952 2982 gignit,

382 2985 619 3045 habeant
643 2991 1032 3049 ammnitatem.

454 3095 477 3129 ι
522 3077 673 3146 Quod
710 3089 889 3136 autem
938 3083 1203 3155 reliquum
1236 3085 1402 3141 fuerit
1432 3087 1484 3142 in
1513 3086 1844 3159 longitudine
1871 3105 1958 3147 se-

386 3182 409 3219 r
453 3167 686 3222 cundum
705 3169 970 3239 primitias
985 3174 1277 3228 sanctuarii
1300 3174 1484 3230 decem
1508 3175 1671 3231 millia
1704 3176 1759 3231 in
1780 3178 1958 3233 orien-

385 3274 409 3312 ι
454 3266 583 3325 tem,
629 3270 684 3314 et
725 3261 911 3317 decem
950 3264 1117 3318 millia
1154 3265 1210 3320 in
1248 3265 1584 3321 occidentem
1623 3276 1784 3322 erunt
1817 3268 1958 3323 sicut

386 3364 407 3401 ι
450 3348 701 3420 primitiae
732 3353 1024 3409 sanctuarii
1051 3362 1105 3409 et
1145 3365 1304 3413 erunt
1330 3356 1514 3430 fruges
1538 3358 1652 3427 ejus
1692 3359 1747 3413 in
1774 3359 1958 3415 cibum

387 3454 409 3489 ι
450 3436 537 3491 vel
564 3438 619 3491 in
644 3453 809 3508 panes
837 3439 941 3506 bis,
968 3441 1059 3511 qui
1097 3444 1338 3499 serviunt
1368 3447 1453 3501 vel
1496 3454 1791 3517 operantur
1830 3447 1959 3504 civi-

388 3542 409 3577 ι
454 3526 570 3580 tati.
604 3526 912 3586 Servientes
953 3540 1137 3589 autem
1163 3534 1249 3590 vel
1269 3544 1555 3605 operantes
1593 3538 1795 3593 civitati
1843 3554 1958 3595 ser-

387 3633 408 3668 ι
451 3614 598 3671 vient
622 3616 735 3673 sive
755 3619 1119 3689 operabuntur
1142 3636 1207 3677 ex
1234 3625 1483 3681 omnibus
1502 3625 1749 3682 tribubus
1768 3626 1953 3684 Israel.

387 3723 409 3760 ι
452 3705 652 3763 Omnes
676 3708 926 3780 primitiae
960 3711 1145 3783 viginti
1185 3713 1423 3785 quinque
1463 3714 1708 3782 millium,
1737 3731 1837 3786 per
1877 3716 1958 3771 vi-

389 3815 411 3849 ι
456 3798 589 3868 giuti
619 3800 856 3871 quinque
882 3800 1048 3855 millia
1077 3802 1131 3857 iu
1164 3805 1449 3873 quadrum,
1480 3807 1876 3875 separabuntur
1901 3806 1956 3861 in

387 3907 410 3943 ι
452 3890 721 3961 primitias
740 3892 1030 3949 sanctuarii
1050 3901 1105 3949 et
1126 3897 1520 3966 possessionem
1537 3897 1787 3952 civitatis.
1801 3897 1958 3952 iPost

384 3980 535 4036 urbis
563 3989 764 4036 sanctae
794 3981 1210 4053 descriptionem
1237 3993 1293 4040 et
1320 3987 1625 4041 suburbana
1651 3986 1797 4057 ejus,
1828 3988 1959 4044 reli-

383 4086 547 4146 quam
589 4078 798 4145 partem
840 4072 1201 4147 primitiarum
1239 4076 1534 4131 sanctuarii
1571 4077 1756 4132 decem
1788 4076 1958 4133 millia

387 4164 718 4219 calamorum
742 4164 796 4220 in
822 4164 1109 4231 orientem,
1132 4174 1186 4222 et
1199 4166 1303 4222 alia
1319 4167 1503 4223 decem
1528 4168 1694 4225 millia
1722 4168 1788 4224 ad
1812 4169 1959 4224 occi-

387 4255 600 4313 dentem
621 4256 952 4312 tendentium
976 4257 1209 4329 delegari
1236 4259 1349 4315 vult
1376 4260 1484 4328 his,
1508 4262 1600 4332 qui
1641 4277 1805 4332 opera
1826 4263 1957 4319 civi-

388 4349 517 4405 tatis
541 4356 796 4405 exercent
823 4349 891 4404 ad
927 4350 1107 4406 varios
1128 4366 1282 4418 usus,
1307 4361 1362 4408 et
1389 4353 1797 4425 quibuscunque
1823 4356 1956 4412 urbs

386 4441 608 4512 indiget,
647 4449 709 4496 ut
750 4439 957 4498 scilicet
982 4450 1253 4509 serantur,
1285 4451 1340 4499 et
1363 4458 1431 4500 ex
1464 4443 1726 4517 frugibus,
1757 4463 1877 4518 qua:
1901 4448 1956 4506 in

386 4530 492 4586 hoc
530 4538 687 4586 terra:
723 4540 1015 4587 nascuntur
1053 4533 1247 4603 spatio,
1269 4544 1558 4592 vescantur
1585 4539 1842 4608 operarii,
1864 4540 1957 4611 qui

387 4622 473 4678 vel
498 4622 695 4678 mtenia
714 4623 864 4677 urbis
889 4630 1194 4690 exstruunt,
1230 4624 1315 4679 vel
1335 4625 1633 4697 interrupta
1660 4636 1717 4684 et
1741 4630 1958 4686 ruinosa

388 4713 701 4778 restituunt,
729 4720 789 4766 ut
812 4712 1006 4767 habeat
1041 4712 1233 4767 civitas
1273 4712 1476 4768 cultum
1511 4730 1687 4781 suum,
1727 4724 1780 4772 et
1812 4726 1958 4773 sarta

386 4813 530 4862 tecta
556 4820 678 4859 cum
707 4803 1010 4878 poposcerit
1030 4803 1324 4860 necessitas
1350 4804 1734 4861 instaurentur.
1766 4807 1833 4863 Et
1855 4808 1960 4864 hoc

387 4913 497 4953 non
522 4896 694 4952 solum
721 4897 773 4950 in
802 4895 983 4961 Israel,
1012 4896 1095 4951 vel
1119 4896 1175 4953 in
1205 4898 1546 4967 possessione
1576 4905 1733 4955 terrae
1759 4910 1958 4957 sanctae

390 4987 700 5059 spiritaliter
721 4987 975 5043 Ecclesia:
1003 4987 1259 5059 mysterio
1280 4989 1607 5057 continetur,
1636 4991 1731 5046 sed
1761 4992 1815 5046 in
1851 4991 1961 5047 Ro-

390 5093 550 5133 mano
585 5092 796 5148 quoque
841 5076 959 5133 ﬁeri
1005 5078 1296 5149 probamus
1340 5079 1586 5149 imperio,
1623 5091 1682 5136 ut
1714 5081 1959 5152 quaedam

388 5170 528 5230 villae
558 5169 667 5225 sint
693 5168 1024 5240 pertinentes
1051 5168 1116 5224 ad
1156 5168 1274 5240 iura
1302 5169 1516 5225 urbium
1548 5171 1630 5226 vel
1660 5173 1806 5244 regia
1845 5188 1962 5228 mu-

388 5259 663 5316 niﬁcentia
705 5258 791 5313 vel
823 5258 1225 5315 baereditatibus
1257 5268 1314 5315 et
1350 5260 1490 5317 dono
1528 5260 1818 5317 multorum
1848 5280 1861 5317 :
1893 5278 1962 5319 ne

390 5351 594 5407 scilicet
620 5348 843 5405 aedilicia
880 5349 1137 5420 paulatim
1182 5349 1540 5417 collabantur,
1585 5361 1639 5406 et
1681 5353 1824 5409 aedes
1863 5368 1961 5423 pu-

390 5438 562 5505 blicas,
592 5454 710 5509 quae
739 5446 1058 5495 ornamento
1097 5446 1221 5493 sunt
1259 5439 1483 5503 civitati,
1516 5440 1673 5512 longa
1690 5449 1961 5496 vexentur

393 5528 617 5585 incuria.
650 5528 891 5599 Operarii
919 5537 1116 5596 autem,
1141 5529 1338 5600 inquit,
1375 5529 1488 5585 sive
1516 5530 1606 5600 qui
1628 5531 1868 5586 serviunt
1902 5532 1956 5586 in

390 5618 641 5688 operibus
679 5619 934 5690 civitatis,
962 5631 1110 5678 erunt
1140 5638 1204 5676 ex
1233 5619 1470 5676 omnibus
1501 5619 1733 5675 tribubus
1760 5617 1955 5687 Israel,

2055 1811 2314 1877 civitatis,
2340 1811 2420 1866 sic
2448 1809 2576 1864 illud
2607 1809 2843 1864 breviter
2870 1807 3335 1878 perstringendum
3363 1814 3466 1871 est,
3489 1804 3634 1875 quod

2054 1916 2242 1957 omnes
2268 1901 2519 1971 primitizn
2543 1899 2861 1966 sanctuarii,
2892 1908 2945 1953 et
2972 1896 3246 1968 possessio
3273 1896 3511 1951 civitatis
3538 1909 3635 1964 pa-

2055 1992 2191 2047 riter
2232 1997 2520 2060 supputata
2560 2005 2658 2060 per
2705 1990 2969 2059 quadrum
3015 1987 3289 2043 contineat
3328 1985 3493 2041 millia
3530 1984 3636 2038 du-

2055 2089 2213 2138 centa
2257 2081 2613 2152 quadrag'nta
2659 2094 2753 2136 sex
2788 2086 2841 2135 et
2878 2088 3085 2150 partem
3120 2078 3356 2133 tertiam.
3389 2077 3445 2132 Si
3486 2076 3634 2130 enim

2054 2174 2242 2244 viginti
2272 2174 2510 2243 quinque
2534 2173 2701 2241 millia
2731 2172 3087 2235 calamorum,
3115 2170 3206 2241 qui
3234 2184 3394 2226 senos
3421 2168 3633 2224 cubitus

2054 2264 2255 2320 habent
2291 2272 2347 2320 et
2385 2264 2625 2336 palmum
2673 2279 2837 2317 unum
2893 2261 3117 2327 faciunt,
3142 2267 3350 2326 nostra,
3389 2258 3493 2313 hoc
3521 2266 3629 2321 est,

2054 2351 2299 2408 Romana
2346 2354 2628 2423 sexaginta
2681 2360 2737 2408 et
2782 2367 2951 2407 unum
3000 2350 3189 2416 millia,
3239 2356 3295 2404 et
3348 2354 3631 2403 sexcentos

2052 2444 2337 2515 sexaginta
2382 2452 2588 2515 septem
2626 2459 2843 2515 passus,
2879 2442 3011 2498 nulli
3050 2442 3270 2498 dubium
3295 2449 3400 2506 cst,
3428 2441 3543 2496 haec
3574 2438 3631 2493 in

2054 2536 2412 2606 quadruplum
2454 2543 2741 2606 supputata
2794 2535 3128 2605 superiorem
3183 2531 3395 2588 elﬁcere
3434 2543 3630 2585 nume-

2053 2644 2194 2684 rum.
2228 2627 2303 2682 Ex
2337 2622 2443 2698 quo
2475 2627 2828 2699 perspicimus
2862 2625 3041 2682 omnia
3080 2622 3425 2695 intelligenda
3466 2618 3632 2692 spiri-

2055 2718 2252 2786 taliter,
2284 2717 2537 2773 Ecclesia:
2576 2717 2967 2787 possessionem
3012 2715 3180 2769 multo
3209 2714 3459 2769 latiorem
3487 2724 3628 2776 esse,

2054 2825 2218 2880 quam
2260 2809 2529 2879 quondam
2564 2807 2746 2863 fuitin
2781 2807 2982 2871 Iudaea.
3027 2808 3118 2878 qui
3150 2823 3216 2864 ne
3246 2807 3492 2878 accipere
3514 2805 3634 2875 qui-

2055 2900 2175 2955 dem
2222 2908 2404 2971 partes
2447 2907 2605 2954 terra:
2647 2905 2871 2963 sanctae,
2906 2894 2999 2956 sed
3029 2911 3094 2951 ex
3131 2895 3355 2966 singulis
3384 2895 3633 2950 tribubus

2058 2994 2409 3067 quadraginta
2436 3001 2559 3048 octo
2582 2992 2892 3056 civitatum,
2921 3005 3025 3045 non
3056 3003 3122 3043 ex
3147 2987 3305 3058 pleno
3332 2986 3636 3058 possessio-

2058 3100 2201 3152 nem,
2236 3084 2331 3140 sed
2373 3082 2762 3139 habitationem
2803 3088 2859 3135 et
2895 3078 3130 3150 hospitia
3171 3084 3547 3146 susceperunt,
3575 3078 3637 3129 ut

2058 3179 2158 3250 ipsi
2181 3192 2395 3249 quoque
2416 3174 2509 3246 qui
2534 3174 2787 3230 videntur
2809 3172 2953 3238 laici,
2995 3185 3096 3226 nec
3122 3169 3433 3240 pervenisse
3458 3168 3523 3222 ad
3554 3181 3635 3223 sa-

2057 3268 2384 3326 cerdotalem
2412 3275 2467 3323 et
2488 3265 2759 3321 leviticum
2788 3264 3029 3336 gradum,
3064 3272 3244 3317 tamen
3269 3260 3314 3316 si
3344 3267 3636 3330 operentur

2059 3361 2113 3416 in
2144 3359 2346 3416 domini
2373 3359 2620 3423 civitate,
2644 3366 2932 3413 vescantur
2965 3354 3031 3410 de
3058 3362 3243 3410 sancta
3283 3363 3448 3417 terra,
3488 3362 3634 3406 terra

2056 3451 2269 3507 initium
2299 3459 2550 3522 terraque
2574 3448 2929 3514 credentium,
2958 3462 3187 3517 quorum
3213 3461 3354 3500 unus
3375 3443 3635 3514 loqueba-

2057 3551 2146 3597 tur
2174 3562 2186 3596 :
2214 3561 2233 3595 ι
2261 3542 2434 3599 Credo
2481 3542 2667 3597 videre
2714 3539 2855 3597 bona
2910 3537 3124 3593 Demini
3178 3535 3231 3591 in
3274 3543 3419 3590 terra
3453 3533 3635 3588 viven-

2058 3629 2398 3702 tium(Psal.
2440 3646 2569 3686 xxvi
2600 3630 2640 3701 ).
2683 3650 2703 3683 ι

2133 3740 2152 3774 ι
2191 3720 2344 3789 Quod
2383 3729 2566 3776 autem
2607 3719 2871 3790 reliquum
2919 3717 3082 3773 fuerit
3123 3716 3380 3789 principis
3418 3716 3524 3772 erit
3564 3729 3633 3771 ex

2062 3833 2081 3865 ι
2117 3812 2264 3867 omni
2286 3819 2439 3881 parte
2469 3810 2831 3883 primitiarum
2863 3808 3156 3865 sanctuarii
3189 3815 3243 3863 ct
3279 3805 3637 3877 possesslonis

2062 3922 2081 3957 ι
2120 3902 2354 3958 civitatis
2383 3919 2397 3956 :
2425 3916 2456 3955 e
2483 3901 2700 3972 regione
2725 3900 2914 3971 viginti
2944 3899 3180 3969 quinque
3205 3897 3430 3952 millium
3457 3894 3638 3966 primi-

2063 4011 2081 4043 ι
2118 3991 2315 4046 tiarum
2335 4005 2505 4061 usque
2524 3988 2590 4045 ad
2613 3989 2896 4044 terminum
2913 3987 3252 4053 orientalem,
3270 3987 3362 4043 sed
3383 3994 3437 4041 et
3453 4001 3483 4040 a
3496 3985 3638 4046 mari

2062 4103 2081 4136 ι
2119 4098 2151 4139 e
2172 4082 2392 4154 regione
2420 4080 2610 4152 viginti
2637 4080 2872 4149 quinque
2896 4078 3124 4133 millium
3151 4093 3322 4149 usque
3352 4079 3418 4133 ad
3448 4077 3638 4134 termi-

2064 4195 2083 4228 ι
2117 4190 2243 4229 num
2273 4173 2439 4228 maris
2468 4171 2716 4228 similiter
2743 4171 2797 4227 in
2834 4164 3082 4241 partibus
3115 4171 3377 4241 principis
3408 4171 3529 4225 erit.
3569 4167 3641 4226 Et

2064 4286 2082 4319 ι
2118 4274 2279 4321 erunt
2317 4262 2567 4334 primitiae
2608 4261 2898 4316 sanctuarii
2946 4268 3002 4316 et
3046 4260 3414 4316 sanctuarium
3454 4257 3638 4329 templi

2065 4376 2084 4410 ι
2119 4357 2175 4412 in
2200 4354 2377 4411 medio
2397 4352 2533 4423 ejus.
2560 4353 2637 4408 De
2655 4352 2996 4422 possessione
3014 4364 3226 4422 quoque
3248 4350 3558 4407 Levitarum
3583 4356 3639 4404 et

2065 4468 2084 4502 ι
2119 4447 2187 4503 de
2204 4445 2544 4518 possessione
2569 4442 2801 4501 civitatis
2831 4442 2886 4497 in
2912 4441 3090 4499 medio
3117 4440 3354 4512 partium
3380 4437 3639 4511 principis

2064 4557 2084 4591 ί
2118 4538 2243 4603 erit,
2267 4537 2408 4591 inter
2421 4534 2707 4590 terminum
2721 4532 2878 4598 Juda,
2899 4541 2954 4587 et
2976 4533 3116 4586 intra
3138 4530 3425 4586 terminum
3449 4528 3640 4598 Benja-

2022 4682 2027 4685 _
2064 4648 2083 4681 ι
2117 4627 2228 4681 min
2242 4635 2298 4681 et
2319 4625 2387 4679 ad
2408 4623 2704 4693 principem
2724 4621 3030 4690 pertinebit.
3056 4640 3074 4672 ι
3094 4621 3171 4675 De
3183 4621 3288 4675 hoc
3298 4619 3536 4690 principe
3548 4632 3639 4672 su-

2057 4735 2154 4789 pra
2180 4717 2390 4787 plenius
2415 4716 2743 4783 disputatum
2764 4720 2867 4776 cst,
2893 4712 3111 4781 etquod
3136 4719 3346 4766 tantum
3369 4709 3515 4766 solus
3542 4723 3636 4764 ac-

2057 4807 2278 4876 ciperet,
2294 4812 2552 4874 quantum
2575 4816 2682 4856 una
2703 4801 2876 4856 tribus
2901 4817 2914 4854 :
2938 4814 3081 4854 nunc
3102 4807 3280 4854 autem
3309 4798 3452 4853 aliud
3475 4798 3639 4854 disci-

2060 4913 2200 4965 mus,
2214 4895 2359 4966 quod
2373 4909 2439 4949 ex
2449 4894 2656 4949 cunctis
2670 4891 2914 4948 tribubus
2923 4890 3182 4962 quidquid
3199 4891 3462 4959 reliquum
3475 4887 3640 4943 fuerit

2060 4990 2151 5047 hic
2190 4988 2336 5045 solus
2378 4986 2634 5057 accipiat,
2655 4992 2716 5040 ut
2745 4983 2891 5039 nulla
2918 4983 3090 5038 tribus
3126 4981 3220 5046 sit,
3252 4994 3372 5049 quae
3400 4977 3643 5047 Principi

2063 5082 2201 5136 dona
2230 5094 2336 5134 non
2361 5077 2575 5143 offerat,
2601 5091 2710 5131 non
2731 5074 2969 5139 aliunde,
2998 5073 3094 5130 sed
3121 5087 3187 5128 ex
3217 5068 3490 5141 primitiis,
3516 5081 3640 5136 qum

2064 5170 2263 5241 templo
2291 5177 2347 5223 et
2373 5168 2678 5224 sanctuario
2702 5173 2758 5223 et
2779 5164 3039 5236 delegatis
3074 5162 3224 5218 urbis
3250 5159 3497 5230 partibus
3520 5173 3637 5214 ser-

2063 5262 2234 5317 viunt.
2249 5260 2362 5315 lloc
2381 5267 2465 5315 est
2487 5257 2786 5328 enim'quod
2810 5256 2943 5311 dicit
2958 5274 2970 5310 :
2984 5273 3002 5306 ι
3020 5269 3050 5311 e
3073 5253 3289 5325 regione
3309 5252 3424 5308 sive
3447 5259 3637 5307 contra

2062 5350 2281 5416 faciem,
2304 5349 2493 5420 viginti
2528 5347 2767 5418 quinque
2802 5345 3032 5401 millium
3066 5343 3422 5414 primitiarum
3465 5355 3637 5409 usque

2061 5441 2130 5495 ad
2161 5441 2446 5496 terminum
2473 5438 2810 5503 orientalem,
2831 5456 2849 5488 ι
2895 5436 3013 5491 sive
3040 5449 3209 5505 usque
3245 5435 3311 5490 ad
3347 5433 3636 5487 terminum

2061 5531 2245 5595 maris,
2279 5538 2339 5584 ut
2371 5530 2481 5585 sint
2504 5529 2756 5600 primitiae
2778 5529 2920 5584 inter
2954 5535 3159 5598 septem
3190 5536 3245 5582 et
3269 5528 3505 5597 quinque
3535 5522 3636 5576 tri-

2059 5621 2159 5675 bus
2194 5627 2248 5675 et
2282 5618 2335 5673 in
2381 5618 2511 5690 ipsis
2556 5618 2812 5690 primitiis
2844 5619 3033 5674 civitas
3075 5631 3134 5677 et
3174 5619 3479 5675 suburbana
3519 5614 3638 5684 ejus
