4112 6364
592 420 654 479 in
692 422 871 528 medio
910 424 1147 529 civitatis
1188 429 1556 529 metuarium
1609 432 1810 529 templi.
2010 446 2070 529 et
2113 438 2181 529 de
2206 443 2259 515 Α,
2282 455 2382 512 per
2411 442 2467 505 in
2492 443 2598 505 line
2621 448 2842 519 ponitur
2865 467 2997 519 una,
3019 452 3452 528 subintelligitur,
3485 459 3570 515 vel
3602 474 3756 529 pars,
3783 459 3868 518 vel

589 514 936 584 possessione
981 514 1290 573 Levitarum
1329 526 1385 574 et
1435 520 1504 576 de
1549 524 1891 592 possessione
1919 527 2176 593 civitatis,

591 603 853 677 quidquid
876 606 1141 678 reliquum
1160 617 1266 676 est,
1305 612 1536 684 principi
1563 615 1926 687 deputabitur.
1952 620 2178 692 Eritque

586 707 719 765 pars
737 702 982 756 extrema
1003 705 1210 768 septem
1239 700 1475 771 tribuum
1496 704 1674 777 vicina
1702 708 1953 777 primitiis
1975 719 2031 765 et
2050 712 2181 767 civi-

589 784 690 846 tati
711 792 767 840 et
791 787 989 859 templo
1017 788 1072 844 in
1095 790 1237 847 tribu
1262 790 1422 863 Iuda,
1446 803 1501 851 et
1522 810 1651 872 pars
1674 808 1917 857 extrema
1940 803 2178 875 quinque

570 873 828 971 'tribuum
862 881 1054 937 eodem
1085 879 1211 951 jure
1255 898 1364 961 quo
1408 902 1572 960 supra
1608 890 1663 963 in
1707 893 1846 947 tribu
1890 873 2173 971 Beniamin

583 966 706 1063 ipsa
747 978 993 1026 extrema
1036 987 1168 1044 pars
1189 975 1257 1031 ad
1280 977 1577 1050 principem
1607 984 1918 1052 pertinebit.
1951 966 2028 1054 Er
2061 1003 2170 1063 quo

584 1056 882 1130 Scriptum
904 1071 1105 1120 sanctae
1132 1079 1469 1126 sacramenta
1499 1073 1742 1130 miranda
1771 1084 1914 1142 sunt,
1945 1087 2000 1132 et
2025 1056 2172 1154 cogi-

581 1150 746 1205 tanda
772 1153 945 1228 magis
963 1170 1124 1231 quam
1146 1156 1359 1231 eloquio
1377 1162 1719 1232 proferenda.
1749 1166 1805 1221 ln
1830 1168 1996 1237 priori
2023 1150 2167 1227 enim

580 1238 848 1299 divisione
882 1251 1151 1313 terrarum
1183 1255 1332 1307 trans
1360 1252 1649 1313 Iordanem
1686 1272 1783 1326 per
1818 1258 2001 1317 Mosen
2035 1261 2166 1318 dua-

574 1328 682 1389 bus
724 1333 968 1393 tribubus
1012 1337 1202 1396 Ruben
1235 1348 1291 1399 et
1328 1343 1446 1401 Gad
1485 1355 1542 1417 et
1579 1348 1816 1406 dimidim
1852 1353 2015 1409 tribui
2046 1355 2164 1411 Ma-

573 1439 737 1518 nasse
788 1437 931 1485 terra
961 1432 1142 1499 'divisa
1182 1444 1286 1503 est,
1328 1437 1470 1499 intra
1517 1437 1806 1497 Iordanem
1853 1454 2030 1508 autem
2067 1463 2164 1518 per

571 1511 738 1575 Iosue
767 1518 935 1580 tilium
965 1520 1084 1585 Nun
1111 1533 1167 1591 et
1188 1525 1507 1586 Eleazarum
1543 1530 1709 1587 lilium
1743 1533 1924 1593 Aaron
1951 1550 1966 1592 :
1994 1511 2161 1600 Iudas

569 1610 815 1679 possedit
848 1611 920 1677 ab
968 1624 1178 1690 austro,
1215 1629 1270 1676 et
1305 1621 1565 1693 Ephraim
1606 1634 1662 1687 et
1698 1624 1947 1691 Manasse
1988 1630 2162 1687 tribus

568 1700 795 1759 dimidia
833 1705 903 1761 ab
938 1709 1211 1779 aquilone.
1236 1712 1432 1777 Postea
1460 1730 1591 1771 vero
1619 1717 1686 1772 de
1720 1717 1833 1774 Silo
1860 1721 2040 1777 missis
2066 1737 2161 1777 ex-

2281 535 2576 608 possessio,
2602 538 2689 593 vel
2713 538 3001 601 haereditas
3024 561 3041 604 ξ
3064 543 3190 600 licet
3211 546 3401 617 Aquila
3421 556 3477 603 et
3500 547 3871 620 Symmachus

2280 623 2705 696 interpretentur
2746 646 2948 702 genere
2988 635 3219 691 neutrali
3246 637 3308 693 τὸ
3352 635 3487 713 ὂριον
3520 641 3663 708 quod
3690 640 3865 711 sigm-

2278 713 2405 769 iicat
2435 717 2748 773 terminum.
2798 719 3040 792 illudque
3085 724 3323 781 breviter
3370 728 3759 785 attendendum
3805 728 3864 787 in

2277 811 2515 860 extrema
2544 809 3050 879 quinquetribuum,
3068 815 3265 871 tribum
3287 814 3425 884 Gad,
3454 833 3574 889 qua:
3603 817 3661 873 in
3685 818 3861 889 priori

2275 896 2637 970 descriptione
2670 910 2818 960 trans
2859 903 3146 962 Iordanem
3173 906 3304 975 fuit,
3332 910 3460 979 poni
3489 925 3611 965 eam
3641 919 3859 980 partem

2274 1002 2437 1057 quam
2478 991 2628 1062 prius
2664 990 2830 1050 Iudas
2859 996 3030 1050 tenuit
3058 998 3126 1051 ad
3164 998 3374 1069 plagam
3401 999 3654 1055 videlicet
3685 997 3857 1055 austri

2274 1078 2327 1137 in
2359 1081 2636 1147 meridiem
2681 1101 2695 1149 ς
2734 1093 2790 1139 et
2830 1100 2965 1141 esse.
2990 1089 3282 1143 terminum
3322 1091 3389 1145 de
3416 1091 3654 1147 Thamar
3682 1107 3860 1163 usque

2272 1170 2339 1224 ad
2366 1186 2534 1241 aquas
2570 1175 3014 1235 contradictionis
3054 1178 3227 1235 Gades
3259 1180 3631 1246 haereditatem
3663 1192 3857 1241 contra

2268 1277 2420 1318 mare
2441 1263 2710 1336 Magnum.
2746 1267 2983 1324 Thamar
3014 1271 3126 1341 ipsa
3146 1280 3232 1327 est
3255 1273 3321 1329 de
3341 1289 3446 1349 qua
3462 1274 3577 1344 jam
3591 1275 3853 1342 diximus,

2267 1367 2429 1430 quam
2470 1370 2612 1411 nunc
2652 1355 2956 1430 Palmyram
3002 1371 3200 1417 vocant
3239 1371 3294 1418 et
3328 1363 3458 1427 olim
3484 1378 3516 1418 a
3560 1363 3855 1418 Salomone

2266 1452 2590 1501 constructa.
2640 1446 2822 1503 Palma
2876 1450 3018 1505 enim
3066 1451 3292 1508 Hebraeo
3334 1468 3584 1509 sermone
3610 1453 3857 1507 Thamar

2265 1534 2579 1607 appellatur,
2630 1537 2699 1593 ab
2746 1552 2812 1593 eo
2859 1541 3002 1611 quod
3049 1540 3125 1596 ibi
3171 1542 3402 1613 palmeta
3449 1542 3563 1597 sint
3594 1541 3847 1612 plurima,

2263 1630 2482 1700 quidam
2517 1639 2709 1707 putant
2743 1632 2846 1697 hoc
2907 1634 3155 1688 sortitam
3201 1633 3539 1690 vocabulum.
3573 1634 3731 1701 Quod
3757 1649 3847 1690 se-

2262 1720 2447 1790 quitur
2476 1739 2490 1775 :
2526 1740 2544 1773 t
2570 1722 2749 1794 Usque
2774 1723 2843 1779 ad
2870 1739 3039 1796 aquas
3072 1725 3516 1782 contradictionis
3541 1724 3718 1780 Gades
3740 1725 3849 1779 lue-

564 1793 934 1870 ploratoribus
961 1816 1061 1871 per
1080 1803 1317 1875 singulas
1340 1807 1515 1862 tribus
1542 1815 1596 1863 et
1619 1809 1980 1881 descriptione
2002 1819 2161 1868 terrae
2188 1811 2235 1870 B
2264 1810 2462 1866 reditas
2489 1793 2679 1866 contra
2710 1828 2856 1868 mare
2887 1793 3162 1885 Magnum,
3191 1834 3212 1867 ι
3238 1826 3335 1885 pro
3359 1830 3466 1893 quo
3494 1812 3849 1884 Septuaginta

564 1884 733 1943 allata
759 1887 827 1944 ad
857 1887 1022 1950 Iosue
1045 1900 1101 1948 et
1126 1892 1374 1962 Eleazar,
1396 1895 1671 1967 Benjamin
1691 1900 1845 1971 juxta
1870 1900 2065 1957 Iudam
2085 1904 2153 1960 ab

563 1984 775 2042 austro,
804 1985 861 2033 et
881 1977 1040 2061 iuxta
1071 1981 1328 2053 Ephraim
1356 1993 1412 2042 et
1452 1987 1732 2044 dimidiam
1764 1991 1962 2046 tribum
2000 2006 2154 2049 acce-

558 2064 644 2141 pit
679 2070 1100 2144 possessionem.
1136 2072 1382 2141 $ccnnda
1417 2077 1591 2144 tribus
1620 2077 1839 2145 Simeon
1867 2082 2152 2138 haeredita-

561 2162 673 2216 iem
706 2160 923 2231 accepit,
947 2161 1014 2227 de
1041 2162 1181 2227 tribu
1203 2163 1360 2233 Iuda,
1392 2176 1452 2223 ut
1482 2168 1823 2241 impleretur,
1845 2173 1989 2243 quod
2016 2172 2152 2229 seri-

555 2256 712 2324 ptum
754 2260 839 2313 est
862 2253 933 2310 de
952 2253 1088 2321 Levi.
1106 2264 1162 2312 et
1185 2255 1427 2324 Simeon,,
1454 2278 1478 2319 ι,
1502 2259 1748 2329 Dividam
1774 2277 1877 2327 eos,
1894 2264 1950 2323 in
1980 2261 2149 2322 Iacob

558 2347 617 2399 et
642 2340 947 2414 dispergam
977 2360 1072 2405 eos
1096 2346 1345 2405 in‘lsrael
1373 2346 1525 2420 (Gen.
1557 2351 1730 2419 xux).
1758 2370 1778 2404 ι

631 2431 814 2495 Tertia
838 2433 1075 2493 Zabulon
1107 2436 1382 2503 Galilzeatn
1419 2442 1630 2512 accepit
1654 2441 1709 2496 in
1742 2458 1847 2513 qua
1875 2452 1960 2500 est
1992 2460 2148 2501 mons

555 2520 799 2581 Thabor.
829 2526 1033 2604 Quarta
1074 2529 1345 2597 lssachar,
1376 2533 1463 2587 ubi
1495 2542 1579 2588 est
1605 2534 1854 2590 Iezrahel
1883 2553 2053 2608 usque
2078 2540 2146 2595 ad

553 2611 880 2687 Iordanem.“
901 2616 1101 2685 Quinta
1128 2618 1314 2687 Asser,
1344 2637 1516 2692 usque
1547 2623 1615 2678 ad
1654 2634 1891 2681 montem
1923 2626 2145 2685 Carme-

552 2703 691 2772 lum,
725 2706 821 2776 qui
858 2707 1104 2771 itnminet
1148 2711 1288 2767 mari
1335 2727 1532 2785 magno
1559 2713 1867 2793 Tyrumque
1896 2725 1953 2784 ei
1989 2719 2145 2776 Sido-

551 2811 701 2859 nem.
741 2798 912 2864 Sexta
934 2799 1245 2872 Nepthalim,
1284 2804 1339 2860 in
1379 2804 1600 2867 Galilzea
1636 2824 1809 2879 usque
1845 2810 1911 2864 ad
1954 2810 2145 2884 Iorda-

549 2901 702 2975 nem,
729 2890 822 2945 ubi
844 2891 1088 2961 Tiberias
1107 2910 1229 2969 quae
1252 2895 1382 2951 olim
1405 2898 1777 2975 appellabatur
1810 2899 2136 2963 Clienereth.

549 2974 795 3048 Septima
817 2979 933 3051 Dan
970 2997 1140 3053 usque
1169 2982 1395 3067 Ioppen,
1419 2987 1510 3043 ubi
1547 2999 1673 3054 sunt
1700 2997 1880 3051 turres
1907 2992 2141 3049 Aliialon

548 3077 604 3161 et
630 3069 808 3133 Selebi
831 3081 890 3130 et
905 3074 1183 3147 Emmaus,
1209 3093 1328 3161 qua:
1344 3095 1487 3143 nunc
1506 3082 1808 3153 appellatur
1832 3083 2134 3156 Nicopolis;

546 3157 678 3217 licet
700 3171 891 3232 postea
916 3157 1404 3238 legerimus,'quod
1429 3171 1693 3241 coeperint
1729 3173 1830 3228 sibi
1846 3166 2137 3245 ‘transcen-
2163 3158 2208 3222 (ἶ

547 3251 627 3306 sis
664 3252 788 3309 aliis
825 3254 1083 3319 tribubus
1115 3258 1304 3315 urbem
1344 3260 1535 3316 Lesem
1580 3264 1635 3318 in
1675 3263 1818 3319 tribu
1850 3264 1988 3335 Dan,
2015 3281 2136 3339 quae

545 3342 710 3403 hodie
737 3346 1037 3416 appellatur
1061 3349 1289 3406 Paneas.
1329 3352 1465 3409 Cum
1503 3355 1618 3412 haec
1652 3371 1711 3413 se
1756 3358 1832 3425 ita
1876 3357 2134 3429 habeant,

546 3442 605 3492 et
656 3433 797 3491 inter
847 3437 1084 3508 priorem
1128 3441 1364 3498 tribuum
1418 3444 1861 3518 descriptionem,
1914 3459 1970 3513 et
2016 3465 2136 3522 qua:

542 3540 690 3586 nunc
711 3526 941 3588 habetur
964 3538 1111 3603 tanta
1136 3533 1424 3603 diversitas
1444 3537 1514 3598 sit
1539 3555 1551 3598 :
1578 3539 1681 3595 hoc
1706 3524 2133 3609 consideremus,

543 3617 819 3685 quomodo
845 3626 900 3675 et
936 3619 989 3675 in
1024 3624 1274 3693 praesenti
1310 3625 1671 3697 descriptione
1695 3637 1750 3689 et
1779 3629 1832 3685 in
1863 3633 2134 3702 prmierita

540 3704 688 3797 inter
718 3708 959 3775 tribuum
979 3710 1138 3781 Iuda,
1181 3722 1236 3770 et
1268 3715 1548 3787 Benjamin
1576 3721 1706 3776 urbs
1739 3723 1995 3797 templum
2026 3725 2134 3780 col-

542 3792 782 3851 locatum
816 3798 918 3874 sit,
935 3808 990 3857 et
1030 3801 1089 3867 in
1116 3803 1282 3875 priori
1318 3805 1541 3889 quidem,
1575 3792 1935 3891 descriptione
1968 3810 2133 3880 Iudas

540 3888 757 3944 eratab
795 3898 1013 3962 austro,
1035 3900 1091 3949 et
1133 3888 1411 3966 Beniamin
1449 3894 1518 3952 ab
1552 3888 1827 3969 aquilone.
1866 3900 1964 3957 llic
2002 3918 2133 3959 vero

540 3994 575 4036 θ
603 3985 878 4052 contrario
905 3984 991 4055 lit,
1008 3994 1066 4043 ut
1090 3986 1256 4045 Iudas
1284 3989 1357 4044 sit
1377 3991 1444 4047 ab
1473 3992 1745 4063 aquilone,
1771 4003 1826 4051 et
1850 3994 2130 4065 Beniamin

538 4074 872 4141 ab'austro:
904 4088 1026 4150 post
1055 4096 1212 4156 quem
1243 4083 1512 4140 secundus
1549 4093 1632 4140 est
1661 4085 1903 4153 Simeon,
1939 4088 2131 4144 tertius

533 4162 783 4239 lsachar,
806 4178 1034 4254 quartus
1066 4171 1325 4240 zabulon,
1353 4173 1574 4244 quintus
1603 4174 1746 4242 Gad,
1779 4177 2019 4249 quinque
2052 4179 2132 4233 vi-

535 4257 733 4317 delicet
761 4261 965 4333 tribus,
984 4263 1125 4325 sicut
1157 4265 1213 4333 in
1248 4268 1709 4344 consequentibus,
1731 4268 1950 4339 dicitur.
1980 4268 2128 4341 Scri-

535 4359 689 4421 ptum
715 4361 799 4412 est
825 4354 970 4421 enim
1001 4370 1023 4423 :i

613 4462 634 4496 ι
678 4444 748 4503 Et
789 4446 1013 4516 reliquis
1052 4447 1297 4504 tribubus
1326 4466 1361 4505 a
1384 4451 1539 4525 plaga
1576 4452 1835 4515 orientali
1858 4468 2030 4525 usque
2055 4455 2130 4510 ad

541 4554 561 4589 ι
606 4535 828 4606 plagam
868 4537 1259 4603 occidentalem
1308 4541 1587 4612 Benjamin
1634 4559 1761 4599 una.
1815 4545 1883 4609 Et
1933 4555 2121 4601 contra

540 4644 560 4681 ι
609 4626 904 4691 terminum
948 4626 1228 4698 Beniamin
1269 4646 1300 4685 a
1344 4631 1502 4703 plaga
1546 4631 1795 4689 orientali
1840 4649 2011 4705 usque
2053 4637 2122 4703 ad

538 4736 559 4771 ι
602 4716 817 4789 plagam
853 4718 1244 4781 occidentalem
1290 4720 1509 4777 Simeon
1555 4738 1681 4777 una.
1723 4722 1791 4788 Et
1820 4739 1982 4794 super
2007 4733 2122 4786 ter-

537 4829 559 4863 ι
605 4811 812 4866 minum
849 4810 1122 4875 Simeonis
1149 4828 1181 4868 a
1222 4814 1379 4884 plaga
1412 4814 1660 4871 orientali
1696 4830 1866 4886 usque
1902 4818 1971 4872 ad
2000 4817 2119 4889 pla-

536 4921 557 4956 c
603 4917 727 4975 gam
756 4902 1148 4961 occidentalem
1186 4905 1406 4961 lsachar
1442 4922 1567 4961 una.
1613 4907 1681 4975 Et
1722 4922 1885 4978 super
1932 4910 2120 4967 termi-

537 5013 559 5048 ι
604 5011 735 5050 num
762 4994 983 5051 Isachar
1016 5012 1047 5051 a
1085 4997 1241 5069 plaga
1278 4998 1525 5054 orientali
1570 5015 1749 5071 usque.
1788 5001 1855 5056 ad
1903 5000 2117 5073 plagam

537 5103 558 5137 ι
602 5084 991 5152 occidentalem
1041 5086 1279 5142 Zabuion
1327 5103 1461 5153 una.
1502 5088 1571 5143 Et
1618 5105 1782 5164 super
1828 5091 2117 5149 terminum

538 5193 558 5227 ι
601 5174 842 5231 Zabulon
871 5193 902 5232 a
928 5177 1084 5249 plaga
1117 5177 1368 5233 orientali
1403 5194 1574 5251 usque
1608 5180 1677 5235 ad
1711 5180 1923 5251 plagam
1952 5181 2120 5237 maris

541 5283 562 5318 ι
606 5264 722 5320 Gad
742 5282 867 5323 una.
892 5268 962 5325 Et
984 5284 1146 5340 super
1172 5268 1465 5325 terminum
1489 5268 1606 5335 αλιι
1627 5270 1695 5325 ad
1714 5270 1922 5347 plagam
1947 5271 2119 5329 austri

539 5371 565 5409 ι
609 5355 665 5411 in
680 5358 978 5427 meridiem,
1001 5370 1059 5425 et
1075 5360 1181 5417 erit
1200 5361 1326 5417 ﬁnis
1338 5363 1405 5417 de
1426 5363 1851 5432 Tbamarusque
1868 5365 1935 5419 ad
1951 5379 2121 5434 aquas

539 5463 565 5501 ι
606 5450 1054 5508 contradictionis
1080 5451 1276 5519 Gades,
1298 5454 1586 5510 hmreditas
1611 5462 1805 5510 contra
1833 5470 1982 5511 mare
2006 5470 2124 5510 ma-

538 5555 567 5604 c
607 5555 794 5612 gnum.
830 5540 955 5597 Haec
999 5551 1083 5597 est
1123 5552 1300 5611 terra,
1346 5559 1509 5614 quam
1544 5544 1844 5600 metiemini
1872 5544 2121 5601 tribubus

538 5648 568 5685 ο
606 5632 793 5695 lsrae’l,
808 5640 866 5689 et
884 5633 966 5688 hae
978 5634 1297 5702 partitiones
1309 5650 1521 5702 earum,
1535 5636 1612 5691 ait
1627 5635 1884 5703 Dominus
1906 5634 2069 5701 Deus.
2095 5655 2115 5689 ι

538 5721 810 5803 (ﬂia-on.)
852 5723 1005 5802 Quod
1028 5724 1083 5780 in
1116 5726 1355 5805 quinque
1379 5735 1662 5798 etseptcm
1702 5727 1947 5787 tribubus
1980 5742 2122 5785 sem-

2258 1903 2670 1972 transtulerunt,
2699 1923 2720 1956 ι
2742 1906 2819 1961 De
2833 1906 3074 1961 Theman
3097 1916 3152 1961 et
3172 1922 3311 1976 aqua
3327 1905 3654 1965 Maribinoth
3674 1904 3851 1960 Gades

2256 1993 2542 2050 haereditas
2572 2011 2741 2065 usque
2762 1996 2831 2051 ad
2859 2011 3010 2051 mare
3037 1996 3308 2067 Magnum,
3344 2014 3364 2048 ι
3395 1995 3527 2051 illud
3552 1995 3848 2050 observan-

2253 2084 2381 2140 dum
2427 2086 2480 2140 in
2527 2086 2793 2143 Hebraico
2845 2087 3093 2142 eumdem
3143 2100 3450 2143 sermonem
3491 2084 3676 2140 nehela
3715 2084 3847 2154 quia

2252 2175 2535 2245 ambiguus
2578 2176 2649 2231 sit
2698 2186 2754 2233 et
2797 2176 3171 2233 hzereditatem
3212 2191 3408 2232 sonare
3437 2184 3492 2232 et
3521 2182 3842 2240 torrentem,

2251 2276 2304 2335 et
2330 2268 2417 2339 hic
2446 2269 2618 2344 magis
2652 2276 2947 2325 torrentem
2989 2270 3162 2339 accipi
3201 2270 3417 2334 debere,
3462 2284 3630 2339 quam
3670 2269 3845 2324 haere-

2251 2358 2492 2414 ditatem.
2525 2359 2630 2419 lsle
2672 2368 2756 2415 est
2780 2361 2924 2420 enim
2962 2371 3191 2424 torrens,
3223 2360 3315 2430 qui
3360 2360 3663 2430 ingreditur
3691 2371 3845 2416 mare

2249 2448 2498 2521 Magnum
2548 2450 2925 2521 Rinocoruraa,
2961 2460 3020 2507 ut
3072 2460 3198 2520 ante
3235 2450 3348 2528 jam
3384 2451 3634 2511 diximus.
3662 2450 3843 2507 Gades

2247 2547 2446 2607 autem,
2475 2554 2594 2611 quae
2628 2540 2683 2596 in
2709 2540 2848 2597 libro
2871 2541 3032 2598 Iosue
3057 2541 3355 2612 appellatur
3384 2540 3550 2601 Gades
3576 2541 3750 2601 bame
3781 2539 3838 2594 in

2246 2630 2460 2687 deserto
2502 2641 2606 2699 est,
2657 2633 2802 2703 quod
2844 2633 3153 2689 extenditur
3198 2646 3372 2703 usque
3414 2630 3482 2691 ad
3517 2631 3710 2686 urbem
3734 2629 3836 2685 Pe-

2245 2729 2407 2777 tram.
2455 2721 2781 2779 Maribinoth
2826 2738 2975 2788 vero,
3017 2722 3161 2793 quod
3209 2721 3598 2792 interpretatur
3625 2728 3836 2775 contra-

2244 2813 2499 2881 dictionis
2540 2800 2647 2870 non
2691 2815 3011 2871 vocabulum
3053 2814 3158 2869 loci
3194 2822 3296 2876 est,
3329 2823 3390 2866 ut
3417 2811 3664 2891 plerique
3691 2811 3833 2867 testi-

2244 2913 2411 2968 mant,
2441 2906 2536 2960 sed
2585 2921 2851 2976 aquarum
2907 2906 2960 2959 in
3004 2905 3200 2975 quibus
3240 2904 3471 2959 Domino
3507 2903 3833 2965 contradiin

2240 2996 2490 3068 populus,
2521 3004 2576 3052 et
2605 2982 2816 3068 Moyses
2847 2995 3072 3052 otl‘endit
3097 2995 3287 3059 Deum,
3315 2995 3533 3049 dicente
3570 2994 3783 3063 psalmo
3810 3011 3824 3046 :

2249 3105 2268 3138 ε
2306 3087 2673 3144 Tentaverunt
2732 3102 2857 3145 eum
2917 3088 2985 3145 ad
3024 3102 3220 3156 aquam
3267 3079 3732 3149 contrailictionis,
3772 3092 3830 3139 et

2238 3178 2469 3245 afﬂictus
2496 3189 2580 3237 est
2609 3181 2784 3235 Moses
2809 3190 3032 3251 propter
3057 3194 3151 3235 eos
3182 3177 3357 3251 (Psal.
3392 3177 3497 3249 εν).
3530 3176 3827 3245 Omnisque

2238 3281 2399 3334 terrae
2428 3282 2629 3330 sanctae
2664 3256 2953 3329 bzereditas
2982 3273 3050 3328 ab
3083 3272 3309 3336 australi
3345 3271 3488 3342 plaga
3512 3270 3665 3340 juxta
3708 3277 3821 3322 ter-

2236 3364 2414 3420 minos
2436 3363 2656 3437 }Egypti
2682 3365 3018 3421 Rinocorura
3039 3372 3095 3419 et
3117 3373 3360 3420 torrente
3384 3363 3580 3417 linitur.
3601 3362 3673 3417 Et
3691 3359 3827 3431 quia

2236 3453 2351 3511 Gad
2394 3455 2785 3526 interpretatur
2829 3455 3066 3522 tentalio,
3122 3456 3177 3510 in
3222 3456 3564 3524 possessione
3614 3453 3732 3525 eius
3759 3452 3829 3508 de

2235 3543 2487 3614 palmetis
2527 3545 2825 3601 transimus
2867 3545 2935 3600 ad
2976 3560 3146 3615 aquas
3183 3544 3632 3600 contradictionis
3656 3555 3826 3612 usque

2234 3636 2430 3702 Caedes,
2481 3651 2601 3707 qua:
2647 3636 3036 3707 interpretatur
3073 3648 3296 3703 sancta,
3348 3646 3408 3691 ut
3462 3635 3823 3705 intelligamus

2235 3742 2339 3789 nos
2360 3728 2522 3791 etiam
2544 3736 2669 3798 post
2689 3729 2971 3793 victoriam
3001 3728 3186 3783 mundi
3230 3728 3429 3783 debere
3466 3741 3596 3782 csse
3629 3724 3823 3779 sollicio.

2234 3824 2319 3875 tus
2355 3825 2410 3872 et
2454 3830 2666 3888 semper
2698 3817 2753 3877 in
2786 3827 2954 3885 metu,
2995 3827 3050 3874 et
3076 3819 3352 3875 recordari
3376 3818 3523 3873 illius
3552 3814 3823 3881 versiculi,

2239 3927 2264 3964 ι,
2286 3908 2537 3966 Tentatio
2566 3918 2652 3966 est
2677 3911 2788 3966 vita
2829 3911 3109 3971 hominum
3138 3926 3300 3981 super
3335 3918 3543 3966 terram
3574 3927 3589 3963 :
3623 3929 3641 3962 ι
3674 3919 3731 3965 et
3754 3905 3824 3963 ad

2232 4000 2571 4056 sanctitatem
2630 4001 2960 4058 adversariis
3016 4002 3439 4073 repugnantibus
3497 4000 3821 4071 pervenire;

2232 4090 2419 4162 sicque
2444 4092 2692 4150 obtinere
2717 4092 3027 4158 victoriam,
3049 4102 3105 4151 et
3124 4108 3155 4149 e
3185 4091 3371 4155 vicino
3388 4098 3687 4153 torrentem
3711 4088 3823 4161 ple-

2230 4198 2357 4251 num
2385 4182 2637 4251 imbrium
2665 4183 3094 4254 contemplemur

2306 4290 2327 4327 ι
2371 4273 2438 4341 Et
2495 4290 2746 4345 egressus
2802 4275 3037 4330 civitatis
3103 4290 3134 4330 a
3192 4275 3350 4345 plaga
3410 4273 3820 4346 septentrionali

2234 4383 2255 4417 ι
2295 4365 2586 4435 quingenta
2612 4374 2667 4421 et
2690 4372 2922 4434 quatuor
2949 4365 3117 4420 millia
3155 4365 3502 4421 mensurabis
3546 4375 3602 4420 ct
3648 4372 3819 4436 porta

2235 4473 2253 4507 ι
2297 4455 2533 4510 civitatis
2559 4470 2626 4509 cx
2660 4455 2911 4512 omnibus
2937 4455 3183 4510 tribubus
3215 4454 3397 4510 Israel.
3427 4454 3613 4509 Porta:
3641 4463 3757 4509 tres
3777 4468 3817 4508 ι

2233 4564 2259 4605 t
2297 4547 2683 4616 septentrione.
2726 4544 2889 4603 Porta
2930 4545 3117 4600 Ruben
3163 4560 3290 4599 una.
3320 4544 3485 4603 Porta
3513 4542 3666 4599 Inda:
3688 4558 3812 4598 una.

2229 4654 2253 4692 ι
2292 4635 2464 4705 Porta
2490 4636 2618 4701 Levi
2647 4652 2752 4703 una
2792 4654 2805 4688 :
2845 4636 2913 4693 Et
2946 4635 3010 4689 ad
3053 4635 3265 4705 plagam
3295 4633 3622 4690 orientalem
3659 4633 3817 4704 quin-

2229 4747 2254 4783 ι
2292 4734 2493 4798 gentos,
2529 4734 2584 4785 et
2629 4733 2863 4797 quatuor
2911 4726 3080 4779 millia
3144 4733 3201 4781 et
3246 4733 3415 4795 porta:
3471 4733 3604 4778 tres.
3649 4723 3816 4780 Porta

2228 4836 2249 4875 t
2292 4817 2489 4888 Ioseph
2520 4833 2657 4885 una,
2685 4816 2847 4879 Porta
2881 4815 3161 4891 Beniamin
3190 4831 3316 4869 una.
3344 4814 3508 4869 Porta
3542 4813 3657 4867 Dan
3685 4830 3812 4867 una.

2229 4925 2253 4962 ι
2291 4907 2360 4971 Et
2386 4907 2454 4961 ad
2478 4906 2690 4977 plagam
2727 4906 3090 4973 meridianam.
3127 4906 3452 4975 quingentos
3490 4912 3543 4957 et
3582 4912 3816 4972 quatuor

2232 5017 2260 5054 ι
2296 4997 2469 5065 millia
2503 4996 2751 5061 metieris,
2800 5006 2857 5051 et
2913 5004 3078 5067 portae
3137 5004 3276 5061 tres.
3325 4995 3487 5061 Porta
3543 4993 3815 5049 Simennis

2232 5107 2252 5141 ‹
2295 5103 2401 5148 una
2430 5106 2442 5143 :
2468 5095 2624 5158 porta
2656 5086 2900 5155 lssacbar
2921 5102 3050 5154 una,
3068 5096 3225 5158 porta
3245 5085 3480 5140 Zabulon
3511 5094 3726 5147 una;et
3744 5082 3811 5137 ad

2232 5195 2251 5231 ι
2294 5178 2507 5249 plagam
2532 5177 2917 5233 occidentalem
2952 5177 3230 5251 quingenti
3273 5185 3328 5241 et
3357 5183 3594 5246 quatuor
3621 5173 3805 5229 millia.

2233 5290 2252 5324 ι
2298 5270 2474 5339 Porta:
2497 5286 2683 5331 eorum
2707 5279 2844 5334 tres,
2866 5268 3026 5324 Porta
3048 5268 3163 5324 Gad
3184 5283 3311 5322 una.
3332 5267 3494 5325 Porta
3516 5267 3656 5321 Aser
3679 5281 3804 5320 una.

2233 5382 2259 5420 ι
2294 5362 2456 5424 Porta
2481 5362 2785 5434 Nephtalim
2812 5378 2938 5417 una.
2963 5361 3068 5416 Per.
3093 5361 3379 5417 circuitum
3400 5360 3588 5415 decem
3615 5367 3670 5414 et
3689 5370 3814 5413 octo

2233 5472 2258 5508 ι
2296 5453 2463 5509 millia
2502 5462 2557 5510 et
2591 5469 2787 5510 nomen
2828 5453 3065 5520 civitatis
3089 5468 3153 5508 ex
3193 5452 3280 5521 illa
3315 5452 3403 5507 die
3423 5450 3690 5504 Dominus
3713 5448 3812 5503 ibi-

2233 5564 2253 5598 ‹
2297 5545 2445 5609 dem.
2471 5565 2491 5599 ι
2520 5545 2597 5602 De
2623 5546 2828 5601 ambitu
2849 5545 3084 5600 civitatis
3105 5543 3248 5615 quod
3276 5558 3376 5629 per
3401 5542 3571 5597 latera
3602 5539 3817 5613 singula

2227 5635 2283 5691 in
2309 5636 2575 5706 quadrum
2604 5644 2835 5707 quatuor
2857 5636 3047 5702 millia,
3086 5635 3411 5706 quingentos
3444 5632 3689 5689 calamos
3717 5634 3813 5686 ba-

2226 5728 2406 5786 buerit
2427 5730 2734 5802 praeteritus
2757 5714 2935 5788 sermo
2960 5726 3221 5798 narravit,
3249 5727 3342 5799 qui
3368 5725 3578 5785 faciunt
3615 5725 3821 5785 decem
