4112 6364
337 329 473 392 ιοει

1252 328 1604 388 COMMENT.
1643 328 1712 384 IN
1750 327 2205 386 EZECIIIELEM.
2246 361 2315 372 --
2349 330 2477 387 LID.
2515 333 2634 388 XX.

3451 331 3596 392 1082

339 453 394 500 ει
415 452 537 500 οειο
563 442 728 499 millia
754 443 1104 507 calamorum,
1133 449 1192 496 ut
1219 442 1273 497 ia
1300 441 1551 512 praesenti
1584 456 1796 511 quoque
1825 456 1917 496 ca-
1940 446 1994 504 Α
2018 441 2319 508 duodecim,
2355 451 2410 498 et
2445 443 2500 498 in
2547 443 2680 514 ipsis
2726 443 3009 500 duodecim
3055 442 3273 498 nomina
3316 444 3599 502 duodecim

339 535 512 606 pitulo
564 535 797 604 positum
845 541 962 600 est,
1000 533 1052 587 id
1102 541 1219 598 est,
1267 533 1623 603 quadraginta
1687 542 1918 602 quatuor

339 625 510 680 millia
557 640 811 695 passuum
864 633 920 679 et
973 633 1243 678 trecentos
1297 624 1651 694 quadraginta
1701 639 1912 693 passus.

339 713 496 772 Nunc
521 716 778 771 scribitur
803 732 898 787 per
922 714 1130 785 singula
1157 714 1344 779 latera,
1368 715 1471 769 hoc
1498 724 1599 779 cst,
1629 730 1726 784 per
1752 716 1919 770 unde-

341 808 450 862 cim
475 807 642 864 millia
669 822 924 879 passuum
951 816 1007 862 et
1030 807 1300 876 octoginta
1328 821 1520 876 passus
1547 816 1727 860 ternas
1751 805 1918 861 fuisse

339 906 528 966 portas
570 913 705 967 quas
741 895 932 967 Aquila
980 895 1337 967 Symmachus
1371 905 1426 950 et
1462 895 1757 952 Theodotio
1781 899 1917 962 Διεξ-

341 987 507 1053 660w,
547 987 894 1059 Septuaginta
940 988 1205 1049 Διεκϐολάς
1247 994 1458 1051 vocant,
1494 1002 1593 1042 nos
1650 987 1918 1058 interpre-

341 1079 440 1134 tati
470 1093 656 1133 sumus
677 1095 913 1148 egressus
938 1085 993 1132 et
1011 1078 1182 1131 exitus
1211 1076 1470 1132 civitatis.

411 1167 654 1238 llludque
699 1167 934 1238 primum
971 1167 1208 1224 breviter
1250 1165 1668 1232 admonendum,
1701 1165 1919 1221 easdem

342 1260 518 1316 tribus
561 1261 614 1314 in
655 1260 888 1315 circuitu
927 1259 1256 1314 tabernaculi
1295 1260 1370 1314 ita
1399 1268 1812 1315 castramctatas
1863 1268 1921 1314 ut

341 1353 410 1405 ad
457 1351 721 1406 orientem
770 1350 929 1404 fuerit
949 1346 1135 1414 Iudas,
1167 1350 1415 1405 lssachar
1455 1359 1508 1406 et
1549 1351 1787 1406 Zabulon
1824 1351 1919 1406 ﬁlii

340 1441 455 1495 Liae
484 1459 497 1496 :
531 1449 588 1496 et
611 1442 677 1494 ad
701 1443 982 1496 meridiem
1011 1442 1220 1505 Ruben,
1251 1441 1496 1507 Simeon,
1525 1441 1664 1507 Gad,
1690 1443 1794 1497 duo
1827 1443 1921 1497 ﬁlii

341 1533 452 1588 Liae
479 1553 492 1590 :
521 1543 575 1589 et
612 1535 802 1590 tertius
834 1535 974 1591 ﬁlius
1010 1537 1223 1606 Zelphze
1267 1538 1473 1592 ancilla:
1501 1537 1608 1591 Line
1634 1551 1648 1590 :
1679 1538 1747 1592 ad
1783 1537 1924 1591 occi-

341 1629 558 1684 dentem
606 1644 734 1684 vero
776 1629 1032 1700 Ephraim
1083 1631 1358 1686 Manasses
1393 1641 1447 1685 et
1481 1628 1784 1698 Benjamin,
1816 1629 1922 1683 duo

337 1719 592 1776 videlicet
619 1720 711 1774 ﬁlii
743 1720 1031 1775 Rachelis:
1064 1723 1189 1792 quia
1224 1720 1420 1792 Ioseph
1460 1736 1559 1791 pro
1598 1721 1737 1775 tribu
1769 1719 1918 1784 Levi,

2015 534 2378 604 apostolorum
2410 543 2464 591 et
2499 536 2644 607 agni.
2677 557 2696 589 ι
2738 535 2922 592 Murus
2956 552 3084 608 ergo
3123 537 3224 592 istc
3271 554 3496 609 magnus
3544 547 3602 594 et

2015 624 2176 688 altus,
2222 624 2684 695 inexpugnabilem
2737 625 2858 681 ﬁdei
2904 635 2961 682 et
3007 627 3322 690 charitatis,
3377 629 3601 700 speique

2017 714 2328 768 ﬁrmitatem
2355 714 2640 785 signiﬁcat.
2671 716 2856 771 Potest
2884 725 2940 771 et
2975 718 3088 786 ipse
3119 716 3379 772 Dominus
3416 719 3601 775 Eccle-

2018 806 2153 862 siam
2183 807 2420 876 undique
2445 815 2754 880 protegens,
2789 825 2977 864 murus
3006 825 3232 879 magnus
3264 811 3508 880 intelligi,
3535 811 3601 866 de

2018 912 2126 967 quo
2155 897 2319 953 Isaias
2344 898 2460 952 ait:
2498 918 2516 950 ‹
2554 898 2790 954 Ponetur
2836 900 2888 954 in
2929 914 2992 954 ea
3032 916 3220 955 murus
3261 910 3316 955 et
3353 912 3601 956 antemu-

2018 989 2133 1045 rale
2165 989 2298 1061 (Isa.
2328 989 2500 1062 xxvr),
2530 1009 2548 1041 ι
2578 989 2628 1044 id
2660 999 2766 1056 est,
2795 991 3005 1044 Domini
3029 991 3314 1060 protectio,
3343 999 3398 1045 et
3429 991 3599 1045 inter-

2020 1080 2193 1134 cessio
2240 1089 2569 1146 sanctorum,
2617 1081 2708 1150 qui
2755 1082 2860 1136 iter
2909 1081 3116 1136 faciunt
3163 1082 3212 1136 ei
3265 1083 3506 1139 docendo
3537 1084 3603 1136 ad

2021 1171 2183 1226 corda
2205 1173 2558 1226 credentium.
2581 1173 2756 1228 Habet
2776 1175 2864 1228 hic
2883 1190 3071 1229 murus
3091 1185 3275 1244 portas
3296 1176 3601 1241 duodecim,

2022 1277 2140 1330 qua:
2181 1270 2349 1332 portae
2395 1262 2623 1332 apostoli
2673 1273 2832 1328 sunt,
2873 1264 2966 1332 qui
3007 1278 3108 1318 suo
3152 1265 3237 1318 vel
3270 1265 3487 1335 scripto,
3518 1265 3604 1318 vel

2021 1367 2185 1422 opere
2208 1353 2416 1408 cunctis
2441 1354 2862 1424 primordialiter
2895 1355 3144 1424 gentibus
3182 1354 3435 1410 Ecclesia:
3472 1371 3605 1426 pan-

2023 1443 2221 1498 debant
2249 1441 2549 1497 introitum.
2579 1463 2598 1495 ‹
2629 1443 2696 1497 Ει
2726 1443 2778 1497 in
2806 1443 2977 1514 portis
3005 1443 3230 1514 angulos
3253 1443 3556 1509 duodecim,
3581 1463 3600 1496 ι

2022 1534 2272 1590 doctores
2302 1535 2526 1600 scilicet,
2561 1534 2924 1605 apostolorum
2953 1535 3174 1607 vestigia
3214 1535 3334 1590 ﬁdei
3365 1543 3419 1590 et
3453 1537 3606 1591 verbi

2023 1625 2281 1696 mysterio
2309 1632 2596 1694 sequentes
2624 1642 2638 1678 :
2673 1644 2690 1676 ‹
2723 1625 2790 1680 Ει
2820 1626 3038 1680 nomina
3067 1627 3290 1696 scripta,
3327 1641 3446 1695 quae
3475 1635 3605 1681 sunt

2025 1716 2241 1770 nomina
2286 1715 2568 1770 duodecim
2615 1715 2847 1770 ﬁliorum
2893 1716 3055 1770 Israel
3086 1715 3288 1788 (Exod.
3317 1717 3539 1787 xxvtn);
3583 1737 3604 1769 ι

339 1828 461 1888 qua:
489 1811 769 1867 sacriﬁciis
798 1814 1050 1882 deputata
1077 1822 1182 1878 est,
1213 1813 1265 1867 in
1302 1813 1437 1868 duas
1467 1813 1639 1868 tribus
1665 1811 1920 1881 Ephraim
1949 1795 1998 1855 Β
2026 1807 2340 1861 memoriam
2373 1815 2614 1860 veterum
2644 1805 2863 1861 Patrum
2896 1807 3164 1875 signiﬁcat
3189 1808 3605 1876 przedieatorum

337 1912 396 1957 et
419 1901 698 1958 Manassen
725 1903 894 1958 divisa
921 1911 1029 1968 est,
1071 1903 1137 1958 ad
1167 1901 1474 1973 aquilonem
1511 1910 1688 1956 autem
1726 1902 1837 1955 Dan
1867 1908 1923 1954 et

337 1992 476 2047 Aser
518 2000 574 2047 et
621 1991 953 2063 Nephtalim,
999 2008 1230 2063 quorum
1271 1992 1478 2062 primus
1523 1999 1573 2046 et
1609 1992 1800 2045 tertius
1829 1990 1922 2046 ﬁlii

333 2094 466 2144 eunt
495 2083 639 2140 Bala:
669 2085 880 2140 ancilla:
919 2085 1193 2150 Rachclis,
1222 2085 1488 2140 secundus
1518 2083 1659 2138 ﬁlius
1684 2084 1921 2152 chphae,

335 2176 545 2231 ancilla:
567 2176 677 2230 Liae
705 2176 986 2246 ignobiles,
1013 2186 1064 2232 et
1094 2177 1157 2231 ad
1185 2176 1488 2246 aquilonem
1520 2175 1678 2244 positi
1701 2175 1920 2244 quippe,

336 2265 429 2334 qui
458 2280 523 2319 ex
550 2265 867 2320 ancillarum
896 2266 1036 2319 inter
1070 2282 1128 2320 se
1159 2265 1530 2320 dissidentium
1559 2265 1730 2334 stirpe
1756 2279 1921 2334 gene-

336 2353 442 2407 rati
493 2362 636 2408 sunt.
691 2354 806 2409 Hoc
845 2355 998 2425 juxta
1052 2353 1409 2407 Numerorum
1465 2353 1662 2406 librum
1712 2352 1918 2422 (Num.

335 2441 524 2510 xxxiv)
561 2450 616 2496 et
661 2442 1078 2511 descriptionem
1138 2441 1502 2507 tabernaculi,
1549 2457 1668 2511 qua:
1699 2441 1924 2512 jubentc

336 2529 450 2586 Deo
489 2530 654 2602 Moysi
703 2547 798 2587 ore
838 2532 1040 2586 dictata
1075 2540 1175 2586 est.
1235 2531 1430 2586 Nostra
1460 2548 1590 2586 vero
1632 2535 1763 2588 urbs
1803 2549 1924 2602 quae

335 2629 420 2676 est
443 2640 460 2672 ‹
487 2621 679 2677 civitas
710 2621 869 2692 Regis
897 2623 1075 2692 magni
1099 2620 1270 2693 (Psal.
1300 2621 1491 2687 van),
1513 2641 1530 2672 ‹
1555 2621 1706 2689 cujus
1728 2622 1923 2678 artifex

333 2719 392 2766 et
435 2711 680 2766 conditor
713 2721 794 2766 est
835 2711 993 2777 Deus,
1038 2712 1105 2766 de
1146 2726 1253 2780 qua
1301 2719 1357 2766 et
1392 2711 1680 2766 Psalmista
1728 2713 1918 2766 canit:

343 2819 362 2852 ι
400 2799 670 2870 Numquid
705 2801 833 2855 Sion
879 2801 1020 2855 dicet
1068 2801 1250 2868 homo,
1295 2809 1350 2855 et
1384 2801 1546 2856 homo
1572 2810 1733 2856 natus
1760 2811 1844 2858 est
1869 2803 1922 2857 in

335 2910 424 2960 ea,
445 2903 502 2949 et
526 2895 640 2970 ipse
668 2895 913 2950 fundavit
947 2911 1068 2951 eam
1093 2895 1387 2950 altissimus
1415 2895 1590 2967 (Psal.
1616 2896 1858 2964 Lxxxvi),
1898 2915 1917 2948 ι

336 2987 498 3042 aliam
534 2988 696 3042 habet
734 2987 968 3042 tribuum
1008 2988 1061 3042 in
1102 2995 1246 3042 terra
1287 2995 1473 3043 sancta
1503 2987 1921 3060 descriptionem

337 3086 392 3132 et
421 3091 733 3131 mensuram
766 3076 1020 3141 civitatis,
1062 3085 1118 3131 et
1160 3076 1518 3145 possessionis
1561 3077 1826 3142 ordinem,
1868 3086 1924 3132 et

2023 1898 2280 1953 cordibus
2320 1897 2556 1951 insitam.
2611 1895 2764 1951 Unde
2808 1904 2862 1949 et
2908 1895 3146 1965 pontifex
3200 1897 3606 1950 tabernaculum

2021 1987 2300 2059 ingressus
2347 1986 2658 2042 memoriale
2705 1985 2924 2040 Patrum
2974 1988 3026 2040 in
3081 1987 3330 2041 rationali
3375 1989 3610 2056 pectoris

2021 2081 2164 2136 ferre
2199 2079 2439 2149 jubetur.
2489 2098 2509 2130 ς
2543 2079 2626 2134 Ab
2670 2080 2881 2134 oriente
2933 2088 3092 2134 erant
3131 2089 3302 2148 porta:
3350 2087 3492 2144 tres,
3541 2080 3611 2134 ab

2022 2171 2274 2241 aquilone
2318 2180 2486 2241 porta:
2533 2178 2663 2236 tres,
2715 2170 2784 2224 ab
2841 2178 3028 2224 austro
3068 2179 3238 2239 porta:
3274 2177 3404 2234 tres,
3447 2178 3502 2224 et
3541 2170 3610 2224 ab

2019 2277 2218 2317 occasu
2266 2271 2436 2330 porta:
2479 2269 2606 2316 tres.
2639 2281 2657 2312 ι
2695 2260 2808 2314 llac
2840 2269 2950 2315 tam
3000 2261 3184 2317 solerti
3233 2265 3380 2315 reor'
3409 2259 3609 2315 descri-

2019 2354 2204 2422 ptione
2248 2360 2526 2422 portarum
2566 2351 2880 2406 duodenarii
2921 2352 3130 2406 numeri
3170 2351 3344 2406 voluit
3372 2350 3612 2405 indicare

2022 2441 2338 2512 mysterium
2374 2462 2389 2494 :
2426 2456 2534 2511 quo
2579 2442 2781 2497 ideirco
2827 2442 2910 2496 vel
2980 2457 3189 2497 summa
3242 2441 3610 2511 apostolorum

2019 2529 2104 2585 vel
2156 2529 2406 2585 Ecclesim
2455 2531 2526 2584 sit
2571 2530 2796 2600 ﬁgurata
2844 2531 3128 2601 perfectio,
3177 2533 3301 2601 quia
3350 2546 3447 2600 per
3490 2546 3611 2585 eam

2023 2622 2141 2676 orbi
2164 2622 2429 2692 quadrato
2449 2628 2652 2677 sancta:
2675 2622 2960 2677 Trinitatis
2981 2632 3099 2677 erat
3129 2623 3260 2677 ﬁdes
3287 2621 3608 2677 intimanda.

2029 2729 2048 2762 ι
2080 2711 2148 2766 Ει
2171 2726 2360 2766 murus
2397 2711 2634 2767 civitatis
2669 2711 2903 2766 habebat
2933 2711 3282 2767 fundamenta
3306 2711 3610 2774 duodecim,

2022 2809 2077 2856 et
2104 2801 2156 2854 in
2197 2801 2328 2870 ipsis
2364 2801 2642 2856 duodecim
2683 2802 2899 2856 nomina
2932 2803 3214 2858 duodecim
3245 2803 3613 2872 apostolorum

2023 2900 2078 2947 et
2105 2891 2275 2962 Agui;
2308 2909 2327 2943 ›
2357 2893 2498 2960 quod
2536 2901 2661 2946 sunt
2694 2901 2885 2961 portze,
2927 2894 3028 2948 hoc
3067 2893 3439 2958 fundamenta,
3469 2895 3614 2962 quod

2023 2982 2216 3039 civitas
2267 2983 2371 3038 hoc
2413 2997 2622 3037 murus.
2672 2981 2903 3037 Possunt
2955 2993 3135 3036 autem
3186 2991 3240 3038 et
3290 2984 3614 3053 patriarcha:

2026 3073 2497 3130 fundamentorum
2537 3074 2799 3129 vocabulo
2843 3075 3134 3144 designari,
3181 3075 3274 3144 qui
3314 3075 3530 3130 nomina
3560 3074 3614 3126 in

333 3169 524 3239 plagas
573 3168 806 3223 tribuum
852 3169 1204 3239 singularum.
1266 3168 1505 3223 Primum
1557 3169 1700 3223 enim
1750 3169 1920 3240 plaga:
1947 3155 1991 3218 C
2023 3181 2081 3220 se
2113 3164 2495 3235 apostolorum,
2531 3165 2581 3219 id
2611 3173 2711 3226 est,
2749 3164 2973 3236 ﬁguram
3006 3167 3295 3220 tenuerint.
3347 3166 3452 3220 Per
3493 3165 3612 3219 illos

335 3257 604 3326 aquilonis
627 3266 994 3327 opponuntur,
1025 3266 1136 3312 tres
1161 3266 1350 3327 portaz,
1391 3258 1506 3313 sive
1535 3261 1712 3312 exitus
1733 3259 1921 3313 civita-

336 3347 429 3412 tis,
459 3363 687 3417 quorum
718 3357 801 3402 est
833 3347 1221 3418 primogenitus
1244 3348 1456 3414 Ruben,
1481 3357 1534 3403 et
1569 3347 1736 3404 Iudas
1760 3350 1920 3420 regite

337 3438 526 3507 stirpis
560 3448 768 3504 auctor,
797 3447 850 3494 et
875 3439 1002 3494 Levi
1033 3455 1192 3509 super
1221 3441 1374 3511 cujus
1400 3443 1618 3498 nomine
1655 3443 1708 3497 in
1739 3445 1921 3499 taber-

337 3528 530 3583 naculo
575 3538 630 3584 et
675 3545 956 3585 sacrorum
989 3531 1350 3600 descriptione
1388 3532 1465 3586 nil
1493 3533 1698 3587 dictum
1726 3543 1830 3598 est,
1863 3543 1923 3590 ut

334 3619 692 3694 primogenita
718 3621 1059 3690 possidentes
1078 3621 1232 3690 quasi
1260 3637 1428 3692 genus
1455 3622 1632 3692 regale
1654 3632 1711 3678 ct
1736 3639 1920 3678 sacer-

335 3711 533 3777 dotale,
556 3713 825 3783 aquilonis
851 3713 1052 3784 frigora
1069 3723 1496 3768 contemnamus.
1523 3716 1772 3770 Secundo
1797 3731 1922 3770 vero

333 3803 404 3862 ad
435 3804 696 3858 orientem
728 3815 810 3860 est
830 3804 1048 3876 Ioseph,
1079 3805 1354 3874 Bcnjamin
1388 3814 1443 3860 ct
1473 3804 1609 3870 Dan,
1639 3806 1798 3860 ambo
1830 3806 1921 3861 ﬁlii

332 3893 537 3950 Rachel
565 3907 620 3951 et
646 3912 784 3950 unus
810 3895 952 3951 Baiae
989 3897 1195 3951 ancillae
1220 3897 1355 3966 ejus,
1390 3899 1457 3952 ad
1487 3898 1766 3953 meridiem
1795 3912 1924 3952 vero

339 3983 582 4051 Simeon,
631 3983 901 4049 lssachar,
927 3985 1187 4050 Zabulon,
1217 3987 1310 4054 qui
1355 3995 1463 4041 tres
1492 3987 1604 4042 Lizn
1645 3987 1739 4041 lilii
1772 3995 1918 4041 sunt.

332 4073 503 4129 Porro
556 4075 624 4129 ad
666 4074 1002 4129 occidentem
1043 4074 1194 4140 Gad,
1237 4075 1407 4140 Aser,
1457 4087 1514 4130 et
1564 4075 1868 4146 Nephtalim
1906 4094 1917 4130 :

334 4177 565 4237 quorum
590 4163 800 4232 priores
830 4165 935 4218 duo
979 4163 1073 4217 ﬁlii
1109 4163 1323 4233 Zelpha:
1361 4173 1486 4219 sunt
1527 4165 1733 4220 ancillae
1763 4165 1872 4221 Lia:
1905 4183 1918 4219 ;

334 4253 530 4312 tertius
556 4252 697 4308 ﬁlius
716 4251 858 4308 Bake
884 4254 1089 4309 ancillae
1113 4254 1402 4311 Rachelis:
1437 4275 1455 4306 ί
1481 4255 1614 4324 Quis
1631 4258 1848 4326 sapiens
1870 4266 1923 4312 et

334 4339 584 4410 intelligit
631 4341 767 4406 haec,
809 4341 1114 4412 intelligens
1156 4351 1209 4398 et
1240 4353 1526 4415 cognoscet
1559 4346 1659 4400 ea?
1695 4366 1712 4398 ι
1745 4342 1918 4416 (Psal.

331 4432 466 4496 cvi.)
499 4431 634 4498 Quia
665 4441 827 4488 recta:
852 4433 953 4488 via:
979 4434 1192 4489 Domini
1231 4443 1285 4490 et
1305 4436 1436 4505 justi
1484 4437 1836 4492 ambulabunt
1868 4437 1920 4491 in

2021 3257 2165 3312 enim
2217 3257 2439 3311 fundata
2487 3257 2601 3310 haec
2650 3256 2873 3322 civitas,
2918 3256 3165 3324 quamvis
3198 3272 3297 3326 per
3341 3255 3614 3326 apostolos

2021 3349 2172 3420 quasi
2217 3363 2312 3419 per
2353 3356 2538 3420 portas
2582 3347 2746 3402 latius
2784 3348 3074 3402 credituris
3107 3348 3179 3402 sit
3219 3358 3406 3419 aperta
3440 3348 3612 3402 natio-

2021 3441 2198 3496 nibus.
2249 3441 2315 3494 Et
2364 3439 2688 3506 notandum,
2738 3440 2880 3509 quod
2924 3440 3275 3494 fundamenta
3319 3455 3440 3494 cum
3497 3439 3614 3509 plu-

2021 3534 2206 3588 raliter
2238 3533 2504 3596 dicantur,
2554 3533 2808 3587 doctores
2856 3531 2938 3586 vel
2979 3531 3207 3586 virtutes
3253 3530 3509 3585 Ecclesize
3545 3530 3616 3584 si-

2021 3625 2280 3695 gniﬁcant
2307 3643 2320 3678 :
2349 3639 2472 3678 cum
2507 3639 2638 3679 vero
2680 3623 3046 3694 singulariter,
3093 3623 3268 3693 ipsum
3306 3619 3614 3692 signiﬁcare

2023 3717 2329 3780 Dominum,
2383 3715 2475 3785 qui
2525 3721 2610 3770 est
2652 3713 3064 3768 fundamentum
3116 3712 3610 3766 fundamentorum.

2023 3806 2291 3880 (Hieron.)
2320 3806 2384 3860 Et
2426 3821 2647 3862 necesse
2695 3813 2865 3860 estut
2895 3805 3016 3859 talis
3068 3803 3262 3859 civitas
3316 3803 3505 3858 decem
3554 3809 3609 3857 et

2020 3909 2145 3962 octo
2191 3898 2416 3953 millium
2446 3913 2546 3968 per
2572 3899 2855 3953 circuitum
2890 3906 3072 3952 teneat
3101 3897 3435 3953 calamorum
3457 3939 3470 3962 ,
3509 3895 3615 3952 επὶ)

2023 4005 2130 4061 quo
2158 4005 2382 4044 numero
2423 3998 2480 4044 et
2528 3990 2580 4044 in
2613 3989 3050 4044 duodevicesimo
3078 3988 3287 4058 psalmo
3327 3987 3411 4043 lex
3463 3996 3614 4041 natu-

2024 4080 2152 4134 ralis
2194 4088 2249 4134 ει
2276 4080 2476 4148 scripta
2505 4080 2787 4149 gratiaque
2814 4077 3094 4149 Evangelii
3127 4077 3471 4141 describitur,
3495 4076 3614 4146 quis

2021 4172 2122 4225 hus
2149 4171 2413 4236 Ecclesia,
2445 4171 2497 4227 id
2532 4178 2635 4235 est,
2680 4171 2809 4224 urbs
2857 4169 3156 4224 Salvatoris
3205 4176 3477 4225 exstructa
3506 4179 3610 4223 est.

2023 4263 2226 4319 Nomen
2269 4278 2484 4333 quoque
2527 4263 2697 4333 ipsius
2723 4262 2962 4316 civitatis
3017 4276 3356 4330 nequaquam
3395 4261 3501 4314 erit
3552 4267 3615 4314 ut

2023 4354 2174 4424 prius
2209 4353 2599 4425 Hierosolyma,
2639 4368 2759 4424 qua:
2809 4353 3202 4422 interpretatur
3252 4353 3376 4406 t't'st'o
3422 4352 3611 4421 pacis:

2024 4446 2116 4500 sed
2147 4446 2454 4500 Adonaisan
2501 4445 2926 4518 [Adonaisama],
2956 4447 3097 4516 quod
3124 4447 3177 4502 in
3207 4446 3458 4500 Latinum
3497 4459 3613 4501 ser-

332 4522 435 4587 eis,
478 4539 496 4572 ι
527 4524 967 4591 praevaricatores
1006 4535 1187 4580 autem
1234 4535 1489 4582 corruent
1527 4526 1581 4580 in
1620 4526 1725 4582 illis
1771 4528 1916 4598 (Ose.
1953 4501 1998 4560 D
2027 4551 2239 4592 ηιοηοηι
2267 4538 2499 4592 verum;
2549 4537 2808 4590 Dominus
2855 4537 3069 4602 ibidem,
3096 4538 3187 4607 qui
3223 4553 3496 4606 nunquam
3527 4553 3618 4591 re.

332 4614 467 4684 xlv).
493 4635 511 4666 ι
549 4613 659 4670 Has
685 4617 967 4672 duodecim
996 4627 1180 4688 portas
1207 4620 1318 4674 sive
1344 4619 1520 4674 exitus
1539 4635 1639 4690 pro
1663 4617 1921 4688 qualitate

333 4703 653 4758 meritorum
704 4713 866 4784 atque
916 4707 1178 4762 virtutum
1236 4708 1462 4780 singulis
1515 4709 1762 4763 tribubus
1819 4709 1919 4763 sub

333 4794 646 4862 apostolicis
696 4805 752 4850 et
800 4795 1238 4866 patriarcharum
1313 4799 1622 4853 nominibus
1684 4799 1922 4854 arbitror

333 4885 625 4956 delegatus,
667 4887 732 4941 de
773 4889 968 4958 quibus
1001 4899 1055 4943 ct
1090 4890 1142 4943 in
1171 4889 1490 4960 Apocalypsi
1519 4888 1743 4944 Joannis
1770 4905 1922 4959 aper-

335 4975 442 5028 tius
465 4976 741 5041 scribitur,
770 4986 825 5031 et
859 4977 1023 5032 multa
1056 4979 1357 5033 divinarum
1397 4979 1800 5050 Scripturarum
1831 4994 1918 5033 sa-

333 5075 614 5121 cramenta
661 5075 944 5122 testantur.
981 5070 1213 5142 (Beda.)
1242 5070 1374 5125 Nam
1413 5079 1468 5125 et
1513 5071 1564 5124 in
1597 5070 1916 5141 Apocalypsi

287 5167 290 5170 ’
333 5159 402 5213 dc
432 5159 516 5214 his
550 5159 722 5229 portis
751 5161 994 5230 mystica:
1015 5163 1252 5218 civitatis
1281 5163 1375 5218 Dei
1407 5164 1479 5217 ita
1509 5165 1766 5234 scriptum
1795 5173 1914 5219 cst:

341 5267 362 5302 ι
393 5249 460 5316 Ει
488 5249 723 5305 habebat
746 5266 958 5306 murum
985 5267 1240 5325 magnum
1267 5261 1321 5308 et
1343 5255 1510 5309 altum
1539 5255 1772 5310 habebat
1795 5270 1920 5324 por-

333 5347 420 5396 tas
467 5341 773 5407 duodecim,
819 5352 875 5398 et
917 5344 970 5398 in
1020 5346 1194 5414 portis
1233 5348 1458 5419 angulos
1502 5347 1806 5412 duodecim,
1863 5355 1918 5402 et

333 5432 551 5486 nomina
579 5433 800 5503 scripta,
825 5449 946 5514 qua:
970 5445 1098 5491 sunt
1122 5436 1339 5491 nomina
1369 5438 1654 5494 duodecim
1679 5439 1915 5494 tribuum

333 5517 568 5576 ﬁliorum
610 5523 793 5590 Israel,
838 5527 906 5579 ab
941 5527 1150 5581 oriente
1190 5535 1358 5596 porta:
1401 5535 1530 5592 tres,
1559 5529 1628 5584 ab
1666 5528 1918 5599 aquilone

333 5624 503 5697 porta:
531 5625 662 5682 tres,
697 5624 752 5671 et
791 5619 860 5674 ab
905 5628 1090 5675 austro
1122 5628 1290 5690 porta:
1336 5629 1466 5685 tres,
1513 5630 1567 5676 et
1613 5622 1682 5677 ab
1716 5638 1912 5678 occasu

337 5712 506 5783 porte
535 5715 645 5762 tres
673 5721 693 5761 τι
726 5716 780 5765 ει
819 5725 1006 5768 murus
1039 5711 1274 5768 civitatis
1322 5712 1526 5770 habens
1566 5711 1912 5770 fundamenta

2023 4625 2180 4680 cedat
2203 4626 2272 4681 ab
2301 4643 2387 4691 ea,
2419 4635 2480 4681 ut
2513 4642 2542 4680 a
2572 4627 2739 4697 priori
2787 4627 2982 4696 popqu
3007 4637 3133 4681 ante
3155 4628 3403 4682 discessit
3425 4628 3614 4684 dicens

2025 4715 2092 4770 ad
2147 4717 2440 4787 discipulos
2487 4733 2500 4769 :
2573 4734 2591 4767 ι
2640 4716 2891 4787 Surgite,
2946 4717 3201 4771 abeamus
3250 4716 3376 4770 hine
3426 4715 3608 4786 (Jomz.

1995 4804 2156 4876 ⁵ιιιγ).
2212 4825 2230 4858 ι
2273 4807 2340 4860 Ει
2381 4807 2450 4860 ad
2493 4805 2746 4861 Judzeos:
2781 4825 2799 4856 ι
2838 4805 3198 4876 Relinquetur
3239 4806 3394 4861 vobis
3419 4807 3615 4862 domus

2022 4905 2203 4950 vestra
2246 4896 2460 4952 deserta
2511 4895 2663 4967 (Luc.
2711 4897 2854 4968 xm),
2901 4915 2921 4948 ι
2955 4897 3050 4952 sed
3103 4905 3360 4951 aeternam
3415 4895 3610 4949 habeat

2020 4987 2440 5054 possessionem,
2457 4996 2512 5042 et
2535 4987 2607 5042 sit
2621 4989 2667 5042 ei
2688 4988 2800 5057 ipse
2813 4989 3101 5057 possessio,
3119 4988 3310 5042 iisdem
3333 4985 3614 5056 discipulis

2023 5079 2446 5149 repromittens:
2483 5099 2502 5130 ‹
2548 5080 2685 5135 Ecce
2725 5096 2826 5152 ego
2857 5081 3134 5134 vobiscum
3167 5095 3336 5150 usque
3367 5079 3433 5133 ad
3478 5093 3599 5132 con-

2022 5171 2438 5226 summationem
2481 5171 2662 5225 szeculi
2693 5171 2908 5242 (Matth.
2967 5170 3187 5240 xxvm),
3233 5190 3254 5222 ι
3299 5181 3354 5224 ει
3395 5169 3487 5239 qui
3538 5168 3609 5223 ad

2023 5263 2240 5317 Patrem
2276 5264 2500 5333 loquens
2527 5264 2601 5318 ait
2632 5281 2646 5318 :
2689 5283 2706 5314 ι
2743 5265 2906 5320 Pater
2930 5279 3066 5334 quos
3096 5263 3289 5318 dedisti
3317 5263 3450 5318 mihi
3485 5262 3610 5317 volo

2023 5362 2082 5407 ut
2109 5351 2197 5406 ubi
2233 5368 2332 5424 ego
2353 5369 2496 5420 sum,
2527 5363 2580 5408 et
2606 5353 2678 5407 illi
2709 5353 2819 5408 sint
2846 5369 3080 5418 mecum,
3106 5361 3167 5407 ut
3203 5353 3424 5407 videant
3445 5351 3608 5407 clari-

2023 5450 2188 5497 tatem
2209 5458 2405 5510 meam,
2443 5460 2610 5514 quam
2655 5445 2849 5500 dedisti
2889 5445 3045 5510 mihi,
3078 5443 3203 5514 quia
3232 5443 3466 5499 dilexisti
3506 5458 3608 5500 .me

2022 5541 2149 5587 ante
2172 5533 2615 5590 constitutionem
2657 5534 2842 5589 mundi
2868 5533 3046 5606 (Joan.
3075 5532 3228 5606 xvii).
3259 5554 3278 5585 ι
3312 5533 3610 5604 (ΜΑυιιιτε.)

2022 5622 2098 5678 De
2119 5625 2219 5680 hac
2251 5640 2380 5698 ergo
2401 5625 2732 5682 beatitudine
2759 5626 2984 5681 visionis
3007 5626 3124 5693 Dei,
3155 5626 3245 5681 ubi
3281 5625 3451 5681 sancti
3475 5639 3602 5679 cum

2025 5717 2252 5776 Domino
2297 5719 2641 5790 gaudelnat,
2670 5719 2722 5773 in
2764 5727 3061 5785 aeternum,
3101 5727 3158 5774 et
3203 5717 3269 5773 de
3315 5713 3603 5786 prmseutia
