4112 6364
600 298 741 373 ιοεδ

1238 297 1299 354 Β.
1340 294 1590 353 RABANI
1628 296 1850 354 MAURI
1887 296 2205 355 ARCIIIEP.
2249 297 2560 355 MOGUNT.
2599 297 2884 354 OPERUM
2918 297 3098 354 PARS
3135 298 3195 354 ll.

3700 299 3847 356 1084

599 411 876 482 ejus,siue
904 413 1206 468 cessatione
1242 421 1299 467 et
1331 412 1537 482 absque
1574 411 1684 468 ullo
1708 412 1945 467 termino
1976 411 2166 467 laetan—
2196 419 2247 477 Α
2273 412 2390 469 sine
2429 413 2649 469 laesione
2669 421 2867 468 nostrae
2896 413 3247 469 beatitudinis
3283 415 3707 472 recordabimur.
3738 414 3863 472 Ple-

600 510 707 562 tur,
739 500 915 571 qualis
956 501 1047 567 sit,
1080 500 1365 556 Psalmista
1410 500 1646 571 explicat
1690 499 1920 555 dicens:
1956 519 1975 552 c
2020 498 2172 555 Beati

597 591 688 660 qui
717 590 964 647 habitant
985 593 1039 648 in
1057 590 1220 648 domo
1243 602 1351 658 tua,
1370 592 1616 659 Domine,
1631 592 1685 646 in
1713 592 1969 648 saxulum
1992 592 2175 648 saeculi

599 683 893 741 laudabunt
914 683 1154 756 te(Psal.
1179 684 1442 756 uuln);
1473 703 1493 737 ι
1523 699 1649 738 nam
1679 685 1727 740 si
1752 686 1942 740 beatus
1966 685 2057 739 hic
2080 684 2177 738 ha-

598 781 758 827 betur
784 772 872 828 cui
900 773 969 828 ad
994 783 1206 842 tempus
1233 771 1414 828 omnia
1460 773 1696 828 secunda
1726 775 2039 843 procedunt,
2077 787 2177 827 nec

596 862 777 933 aliqua
798 864 1125 919 adversitate
1148 865 1474 930 concutitur,
1501 864 1628 934 quid
1648 866 1716 921 de
1737 865 1823 919 illa
1846 865 2177 920 beatitudine

597 954 921 1020 sentiemus,
950 955 1040 1010 cui
1071 970 1172 1012 nec
1215 956 1269 1010 in
1315 956 1574 1025 qualitate
1616 972 1717 1012 nec
1754 957 1807 1012 in
1840 957 2177 1027 perennitate

595 1043 891 1113 quidquam
920 1047 1096 1103 simile
1127 1049 1424 1118 reperitur?
1471 1049 1578 1105 Sed
1606 1051 1732 1118 quia
1768 1050 2019 1105 humanis
2057 1066 2178 1105 ver-

598 1135 682 1190 bis
728 1137 833 1192 hoc
880 1138 1079 1193 bonum
1129 1154 1234 1194 non
1264 1149 1442 1210 potest
1486 1141 1763 1212 explicari,
1808 1151 1989 1197 tamen
2034 1142 2177 1197 unde

598 1227 879 1295 proveniat
906 1243 1011 1283 non
1037 1239 1264 1297 tacetur,
1278 1232 1410 1286 dicit
1432 1233 1577 1287 enim
1605 1250 1661 1288 τι
1683 1233 2001 1289 Laudabunt
2023 1242 2074 1288 te
2105 1250 2119 1287 :
2152 1252 2170 1286 ι

598 1317 727 1374 Inde
754 1328 837 1375 est
884 1322 1081 1392 quippe
1126 1324 1217 1379 illa
1264 1326 1541 1384 beatitudo
1566 1329 1866 1394 mirabilis,
1910 1344 2072 1399 quam
2118 1336 2179 1384 ut

596 1416 852 1464 :eternam
877 1412 1220 1482 intelligeres,
1242 1414 1468 1485 subjecit
1495 1435 1508 1472 :
1531 1438 1549 1469 ι
1576 1418 1636 1472 In
1665 1418 1917 1474 sacculum
1936 1418 2171 1473 saeculi.)

598 1495 706 1553 Sed
735 1500 910 1568 qualis
937 1517 1068 1573 rogo
1101 1503 1246 1559 illius
1275 1506 1460 1561 saeculi
1490 1516 1718 1563 ventura
1747 1507 1933 1562 laetitia
1962 1515 2067 1574 est,
2089 1507 2179 1562 ubi

597 1589 816 1644 dabitur
844 1593 1060 1662 copiose
1090 1597 1347 1665 gaudere,
1388 1606 1445 1653 et
1485 1614 1762 1669 nunquam
1801 1600 1869 1654 ab
1913 1613 1979 1654 ea
2019 1614 2180 1671 posse

594 1680 909 1737 discedere?
942 1684 1112 1741 Electi
1143 1701 1275 1758 ergo
1319 1703 1529 1755 omnes,
1562 1689 1753 1745 laudes
1790 1698 1846 1745 et
1871 1690 2180 1747 misericor-

2278 516 2502 571 rumque
2544 502 2689 558 enim
2740 501 3124 559 incolumitatis
3148 511 3386 574 tempore
3430 504 3500 559 ad
3536 506 3859 562 memoriam

2275 593 2491 650 dolores
2526 593 2829 664 praeteritos
2880 594 2999 650 sine
3036 592 3224 650 dolore
3265 593 3602 662 reducimus,
3657 605 3718 651 et
3736 611 3849 667 quo

2273 698 2448 756 aegros
2500 684 2789 740 recolimus
2813 723 2831 749 ,
2888 698 2955 740 eo
3022 699 3122 739 nos
3182 684 3479 739 incolumes
3523 685 3647 755 plus
3710 701 3858 741 ama-

2275 791 2415 831 mus.
2482 774 2575 831 Sic
2613 790 2744 848 ergo
2797 775 2904 831 erit
2954 784 3011 831 et
3069 777 3124 831 in
3166 776 3257 832 illa
3291 778 3621 833 beatitudine
3685 778 3857 848 culpae

2275 866 2556 932 memoria,
2584 881 2691 921 non
2726 880 2846 936 qua:
2878 874 3062 922 mente
3106 866 3326 936 polluat,
3354 869 3447 923 sed
3492 882 3613 937 qua:
3654 867 3857 922 lmtitia:

2277 955 2479 1010 arctius
2526 955 2811 1025 astringat,
2853 963 2914 1010 ut
2971 956 3100 1010 dum
3139 956 3339 1012 doloris
3375 957 3459 1012 sui
3500 957 3718 1011 animus
3740 956 3856 1012 sine

2277 1046 2462 1101 dolore
2485 1047 2871 1111 reminiscitur,
2896 1047 3020 1103 inde
3043 1063 3103 1103 se
3128 1049 3197 1104 ad
3220 1049 3429 1119 gratias
3466 1049 3730 1121 agendas,
3759 1049 3855 1105 de-

2276 1140 2508 1194 bitorem
2540 1139 2657 1195 ﬁeri
2683 1155 2782 1196 suo
2804 1141 3014 1197 medico
3052 1141 3237 1198 verius
3276 1141 3530 1207 fateatur,
3565 1150 3626 1196 ut
3646 1157 3714 1197 eo
3742 1158 3856 1194 ma.

2276 1233 2361 1303 gis
2380 1241 2656 1302 acceptam
2685 1233 2914 1289 salutem
2956 1232 3166 1303 diligat,
3212 1248 3321 1302 quo
3350 1233 3417 1287 de
3458 1232 3708 1287 molestia
3752 1248 3860 1286 me-

2278 1324 2435 1378 minit
2478 1323 2606 1391 quid
2643 1323 2837 1379 evasit.
2865 1323 2923 1378 In
2958 1333 3221 1380 aeternum
3243 1338 3374 1394 ergo
3398 1322 3612 1377 laudem
3640 1324 3858 1381 miseri-

2278 1416 2471 1471 cordia:
2512 1415 2784 1486 largitoris
2826 1416 2996 1471 nostri
3049 1414 3358 1480 referimus,
3403 1423 3461 1471 et
3510 1429 3860 1485 nequaquam

2279 1506 2511 1561 miseria:
2536 1506 2865 1560 conscientia
2895 1521 3223 1576 gravamur:
3256 1505 3384 1575 quia
3423 1505 3552 1559 dum
3586 1504 3729 1557 mala
3763 1520 3861 1558 no-

2278 1605 2391 1652 stra
2420 1597 2539 1651 sine
2576 1596 2758 1665 aliquo
2797 1598 2994 1652 mentis
3034 1595 3179 1650 malo
3226 1595 3587 1665 respicimus;
3633 1602 3692 1651 et
3725 1611 3861 1650 nun—

2281 1704 2440 1758 quam
2499 1690 2626 1753 erit,
2677 1687 2819 1757 quod
2856 1687 3022 1743 corda
3064 1686 3403 1741 laudantium
3447 1685 3517 1739 de
3572 1686 3864 1740 transactis

593 1768 712 1824 dias
741 1770 953 1827 Domini
981 1774 1151 1831 libere
1177 1777 1231 1832 in
1266 1781 1570 1836 aeternitate
1593 1782 1910 1847 cantabunt,
1941 1781 2033 1836 ubi
2067 1782 2179 1852 jam
2212 1798 2256 1858 Β
2284 1778 2658 1847 iniquitatibus
2692 1777 2914 1847 polluat,
2944 1785 3000 1831 et
3036 1791 3252 1846 semper
3288 1776 3415 1842 erit,
3453 1776 3596 1847 quod
3640 1777 3759 1831 bare
3794 1776 3861 1830 ad

592 1860 660 1914 de
688 1864 891 1931 peccati
922 1866 1079 1920 venia
1109 1867 1355 1925 dubietas
1381 1872 1633 1936 nouerit,
1665 1872 1758 1927 ubi
1790 1866 1905 1942 jam
1930 1888 2176 1928 securam

594 1961 827 2010 mentem
859 1954 1030 2026 culpa:
1076 1973 1188 2014 sua:
1219 1963 1480 2017 memoria
1526 1979 1633 2019 non
1688 1965 1909 2031 addicit,
1940 1966 2031 2021 ubi
2072 1979 2178 2021 non

591 2043 693 2097 sub
725 2052 877 2100 reatu
904 2046 1130 2115 fauimus
1161 2052 1413 2122 trepidat,
1461 2054 1557 2109 sed
1585 2054 1702 2123 ejus
1750 2055 2081 2127 indulgentia
2119 2055 2180 2110 li-

589 2129 690 2184 ber
714 2131 969 2188 exsultat.
1002 2133 1137 2191 Nam
1166 2138 1214 2193 si
1253 2138 1308 2193 in
1347 2140 1436 2196 illa
1462 2149 1664 2198 aeterna
1692 2144 1804 2198 vita
1833 2144 1998 2199 homo
2033 2143 2178 2199 nulla

591 2221 800 2289 peccati
846 2224 1105 2281 memoria
1155 2228 1417 2300 tangitur,
1446 2240 1693 2303 ereptum
1723 2247 1783 2288 se
1811 2233 1953 2288 unde
1996 2241 2180 2305 gratu-

590 2307 771 2363 latur?
800 2316 894 2363 aut
920 2316 1194 2380 quomodo
1219 2315 1461 2387 largitori
1485 2320 1692 2391 gratias
1724 2320 1892 2377 refert
1927 2322 1994 2376 de
2021 2322 2177 2376 venia

588 2414 751 2468 quam
781 2401 1012 2469 accepit,
1042 2404 1088 2459 si
1137 2405 1535 2465 interveniente
1577 2412 1850 2468 oblivione
1891 2421 2179 2468 transacta:

592 2490 848 2558 nequitiae
871 2504 993 2546 esse
1018 2508 1078 2549 se
1106 2509 1281 2564 paena:
1309 2498 1611 2555 debitorem
1638 2502 1835 2566 nescit,
1860 2511 1917 2555 et
1944 2501 1989 2556 si
2016 2502 2178 2557 mise-

590 2580 686 2635 ria:
718 2588 1006 2636 transacta:
1034 2598 1142 2639 non
1180 2588 1453 2654 meminit,
1499 2590 1643 2645 unde
1670 2605 1773 2660 pro
1799 2591 2051 2662 largitate
2075 2591 2175 2646 mi-

588 2671 898 2727 sericordiae
946 2674 1134 2731 laudes
1186 2678 1417 2734 reddit?
1472 2681 1833 2749 ρυωτθηάυω
1887 2698 2019 2755 ergo
2072 2694 2177 2749 est,

586 2766 858 2830 quomodo
897 2768 1191 2825 electorum
1220 2785 1377 2827 mens
1409 2773 1655 2842 perfecta
1694 2788 1815 2829 esse
1856 2773 1911 2828 in
1944 2774 2179 2829 beatituc

584 2851 712 2909 dine
749 2859 949 2926 possit;
983 2862 1030 2916 si
1058 2861 1200 2917 banc
1232 2862 1375 2918 inter
1399 2864 1594 2935 gaudia
1637 2865 1899 2921 memoria
1937 2866 2021 2921 sui
2046 2881 2171 2921 rea—

591 2951 677 2999 tus
728 2950 933 3021 tangit?
982 2960 1075 3007 aut
1115 2955 1385 3022 quomodo
1440 2955 1692 3025 perfectae
1744 2956 1880 3012 lucis
1928 2956 2182 3013 clarescit

583 3034 784 3104 gloria,
833 3056 996 3111 quam
1030 3044 1249 3101 reducta
1295 3048 1363 3101 ab
1417 3048 1601 3103 animo
1648 3049 1938 3104 obumbrat
1986 3048 2181 3119 culpa?

2281 1868 2494 1924 laudem
2541 1867 2848 1923 liberatoris
2898 1867 3180 1923 accendat.
3231 1865 3372 1921 Hinc
3403 1881 3621 1936 quoque
3663 1865 3863 1921 Paulus

2279 1960 2556 2032 apostolus
2586 1960 3025 2031 Pliilippensibus
3054 1961 3132 2015 ait
3174 1977 3188 2015 :
3239 1979 3258 2011 ι
3289 1958 3483 2016 Nostra
3520 1959 3864 2014 conversatio

2279 2052 2334 2106 in
2374 2052 2529 2108 caelis
2573 2060 2697 2108 est:
2729 2052 2871 2107 unde
2897 2052 3061 2106 etiam
3103 2049 3439 2106 Salvatorem
3480 2058 3865 2119 exspectamus

2277 2144 2461 2201 Jcsum
2490 2144 2789 2209 Christum,
2820 2144 2913 2214 qui
2962 2138 3282 2198 reformavit
3317 2157 3517 2212 corpus
3538 2140 3865 2195 humilitatis

2278 2243 2496 2299 nostrae,
2526 2234 2920 2305 conﬁguratum
2947 2233 3164 2302 corpori
3189 2231 3461 2289 claritatis
3489 2245 3602 2285 suae
3638 2226 3861 2302 (Philip.

2280 2324 2386 2396 ιιι).
2415 2344 2434 2376 ι
2465 2324 2637 2379 Erunt
2675 2324 2819 2379 enim
2852 2332 2981 2378 tunc
3005 2323 3307 2378 electorum
3342 2335 3574 2391 corpora
3615 2319 3867 2375 claritate

2279 2414 2543 2471 Dominici
2566 2414 2815 2483 corporis
2862 2413 3230 2483 conﬁgurata;
3266 2426 3386 2482 quze
3443 2409 3547 2465 etsi
3591 2407 3864 2478 aequalita-

2281 2510 2391 2559 tem
2430 2501 2617 2573 gloriae
2652 2500 2769 2569 ejus
2799 2515 2906 2556 non
2950 2500 3151 2555 habent
3182 2514 3283 2570 per
3322 2506 3615 2564 naturam,
3677 2495 3861 2555 simili-

2281 2594 2522 2649 tudinem
2563 2603 2742 2648 tamen
2777 2590 3219 2662 conﬁguratiouis
3246 2590 3447 2645 habent
3488 2603 3589 2658 per
3610 2588 3856 2658 gratiam.

2281 2683 2417 2751 Quia
2462 2684 2645 2753 itaque
2685 2682 2986 2737 similitudo
3011 2680 3127 2751 ejus
3173 2680 3301 2735 vita:
3350 2678 3584 2735 nuncin
3620 2676 3861 2732 moribus

2281 2775 2516 2830 trahitur
2542 2774 2857 2839 electorum,
2903 2781 3034 2829 tunc
3076 2771 3130 2826 in
3175 2770 3583 2826 resurrectione
3618 2766 3862 2836 sequitur

2281 2864 2577 2919 similitudo
2601 2864 2927 2927 :eternitatis
2965 2863 3022 2916 in
3071 2870 3289 2927 mente;
3317 2860 3576 2929 quoniam
3606 2878 3624 2908 ι
3662 2855 3862 2911 videbi-

2282 2971 2402 3011 mus
2424 2971 2545 3012 eum
2573 2955 2734 3011 sicuti
2772 2962 2854 3009 est
2894 2953 2947 3024 (I
2971 2953 3134 3008 Joan.
3159 2952 3265 3023 Ill),
3300 2971 3318 3002 ι
3363 2960 3421 3006 et
3434 2949 3592 3018 juxta
3621 2948 3859 3017 Prophe-

2283 3054 2392 3101 tam
2419 3064 2433 3100 :
2461 3063 2480 3097 ι
2507 3045 2934 3115 Adimplebimur
2955 3044 3141 3098 laetitia
3162 3058 3284 3098 cum
3310 3042 3461 3096 vultu
3486 3055 3606 3104 suo,
3629 3038 3862 3093 delecta-

586 3124 693 3181 Sed
743 3130 1024 3188 sciendum
1081 3142 1183 3201 est,
1228 3137 1355 3206 quia
1401 3137 1542 3193 sicut
1580 3153 1723 3209 saepe
1745 3153 1889 3195 nunc
1942 3139 2178 3194 tristium
2208 3149 2252 3211 ρ
2285 3138 2567 3209 tionesque
2590 3146 2788 3194 nostra:
2810 3144 2970 3192 erunt
2994 3135 3051 3191 in
3090 3135 3313 3190 dextera
3336 3131 3453 3204 ejus
3489 3145 3656 3201 usque
3694 3127 3751 3182 in
3796 3126 3860 3181 li-

583 3214 697 3274 latti
763 3224 1205 3295 reminisdtuur,
1257 3229 1332 3284 ita
1373 3246 1516 3286 nunc
1574 3239 1859 3288 transacta:
1917 3232 2173 3302 nequitiae.

2280 3244 2404 3285 nem
2439 3228 2612 3300 (Paul.
2636 3227 2750 3301 xv).
2788 3247 2807 3279 ι

591 3372 3858 3420 W

1191 3546 1762 3659 ΒΕΔΤῙ
1839 3550 2174 3661 BA]

2275 3548 2587 3660 AN!
2656 3545 3272 3660 MAURI

1314 3755 1701 3816 FULDENSIS
1737 3759 2033 3817 ABBATlS
2069 3760 2158 3816 ET
2194 3760 2577 3819 MOGUNTINI
2610 3758 3131 3819 ARCHIEPISCOPI

1938 3936 2023 3978 AD
2064 3930 2468 3981 HUMBERTUM

1078 4072 1392 4147 QUOTA
1443 4074 2108 4157 GENERATJONE
2168 4078 2562 4143 LICITUM
2612 4080 2758 4144 SIT
2812 4076 3357 4142 CONNUBIUM

1810 4245 2171 4304 EPISTOLA.
2213 4245 2421 4319 (ANNO
2457 4247 2612 4321 sta.)

2028 4412 2423 4436 ...η-...ηις

657 4498 888 4555 Domino
907 4511 1034 4553 vere
1054 4504 1240 4552 sancto
1262 4510 1328 4552 ac
1350 4495 1665 4552 beatissimo
1684 4494 1834 4552 Patri
1858 4496 2158 4555 chnsaro
2186 4503 2235 4561 D
2265 4501 2471 4557 titatem
2506 4499 2733 4572 negotii,
2769 4500 3010 4558 breviter
3039 4500 3288 4570 respondi
3316 4518 3331 4557 :
3373 4502 3518 4571 quod
3551 4510 3701 4558 tanta
3736 4517 3848 4570 res,

584 4590 761 4668 gratia
798 4589 891 4645 Dei
929 4589 1199 4660 episeopo,
1240 4586 1511 4654 RABANUS,
1548 4587 1845 4644 vilissimus
1885 4603 2169 4645 servorum

587 4681 683 4741 Dei
713 4694 922 4744 servus,
952 4678 1005 4734 in
1037 4677 1254 4733 Christo
1285 4677 1535 4734 salutem.

655 4772 834 4840 Nuper
878 4778 1142 4826 venerunt
1191 4771 1258 4826 ad
1293 4786 1381 4826 me
1420 4771 1615 4826 littera:
1657 4770 1725 4827 de
1760 4778 1853 4825 tua
1878 4770 2169 4825 sanctitate

584 4863 827 4929 directze,
857 4879 977 4933 qua:
1004 4863 1146 4918 inter
1170 4862 1274 4917 alia
1302 4878 1370 4918 ex
1400 4863 1604 4934 quibus
1633 4878 1845 4919 mecum
1874 4872 1965 4917 tua
2003 4862 2168 4918 dilec-

585 4953 662 5009 tio
679 4953 922 5009 decrevit
944 4962 1171 5020 tentare,
1195 4953 1543 5010 continebant
1564 4955 1629 5011 de
1650 4956 1855 5025 nuptiis
1880 4972 1893 5009 :
1921 4962 1981 5009 ut
2001 4962 2167 5025 quota

583 5046 936 5118 generatione
969 5045 1271 5115 legitimum
1309 5062 1430 5103 esse
1467 5054 1673 5117 posset,
1718 5046 1814 5102 tibi
1852 5046 2165 5101 edicerem:

584 5139 677 5193 ubi
716 5147 771 5193 et
815 5140 1281 5195 commemorabas
1309 5147 1362 5194 te
1406 5140 1652 5212 quasdam
1698 5139 1930 5209 capitula
1969 5139 2167 5209 legisse

581 5243 736 5297 papa:
754 5230 1001 5302 Gregorii
1030 5231 1097 5286 ad
1118 5228 1479 5302 Augustinum
1507 5231 1685 5303 gentis
1730 5231 2027 5301 Anglorum
2053 5230 2167 5299 epi-

583 5332 806 5388 scopum
855 5340 868 5374 :
917 5336 1019 5377 nec
1058 5337 1166 5377 non
1205 5329 1264 5378 et
1300 5321 1518 5378 decreta
1560 5321 1838 5377 Zachariae
1874 5323 1941 5376 de
1976 5322 2166 5377 eadem

585 5426 646 5467 re
672 5427 687 5463 :
716 5411 963 5470 similiter
988 5431 1201 5486 quoque
1224 5415 1352 5485 quid
1382 5415 1636 5480 Isidorus,
1660 5414 1997 5485 Hispalensis
2017 5415 2166 5485 epis-

585 5516 776 5571 copus,
810 5504 862 5558 in
898 5504 1251 5579 Etymologiis
1277 5508 1389 5562 suis
1415 5507 1540 5562 inde
1567 5507 1818 5573 senserit,
1856 5516 2042 5563 notum
2069 5509 2167 5564 ha-

583 5592 758 5649 bere:
788 5604 844 5650 et
869 5597 997 5666 quid
1027 5613 1127 5666 ego
1172 5614 1336 5668 super
1370 5599 1484 5654 haec
1523 5598 1702 5654 omnia
1743 5599 2023 5666 sentirem,
2068 5600 2163 5655 tibi

586 5699 624 5741 λ
644 5702 735 5745 me
754 5689 978 5748 rescribi
1000 5690 1328 5760 postulabas.
1354 5690 1505 5751 Unde
1519 5708 1620 5762 ego
1638 5699 1763 5748 tunc
1783 5692 1971 5749 videns
1990 5706 2163 5764 quan-

2273 4600 2328 4647 et
2355 4591 2586 4660 spatium
2625 4590 2902 4662 temporis,
2938 4600 2994 4645 et
3022 4591 3192 4647 otium
3223 4592 3513 4648 scribentis
3539 4602 3847 4661 quaereret:

2273 4695 2375 4738 nec
2401 4682 2511 4737 cito
2540 4696 2626 4737 me
2652 4696 2809 4752 posse
2840 4681 2908 4737 ad
2936 4695 2998 4737 ea
3027 4696 3149 4751 quae
3175 4682 3425 4752 rogabas,
3459 4683 3513 4736 in
3549 4684 3737 4738 multis
3760 4697 3852 4739 oe-

2274 4779 2526 4841 cupatum
2554 4771 2817 4842 condigne
2846 4772 3174 4840 respondere
3203 4789 3217 4825 :
3248 4771 3344 4827 sed
3385 4772 3679 4827 multorum
3709 4773 3850 4827 dicta

2273 4872 2331 4918 et
2377 4877 2657 4918 sacrorum
2704 4861 2966 4917 librorum
3012 4862 3288 4918 volumina
3341 4873 3470 4918 ante
3517 4862 3848 4932 perscrutari

2271 4954 2409 5010 velle
2437 4973 2450 5010 :
2480 4963 2536 5010 et
2566 4956 2644 5011 sic
2672 4955 2741 5011 ad
2766 4955 3192 5021 rescribendum,
3223 4971 3439 5011 manum
3466 4957 3709 5010 mittere.
3738 4953 3843 5010 Sed

2267 5061 2391 5101 cum
2418 5045 2755 5116 postmodum
2785 5053 2838 5100 te
2872 5047 3133 5102 sentirem
3159 5046 3226 5100 ad
3252 5045 3503 5117 primissa
3529 5043 3842 5113 exequenda

2268 5137 2478 5193 avidius
2504 5136 2784 5202 anhelare,
2825 5138 3196 5208 prmoccupavi
3239 5145 3465 5206 tempus,
3499 5144 3557 5192 et
3586 5135 3845 5192 festinan—

2270 5239 2355 5287 ter
2376 5238 2481 5284 tua:
2504 5228 2769 5285 voluntati
2790 5229 3169 5299 obtemperare
3188 5226 3406 5284 decrevi
3428 5245 3444 5280 :
3470 5228 3713 5283 breviter
3730 5227 3843 5281 hac

2269 5334 2723 5388 commemorans,
2751 5335 2868 5390 quae
2891 5319 3086 5390 legisse
3111 5333 3199 5374 me
3220 5319 3538 5375 recordatus
3564 5333 3687 5373 sum
3716 5335 3730 5370 :
3762 5312 3846 5369 vel

2267 5426 2389 5482 quae
2429 5411 2609 5467 subito
2632 5410 2856 5466 dictanti
2894 5410 2949 5464 in
2993 5417 3229 5465 mentem
3265 5417 3551 5465 venerant.
3584 5407 3751 5477 Igitur
3778 5406 3844 5459 de

2267 5503 2471 5572 nuptiis
2505 5500 2635 5570 quid
2674 5500 2878 5555 licitum
2907 5500 2978 5555 sit
3006 5499 3091 5555 vel
3133 5499 3398 5565 illicitum,
3440 5498 3706 5553 Dominus
3749 5510 3846 5565 per

2266 5598 2440 5669 legem
2462 5605 2517 5651 et
2539 5593 2884 5665 Evangelium
2913 5593 3169 5658 innotuit,
3189 5594 3281 5662 qui
3309 5592 3450 5647 bono
3470 5588 3745 5660 conjugali
3769 5586 3846 5641 uti

2267 5690 2581 5751 concessit:
2620 5696 2780 5759 atque
2836 5700 3051 5746 onmem
3104 5686 3367 5743 incestum
3424 5693 3482 5738 et
3528 5680 3840 5738 fornicatio-
