4112 6364
264 286 400 345 I085

1036 280 1270 353 QUOTA
1306 278 1794 340 GENERATIONE
1830 278 2112 340 LICITUM
2146 281 2252 339 SIT
2289 280 2711 342 CONNUBIUM.

3360 280 3498 340 1038

260 414 384 454 nem
404 396 624 453 omnino
647 394 937 467 prohibuit
974 392 1253 461 Quomodo
1280 402 1461 449 autem
1498 392 1826 465 consangui-
1851 395 1902 455 A
1927 398 2090 453 etiam
2107 396 2458 455 Orientalium
2473 398 2822 456 ecclesiarum
2837 397 3318 456 consuetudinibus
3332 400 3502 471 pieni-
3526 436 3530 444 α

260 487 403 544 nitas
429 485 738 543 honoranda
781 484 874 550 sit,
910 482 1046 539 liber
1068 482 1340 539 Leviticus
1360 483 1635 538 ostendit:
1670 502 1688 534 ι
1723 481 1829 538 Lo-

265 597 286 633 (
330 587 488 634 cutus
530 586 614 633 est
651 574 908 631 Dominus
944 573 1012 628 ad
1047 571 1269 644 Moysen
1308 573 1535 629 dicens:
1582 572 1829 641 Loquere

265 689 287 723 ι
327 668 452 725 ﬁliis
492 666 678 732 Israel,
721 673 776 721 et
800 666 946 721 dices
985 664 1051 719 ad
1092 678 1230 719 eos:
1264 663 1375 734 Ego
1400 663 1660 718 Dominus
1690 664 1829 718 Deus

264 776 284 811 ι
327 765 542 814 vester:
566 755 717 826 juxta
738 753 1179 812 consuetudinem
1203 762 1362 809 terra:
1391 753 1607 824 {Egypli
1636 753 1689 808 in
1719 769 1830 824 qua

265 868 284 905 ι
331 848 636 914 habitastis,
677 863 781 902 non
813 846 1021 902 facietis
1047 858 1066 898 :
1097 854 1151 901 et
1172 842 1331 913 juxta
1357 860 1563 899 morem
1594 844 1829 914 regionis

263 957 283 992 ι
328 939 667 1004 Ωιιιιηιιηιεω,
696 938 762 992 ad
788 953 950 1008 quam
977 952 1076 1009 ego
1110 936 1515 991 introducturus
1550 951 1669 991 sum
1708 950 1825 1001 vos,

262 1048 282 1083 ι
328 1046 434 1085 non
459 1030 626 1100 agetis
652 1047 666 1083 :
696 1043 797 1084 nec
829 1030 880 1083 in
908 1028 1161 1100 legitimis
1184 1043 1371 1084 eorum
1403 1027 1687 1083 ambuletis
1716 1025 1828 1083 :fa-

263 1138 284 1173 ι
328 1120 588 1189 cietisque
628 1118 831 1188 judicia
881 1133 998 1173 mea
1029 1124 1082 1173 et
1120 1128 1390 1189 praecepta
1428 1118 1732 1183 servabitis,
1773 1125 1830 1173 et

261 1226 282 1262 ι
321 1210 608 1266 ambuletis
670 1209 725 1263 in
776 1208 873 1264 eis.
941 1208 1052 1278 Ego
1088 1209 1346 1263 Dominus
1403 1208 1542 1263 Deus
1604 1217 1823 1263 vester:

260 1317 282 1354 ι
331 1300 601 1358 custodite
626 1299 773 1371 leges
801 1314 950 1355 meas
976 1308 1139 1369 atque
1160 1299 1384 1369 judicia,
1413 1314 1534 1370 quae
1562 1298 1724 1354 homo
1747 1297 1826 1352 fa-

261 1407 283 1445 c
324 1392 493 1456 ciens,
538 1391 683 1447 vivet
730 1390 786 1445 in
824 1389 923 1445 eis.
972 1386 1084 1460 Ego
1133 1390 1407 1445 Dominus.
1449 1387 1638 1445 Omnis
1667 1388 1828 1447 homo

259 1498 279 1532 ι
336 1480 404 1534 ad
440 1478 743 1551 proximum
768 1478 1046 1550 sanguinis
1072 1478 1153 1533 sui
1182 1495 1290 1534 non
1315 1479 1553 1541 accedat,
1586 1487 1644 1533 ut
1675 1490 1829 1532 reve-

262 1587 282 1623 ι
329 1568 404 1625 let
430 1568 816 1639 turpitudinem
860 1568 1011 1639 ejus,
1053 1583 1153 1639 ego
1196 1568 1473 1624 Dominus.
1518 1566 1828 1637 Turpitudi-

260 1677 281 1712 ι
325 1672 449 1713 nem
490 1659 663 1733 patris
704 1658 806 1725 tui,
840 1667 896 1714 et
943 1658 1327 1729 turpitudinem
1356 1657 1545 1713 matris
1585 1665 1689 1712 tuae
1719 1671 1829 1712 non

259 1767 280 1803 ι
326 1750 707 1821 discooperies.
733 1749 903 1806 Mater
922 1758 1013 1805 tua
1037 1760 1154 1807 est:
1182 1765 1288 1806 non
1312 1750 1574 1807 revelabis
1600 1750 1829 1818 turpitu-
1856 1749 1905 1811 Β

259 1860 280 1894 ε
327 1842 505 1897 dinem
527 1843 661 1914 ejus.
679 1843 1086 1913 Turpitudinem
1104 1842 1289 1898 uxoris
1310 1842 1481 1913 patris
1500 1842 1577 1897 tui
1600 1857 1709 1896 non
1729 1842 1833 1897 dis-

260 1949 280 1983 ι
326 1933 620 2003 cooperies,
641 1933 914 2004 turpitudo
934 1934 1078 1988 enim
1098 1934 1271 2005 patris
1292 1934 1368 1988 tui
1389 1940 1491 1987 est.
1515 1931 1828 2001 Turpitudi-

261 2042 282 2075 ι
328 2040 452 2080 nem
474 2024 677 2080 sororis
708 2033 812 2079 lliiB
838 2040 904 2081 ex
926 2034 1080 2095 patre
1105 2025 1217 2080 sive
1240 2040 1307 2080 ex
1335 2034 1510 2079 matre
1535 2039 1654 2093 quae
1681 2022 1830 2079 domi

260 2132 281 2165 ι
327 2113 411 2167 vel
441 2113 573 2169 foris
601 2116 779 2185 genita
817 2123 922 2182 est,
949 2131 1054 2170 non
1083 2115 1367 2193 revelabis.
1417 2114 1830 2185 Turpitudinem

260 2222 281 2255 ι
330 2202 455 2259 filia:
480 2204 574 2259 lilii
597 2206 694 2272 tui,
713 2206 800 2260 vel
821 2207 998 2277 neptis
1020 2221 1086 2262 ex
1116 2206 1225 2261 filia
1252 2220 1360 2261 non
1380 2205 1643 2261 revelabis
1665 2224 1677 2259 :
1703 2206 1830 2276 quia

259 2311 281 2346 ι
328 2293 606 2365 turpitudo
633 2304 724 2349 tua
751 2305 854 2351 est.
879 2296 1287 2366 Turpitudinem
1310 2296 1433 2350 ﬁlia:
1456 2297 1643 2351 uxoris
1660 2297 1832 2367 patris

256 2400 282 2438 ι
322 2384 401 2439 tui
429 2400 594 2454 quam
625 2388 834 2456 peperit
876 2388 1016 2456 patri
1051 2395 1161 2451 tuo,
1198 2394 1366 2442 etest
1400 2401 1555 2441 soror
1582 2395 1694 2453 tua,
1722 2403 1830 2442 non

257 2492 282 2530 ε
325 2474 609 2532 revelabis.
640 2476 1049 2548 Turpitudinem
1070 2477 1273 2533 sororis
1291 2478 1462 2550 patris
1488 2479 1563 2533 tui
1593 2495 1700 2535 non
1724 2478 1833 2534 dis-

255 2581 281 2619 ι
326 2565 603 2635 cooperies
644 2579 659 2619 :
702 2566 829 2635 quia
872 2581 1000 2621 caro
1043 2574 1127 2622 est
1162 2567 1335 2636 patris
1380 2568 1477 2621 tui.
1522 2568 1832 2638 Turpitudi-

254 2672 277 2709 ι
324 2669 450 2709 nem
487 2655 693 2710 sororis
725 2655 919 2709 matris
958 2664 1063 2710 tua:
1100 2670 1208 2710 non
1245 2655 1547 2711 revelabis:
1588 2670 1654 2711 eo
1686 2656 1829 2727 quod

258 2762 283 2803 ι
328 2760 456 2803 caro
487 2746 560 2800 sit
585 2746 777 2802 matris
809 2755 929 2801 tuae.
963 2746 1374 2818 Turpitudinem
1399 2747 1578 2818 patrui
1608 2749 1686 2803 tui
1720 2763 1829 2803 non

257 2851 281 2887 ι
331 2836 592 2892 revelabis
620 2854 635 2890 :
666 2852 767 2892 nec
796 2837 1023 2893 accedes
1061 2838 1129 2893 ad
1153 2853 1376 2894 uxorem
1418 2836 1555 2906 ejus,
1583 2855 1703 2910 qua:
1734 2840 1830 2896 tibi

257 2948 281 2985 ι
328 2931 592 2990 afﬁnitate
606 2933 968 3005 conjungitur.
989 2933 1396 3003 Turpitudinem
1418 2937 1589 2990 nurus‘
1601 2944 1704 2990 ture
1722 2951 1831 2991 non

256 3043 281 3081 ι
327 3025 612 3093 revelabis,
641 3027 768 3099 quia
806 3042 944 3082 uxor
959 3026 1053 3081 lilii
1086 3026 1160 3081 tui
1187 3034 1309 3081 est:
1338 3042 1440 3082 nec
1469 3026 1831 3098 discooperies

1930 499 2014 546 ter
2028 492 2303 548 institutus
2319 493 2492 549 fuerat
2509 512 2523 548 :
2542 508 2642 549 nec
2661 508 2784 549 eum
2799 492 2979 563 aliqua
2994 492 3165 549 latere
3186 502 3495 571 potuerunt,

1929 597 2049 653 qua:
2080 583 2134 637 in
2161 583 2627 640 observationibus
2656 583 2911 653 legitimis
2937 584 3111 642 Grzeci
3148 585 3232 639 vel
3256 586 3498 655 Romani

1930 690 1995 732 co
2018 684 2259 745 tempore
2282 674 2588 731 habuerunt
2619 693 2634 732 :
2663 677 2895 732 maxime
2917 693 3041 732 cum
3065 676 3121 732 in
3147 686 3375 746 utraque
3394 677 3499 733 lin-

1929 780 2033 836 gua
2061 763 2299 836 perfecte
2332 765 2626 821 instructus
2652 775 2814 821 esset.
2844 766 2994 833 Quod
3022 776 3203 823 autem
3230 768 3498 838 proximis

1930 857 2260 927 temporibus
2306 856 2671 912 Romanorum
2710 858 3023 927 pontificum
3075 861 3277 931 scripta
3325 861 3501 918 conti-

1929 958 2113 1011 neant,
2138 963 2312 1017 usque
2343 946 2410 1003 ad
2433 956 2641 1003 sextam
2674 949 2760 1004 vel
2783 950 3065 1020 septimam
3096 953 3498 1020 generationem

1930 1036 2160 1108 conjugii
2192 1054 2346 1092 usum
2383 1037 2765 1104 differendum,
2791 1040 2962 1111 magis
3003 1055 3070 1095 ex
3113 1041 3500 1096 consuetudine

1930 1128 2187 1192 humana,
2209 1143 2368 1197 quam
2391 1143 2457 1184 ex
2478 1127 2593 1199 lege
2614 1129 2790 1184 divina
2810 1130 2913 1185 hoc
2931 1145 3024 1186 eos
3044 1130 3362 1201 praecepisse
3382 1146 3503 1186 cre-

1931 1217 2163 1277 dendnm
2204 1228 2306 1275 est.
2355 1218 2507 1287 Quod
2555 1221 2630 1275 ita
2674 1221 2913 1277 sentiens
2955 1223 3144 1277 beatus
3188 1222 3503 1279 Bonifacius

1929 1322 2158 1381 martyr,
2190 1320 2479 1382 nosterque
2529 1322 2792 1382 patronus
2819 1315 2884 1369 de
2911 1315 3099 1369 eadem
3120 1332 3182 1371 re
3218 1316 3501 1386 episcopos

1929 1402 2102 1472 gentis
2143 1417 2252 1457 sua:
2301 1403 2532 1458 credidit
2574 1405 2974 1461 consulendos:
3012 1414 3073 1460 ut
3115 1406 3217 1475 ipsi
3265 1407 3394 1475 quid
3440 1407 3498 1461 iu
3575 1433 3578 1437 η

1930 1501 2238 1548 sanctorum
2262 1492 2484 1547 Patrum
2518 1494 2950 1569 sententiisiinde
2975 1494 3321 1565 explanatum
3350 1495 3502 1550 inve-

1929 1587 2128 1653 nirent,
2156 1587 2261 1643 sibi
2284 1587 2664 1644 rescriberent.
2693 1587 2827 1643 Nam
2849 1589 2990 1657 quod
3017 1588 3256 1644 Isidorus
3283 1588 3335 1643 in
3367 1588 3500 1659 Ety-

1928 1677 2174 1747 mologiis
2212 1678 2358 1743 suis,
2381 1693 2555 1747 usque
2581 1677 2648 1732 ad
2689 1686 2898 1734 sextam
2940 1679 3343 1748 generationem
3368 1693 3504 1735 con-

1931 1769 2309 1837 sanguinitatis
2338 1769 2737 1835 abstinendum,
2774 1780 2829 1826 et
2862 1771 2940 1826 sic
2968 1772 3206 1840 legitime
3232 1771 3504 1828 connubio

1933 1858 2361 1930 conjungendum
2395 1861 2643 1926 asseruit,
2662 1861 2790 1916 inde
2810 1876 2934 1917 reor
2961 1877 3083 1917 enm
3116 1862 3328 1925 fecisse,
3359 1861 3504 1933 quod

1932 1950 2257 2021 genealogis:
2285 1950 2480 2007 seriem
2507 1960 2779 2016 retexens,
2814 1966 3094 2021 quousque
3127 1951 3373 2006 ordinem
3402 1968 3504 2007 nu-

1931 2042 2191 2096 merando
2227 2042 2497 2112 perduxit,
2541 2056 2608 2096 eo
2655 2043 3026 2113 cognationem
3076 2040 3357 2112 sanguinis
3391 2056 3508 2096 ser-

1933 2133 2163 2205 vandam
2192 2133 2518 2188 aestimavit:
2551 2133 2738 2202 sicque
2788 2133 2854 2187 ad
2914 2132 3260 2187 novationem
3293 2132 3507 2202 generis

1931 2229 1986 2275 et
2026 2222 2276 2278 amicitiis
2318 2222 2435 2293 ejus
2478 2221 2928 2287 confirmandam,
2960 2223 3142 2278 redire
3188 2222 3259 2278 ad
3304 2238 3507 2277 connu-

1930 2311 2079 2367 bium
2110 2313 2341 2367 sancivit
2380 2314 2598 2383 quando
2635 2312 2750 2382 jam
2789 2313 3128 2382 cognationis
3151 2312 3284 2367 ordo
3313 2326 3507 2365 nume-

1932 2401 2043 2455 rari
2073 2402 2285 2458 desivit.
2310 2402 2575 2458 Caeterum
2599 2412 2726 2459 ante
2745 2404 2926 2459 omnia
2939 2401 3388 2459 considerandum
3402 2407 3503 2463 est,

1932 2492 2089 2547 utsic
2115 2506 2342 2548 censura
2363 2493 2642 2563 disciplina
2664 2501 3014 2563 temperetur,
3039 2507 3107 2547 ne
3125 2507 3226 2561 per
3249 2491 3509 2546 immode-

1934 2583 2197 2638 rationem
2256 2584 2634 2653 correptionis,
2683 2585 2894 2655 peccati
2934 2584 3179 2640 cumulus
3225 2593 3504 2654 augeatur.

1935 2672 2152 2730 Scimus
2176 2675 2340 2739 enim,
2380 2677 2523 2745 quod
2554 2676 2645 2746 qui
2687 2675 2741 2730 in
2772 2676 2891 2746 lege
2918 2676 3252 2746 cognationis
3289 2675 3379 2744 jus
3404 2675 3507 2727 ob-

1933 2781 2150 2822 servare
2178 2767 2475 2831 constituit,
2509 2768 2627 2836 ipse
2657 2768 2709 2821 in
2743 2767 3038 2837 Evangelia
3074 2766 3250 2822 foedus
3275 2764 3509 2835 conjugii

1933 2871 2040 2911 non
2084 2856 2484 2911 dissolvendum
2511 2855 2808 2925 praecepit:
2843 2856 2918 2909 ita
2958 2870 3110 2919 sane,
3144 2873 3163 2905 ι
3196 2862 3257 2908 ut
3300 2854 3347 2908 si
3386 2853 3510 2921 quis

1940 2964 1959 2999 ι
2005 2948 2301 3003 dimitteret
2345 2962 2569 3002 uxorem
2613 2954 2837 3016 excepta
2886 2961 3049 3002 causa
3096 2944 3506 3008 fornicationis,

1941 3056 1960 3089 ι
2005 3037 2206 3092 faceret
2234 3052 2352 3092 eam
2384 3038 2643 3093 mmchari
2674 3056 2688 3091 :
2718 3047 2772 3093 et
2805 3038 2896 3105 qui
2949 3038 3225 3092 dimissam
3261 3037 3506 3099 duceret,

257 3131 283 3168 ι
330 3090 680 3187 ignominiam
709 3118 846 3188 ejus.
880 3117 1289 3188 Turpitudinem
1315 3118 1501 3173 uxoris
1529 3090 1716 3173 fratris
1751 3117 1827 3172 tui

1938 3146 1957 3181 ι
2002 3090 2700 3200 menssana».
2714 3090 2739 3180 ,ἡ
2766 3090 2858 3183 sic
2876 3090 2930 3182 et
2952 3090 3239 3198 Αῇέιειὸιυε
3259 3090 3506 3181 sane“;

256 3223 282 3260 ι
323 3222 432 3263 non
464 3208 746 3271 revelabis,
802 3206 930 3277 quia
954 3206 1226 3277 turpitudo
1256 3206 1438 3263 fratris
1468 3207 1545 3263 tui
1565 3216 1667 3264 est.
1696 3206 1832 3263 Tur-

254 3314 282 3359 ᾳ
326 3295 626 3367 pitudinem
660 3296 846 3350 uxoris
872 3304 976 3351 tua:
1005 3304 1060 3352 et
1089 3296 1210 3351 tiliae
1235 3297 1353 3367 ejus
1381 3312 1487 3353 non
1521 3297 1786 3353 revelabis
1814 3315 1827 3352 :

253 3405 284 3453 ε
329 3386 494 3442 filiam
525 3386 619 3440 lilii
646 3385 784 3455 ejus,
816 3394 869 3440 et
891 3386 1056 3440 tiliam
1092 3386 1215 3441 ﬁlia:
1240 3387 1383 3442 illius
1411 3402 1518 3441 non
1542 3402 1747 3453 sumes,
1772 3396 1834 3441 ut

258 3497 283 3532 ι
334 3478 543 3534 reveles
576 3477 925 3549 ignominiam
947 3476 1063 3546 ejus
1092 3492 1109 3533 :
1139 3478 1265 3551 quia
1293 3494 1423 3534 caro
1443 3478 1585 3535 illius
1610 3488 1763 3545 sunt,
1778 3487 1835 3534 et

261 3588 285 3622 ι
329 3568 454 3623 talis
490 3569 664 3624 coitus
694 3567 945 3623 inctestus
972 3575 1073 3624 est.
1115 3567 1371 3624 Sororem
1410 3570 1596 3625 uxoris
1640 3578 1743 3623 tuae
1778 3570 1833 3625 in

258 3676 282 3711 ι
330 3657 641 3728 peliicatum
670 3657 814 3712 illius
843 3673 953 3714 non
982 3657 1215 3728 accipies
1245 3676 1259 3712 :
1293 3674 1394 3714 nec
1422 3659 1687 3715 revelabis
1728 3668 1835 3715 tur-

259 3765 283 3801 ι
334 3747 630 3818 pitudinem
658 3747 774 3818 ejus
803 3746 987 3819 (Leuit.
1021 3747 1201 3820 imit).
1253 3768 1272 3805 ι
1313 3748 1447 3811 Cum
1473 3750 1618 3809 enim
1646 3749 1833 3807 Domi-

255 3854 363 3899 nus
406 3837 658 3910 populum
694 3853 852 3894 suum
894 3839 961 3895 de
999 3841 1548 3897 contaminationibus
1593 3842 1833 3912 gentium

254 3929 517 3986 voluisset
535 3944 809 4000 separare,
831 3929 1062 3998 primum
1078 3932 1317 4001 generali
1338 3932 1598 3988 vocabulo
1619 3934 1685 3988 ad
1706 3948 1836 4003 pro-

258 4018 562 4073 ximitatem
592 4016 869 4088 sanguinis
904 4017 1174 4086 prohibuit
1203 4032 1526 4089 quemquam
1553 4022 1832 4088 accedere,

257 4125 330 4166 ne
355 4109 621 4164 revelaret
646 4109 1032 4180 turpitudinem
1063 4108 1201 4181 ejus.
1239 4110 1441 4167 Deinde
1477 4111 1647 4180 ipsam
1671 4126 1838 4181 gene-

257 4201 528 4258 ralitatem
553 4199 723 4254 ferme
752 4198 807 4252 in
834 4198 1116 4255 duodecim
1143 4199 1350 4269 species
1381 4200 1670 4256 subdivisit
1689 4219 1702 4255 :
1720 4216 1839 4274 qum

261 4298 444 4347 tamen
473 4288 614 4343 ultra
652 4288 869 4342 tertiam
907 4287 993 4341 vel
1029 4296 1274 4357 quartam
1301 4290 1702 4359 generationem
1733 4305 1838 4345 non

260 4378 558 4452 procedunt
582 4392 598 4432 :
625 4392 688 4433 ac
717 4378 836 4434 ideo
856 4393 980 4434 reor
1000 4377 1278 4434 dominum
1304 4377 1620 4450 Gregorium
1642 4395 1837 4451 papam

259 4469 563 4542 Augustino
583 4468 959 4541 interroganti,
987 4470 1141 4525 tertia
1171 4470 1255 4525 vel
1276 4480 1468 4540 quarta
1488 4472 1835 4543 generatione

259 4557 367 4635 jam
415 4558 599 4615 illicite
635 4559 901 4622 connubia
922 4557 1073 4634 jungi
1102 4560 1462 4631 respondisse.
1496 4559 1758 4616 Similiter
1781 4570 1837 4617 ct

257 4651 317 4705 in
344 4648 612 4704 Theodori
648 4650 1038 4719 archiepiscopi
1081 4651 1259 4720 gentis
1301 4651 1599 4721 Anglorum
1628 4652 1836 4721 capitu-

258 4741 350 4807 lis,
377 4757 497 4811 qua:
528 4742 593 4798 de
618 4742 939 4798 necessariis
968 4743 1131 4797 rebus
1155 4743 1477 4812 conscripsit
1507 4744 1829 4809 invenimus,

260 4832 408 4908 quod
435 4831 490 4887 in
529 4831 687 4886 tertia
721 4831 1120 4911 propinquitate
1145 4833 1326 4895 carnis
1363 4836 1657 4891 secundum
1688 4835 1839 4892 Grae-

248 4939 358 4997 cos
383 4924 545 4978 liceat
575 4925 777 4979 nubere
808 4942 821 4978 :
850 4924 904 4978 in
932 4924 1122 4994 quinta
1151 4940 1280 4980 vero
1309 4927 1601 4982 secundum
1632 4927 1835 4982 Roma-

262 5029 386 5068 nos.
414 5013 515 5079 Qui
543 5021 720 5068 tamen
742 5013 990 5085 conjugia
1016 5015 1070 5069 in
1098 5015 1252 5071 tertia
1274 5017 1674 5087 propinquitate
1699 5017 1838 5074 facta

262 5121 375 5161 non
418 5104 721 5172 solverent,
768 5104 815 5159 si
848 5113 1006 5160 antea
1050 5107 1118 5162 ab
1157 5107 1513 5170 inscientibus
1560 5118 1839 5181 compacta

259 5197 497 5254 fuissent
522 5215 537 5252 :
568 5197 951 5269 aequaliterque
981 5199 1437 5271 conjungerentur
1465 5202 1519 5257 in
1558 5203 1842 5257 matrimo-

265 5288 359 5346 nia
385 5289 484 5355 eis,
515 5289 608 5359 qui
651 5289 754 5345 sibi
792 5291 1173 5361 consanguinei
1216 5300 1362 5357 sunt,
1397 5299 1454 5346 et
1498 5292 1687 5347 uxoris
1726 5308 1838 5348 suae

264 5381 686 5452 consanguineis
738 5389 860 5452 post
911 5390 1139 5439 mortem
1192 5382 1399 5438 uxoris.
1447 5383 1601 5441 Hunc
1655 5390 1838 5439 autem

266 5465 613 5528 Theodorum
648 5473 820 5530 Tarso
844 5474 1046 5532 Cilicia:
1080 5483 1289 5541 natum,
1321 5472 1640 5531 Vitellianus
1672 5490 1833 5546 papa,

266 5556 457 5621 Romae
487 5563 794 5635 episcopum
818 5567 1096 5634 ordinans,
1126 5565 1458 5625 Britanniam
1483 5567 1631 5625 misit
1656 5585 1670 5622 :
1696 5566 1840 5624 unde

346 5682 373 5718 θ
400 5670 561 5734 Deest
580 5673 801 5744 aliquid.

1931 3219 2196 3274 rationem
2221 3234 2451 3289 sequens
2485 3217 2538 3274 in
2566 3218 2803 3290 Epistola
2825 3234 2922 3275 sua
2950 3217 3002 3290 (1
3029 3217 3153 3272 Cor.
3184 3217 3284 3287 vti)
3306 3257 3321 3282 ,
3346 3216 3511 3285 jussit

1936 3330 1956 3364 ι
2003 3312 2282 3367 mulierem
2312 3327 2343 3366 a
2369 3313 2487 3367 viro
2515 3327 2623 3368 non
2654 3312 2928 3368 discedere
2961 3329 2974 3365 :
3009 3311 3151 3382 quod
3182 3311 3228 3365 si
3255 3308 3503 3364 discede-

1938 3420 1958 3454 ι
2003 3409 2105 3464 ret,
2130 3384 2351 3456 manere
2380 3401 2679 3471 innuptam,
2705 3410 2798 3455 aut
2819 3401 2937 3456 viro
2961 3415 3060 3456 suo
3081 3398 3443 3455 reconciliari.
3482 3415 3503 3450 ι

1934 3493 1991 3550 Si
2018 3493 2162 3548 enim
2200 3486 2508 3564 ubicunque
2532 3494 2732 3564 aliquid
2773 3494 3139 3565 proximitatis
3158 3492 3243 3548 vel
3279 3505 3513 3548 consan-

1934 3586 2214 3658 guinitatis
2252 3587 2382 3642 licet
2405 3585 2734 3657 longinquae,
2766 3584 2906 3641 inter
2935 3584 3250 3654 conjugatos
3277 3582 3512 3638 inveniri

1932 3684 2131 3748 potest,
2177 3677 2364 3732 statim
2417 3675 2822 3732 matrimonium
2872 3676 3199 3741 dissolvitur,
3240 3689 3311 3729 ne
3341 3673 3511 3743 (reor)

1934 3767 2075 3837 quod
2106 3766 2431 3821 adulterium
2476 3774 2533 3821 et
2576 3764 2948 3820 fornicationis
2976 3763 3152 3820 scelus
3193 3761 3513 3832 multiplice-

1936 3866 2047 3922 tur,
2083 3857 2175 3927 qui
2203 3871 2325 3912 cum
2351 3854 2637 3927 conjugato
2664 3855 2994 3911 adolescenti
3021 3854 3108 3910 vel
3127 3852 3308 3922 juveni
3335 3850 3511 3908 socie-

1936 3954 2020 4001 tas
2046 3946 2315 4015 comparis
2355 3960 2467 4001 sua:
2497 3948 2832 4014 denegatur:
2858 3959 2961 4000 nec
3003 3943 3203 4015 aliquid
3243 3942 3293 3997 ei
3322 3940 3514 4007 solatii

1936 4037 2283 4107 impenditur,
2310 4040 2454 4093 unde
2482 4037 2870 4093 continentiam
2908 4049 3128 4092 servare
3151 4035 3357 4105 possit,
3388 4033 3518 4093 libi:

1937 4129 2062 4185 dine
2091 4130 2471 4194 inﬂammatus,
2503 4144 2601 4199 per
2624 4128 2823 4183 diaboli
2865 4128 3303 4199 instigati'onem,
3332 4124 3521 4181 multi~.

1937 4219 2068 4288 piiei
2094 4218 2455 4275 fornicatione
2488 4217 2674 4273 hirsan
2702 4216 2960 4287 polluitur
2988 4232 3002 4269 :
3036 4230 3100 4271 ac
3124 4215 3204 4270 sic
3240 4216 3294 4269 in
3322 4213 3523 4284 pnecia

1936 4312 2129 4381 pitium
2150 4312 2344 4366 mortis
2367 4318 2607 4375 aeternae,
2623 4309 2804 4364 anima
2836 4307 3183 4380 demergitur.
3200 4306 3355 4363 Unde
3371 4306 3516 4377 Apo-

1940 4401 2113 4456 stolus
2141 4399 2511 4474 hujuscemodi
2538 4400 2728 4455 vitium
2755 4408 3039 4469 amputare
3072 4397 3517 4468 voiens,scripsil

1941 4490 2131 4547 dicens
2160 4490 2348 4563 (Ibid.)
2375 4504 2390 4545 :
2424 4510 2443 4543 ‹
2473 4491 2680 4545 Bonum
2705 4498 2789 4546 est
2807 4489 3088 4545 mulierem
3118 4504 3224 4545 non
3250 4496 3518 4559 tangeret

1944 4602 1962 4637 ι
2008 4593 2226 4657 propter
2261 4583 2669 4640 fornicationem
2705 4592 2908 4647 autem,
2958 4584 3329 4653 unusquisque
3375 4596 3522 4637 υποςι

1947 4691 1966 4725 ι
2014 4688 2126 4728 rem
2156 4688 2307 4728 suam
2337 4674 2558 4727 habeat.
2596 4671 2765 4726 Uxori
2791 4672 2877 4725 vir
2903 4670 3144 4725 debitum
3174 4670 3361 4724 reddat
3392 4686 3406 4721 :
3438 4668 3519 4724 sis

1947 4780 1967 4812 ι
2007 4762 2208 4816 militer
2231 4770 2408 4816 autem
2432 4771 2489 4815 et
2509 4775 2648 4814 uxor
2670 4760 2819 4823 viro;
2853 4778 2874 4810 ι
2904 4767 2959 4813 et
2982 4758 3141 4829 paulo
3160 4766 3284 4827 post
3308 4773 3325 4813 :
3353 4775 3375 4809 ι
3407 4755 3522 4812 Νοη

1946 4871 1965 4905 ι
2005 4853 2101 4908 lite
2143 4850 2395 4906 fraudare
2430 4851 2683 4915 invicem,
2728 4850 2832 4905 nisi
2868 4849 3006 4905 forte
3039 4864 3106 4905 ex
3141 4863 3405 4904 consensu
3445 4847 3518 4904 ad

1947 4959 1967 4993 ι
2009 4949 2238 5011 tempus,
2266 4948 2326 4995 ut
2350 4939 2555 4995 vacetis
2581 4939 2840 5003 orationi;
2868 4959 2886 4991 ι
2906 4948 2962 4993 et
2986 4939 3179 4993 itemm
3202 4954 3215 4991 :
3237 4936 3519 4993 «Revertia

1944 5034 2076 5088 mini
2116 5033 2171 5088 in
2196 5033 2451 5102 idipsum,
2485 5045 2551 5086 ne
2584 5040 2755 5088 tentet
2787 5047 2884 5087 vos
2908 5031 3143 5086 Satanas
3181 5038 3400 5100 propter
3428 5030 3517 5085 in-t

1944 5123 2352 5182 continentiam.
2392 5142 2411 5176 ι
2447 5122 2544 5179 His
2572 5137 2703 5195 ergo
2731 5123 2981 5178 omnibus
3009 5121 3387 5185 consideratis,
3419 5120 3521 5175 bo-.

1943 5232 2073 5271 num
2102 5214 2232 5269 mihi
2263 5214 2495 5281 videtur,
2526 5222 2587 5275 ut
2612 5214 2747 5284 legis
2768 5215 2961 5269 divinat:
2999 5213 3312 5270 constitutio
3343 5212 3522 5267 invio-.

1947 5306 2054 5361 lata
2100 5313 2384 5362 servetur:
2415 5312 2470 5360 et
2508 5303 2819 5360 scandalum
2859 5312 3119 5373 quantum
3165 5302 3232 5357 ad
3269 5301 3521 5357 homines

1948 5398 2199 5470 pertinet,
2222 5410 2322 5467 pro
2347 5395 2602 5453 facultate
2629 5394 2827 5449 virium
2861 5394 3176 5458 deciinetur,
3209 5393 3299 5448 u’bi
3335 5398 3523 5451 autem

1948 5488 2065 5545 sine
2095 5485 2286 5556 majori
2322 5486 2646 5542 detrimento
2687 5483 2999 5540 scandalum
3039 5484 3335 5546 toleretnr;
3374 5496 3514 5552 quo-

1949 5580 2092 5636 niam
2138 5578 2434 5634 maximum
2474 5583 2693 5653 propter
2715 5585 2741 5616 ι
2773 5611 2789 5630 .
2828 5613 2843 5629 .
2883 5612 2900 5628 .
2924 5574 3139 5632 incaute
3166 5571 3279 5646 jam
3313 5569 3514 5633 cilicia-
