4112 6364
638 294 774 350 1087

1262 292 1324 348 Β.
1367 293 1620 353 RABANI
1656 294 1875 354 MAURI
1913 293 2232 351 ARCHIEP.
2272 291 2580 352 MOGUNT.
2617 293 2904 353 OPERUM
2942 291 3120 350 PARS
3154 291 3216 351 ll.

3759 289 3906 350 1088

641 416 749 461 tur.
779 404 944 476 Igitur
969 403 1096 475 quia
1124 418 1154 457 a
1185 419 1300 458 mea
1325 406 1590 474 parvitate
1615 405 1852 471 voluisti,
1882 405 2013 474 quid
2049 404 2217 460 senti-
2243 409 2293 470 Α
2322 406 2454 460 mihi
2473 405 2709 471 videtur,
2741 413 2802 459 ut
2823 420 2944 460 cum
2976 403 3304 474 pamitentize
3342 401 3743 468 humiliationc,
3770 403 3820 458 si
3845 419 3906 460 se

631 511 750 551 rem
790 493 857 549 de
879 494 980 549 hac
1011 509 1101 556 re,
1146 493 1237 549 ubi
1283 495 1546 561 rescribi,
1589 504 1809 565 propter
1845 494 2226 551 infirmitatem

633 583 889 639 instantis
910 583 1191 652 temporis,
1213 598 1345 638 reor
1380 584 1482 639 hoc
1504 584 1645 654 quod
1671 583 1984 639 Theodorus
2005 585 2214 639 archie-

630 673 888 745 piscopus
920 671 1061 726 inter
1089 671 1405 744 Gregorium
1441 683 1495 729 et
1521 675 1782 729 lsidorum
1825 675 2033 728 medius
2068 675 2214 729 ince—

633 763 786 827 dens,
833 762 887 815 in
920 763 1032 816 suis
1059 763 1309 831 capitulis
1337 762 1603 828 (litlinivit,
1636 765 1807 834 magis
1834 765 2165 832 sequendum
2194 782 2208 817 :

632 861 694 907 ut
711 861 832 922 post
853 853 1093 924 quintam
1119 855 1639 926 generationemjam
1661 855 1863 909 licitum
1885 856 2210 910 connubium

634 944 728 999 ﬁat
757 963 771 998 :
800 946 926 1014 quia
955 945 1038 999 lex
1071 946 1251 999 divina
1277 948 1378 1000 hoc
1407 963 1511 1000 non
1539 947 1860 1002 contradicit
1886 964 1898 1000 :
1926 961 2024 1000 nec
2046 946 2207 1000 etiam

639 1047 956 1092 sanctorum
990 1037 1208 1092 Patrum
1237 1039 1377 1093 dicta
1404 1040 1505 1093 huc
1531 1040 1833 1108 prohibent.
1865 1038 1923 1092 Si
1952 1048 2130 1092 autem
2157 1049 2213 1092 et

633 1123 694 1181 in
729 1127 918 1196 quinta
959 1128 1028 1182 al)
1070 1128 1253 1183 insciis
1291 1129 1480 1199 copula
1521 1127 1686 1184 fuerit
1730 1138 1968 1198 peracta,
2017 1129 2213 1184 melius

2318 503 2577 550 uxoratns
2604 495 2881 549 continere
2909 509 3015 548 non
3044 492 3178 557 vult,
3216 492 3324 547 Deo
3364 491 3662 547 satisfaciat
3695 510 3709 544 :
3742 503 3798 547 et
3825 503 3906 547 ta-

2318 599 2444 638 men
2467 585 2516 639 ei
2545 582 2887 653 praedicetur,
2910 583 3165 653 quoniam
3186 584 3385 637 bonum
3414 582 3508 648 sit,
3533 591 3595 636 ut
3620 583 3690 638 ab
3717 582 3909 652 hujus-

2319 676 2526 733 cemodi
2574 675 2765 744 copula
2809 675 3155 750 semetipsum
3196 675 3503 730 abstineat:
3549 675 3595 729 si
3625 673 3772 728 forte
3813 675 3908 729 det

2319 767 2391 821 illi
2417 767 2554 822 Deus
2576 767 3044 836 pcenitentiam,et
3065 767 3346 837 resipiscat
3371 782 3402 820 a
3425 765 3627 820 diaboli
3650 765 3900 834 laqueis:

2319 864 2633 927 gratamque
2652 858 2996 912 continentiae
3015 872 3124 911 sua:
3147 865 3441 927 spontanea
3454 857 3736 910 voluntate
3755 855 3905 910 obla~

2316 949 2536 1010 tionem,
2555 949 2896 1016 postmodum
2916 945 3108 1001 otl‘erat
3131 947 3239 1000 Deo
3262 963 3274 1000 :
3304 955 3358 1000 et
3377 947 3455 1001 sic
3477 946 3534 1000 ni
3554 945 3735 1006 fallor,
3767 959 3901 998 cau-

2318 1038 2424 1092 tela
2458 1039 2562 1094 erit
2591 1038 2644 1094 in
2665 1037 2868 1107 judicio
2896 1048 3094 1109 :atque
3121 1037 3330 1109 justitia
3371 1047 3624 1094 servatur
3653 1037 3710 1093 in
3740 1035 3901 1092 facto.

640 1274 3905 1316 mw

1497 1301 1614 1314 -δοαιο

1223 1439 1797 1552 ΒΕΔΤῙ
1870 1438 2226 1550 ΒΔΕ

2332 1437 2606 1549 [NI
2681 1435 3299 1550 MAURI

1365 1651 1749 1710 FULDENSIS
1786 1647 2079 1706 ABBATIS
2116 1647 2205 1705 ET
2244 1645 2627 1705 MOGUNTINI
2660 1645 3186 1706 ARCHIEPlSCOPl

1101 1831 1282 1946 DE
1365 1826 2770 1946 CONSANGUINEORUM
2855 1826 3438 1942 NUPTIIS

2233 2065 2312 2109 ΕΤ

1158 2217 1265 2279 ΒΕ
1307 2215 1713 2278 MAGOBUM
1753 2210 2218 2275 PRZESTIGIIS
2260 2205 2694 2279 FALSISQUE
2735 2206 3394 2274 DIVINATIONIBUS.

1935 2369 2624 2447 TRACTATUS.

722 2637 1037 2708 Magnorum
1085 2628 1323 2684 virorum
1374 2636 1432 2683 et
1469 2623 1894 2682 clarissimorum
1941 2618 2225 2676 doctorum
2255 2619 2303 2680 B
2333 2619 2527 2675 deinde
2556 2619 2622 2675 de
2645 2619 2866 2690 magica:
2896 2620 3031 2676 artis
3056 2623 3409 2692 argumentis,
3438 2627 3794 2684 scribendum
3811 2629 3904 2687 tibi

650 2742 770 2784 mos
811 2737 1024 2792 semper
1057 2721 1178 2785 fuit,
1220 2720 1287 2774 ad
1324 2734 1388 2774 ea
1429 2719 1496 2773 de
1524 2717 1719 2787 quibus
1746 2712 2062 2783 interrogati
2107 2709 2225 2762 fue-

651 2827 797 2881 rant,
828 2821 1200 2884 competenter
1242 2825 1559 2880 responsum
1590 2821 1854 2876 quaarere,
1891 2811 1944 2857 et
1983 2800 2226 2854 adniten-

646 2925 728 2968 tes
751 2903 1064 2965 auctoritati
1092 2911 1402 2958 sanctarum
1430 2899 1858 2968 Scripturarum,
1887 2901 2225 2948 sanctorum-

645 3020 751 3074 que
789 3003 1009 3056 Patrum
1038 2993 1344 3056 sententiis,
1382 3006 1444 3044 ea
1472 3004 1591 3058 quze
1617 2988 1682 3041 ab
1711 2987 1792 3040 eis
1819 2983 2085 3054 postulata
2117 2979 2231 3074 lue-

648 3073 792 3158 rant,
830 3091 1089 3154 breviter,
1132 3083 1474 3151 dilueideque
1521 3093 1784 3135 reserere.
1829 3076 1934 3131 Sed
1960 3088 2086 3130 cum
2115 3073 2232 3127 haec

647 3182 763 3252 ipse
790 3183 1058 3246 indoctus,
1081 3189 1262 3235 etnon
1286 3186 1396 3231 mm
1419 3185 1667 3226 sermone
1687 3183 1850 3238 quam
1869 3166 2032 3220 etiam
2058 3164 2232 3219 scien-

648 3273 723 3325 tia
753 3272 1056 3340 imperitus,
1085 3286 1183 3340 pro
1219 3267 1435 3334 modulo
1465 3277 1588 3320 meo
1620 3258 1819 3314 imitari
1860 3256 2101 3312 solebam
2130 3273 2143 3309 :
2178 3263 2233 3308 et

644 3359 731 3414 his
753 3360 844 3428 qui
886 3373 973 3413 me
1001 3360 1069 3414 de
1092 3358 1363 3427 aliquibus
1386 3351 1775 3425 quaestionibus
1800 3347 2106 3418 pulsabant,
2135 3359 2231 3414 per

645 3447 956 3520 Scripturas
986 3465 1169 3504 sacras
1208 3456 1263 3503 et
1291 3447 1586 3502 sententias
1627 3448 1940 3499 sanctorum
1986 3436 2228 3500 Patrum,

646 3542 976 3610 respondere
1022 3540 1299 3594 curabant.
1333 3537 1486 3592 Nunc
1533 3537 1607 3589 ita
1629 3533 1768 3604 apud
1797 3543 1866 3599 te,
1915 3527 2231 3584 charissime

643 3631 909 3695 virorum,
949 3640 1004 3685 et
1043 3629 1398 3685 solertissime
1426 3637 1608 3682 custos
1647 3625 1824 3696 gregis
1854 3621 1972 3689 Dei,
1998 3619 2227 3682 Bonose,

647 3721 780 3776 mihi
825 3722 1027 3783 evenit,
1060 3719 1314 3787 quoniam
1349 3719 1404 3772 in
1433 3718 1519 3772 his
1543 3717 1597 3770 in
1627 3715 1823 3784 quibus
1854 3713 2036 3782 aliquo
2071 3708 2230 3762 modo

649 3811 784 3865 satis
811 3811 918 3881 egi,
945 3811 1040 3865 tibi
1069 3809 1215 3863 nullo
1243 3807 1743 3867 modosatisfaccre
1765 3803 1936 3872 potui,
1966 3803 2058 3856 sed
2084 3814 2228 3856 seu.-

650 3918 748 3973 per
771 3903 926 3974 juxta
954 3900 1399 3956 consuetudinem
1432 3910 1610 3962 tuam,
1641 3897 1874 3952 astutius
1895 3894 2227 3964 inquirebas,

2330 2726 2449 2766 esse
2477 2713 2822 2767 arbitramur.
2865 2710 2970 2767 Sed
2999 2713 3148 2783 prius
3175 2715 3473 2769 notandum
3504 2725 3610 2780 est,
3650 2719 3794 2788 quod
3823 2721 3910 2777 ubi

2329 2803 2530 2856 veteris
2553 2802 2686 2872 legis
2703 2811 2976 2872 praecepta
2995 2805 3297 2858 necessaria
3320 2814 3448 2859 sunt
3467 2807 3521 2859 in
3545 2809 3909 2865 testimonium

2331 2895 2685 2962 assumenda,
2709 2910 2818 2949 non
2847 2905 2972 2950 sunt
3002 2896 3344 2964 despicienda
3377 2917 3389 2951 :
3422 2900 3550 2968 quia
3578 2915 3722 2955 unus
3755 2911 3911 2972 atque

2332 2985 2476 3040 idem
2503 2996 2693 3042 auctor
2720 2987 2918 3040 veteris
2945 2997 2998 3041 et
3021 2987 3489 3045 noviTestamenti
3512 3001 3622 3055 est,
3652 2993 3815 3049 Deus.
3833 2993 3914 3048 ld—

2331 3077 2478 3133 circo
2505 3078 2620 3147 ipse
2649 3078 2913 3133 mediator
2939 3077 3032 3134 Dei
3059 3089 3113 3134 et
3137 3081 3439 3146 hominum,
3467 3083 3534 3136 de
3561 3084 3676 3154 iege
3704 3093 3758 3137 et
3784 3101 3916 3153 pro-

2332 3170 2509 3239 phetis
2545 3172 2791 3242 exempla
2823 3187 3063 3236 sumens,
3100 3174 3451 3229 conﬁrmabat
3474 3184 3526 3228 et
3553 3179 3912 3233 commenda-

2334 3261 2426 3314 bat
2466 3262 2766 3317 doctrinam
2802 3263 3166 3332 evangelicam
3219 3265 3542 3320 auditoribus
3582 3267 3730 3331 suis,
3769 3270 3915 3325 sicut

2333 3353 2592 3422 scriptum
2614 3361 2696 3409 est
2717 3356 2782 3409 de
2805 3369 2871 3410 eo
2891 3356 2942 3408 in
2968 3355 3261 3425 Evangelio
3287 3356 3436 3428 (Luc.
3455 3357 3554 3429 tv).
3585 3378 3604 3409 ‹
3631 3361 3780 3428 quod
3805 3361 3914 3430 ipse

2322 3448 2358 3494 ἰ
2406 3441 2460 3495 in
2488 3457 2760 3514 synagoga
2800 3446 3099 3499 surrexerit
3124 3446 3342 3517 legere:
3374 3457 3430 3502 et
3456 3448 3618 3504 datus
3643 3450 3717 3504 sit
3750 3450 3823 3504 illi
3852 3451 3912 3504 li-

2347 3548 2365 3581 t
2404 3529 2501 3584 ber
2543 3529 2692 3584 Isaiae
2722 3532 3019 3601 prophetae.
3053 3532 3153 3600 Qui
3196 3550 3320 3590 cum
3353 3538 3661 3607 aperuisset
3697 3538 3908 3605 librum,

2339 3637 2357 3673 ‹
2403 3619 2610 3674 invenit
2639 3620 2817 3676 locum
2844 3622 2933 3676 ubi
2963 3624 3223 3693 scriptum
3247 3637 3366 3681 erat
3395 3641 3411 3680 :
3440 3627 3684 3697 Spiritus
3707 3629 3911 3684 Domini

2339 3731 2358 3766 ‹
2400 3729 2564 3784 super
2591 3729 2705 3779 me,
2750 3725 2970 3786 propter
2999 3720 3143 3786 quod
3186 3721 3341 3774 unxit
3381 3736 3514 3777 me:
3547 3723 3912 3793 evangelizare

2339 3821 2359 3856 ι
2403 3803 2730 3873 pauperibus
2790 3805 2940 3859 misit
2995 3821 3104 3861 me.
3150 3806 3356 3863 Sanare
3397 3811 3670 3865 contritos
3716 3811 3908 3866 corde°

2343 3914 2362 3948 c
2407 3895 2703 3965 pradicare
2730 3897 2963 3966 captivis
2989 3897 3387 3965 remissionem,
3425 3909 3482 3955 et
3505 3903 3670 3956 caecis
3695 3903 3866 3956 visum
3896 3921 3909 3955 :

645 3970 704 4049 et
731 3970 1041 4064 diligentius
1068 3992 1454 4061 investigabas,
1484 3987 1754 4059 quomodo
1779 4002 1842 4041 ea
1868 4001 1988 4056 quae
2018 3984 2222 4054 prolata
2254 3970 2298 4034 Ο
2337 4006 2356 4042 ι
2401 3987 2675 4042 dimittere
2719 3989 3030 4044 contractos
3070 3991 3125 4044 in
3173 3993 3570 4047 remissionem.
3618 3993 3916 4048 Praedicare

643 4093 791 4149 Sunt,
823 4083 1075 4138 inviolata
1103 4089 1353 4138 constare
1395 4087 1635 4150 possent.
1689 4077 1840 4134 Unde
1889 4075 2049 4129 modo
2091 4072 2228 4129 ditii-

645 4173 804 4230 cilem
829 4174 1034 4229 exitum
1071 4173 1124 4227 in
1170 4171 1560 4241 quzestionibus
1595 4184 1626 4224 a
1672 4177 1726 4223 te
1761 4167 1896 4222 mihi
1941 4164 2232 4236 propositis

649 4264 895 4322 invenire
929 4265 1078 4335 potui
1110 4282 1123 4318 :
1155 4277 1221 4318 eo
1267 4262 1411 4333 quod
1442 4259 1750 4316 testimonia
1792 4258 1859 4313 de
1887 4264 2072 4312 vetere
2115 4255 2233 4325 lege

649 4364 965 4424 assumpta,
1022 4355 1075 4408 in
1134 4353 1359 4423 epistola
1423 4352 1686 4420 rescripta
1747 4348 1815 4404 ad
1876 4347 2231 4404 llumbertum

651 4445 986 4515 episcopum,
1023 4452 1187 4513 quota
1229 4443 1583 4513 generatione
1621 4441 1809 4496 liceret
1833 4438 2078 4509 cognatis
2105 4452 2234 4491 con-

651 4537 810 4592 nubia
837 4534 1084 4606 jungere,
1117 4535 1480 4605 redargnebas
1506 4551 1519 4588 :
1547 4534 1700 4602 quasi
1730 4547 1834 4586 non
1861 4528 2233 4586 convenientia

649 4626 777 4680 huic
810 4627 1062 4696 tempori,
1092 4626 1196 4680 hoc
1220 4633 1324 4689 est,
1355 4624 1598 4695 religioni
1629 4622 1966 4686 Christiana,
1992 4621 2084 4675 sed
2107 4621 2234 4691 quia

648 4718 702 4772 in
719 4734 854 4772 novo
869 4717 1216 4773 Testamento
1229 4718 1294 4772 de
1318 4718 1421 4772 hoc
1445 4718 1602 4787 plane
1615 4716 1877 4787 scriptum
1905 4729 2012 4769 non
2028 4713 2231 4780 inveni,

649 4809 1017 4863 necessarium
1056 4809 1337 4873 aestimari,
1375 4809 1504 4877 quid
1541 4807 1714 4863 sancti
1756 4815 1940 4876 patres
1987 4806 2052 4860 de
2099 4805 2234 4874 ipsis

649 4898 938 4953 sententiis
967 4898 1100 4970 legis
1142 4898 1238 4954 Dei
1286 4898 1576 4963 senserint,
1609 4898 1674 4952 de
1717 4896 1990 4966 opusculis
2017 4911 2230 4961 eorum,

649 4986 748 5042 tibi
777 4986 1020 5057 exempla
1050 4987 1294 5056 proferre
1319 5005 1332 5040 :
1365 4986 1536 5055 utqui
1568 4986 1697 5040 mihi
1729 4993 1949 5054 propter
1971 4984 2233 5038 vilitatem

653 5092 790 5132 meae
825 5092 1068 5148 personae
1098 5075 1382 5132 diiliculter
1411 5077 1610 5142 credis,
1643 5076 1833 5131 saltem
1862 5075 1967 5130 illis
1992 5075 2086 5145 qui
2113 5090 2230 5129 ma-

653 5183 772 5238 gna:
817 5167 1155 5223 auctoritatis
1197 5176 1343 5233 sunt,
1389 5177 1609 5224 coactus
1644 5167 1852 5222 credas.
1886 5165 2233 5236 Proponebas

652 5258 794 5310 enim
818 5259 946 5312 mihi
970 5258 1106 5314 duas
1122 5260 1450 5329 quaestiones
1478 5278 1491 5314 :
1519 5275 1680 5314 unam
1702 5259 1768 5314 de
1788 5259 2227 5330 consanguineis,

654 5355 820 5414 quota
852 5350 1204 5420 generatione
1231 5351 1310 5406 eis
1344 5351 1534 5408 liceret
1568 5350 1862 5406 seinvicem
1901 5350 2105 5419 nuptiis
2133 5366 2228 5406 co-

653 5435 861 5507 pulare.
891 5439 1128 5495 Alteram
1177 5441 1306 5510 quid
1336 5443 1402 5497 de
1435 5442 1520 5496 his
1554 5441 1896 5496 sentiendum
1931 5449 2099 5506 esset,
2137 5440 2228 5510 qui

653 5525 880 5596 magicis
909 5531 1195 5602 praestigiis
1225 5533 1338 5588 sive
1368 5532 1829 5587 incantationibus
1859 5531 2227 5597 daemoniacis,

653 5617 910 5672 dicuntur
950 5619 1198 5678 homines
1236 5622 1461 5678 fallere:
1494 5632 1550 5678 et
1593 5639 1623 5678 a
1667 5632 1810 5678 statu
1855 5639 1953 5679 suo
1999 5625 2229 5694 pristino

653 5717 900 5766 evertere
937 5725 1113 5781 posse.
1157 5713 1308 5770 Unde
1347 5714 1581 5786 primum
1621 5715 1688 5772 de
1722 5716 1965 5788 [metatis
2004 5716 2224 5788 nuptiis,

2337 4100 2354 4135 ι
2402 4095 2602 4135 annum
2649 4079 2862 4133 Domini
2907 4090 3210 4150 acceptum,
3258 4091 3312 4137 et
3342 4082 3482 4137 diem
3525 4083 3913 4137 retributionis.

2336 4190 2355 4223 ι
2401 4171 2468 4225 Et
2495 4184 2620 4226 cum
2654 4169 2933 4238 plicuissct
2960 4170 3179 4236 librum,
3210 4172 3445 4226 reddidit
3473 4173 3731 4228 ministro
3750 4182 3806 4227 et
3834 4187 3913 4229 se-

2338 4278 2356 4311 ‹
2399 4260 2494 4323 dit,
2519 4269 2573 4314 et
2597 4259 2842 4314 omnium
2868 4259 2920 4313 in
2943 4275 3214 4331 synagoga
3234 4263 3376 4316 oculi
3397 4273 3557 4318 erant
3581 4264 3918 4319 intendentes

2338 4369 2356 4403 ι
2402 4350 2455 4404 in
2481 4366 2625 4405 eum.
2662 4349 2841 4419 Carpit
2882 4357 3060 4403 autem
3099 4349 3280 4406 dicere
3307 4352 3376 4406 ad
3415 4351 3556 4417 illos,
3589 4353 3713 4422 quia
3760 4352 3919 4406 hodie

2339 4460 2358 4494 ι
2405 4441 2623 4511 impleta
2649 4442 2878 4497 est'hat'c
2911 4441 3182 4511 scriptura
3220 4442 3276 4496 in
3323 4443 3549 4497 auribus
3586 4443 3825 4497 vestris:
3865 4451 3918 4497 et

2338 4552 2356 4584 ‹
2399 4547 2588 4587 omnes
2626 4531 2996 4588 testimonium
3029 4532 3106 4585 illi
3140 4533 3360 4599 dabant,
3397 4542 3450 4588 et
3485 4535 3829 4588 mirabantur
3862 4534 3918 4588 in

2339 4641 2357 4674 ι
2402 4623 2583 4677 verbis
2607 4623 2795 4693 gratia:
2815 4639 2936 4694 quae
2964 4623 3334 4695 procedebant
3361 4625 3426 4678 de
3452 4639 3548 4679 ore
3577 4625 3789 4694 ipsius;
3821 4644 3839 4675 ι
3866 4633 3918 4679 et

2333 4721 2455 4783 post
2484 4714 2940 4769 resurrectionem
2982 4714 3195 4786 legitur,
3225 4713 3368 4785 quod
3397 4715 3610 4769 duobus
3634 4716 3916 4785 discipulis

2333 4821 2516 4861 secum
2546 4807 2599 4860 in
2627 4807 2714 4861 via
2755 4808 3160 4863 ambulantibus
3191 4816 3246 4862 et
3285 4808 3680 4872 dubitantibus,
3723 4808 3916 4864 dixerit

2334 4895 2487 4966 (Luc.
2520 4896 2643 4966 ult.)
2675 4915 2687 4950 :
2725 4916 2744 4949 ‹
2782 4898 2826 4952 Ο
2855 4898 3006 4952 stulti
3039 4906 3094 4952 et
3125 4897 3264 4952 tardi
3297 4897 3460 4951 corde
3490 4897 3558 4950 ad
3585 4897 3912 4951 credendum

2339 5005 2358 5039 ι
2402 4987 2455 5041 in
2489 4988 2742 5043 omnibus
2769 5003 2890 5058 quae
2915 4987 3080 5042 locuti
3102 4995 3226 5043 sunt
3254 4987 3550 5058 prophetat.
3587 4985 3777 5042 Nonne
3803 4987 3912 5040 haec

2340 5098 2358 5130 ε
2401 5080 2644 5148 oportuit
2678 5081 2790 5150 pati
2819 5079 3122 5146 Christum,
3157 5089 3214 5135 et
3248 5081 3323 5135 ita
3365 5080 3577 5133 intrare
3606 5078 3661 5132 in
3690 5078 3911 5149 gloriam

2339 5190 2358 5224 ‹
2404 5187 2555 5226 suam
2581 5174 2604 5226 ?
2627 5181 2684 5227 et
2706 5172 2969 5243 incipiens
2991 5188 3022 5226 a
3045 5171 3229 5244 Moyse
3252 5182 3308 5228 et
3330 5171 3589 5228 omnibus
3612 5170 3910 5241 prophetis,

2340 5279 2359 5313 ‹
2412 5262 2871 5333 interpretabatur
2908 5262 3016 5318 illis
3053 5263 3110 5316 in
3149 5263 3402 5318 omnibus
3447 5260 3760 5330 scripturis,
3795 5273 3913 5329 qua

2339 5371 2358 5404 ‹
2404 5353 2469 5407 de
2501 5354 2615 5421 ipso
2641 5360 2820 5419 erant,
2863 5371 2882 5404 ι
2914 5363 2970 5406 et
2997 5353 3050 5406 in
3083 5351 3205 5406 aliis
3231 5351 3475 5422 pluribus
3502 5349 3638 5406 locis
3664 5347 3808 5405 idem
3834 5348 3912 5402 fe-

2333 5443 2473 5499 cisse
2510 5443 2800 5508 invenitur,
2843 5458 2945 5498 nec
2986 5442 3275 5497 immerito.
3320 5441 3455 5496 Nam
3500 5441 3555 5496 in
3599 5448 3786 5496 monte
3823 5439 3913 5492 ubi

2333 5549 2519 5590 coram
2559 5533 2732 5589 tribus
2781 5533 3061 5604 discipulis
3108 5533 3524 5604 transﬁguratus
3561 5540 3646 5588 est
3693 5530 3909 5602 (Matth.

2335 5624 2491 5696 xvn),
2537 5643 2556 5675 ‹
2611 5634 2979 5695 apparuerunt
3018 5623 3231 5696 Moyses
3280 5633 3336 5679 et
3371 5623 3516 5678 Elias
3561 5637 3686 5679 cum
3726 5635 3793 5675 eo
3829 5619 3909 5671 lo-

2338 5737 2356 5770 (
2402 5724 2650 5788 quentes,
2680 5724 2736 5774 et
2760 5714 3012 5773 dicebant
3038 5732 3321 5776 excessum
3351 5731 3512 5787 quem
3539 5713 3911 5787 compietnrus
