4112 6364
259 366 399 425 ιο89

1305 356 1394 414 DE
1429 348 2112 413 CONSANGUINEORUM
2151 347 2443 406 NUPTIIS.

3362 348 3501 410 £090

262 498 286 534 ι
325 485 446 535 erat
471 475 525 532 in
550 470 910 539 Hierusalem,
930 478 993 537 ut
1017 469 1406 541 intelligeretur
1437 482 1561 523 eum
1586 465 1829 520 testimo-
1854 465 1908 527 Α
1931 460 2077 515 enim
2106 468 2234 514 sunt
2257 460 2364 515 duo
2406 457 2753 514 Testamenta
2779 473 2794 513 :
2821 469 2986 514 unum
3013 458 3231 530 quidem
3259 475 3289 516 a
3321 472 3503 518 monte

262 586 286 623 ι
324 566 474 623 ιιίιιιιι
502 564 703 621 habere
731 563 891 628 velle,
928 578 958 617 a
985 561 1101 632 lege
1126 569 1181 615 et
1207 560 1505 630 prophetis.
1551 577 1570 610 ι
1601 557 1754 613 Unde
1775 564 1831 612 et

259 652 570 728 Apostolus,
605 652 836 723 gratiam
863 650 988 706 novi
1018 646 1348 703 Testamenti
1373 645 1710 702 tesdﬁcatam
1738 659 1829 699 as-

258 745 392 802 serit
416 759 448 798 a
478 742 593 813 lege
618 750 672 797 et
691 738 964 813 prophetis
990 734 1164 809 (Rom.
1191 735 1310 809 vn),
1343 735 1467 806 quia
1503 754 1522 787 ι
1560 734 1642 790 lex
1668 734 1831 804 spiri-

263 851 286 887 ι
330 833 453 888 talis
475 840 561 888 est
586 839 641 887 et
673 838 884 892 sancta,
912 835 967 882 et
996 826 1308 881 mandatum
1353 833 1598 880 sanetum
1626 834 1682 878 et
1710 823 1829 893 jus-

265 942 286 976 ι
333 931 446 978 tum
470 930 526 977 et
549 922 769 977 bonum.
815 936 834 970 ι
861 918 940 972 Ex
968 931 1074 988 quo
1095 915 1388 972 notandum
1415 923 1519 979 est,
1549 914 1690 983 quod
1716 914 1831 983 ipsa

261 1011 347 1067 lex
385 1012 438 1066 in
469 1010 738 1080 aliquibus
785 1007 919 1063 locis
948 1006 1241 1062 secundum
1283 1005 1568 1059 historiam
1601 1012 1829 1068 tantum,

262 1103 318 1158 in
345 1102 616 1172 aliquibus
643 1115 770 1156 vero
796 1099 1088 1156 secundum
1113 1097 1442 1168 allegoriam,
1463 1096 1516 1149 in
1543 1094 1832 1165 aliquantis

262 1200 441 1246 autem
479 1191 774 1245 secundum
812 1188 1094 1245 historiam
1125 1186 1286 1242 simul
1316 1195 1370 1240 et
1402 1184 1710 1254 allegoriam
1750 1184 1833 1237 in-

262 1281 549 1353 telligenda
577 1290 680 1336 est.
715 1279 872 1351 Quia,
904 1287 965 1335 ut
991 1279 1052 1332 Β.
1091 1277 1413 1332 Ambrosius
1459 1273 1695 1346 scripsit,
1737 1274 1835 1328 tri-

260 1374 384 1445 plex
431 1372 646 1443 quidem
690 1372 772 1427 lex
821 1379 922 1427 est.
971 1370 1049 1426 lta
1078 1378 1140 1425 ut
1169 1369 1343 1440 prima
1372 1383 1501 1438 pars
1539 1366 1605 1422 de
1654 1382 1834 1421 sacra-

259 1471 444 1518 mento
470 1461 790 1526 divinitatis,
822 1461 893 1517 sit
917 1460 1013 1517 Dei
1038 1480 1051 1515 :
1085 1459 1320 1515 secunda
1346 1467 1527 1512 autem
1560 1473 1679 1527 quae
1707 1473 1836 1513 con-

260 1553 407 1623 gruit
434 1551 536 1621 legi
566 1550 821 1616 naturali,
851 1566 971 1621 qua:
1024 1550 1296 1606 interdicit
1326 1557 1606 1621 peccatum
1637 1566 1649 1601 :
1678 1548 1837 1602 tertia

258 1658 408 1706 vero,
441 1642 526 1697 lex
567 1650 650 1697 est
675 1639 963 1707 factorum,
990 1642 1042 1697 id
1068 1648 1170 1707 est,
1213 1639 1425 1695 sabbati
1456 1638 1710 1694 historica
1737 1637 1836 1692 ob-

260 1734 515 1799 servatio,
548 1733 843 1789 neomenia:
863 1742 917 1789 et
938 1733 1298 1799 circumcisio,
1339 1746 1459 1803 quae
1499 1731 1832 1803 spiritaliter,

1932 549 2062 605 Sina
2093 550 2145 603 in
2169 550 2486 604 servitutem
2537 560 2826 619 generans,
2878 566 2999 619 qua:
3039 561 3124 606 est
3168 555 3331 624 Agar.
3372 552 3503 608 Sina

1930 639 2075 693 enim
2098 654 2255 693 mons
2279 647 2365 694 est
2392 639 2445 693 in
2468 638 2687 705 Arabia,
2717 639 2806 709 qui
2834 641 3152 711 conjunctus
3178 651 3263 697 est
3285 642 3357 709 ei,
3381 659 3501 715 qua:

1931 744 2075 784 nunc
2098 737 2182 784 est
2220 727 2577 793 Hierusalem,
2607 736 2660 782 et
2702 729 2871 783 servit
2899 744 3022 784 cum
3056 729 3179 786 filiis
3216 731 3350 787 suis.
3401 731 3497 787 Illa

1932 827 2111 873 autem
2137 833 2256 887 quae
2285 833 2499 874 sursum
2536 828 2620 872 est
2649 814 3003 885 Hierusalem,
3032 817 3200 874 libera
3231 827 3312 875 est
3337 837 3350 873 :
3384 834 3504 890 qua:

1931 920 2015 968 est
2040 919 2212 966 mater
2238 918 2442 966 nostra.
2471 910 2742 982 Scriptum
2777 920 2860 966 est
2885 911 3030 966 enim
3059 930 3071 965 :
3107 931 3125 964 ι
3160 913 3371 969 Laetare
3393 923 3503 969 ste-

1938 1021 1957 1055 ι
1993 1002 2108 1060 rilis
2149 1020 2270 1075 qua:
2317 1020 2423 1059 non
2461 1003 2629 1074 paris,
2674 1019 2897 1073 erumpe
2942 1012 2996 1057 et
3040 1004 3211 1058 clama
3246 1019 3365 1073 qum
3397 1019 3503 1058 non

1938 1111 1957 1145 ι
1992 1094 2251 1164 parturis,
2306 1094 2432 1164 quia
2486 1093 2636 1148 multi
2669 1093 2762 1147 ﬁlii
2818 1094 3062 1158 desertte,
3116 1094 3288 1163 magis
3341 1108 3504 1162 quam

1938 1201 1957 1234 ι
1986 1182 2101 1251 ejus
2133 1200 2251 1254 quae
2277 1183 2443 1239 habet
2470 1184 2645 1239 virum
2667 1223 2681 1246 ,
2727 1202 2744 1234 ι
2773 1191 2876 1236 etc.
2936 1182 3071 1254 (Isa.
3123 1182 3252 1253 Liv).
3293 1181 3349 1237 Si
3371 1196 3502 1252 ergo

1934 1271 2046 1341 ipsa
2079 1273 2292 1329 Veritas
2318 1281 2374 1329 et
2411 1272 2658 1343 discipuli
2702 1273 2840 1344 ejus,
2869 1288 2938 1327 ex
2994 1273 3317 1328 testimoniis
3369 1273 3503 1342 legis

1934 1365 2232 1421 doctrinam
2264 1378 2415 1418 suam
2465 1364 2845 1432 probaverunt,
2905 1369 2959 1416 et
3008 1362 3343 1417 auditoribus
3392 1362 3507 1416 suis

1934 1454 2466 1518 commendaverunt,
2499 1454 2621 1523 quis
2649 1461 2732 1508 est
2765 1454 2856 1524 qui
2888 1453 3060 1522 ipsam
3088 1452 3221 1523 legis
3250 1453 3507 1508 assertio-

1934 1561 2056 1601 nem
2080 1545 2275 1600 audeat
2299 1545 2714 1615 reprehenderc,
2735 1545 2950 1615 quando
2978 1559 3097 1599 eam
3126 1544 3321 1599 viderit
3344 1560 3506 1599 evan-

1936 1639 2118 1712 geliea:
2165 1639 2424 1694 doctrina:
2471 1639 2839 1693 concordare?
2882 1637 3017 1693 Cum
3073 1640 3217 1693 enim
3269 1638 3506 1694 salubria

1936 1736 2200 1799 prtecepta
2224 1728 2276 1782 in
2307 1727 2421 1798 lege
2445 1727 2511 1782 de
2542 1727 2827 1792 charitate,
2869 1727 2936 1783 dc
2980 1727 3251 1792 castitate,
3286 1728 3352 1782 de
3379 1744 3510 1782 eon—

259 1840 369 1881 non
390 1824 700 1892 carnaliter,
727 1825 1057 1896 temporibus
1080 1824 1275 1899 gratia;
1290 1824 1553 1880 servanda
1576 1832 1719 1878 sunt.
1744 1821 1834 1877 Si-
1863 1813 1911 1873 B
1940 1820 2182 1885 tinentia,
2232 1830 2288 1873 et
2336 1819 2402 1874 de
2457 1818 2849 1883 misericordia,
2880 1818 3198 1887 ueterisque
3218 1818 3511 1873 virtutibus

259 1915 463 1971 militer
484 1926 664 1971 autem
685 1924 740 1971 et
757 1916 841 1971 lex
866 1916 1152 1984 naturalis,
1176 1932 1297 1986 qua:
1317 1915 1607 1971 concordat
1627 1915 1681 1970 in
1702 1915 1842 1969 mul-

261 2008 333 2063 tis
356 2009 459 2080 legi
489 2008 679 2080 Moysi,
711 2017 825 2064 tres
854 2009 1018 2064 habet
1052 2016 1255 2079 partes.
1307 2005 1472 2076 Cujus
1509 2007 1684 2077 prima
1724 2007 1842 2063 hmo

258 2109 366 2165 est,
407 2109 466 2154 ut
491 2101 707 2171 agnitus
732 2101 1028 2156 honoretur
1048 2108 1298 2156 creator:
1327 2100 1441 2172 {nec
1469 2098 1585 2168 ejus
1621 2099 1841 2155 claritas

258 2197 318 2244 et
349 2189 624 2259 majestas,
666 2189 824 2244 alicui
855 2190 921 2245 de
957 2190 1223 2245 creaturis
1254 2189 1560 2260 deputetur.
1593 2187 1839 2244 Secunda

258 2283 443 2331 autem
467 2291 593 2347 pars
621 2285 707 2333 est
728 2276 972 2343 moralis,
1003 2277 1108 2332 hoc
1129 2285 1234 2343 est,
1260 2285 1321 2331 ut
1341 2276 1477 2331 bene
1498 2276 1710 2330 vivatur
1730 2290 1843 2329 mo-

259 2366 437 2423 destia
477 2365 830 2437 gubernante.
878 2365 1140 2438 Congruit
1177 2366 1322 2420 enim
1372 2364 1574 2420 homini
1622 2363 1843 2418 habenti

259 2457 510 2514 notitiam
536 2456 819 2522 creatoris,
844 2456 1011 2510 vitam
1033 2471 1187 2511 suam
1208 2456 1325 2525 lege
1348 2454 1582 2521 frenare,
1616 2470 1682 2509 ne
1705 2452 1845 2509 frus-

262 2555 439 2602 tretur
460 2545 679 2616 agnitio.
709 2544 892 2599 Tertia
917 2560 1046 2600 vero
1072 2559 1200 2615 pars
1220 2552 1303 2599 est
1329 2543 1573 2599 docibilis
1604 2560 1617 2596 :
1657 2552 1714 2596 ut
1742 2558 1841 2598 no-

263 2634 380 2690 titia
403 2636 496 2690 Dei
527 2633 812 2700 creatoris,
853 2641 907 2688 et
929 2634 1233 2704 exemplum
1268 2648 1391 2688 mox
1422 2632 1632 2687 caeteris
1663 2632 1845 2686 trada-

262 2733 355 2779 tur
390 2742 406 2783 :
452 2732 511 2780 ut
552 2725 763 2779 discant
801 2724 1251 2794 quemadmodum
1299 2722 1561 2778 creatoris
1593 2722 1845 2777 meritum

262 2815 591 2872 collocetur:
627 2817 743 2871 haec
763 2823 847 2871 est
871 2816 1014 2870 enim
1037 2831 1164 2871 vera
1204 2824 1261 2871 et
1289 2813 1590 2870 Christiana
1619 2812 1848 2884 pruden-

265 2905 342 2959 tia
373 2923 386 2960 :
418 2913 473 2961 et
499 2905 645 2960 omni
670 2904 943 2961 catholico
967 2905 1035 2960 ad
1057 2903 1392 2969 discendum,
1429 2913 1590 2974 atque
1630 2904 1697 2958 ad
1727 2918 1845 2959 ser-

264 2996 502 3052 vandum
524 2997 847 3062 necessaria,
869 2995 992 3065 quia
1020 3010 1118 3066 per
1144 2996 1284 3051 hanc
1306 2995 1358 3050 in
1390 2995 1493 3050 hoc
1517 2995 1713 3050 saeculo
1736 2996 1846 3050 vita

265 3092 495 3148 honesta
529 3089 766 3155 ducitur,
795 3097 850 3143 et
874 3089 927 3143 in
967 3087 1147 3143 futuro
1168 3089 1234 3143 ad
1257 3089 1476 3158 prazmia
1498 3097 1697 3142 arterna
1722 3103 1849 3157 per-

1938 1910 2262 1964 auctoritate
2309 1908 2486 1963 divina
2534 1906 2903 1978 proferuntur,
2955 1908 3098 1963 omni
3149 1923 3270 1962 cum
3305 1909 3511 1964 honore

1938 1998 2298 2068 suscipienda,
2324 2006 2380 2052 et
2408 2013 2528 2052 cum
2555 2012 2747 2067 magna
2773 1997 3046 2068 diligentia
3073 1980 3333 2052 servanda
3354 2007 3509 2053 sunt:

1939 2093 2063 2163 quia
2094 2093 2146 2146 in
2179 2092 2281 2146 hoc
2312 2104 2369 2146 se
2400 2091 2629 2161 quisque
2659 2089 2852 2159 probat
2876 2089 3045 2159 ipsius
3072 2089 3320 2144 veritatis
3345 2089 3511 2143 devo-

1942 2189 2052 2234 tum
2079 2194 2197 2236 esse
2247 2179 2592 2250 discipulum,
2624 2187 2679 2234 et
2712 2180 3085 2234 mandatorum
3114 2180 3206 2234 Dei
3233 2180 3512 2235 custodem

1941 2269 2439 2338 diligentissimum,
2501 2269 2544 2323 si
2595 2268 2899 2323 consentiat
2936 2268 3038 2339 legi
3092 2268 3210 2333 Dei,
3241 2278 3296 2322 et
3340 2268 3519 2324 credit

1942 2358 2046 2413 illis
2080 2374 2201 2427 qua:
2249 2358 2303 2413 in
2333 2374 2395 2413 ea
2428 2359 2631 2427 scripta
2686 2366 2831 2412 sunt.
2870 2357 3007 2412 llinc
3048 2373 3261 2428 quoque
3309 2358 3422 2427 ipse
3446 2358 3518 2414 ad

1941 2448 2249 2505 incredulos
2301 2446 2536 2515 Judaros,
2581 2458 2636 2506 et
2663 2459 2852 2505 contra
2882 2450 3227 2519 altercantes,
3259 2452 3370 2505 ait:
3406 2470 3425 2504 ι
3456 2450 3518 2508 Si

1948 2560 1967 2593 ι
2004 2542 2146 2596 enim
2175 2542 2468 2596 crederetis
2494 2540 2681 2613 Moysi,
2714 2543 3007 2598 crederetis
3032 2542 3256 2599 forsitan
3279 2552 3333 2598 et
3361 2543 3516 2599 mihi.

1949 2652 1967 2686 ι
2001 2634 2077 2688 De
2106 2651 2192 2690 me
2239 2635 2382 2690 enim
2430 2634 2516 2689 ille
2544 2635 2804 2706 scripsit:
2834 2634 2893 2690 Si
2940 2643 3120 2690 autem
3152 2635 3296 2690 illius
3319 2634 3515 2690 litteris

1950 2743 1969 2777 ι
2004 2741 2111 2780 non
2167 2727 2408 2792 creditis,
2465 2726 2732 2796 quomodo
2783 2727 2920 2782 meis
2966 2727 3148 2782 verbis
3187 2727 3459 2782 credetis?
3494 2746 3514 2778 ι

1947 2812 2130 2884 (Ioan.
2161 2814 2235 2885 v).
2293 2814 2431 2871 Hinc
2476 2827 2531 2872 et
2580 2816 2707 2872 alibi
2751 2817 2805 2871 in
2845 2818 3135 2889 Evangelio
3151 2818 3346 2887 legitur
3369 2817 3520 2890 (Luc.

1946 2909 2061 2979 xvr)
2094 2926 2107 2958 τ
2146 2928 2165 2960 ι
2194 2908 2466 2979 Abraham
2498 2906 2649 2961 diviti
2672 2905 2739 2961 de
2773 2906 2984 2962 inferno
3010 2908 3077 2963 ad
3111 2923 3169 2962 se
3191 2908 3468 2971 clamanti,
3498 2926 3517 2959 ι

1947 3011 2003 3056 ει
2033 3000 2347 3071 postulanti,
2387 2998 2730 3054 utLazarum
2777 2999 3170 3054 transmitteret
3203 3000 3256 3054 in
3305 3000 3522 3053 domum

1946 3091 2119 3161 patris
2147 3092 2253 3156 sui,
2313 3096 2579 3160 quatenus
2626 3096 2918 3143 testaretur
2963 3088 3087 3154 illis,
3118 3103 3186 3142 nc
3224 3098 3279 3142 et
3308 3088 3406 3157 ipsi
3436 3102 3528 3142 vc-

266 3179 500 3235 venitur.
546 3177 715 3250 Igitur
743 3179 834 3233 ubi
865 3178 930 3232 de
961 3188 1303 3232 sacramento
1337 3176 1635 3232 divinitatis
1668 3193 1848 3234 sermo
1874 3164 1919 3226 C
1952 3183 2133 3238 ηίι-ρηι
2176 3182 2229 3236 in
2255 3181 2437 3236 locum
2483 3181 2656 3251 ipsum
2691 3187 3100 3243 tormentorum,
3132 3179 3474 3248 respondisse
3507 3196 3521 3233 ε

265 3270 361 3336 sit,
386 3268 469 3324 vel
510 3268 575 3324 de
607 3268 840 3324 vitandis
883 3267 1032 3323 vitiis
1074 3282 1139 3323 ac
1184 3268 1471 3323 virtutibus
1500 3269 1852 3338 assequendis

267 3369 543 3431 prmcepta
577 3360 794 3423 dantur,
834 3358 975 3412 bona
1005 3365 1089 3411 est
1116 3358 1398 3420 historica,
1427 3366 1482 3413 et
1521 3359 1741 3415 moralis
1771 3360 1850 3414 in-

269 3450 585 3518 telligentia.
621 3449 719 3504 Ubi
753 3457 932 3504 autem
961 3448 1153 3503 umbra
1180 3448 1481 3503 futurorum
1511 3449 1849 3521 exprimitur,

268 3549 334 3595 ut
357 3540 421 3592 de
443 3539 559 3610 lege
588 3537 852 3594 factorum
880 3538 1137 3603 diximus,
1170 3539 1426 3607 spiritalis
1450 3541 1670 3599 omnino
1697 3540 1853 3594 intel-

270 3632 477 3693 lectus,
532 3630 606 3685 ibi
657 3630 979 3702 quaerendus
1021 3638 1121 3685 est.
1173 3629 1440 3685 Cmterum
1488 3631 1577 3688 ubi
1627 3633 1852 3687 historia
1886 3638 1899 3643 ‘

273 3727 463 3775 narrat
488 3721 770 3775 transitum
798 3720 1029 3776 ﬁliorum
1050 3720 1214 3777 Israel
1237 3722 1302 3777 de
1325 3720 1560 3794 Egypto
1580 3738 1677 3792 per
1702 3738 1853 3778 mare

273 3812 540 3873 Rubrum,
559 3822 613 3867 et
634 3813 687 3867 in
710 3813 923 3868 deserto
942 3814 1396 3868 constructionem
1424 3814 1777 3882 tabernaculi,
1799 3823 1855 3870 et

275 3903 428 3974 signa
474 3902 880 3967 miraculorum,
928 3919 1046 3972 qua:
1088 3905 1141 3957 in
1186 3905 1350 3972 priori
1401 3904 1595 3974 populo
1638 3905 1853 3961 Domini

275 3990 425 4063 jussu
467 3992 607 4047 facta
651 4002 796 4059 sunt,
840 3993 1130 4063 prteliaqtte
1162 3993 1525 4049 lsraelitarum
1568 4011 1689 4051 cum
1720 3996 1856 4051 Cha-

276 4084 484 4140 nanzeis
503 4092 559 4139 et
579 4084 790 4138 caneris
819 4084 1088 4154 gentibus,
1118 4086 1230 4138 htec
1252 4083 1469 4153 quidem
1503 4083 1857 4142 historialiter

278 4173 357 4230 ita
383 4173 524 4228 facta
558 4188 681 4229 esse
721 4173 986 4228 credenda
1018 4182 1162 4239 sunt,
1193 4182 1248 4228 et
1281 4185 1460 4230 tamen
1500 4177 1552 4231 in
1583 4178 1858 4250 mysteriis

280 4263 607 4318 veneranda.
662 4263 815 4319 Unde
862 4264 1057 4320 Paulus
1114 4265 1384 4334 apostolus
1427 4266 1568 4322 facta
1615 4268 1855 4338 priorum

282 4350 511 4423 mystice
539 4352 865 4424 intelligens,
892 4354 958 4408 ad
984 4352 1293 4409 Corinthios
1322 4355 1561 4425 scripsit,
1595 4356 1780 4412 dicens
1804 4357 1856 4431 (Ι

283 4438 407 4494 Cur.
436 4440 491 4512 x)
524 4454 541 4494 :
583 4460 601 4494 ι
642 4440 778 4496 ΝοΙο
824 4443 968 4497 εηίιιι
1009 4457 1105 4497 vos
1154 4442 1426 4514 ignorare,
1465 4445 1682 4514 fratres,
1727 4463 1858 4519 quo-

1959 3293 1977 3326 ι
2011 3272 2224 3328 Habent
2270 3270 2494 3342 Moysen
2541 3279 2597 3325 et
2641 3270 2949 3339 prophetas,
2981 3269 3202 3323 audiant
3230 3267 3368 3323 illos.
3407 3286 3425 3319 ι
3460 3267 3528 3322 At

1954 3362 2042 3417 ille
2090 3362 2266 3417 dixit:
2304 3380 2322 3412 ι
2356 3359 2471 3415 Non
2515 3368 2670 3429 pater
2700 3358 2999 3423 Abraham,
3053 3359 3148 3413 sed
3202 3358 3247 3412 si
3296 3358 3416 3426 quis
3460 3372 3528 3412 ex

1959 3471 1978 3504 ι
2010 3453 2235 3507 mortuis
2282 3451 2405 3506 ierit
2432 3451 2499 3505 ad
2530 3465 2644 3515 eos,
2692 3447 3065 3520 paenitentiam
3106 3457 3283 3517 agent.
3315 3446 3405 3501 Ait
3431 3463 3529 3502 au-

1960 3561 1978 3594 ι
2016 3550 2123 3596 ιειιι
2152 3541 2227 3596 illi
2253 3559 2266 3595 :
2300 3540 2357 3595 Si
2381 3539 2597 3612 Moysen
2627 3548 2677 3594 et
2704 3538 2995 3609 prophetas
3022 3554 3131 3594 non
3162 3538 3409 3602 audiunt,
3435 3553 3529 3593 ne-

1961 3649 1979 3683 ι
2014 3647 2117 3702 que
2144 3632 2190 3687 si
2245 3632 2368 3702 quis
2395 3647 2462 3686 ex
2514 3631 2741 3686 mortuis
2774 3631 3090 3696 resurrexit,
3121 3631 3361 3686 credent.
3396 3650 3415 3681 ι
3446 3629 3527 3686 Ac

1955 3722 1998 3776 si
2032 3731 2276 3793 patenter
2314 3722 2519 3777 diceret
2551 3738 2565 3775 :
2596 3720 2651 3775 Si
2683 3720 2784 3791 legi
2815 3729 2870 3775 et
2917 3721 3213 3791 prophetis,
3261 3708 3528 3791 justitiam

1955 3822 2010 3868 et
2031 3814 2314 3870 veritatem
2344 3813 2661 3869 docentibus
2689 3828 2796 3867 non
2847 3814 3218 3889 acquiescant,
3245 3829 3345 3869 nec
3373 3811 3530 3871 Chri-

1957 3912 2039 3958 sto
2062 3904 2153 3974 qui
2195 3919 2261 3959 ex
2312 3904 2543 3959 mortuis
2598 3904 2918 3968 resurrexit,
2953 3912 3007 3959 et
3040 3905 3402 3976 evangelicam
3434 3906 3531 3962 do—

1958 3995 2185 4049 ctrinam
2235 3995 2543 4059 annuntiat,
2579 3993 2685 4049 rite
2713 3994 2986 4048 ohediunt.
3018 3995 3257 4065 Denique
3301 3999 3366 4052 de
3398 4013 3531 4052 con-

1958 4085 2321 4154 sanguinitate
2347 4084 2605 4139 Dominus
2632 4084 2745 4153 ipse
2772 4084 2864 4153 qui
2891 4084 3060 4155 legem
3090 4088 3255 4152 dedit,
3300 4098 3355 4143 et
3382 4096 3527 4159 post-

1959 4177 2175 4230 modum
2216 4174 2494 4244 Evangelii
2546 4174 2976 4228 benedictionem
3022 4176 3250 4239 addidit,
3281 4186 3341 4231 ut
3374 4177 3530 4233 electi

1959 4266 2040 4320 sui
2080 4265 2417 4320 ambularent
2452 4265 2520 4318 de
2561 4265 2759 4319 virtute
2795 4264 2848 4319 in
2903 4266 3182 4332 virtutem,
3214 4268 3265 4322 in
3293 4268 3533 4326 chitico

1960 4357 2027 4411 ad
2057 4355 2272 4427 Moysen
2301 4354 2513 4410 locutus
2548 4362 2629 4410 est
2682 4355 2908 4410 dicens:
2944 4375 2963 4407 ‹
3018 4355 3262 4425 Loquere
3294 4357 3417 4413 filiis
3444 4357 3528 4414 ls—

1967 4467 1986 4500 ι
2020 4447 2131 4503 rael
2156 4458 2208 4502 et
2232 4448 2379 4503 dices
2404 4446 2471 4501 ad
2495 4462 2588 4502 eos
2626 4461 2641 4501 :
2680 4446 2793 4518 Ego
2841 4447 3100 4503 Dominus
3139 4449 3279 4505 Deus
3306 4461 3529 4507 vester:

290 4550 311 4584 ι
353 4533 496 4588 niam
518 4544 698 4604 patres
720 4537 888 4590 nostri
911 4552 1100 4592 omnes
1124 4537 1222 4593 sub
1245 4539 1385 4594 nube
1408 4537 1644 4605 fuerunt,
1666 4550 1721 4597 et
1742 4509 1857 4596 om-
1883 4509 1936 4570 Β
1966 4561 1984 4594 ι
2016 4539 2179 4595 Juxta
2219 4539 2668 4595 consuetudinem
2717 4509 2874 4593 terrae
2904 4538 3122 4611 IEgypti
3146 4541 3197 4595 in
3234 4557 3338 4612 qua
3388 4545 3527 4599 habi-

291 4641 312 4674 ι
357 4638 451 4677 nes
480 4640 625 4679 mare
652 4626 999 4691 transierunt,
1027 4635 1080 4681 et
1100 4644 1287 4683 omnes
1313 4629 1364 4683 in
1393 4630 1574 4702 Moyse
1601 4615 1854 4702 baptizati

292 4729 312 4764 ι
355 4720 495 4778 sunt,
529 4714 580 4768 in
610 4715 750 4769 nube
772 4724 827 4770 et
856 4716 908 4770 in
938 4717 1094 4779 mari,
1118 4726 1168 4771 et
1199 4734 1388 4774 omnes
1407 4722 1651 4775 eamdem
1674 4738 1857 4777 escam

293 4816 313 4852 ι
359 4802 653 4871 spiritalem
691 4805 1164 4869 manducaverunt,
1200 4814 1253 4859 et
1279 4821 1468 4862 omnes
1492 4810 1736 4864 eumdem
1765 4827 1861 4880 po-

292 4909 316 4948 ι
352 4900 466 4946 tum
493 4893 789 4961 spiritalem
820 4894 1086 4950 biberunt.
1114 4896 1374 4950 Bibebant
1400 4906 1579 4952 autem
1608 4899 1673 4954 de
1697 4900 1858 4969 spiri-

292 5001 317 5040 ι
359 4985 453 5041 tali
474 4987 819 5055 consequenti
846 5002 940 5042 eos
960 4995 1131 5057 petra.
1155 4986 1315 5044 Petra
1340 4998 1519 5043 autem
1541 4998 1659 5044 erat
1677 4990 1864 5046 Chris-

295 5092 317 5129 ι
360 5083 465 5131 ιιιε.
525 5094 543 5126 ι
599 5074 865 5132 Similiter
915 5086 1091 5132 autem
1142 5088 1197 5133 et
1254 5079 1322 5133 ad
1362 5078 1583 5135 Galatas
1620 5082 1879 5138 scribens'

291 5165 426 5221 duos
460 5165 598 5221 filios
625 5166 876 5235 Abrahaa,
906 5184 1067 5223 unum
1098 5169 1165 5225 de
1194 5170 1387 5224 ancilla
1418 5180 1623 5237 natum,
1653 5181 1709 5227 et
1728 5175 1863 5230 alte-

293 5272 412 5311 rum
452 5256 517 5312 de
564 5255 755 5323 libera,
805 5260 1013 5314 duobus
1057 5260 1267 5331 populis
1309 5275 1405 5331 per
1453 5262 1861 5319 similitudinem

291 5350 625 5418 comparavit
654 5350 838 5406 dicens
888 5348 1029 5421 (Gal.
1058 5352 1173 5423 tv):
1227 5370 1245 5403 ι
1289 5351 1562 5424 Scriptum
1606 5363 1691 5410 est
1728 5370 1862 5426 quo-

297 5455 317 5490 ι
362 5438 503 5493 nia‘m
534 5439 807 5495 Abraham
854 5440 988 5497 duos
1024 5441 1159 5498 illius
1205 5443 1412 5509 habuit,
1451 5460 1615 5499 unum
1660 5447 1725 5501 de
1746 5444 1860 5501 'an-

301 5542 320 5578 ι
364 5526 509 5592 cilia,
544 5536 599 5582 et
620 5546 787 5585 unum
809 5530 874 5586 de
894 5528 1083 5586 libera.
1108 5530 1213 5587 Sed
1236 5533 1326 5602 qui
1354 5532 1418 5587 de
1436 5532 1650 5599 ancilla,
1678 5548 1866 5589 secun-

301 5633 321 5668 ι
349 5616 476 5670 dum
490 5631 707 5672 carnem
723 5620 1096 5688 natusest.Qui
1111 5628 1289 5676 autem
1302 5622 1366 5676 de
1379 5621 1566 5685 libera,
1581 5637 1679 5692 per
1689 5637 1869 5693 repro-

301 5723 321 5758 ι
357 5703 670 5763 missionem
692 5746 709 5777 ,
744 5726 764 5763 ι
794 5723 913 5781 quae
939 5718 1067 5768 sunt
1088 5724 1188 5782 per
1206 5708 1517 5782 allegoriam
1543 5711 1706 5768 dicta.
1737 5711 1864 5769 "me

1967 4655 1985 4688 ι
2024 4636 2193 4700 lastis,
2224 4650 2328 4688 non
2357 4632 2583 4698 facietis,
2631 4640 2687 4687 et
2707 4629 2860 4698 juxta
2891 4648 3096 4687 morem
3122 4630 3357 4704 regionis
3385 4637 3529 4691 Cha-

1967 4745 1985 4778 (
2021 4741 2160 4779 naan
2206 4724 2272 4778 ad
2321 4738 2480 4792 quam
2524 4737 2623 4792 ego
2672 4721 3078 4775 introducturus
3111 4736 3228 4775 sum
3275 4738 3393 4788 vos,
3425 4739 3535 4779 non

1967 4833 1986 4866 ι
2022 4816 2211 4886 agetis.
2241 4812 2425 4881 Neque
2445 4812 2589 4865 enim
2633 4811 2685 4865 in
2714 4811 2969 4881 legitimis
2997 4825 3186 4865 eorum
3237 4814 3536 4869 ambulahi-v

1968 4925 1986 4959 ι
2024 4906 2111 4960 ιίε.
2143 4904 2375 4959 Facietis
2403 4901 2602 4971 judicia
2653 4916 2796 4964 mea,
2823 4908 2878 4954 et
2904 4909 3171 4972 praecepta
3198 4916 3315 4956 mea
3346 4918 3536 4959 scrva-

1964 5015 1983 5049 r
2018 4996 2167 5060 bitis,
2221 5003 2275 5048 et
2308 4995 2358 5048 in
2405 4993 2484 5048 eis
2516 4992 2913 5047 ‘amhulabitis:
2951 5007 3050 5062 ego
3084 4993 3341 5051 Dominus
3388 4995 3533 5053 Deus

1964 5091 2212 5158 clvcster.
2248 5085 2524 5140 Custodite
2560 5084 2705 5155 leges
2756 5099 2905 5140 meas
2938 5093 3099 5154 atque
3143 5084 3368 5154 judicia,
3414 5103 3535 5159 qua:

1965 5199 1985 5232 ι
2016 5178 2220 5234 faciens
2247 5178 2425 5238 homo,
2458 5176 2605 5230 vivet
2649 5175 2704 5231 in
2733 5176 2832 5229 eis.
2863 5175 3054 5231 Omnis
3088 5175 3251 5231 homo
3294 5177 3361 5232 ad
3409 5193 3535 5248 pro-

1964 5284 1984 5321 ι
2020 5269 2220 5322 ximam
2273 5265 2550 5336 sanguinis
2577 5266 2657 5321 sui
2689 5280 2794 5319 non
2824 5267 3063 5330 accedet,
3095 5276 3155 5322 ut
3191 5269 3394 5324 revolet
3421 5278 3533 5324 tur-

1974 5376 1992 5410 ι
2026 5357 2320 5428 pitudinem
2353 5354 2507 5425 ejus:
2540 5370 2641 5426 ego
2672 5354 2947 5410 Dominus.
2995 5355 3403 5427 Turpitudinem
3443 5376 3541 5431 pa-

1975 5465 1994 5499 ι
2027 5446 2126 5501 ιι·ἰε
2156 5444 2250 5510 tui,
2305 5452 2363 5500 et
2417 5443 2799 5514 turpitudinem
2857 5442 3049 5497 matris
3078 5451 3181 5498 tua:
3228 5459 3335 5500 non
3366 5446 3542 5501 disco-

1977 5554 1996 5588 ι
2033 5535 2243 5605 operies
2271 5552 2282 5588 :
2315 5543 2493 5588 mater
2539 5541 2627 5587 tua
2658 5541 2742 5587 est
2770 5550 2784 5587 :
2818 5547 2925 5587 non
2957 5532 3224 5590 revelahis
3254 5537 3543 5606 turpitudi-

1980 5641 2000 5676 ι
2034 5639 2157 5678 nem
2213 5622 2348 5691 ejus.
2402 5622 2813 5694 Turpitudinem
2864 5624 3052 5679 uxoris
3102 5626 3273 5696 patris
3323 5628 3399 5681 tui
3432 5641 3540 5682 non

1983 5733 2002 5765 ι
2038 5712 2399 5784 discooperies
2458 5731 2471 5768 :
2521 5712 2796 5785 turpitudo
2862 5713 3007 5771 enim
3060 5717 3233 5787 patris
3307 5716 3382 5770 tui
3434 5725 3539 5771 est.
