4112 6364
318 392 455 450 “‘95

1366 396 1451 451 ne
1487 380 2167 453 coxsancumeou’un
2204 392 2496 450 NUPTHS.

3416 393 3554 450 10M

313 520 513 577 essent,
543 511 988 567 contemnendum
1013 510 1112 565 fuit
1138 526 1154 565 :
1183 525 1250 565 an
1284 512 1403 566 i-leo
1439 512 1633 582 potius,
1670 527 1736 566 ne
1760 525 1883 582 pro-
1909 514 1959 575 Α
1984 510 2165 580 perius
2196 519 2616 567 commemorata
2640 520 2784 574 sunt,
2817 511 2906 567 lue
2929 508 3122 582 prmsul
3164 510 3307 570 sedis
3333 527 3552 584 aposto-

313 610 434 675 pter
455 604 557 659 hoc
581 601 694 669 fiat,
726 601 780 657 id
809 611 910 668 est,
954 617 1020 657 ne
1042 602 1146 657 boc
1187 602 1368 655 animo
1395 602 1501 665 fiat,
1543 612 1598 657 ut
1629 603 1683 658 in
1709 601 1882 657 zelum

313 694 540 758 sororis.
592 708 747 748 soror
794 693 1199 762 superducatur.
1241 691 1481 759 Qualiter
1509 702 1686 747 autem
1714 694 1767 748 in
1794 708 1885 749 eo-

313 784 491 854 gnatis
510 780 602 850 jus
629 782 955 836 matrimonii
975 780 1298 835 servandum
1324 781 1412 846 sit,
1440 791 1765 836 memoratus
1790 786 1885 836 do-

313 879 435 928 ctor
474 872 710 927 ostendit
753 871 973 927 dicens:
1006 869 1157 937 Quod
1196 879 1373 925 autem
1420 880 1601 939 postea
1650 872 1882 942 legitur:

320 980 340 1014 ο
368 960 680 1031 Quicunque
728 960 1009 1016 dormierit
1050 975 1172 1014 eum
1203 970 1459 1031 cognata,
1502 960 1883 1030 turpitudinem

314 1050 647 1121 cognationis
676 1064 787 1104 sua:
832 1050 1127 1115 revelabit;
1178 1049 1295 1104 sine
1325 1050 1449 1105 liliis
1494 1052 1825 1115 morientur;
1859 1070 1878 1102 ι

314 1142 571 1214 ρυωτίῑυι·
591 1156 867 1210 quousque
894 1141 964 1196 sit
988 1141 1326 1212 intelligenda
1348 1142 1445 1196 ista
1466 1143 1737 1212 cognatio,
1763 1158 1884 1197 eum

313 1247 381 1289 ex
408 1233 566 1302 longo
595 1230 762 1301 gradu
798 1231 925 1286 licet
954 1232 1135 1300 utique
1180 1232 1424 1301 accipere
1453 1246 1695 1296 uxorem,
1742 1246 1885 1286 sem-

314 1336 514 1394 perque
550 1322 776 1377 licuerit.
815 1321 919 1376 Sed
970 1321 1371 1391 intelligendum
1396 1330 1475 1376 est
1498 1335 1562 1375 ex
1591 1320 1676 1376 his
1711 1321 1889 1393 gradi-

314 1412 437 1476 bus,
483 1427 616 1482 quos
646 1410 919 1482 prohibuit
944 1426 1050 1466 non
1101 1410 1265 1466 licere
1293 1429 1306 1464 :
1338 1419 1393 1466 et
1422 1412 1716 1467 secundum
1744 1412 1888 1482 ipsos

312 1501 512 1555 dictum
541 1517 555 1553 :
592 1517 613 1552 ι
655 1499 970 1569 Quicunque
998 1500 1277 1555 dorntierit
1306 1516 1427 1555 cum
1467 1509 1692 1572 cognata
1719 1518 1835 1556 sua.
1862 1521 1880 1554 ι

314 1591 415 1649 Ubi
442 1601 496 1647 et
522 1592 699 1663 aliqua
724 1607 827 1648 non
853 1603 1270 1648 commemorata
1300 1594 1640 1665 intelligenda
1663 1594 1885 1650 dimisit.

312 1680 465 1737 Sicut
518 1697 759 1738 sororem
805 1683 871 1737 de
913 1691 1140 1752 utroque
1173 1692 1415 1753 parente.
1477 1684 1629 1739 Sicut
1666 1700 1887 1740 uxorem

310 1768 495 1825 fratris
532 1771 742 1837 matris,
790 1771 845 1826 id
881 1779 986 1837 est,
1012 1772 1280 1827 avunculi.
1329 1772 1462 1828 Nam
1502 1772 1569 1828 dc
1594 1789 1763 1829 uxore
1791 1790 1889 1845 pa-

1982 598 2100 654 licae
2126 600 2373 666 referret,
2406 617 2473 656 an
2514 602 2580 657 de
2603 618 2701 658 suo
2731 603 2931 673 aliquid
2961 604 3170 659 noviter
3189 606 3552 661 constituerit.

1982 689 2101 746 Non
2164 691 2307 745 enim
2372 690 2504 746 mihi
2558 692 2810 746 videntur
2863 690 2980 761 ejus
3036 695 3178 749 dicta
3243 694 3557 753 discordare

1985 794 2015 834 a
2077 795 2241 850 supra
2302 782 2613 836 memoratis
2675 782 2961 837 sententiis
3022 783 3163 838 beati
3222 783 3556 856 Augustini:

1986 871 2081 924 sed
2108 871 2225 940 ejus
2254 871 2431 925 sensui
2478 872 2629 941 paria
2672 872 2893 927 sentire.
2932 872 2990 926 In
3033 874 3329 928 canonibus
3376 884 3556 931 autem

1986 960 2235 1024 Patrum,
2299 961 2428 1031 quid
2479 961 2547 1017 de
2581 962 2801 1017 incestis
2847 962 3110 1034 conjugiis
3156 964 3429 1021 decretum
3461 966 3555 1031 sit,

1987 1049 2330 1105 inserendum
2359 1050 2596 1105 arbitror
2627 1065 2642 1105 :
2666 1059 2728 1106 ut
2751 1051 2824 1107 ibi
2850 1052 3225 1123 perspiciatur,
3253 1062 3433 1109 utrum
3457 1069 3558 1110 eo-

1986 1154 2106 1193 rum
2163 1141 2464 1207 sententim,
2521 1141 2589 1197 ad
2617 1142 3004 1211 praedictorum
3043 1143 3325 1200 doctorum
3359 1144 3560 1215 scripta

1988 1235 2327 1297 concordent,
2360 1248 2427 1287 an
2455 1248 2583 1288 non.
2619 1232 2750 1287 Nam
2801 1234 2854 1287 in
2909 1233 3202 1301 Agathcnsi
3231 1234 3460 1289 concilio
3484 1234 3561 1291 ita

1988 1323 2247 1393 scriptum
2279 1330 2363 1378 est
2390 1341 2402 1376 :
2434 1321 2673 1378 Incestus
2700 1337 2829 1377 vero
2870 1323 3014 1377 nullo
3064 1324 3299 1393 conjugii
3344 1323 3562 1380 nomine

1988 1412 2325 1483 deputandos
2347 1427 2631 1468 censemus
2662 1430 2675 1466 :
2709 1428 2845 1483 quos
2891 1414 3056 1467 etiam
3084 1414 3365 1484 designare
3409 1414 3562 1469 futue-

1989 1513 2130 1559 stum
2158 1512 2261 1567 est,
2293 1502 2347 1559 id
2375 1511 2479 1569 est,
2528 1504 2574 1559 si
2608 1503 2731 1573 quis
2760 1504 3006 1559 relictam
3053 1504 3237 1559 fratris
3263 1521 3382 1574 qua:
3412 1505 3564 1576 prius

1990 1609 2148 1649 soror
2174 1594 2480 1660 exstiterat,
2506 1594 2710 1649 carnali
2756 1594 3135 1663 conjunctione
3167 1595 3465 1650 violaverit.
3497 1592 3560 1652 Si

1989 1684 2110 1754 quis
2130 1682 2298 1738 frater
2326 1698 2637 1753 germanam
2682 1700 2905 1739 uxorem
2938 1687 3201 1756 accipiat;
3245 1687 3291 1741 si
3315 1687 3436 1757 quis
3462 1701 3559 1741 uo-

1991 1791 2208 1831 vercam
2249 1776 2485 1833 duxerit.
2540 1774 2600 1832 Si
2644 1777 2765 1846 quis
2803 1779 3136 1833 consobrina:
3166 1794 3277 1833 sua:
3305 1793 3364 1833 se
3390 1778 3563 1833 socia-

312 1862 418 1916 trui
454 1862 687 1933 primum
730 1863 1025 1934 prohibuit,
1057 1867 1305 1935 quamvis
1332 1865 1449 1922 hinc
1481 1883 1587 1923 non
1616 1868 1885 1939 cognatio,
1918 1865 1965 1924 Β
1990 1865 2130 1919 verit
2160 1882 2172 1917 :
2200 1865 2343 1935 quod
2375 1864 2449 1920 ita
2498 1867 2754 1935 praesenti
2802 1875 3045 1937 tempore
3102 1867 3469 1938 prohibemus,
3503 1876 3563 1923 ut

310 1952 405 2008 sed
436 1952 661 2008 afﬁnitas
688 1954 1021 2024 perhibetur.
1054 1955 1161 2012 Sed
1184 1959 1314 2028 quid
1335 1966 1441 2025 est,
1484 1960 1600 2014 sine
1631 1959 1754 2015 ﬁliis
1782 1976 1889 2015 mo-

309 2045 538 2108 rientur,
568 2060 689 2100 cum
737 2045 830 2099 filii
856 2062 923 2101 ex
974 2048 1278 2117 bujusmodi
1323 2048 1789 2118 eonjunetionibus
1833 2060 1890 2106 et

309 2142 436 2188 ante
463 2135 573 2188 uati
600 2142 755 2199 sunt,
805 2143 860 2190 et
887 2137 1047 2191 hodie
1073 2140 1406 2193 nascantur?
1451 2138 1531 2193 An
1562 2138 1663 2194 ltoc
1694 2140 1890 2194 intelli-

309 2225 541 2295 gendum
583 2234 686 2291 est,
722 2226 836 2297 lege
862 2226 955 2282 Dei
983 2229 1357 2294 constitutum,
1409 2238 1467 2283 ut
1490 2230 1796 2299 quicunque
1821 2246 1887 2283 ex

308 2316 389 2369 eis
419 2316 528 2370 nati
561 2314 798 2381 fuerint,
836 2333 941 2371 non
977 2318 1301 2388 deputentur
1333 2317 1469 2373 filii?
1511 2319 1567 2373 Id
1594 2327 1698 2384 est,
1742 2320 1889 2374 nullo

306 2406 619 2476 parentibus
642 2407 765 2477 jure
792 2410 1104 2464 succedant.
1151 2408 1303 2476 Quod
1336 2417 1513 2463 autem
1543 2410 1763 2478 quidam
1798 2424 1888 2463 re-

307 2496 646 2567 prehendunt
684 2498 944 2567 rescripta
969 2499 1113 2554 beati
1137 2498 1381 2571 Gregorii
1409 2500 1476 2554 ad
1505 2499 1888 2569 interrogatio-

306 2602 431 2642 nem
454 2587 737 2658 Augustini
764 2589 1000 2659 epi<copi
1027 2593 1202 2659 gentis
1231 2592 1548 2662 Anglorum,
1598 2592 1688 2661 qui
1730 2594 1797 2647 ab
1824 2609 1889 2649 eo

308 2678 616 2733 sciscitatus
640 2687 742 2744 est,
788 2682 1051 2750 usque‘ad
1086 2692 1304 2751 quotam
1328 2682 1730 2754 generationem
1758 2683 1888 2739 fide-

306 2768 387 2825 les
416 2769 644 2824 debeant
668 2785 791 2824 eum
839 2771 1155 2841 prepinquis
1199 2773 1299 2827 sibi
1339 2771 1587 2844 conjugio
1623 2773 1887 2844 copulari,

306 2869 365 2919 et
401 2862 668 2927 novercis,
708 2871 763 2916 et
786 2863 1029 2934 cognatis
1069 2865 1115 2919 si
1146 2864 1305 2920 liceat
1331 2865 1570 2936 copulari
1619 2865 1884 2937 conjugio,

310 2969 419 3009 non
450 2963 605 3008 caute
634 2953 859 3021 faciunt,
904 2955 1028 3024 quia
1074 2956 1164 3026 qui
1193 2956 1679 3027 irreprehensibilis
1709 2965 1793 3012 est
1834 2958 1886 3011 in

310 3046 520 3101 caeteris
541 3044 879 3116 dogmatibus
931 3047 1066 3111 suis,
1111 3046 1165 3101 in
1218 3047 1319 3101 hac
1348 3047 1510 3101 etiam
1541 3047 1890 3118 responsione

311 3152 417 3192 non
444 3144 620 3206 potest
654 3135 754 3191 ritc
791 3137 1132 3207 reprehendi,
1162 3138 1287 3207 quia
1317 3137 1419 3209 legi
1444 3137 1558 3203 Dei,
1602 3147 1655 3194 et
1677 3147 1890 3194 sancto-

1988 1970 2054 2010 ea
2086 1970 2207 2024 quae
2258 1962 2385 2011 sunt
2434 1964 2558 2010 ante
2581 1972 2680 2012 nos
2707 1957 3021 2022 constituta,
3050 1973 3156 2012 non
3183 1957 3560 2014 dissolvamus.

1989 2047 2046 2103 Si
2075 2049 2195 2117 quis
2226 2048 2428 2104 relictae
2449 2049 2535 2104 vel
2576 2048 2698 2105 filia:
2724 2050 2973 2106 avunculi
3003 2051 3315 2117 misceatur,
3352 2060 3447 2106 aut
3471 2065 3565 2120 pa—

1990 2139 2089 2194 tris
2119 2138 2257 2203 filize,
2285 2140 2400 2194 haec
2427 2138 2734 2208 conjunctio
2763 2140 2947 2195 illicita
2978 2141 3341 2195 interdicitur.
3376 2140 3561 2195 Habe--

1993 2230 2126 2284 bunt
2154 2230 2320 2295 enim,
2362 2230 2583 2286 ineundi
2612 2231 2864 2287 meliores
2893 2231 3124 2302 conjugii
3158 2232 3482 2289 libertatem.
3505 2232 3562 2288 In

1988 2320 2359 2377 Aurelianensi
2397 2337 2611 2392 quoque
2645 2324 2850 2395 synodo
2876 2324 2950 2379 ita.
2974 2326 3249 2381 decretum
3274 2325 3470 2397 legitur
3496 2326 3562 2382 de

1989 2410 2235 2477 incestis,
2288 2420 2346 2467 ut
2391 2416 2859 2470 communicentur
2902 2415 3025 2471 :Ne
3074 2425 3350 2486 superstes
3399 2433 3565 2486 super

1990 2501 2208 2556 thorum
2261 2500 2504 2558 defuncti
2559 2501 2745 2559 fratris
2811 2506 3033 2560 accedat
3076 2522 3089 2559 :
3140 2521 3275 2561 neve
3334 2506 3564 2576 quisque

1988 2591 2187 2645 amissa
2221 2605 2392 2646 uxore
2421 2592 2592 2647 sorori
2620 2593 2816 2647 audeat
2839 2594 3035 2648 sociari
3063 2611 3077 2649 :
3108 2595 3251 2664 quod
3279 2594 3324 2651 si
3352 2593 3561 2660 fecerit,

1989 2683 2057 2737 ab
2112 2682 2477 2739 ecclesiastica
2517 2684 2863 2741 districtione
2919 2686 3169 2742 feriatur.
3208 2686 3341 2743 Item
3378 2688 3432 2743 in
3459 2687 3564 2743 Ca-

1988 2772 2207 2842 pitulari
2245 2772 2604 2828 Orientalium
2654 2774 2899 2842 Patrum,
2958 2779 3102 2847 quod
3140 2794 3169 2830 a
3192 2776 3423 2833 Martino
3451 2778 3565 2848 epi-

1990 2877 2153 2931 scopo
2182 2865 2498 2935 exterisque
2536 2867 2801 2937 episcopis
2827 2870 3175 2924 constitutum
3197 2880 3297 2933 est,
3331 2870 3401 2923 ita
3426 2870 3565 2924 scri-

1986 2960 2139 3021 ptum
2167 2955 2435 3024 reperitur
2470 2974 2485 3009 :
2515 2954 2574 3010 Si
2605 2970 2724 3025 qua:
2750 2956 2945 3010 mulier
2982 2958 3115 3012 duos
3147 2957 3358 3020 fratres,
3386 2966 3479 3011 aut
3516 2958 3563 3012 si

1989 3042 2113 3112 quis
2145 3043 2230 3097 vir
2252 3044 2388 3098 duas
2430 3058 2647 3100 sorores
2671 3046 2945 3111 habuerit,
2973 3060 3003 3099 a
3043 3045 3419 3100 communione
3445 3046 3569 3100 abs’

1996 3132 2203 3188 tincant
2249 3148 2421 3204 usque
2465 3135 2533 3190 ad
2562 3144 2829 3192 mortem-
2857 3135 2913 3190 In
2946 3144 3119 3191 morte
3156 3136 3237 3190 eis
3260 3135 3568 3190 communio

308 3242 427 3282 rum
473 3225 693 3281 Patrqu
745 3227 1029 3283 sententiis
1078 3228 1249 3299 magis
1290 3229 1495 3283 studuit
1540 3230 1891 3294 concordare,
1920 3221 1965 3283 C
1996 3240 2091 3295 per
2144 3225 2571 3281 misericordiam
2632 3228 2807 3282 detur.
2865 3226 2923 3281 Si
2977 3242 3107 3282 vero
3171 3226 3570 3295 supervixcrint

309 3332 472 3388 quam
500 3333 637 3371 nova
664 3332 729 3372 ex
777 3333 875 3373 suo
905 3332 1066 3373 sensu
1110 3317 1362 3382 condere,
1402 3318 1493 3387 qui
1526 3318 1668 3374 inter
1690 3328 1891 3374 etetera

309 3409 387 3463 sic
418 3408 495 3461 ait
524 3425 537 3460 :
577 3407 832 3475 Quaedam
870 3415 1082 3462 terrena
1115 3407 1198 3462 lex
1245 3408 1299 3462 in
1330 3409 1571 3463 Romana
1618 3409 1893 3479 republica

310 3498 594 3570 permittit,
639 3506 697 3553 ut
726 3499 837 3554 sive
882 3498 1051 3553 frater
1096 3507 1151 3554 et
1175 3514 1350 3566 soror,
1398 3516 1492 3555 seu
1532 3500 1758 3556 duorum
1786 3500 1897 3555 fra-

312 3600 453 3645 trum
480 3604 880 3661 germanorum,
905 3590 989 3644 vel
1015 3591 1242 3645 duarum
1271 3606 1517 3647 sororum
1546 3592 1686 3648 filius
1710 3600 1765 3647 et
1788 3593 1894 3647 [ilia

313 3682 660 3738 misceantur.
690 3679 797 3737 Sed
822 3682 1196 3752 experimento
1222 3682 1529 3750 didicimus,
1558 3699 1624 3739 ex
1655 3684 1745 3740 tali
1770 3701 1898 3740 con-

312 3773 454 3844 jugio
493 3772 731 3829 sobolem
762 3788 868 3827 non
900 3788 1058 3843 posse
1093 3788 1438 3829 succrescere
1468 3792 1482 3828 :
1527 3782 1583 3830 et
1630 3790 1783 3831 sacra
1812 3776 1894 3831 lex

313 3863 561 3933 prohibet
597 3863 931 3934 cognationis
979 3863 1365 3932 turpitudinem
1422 3865 1683 3921 revelare.
1746 3864 1898 3923 Unde

315 3967 537 4007 necesse
585 3960 686 4015 est,
740 3960 801 4006 ut
834 3950 947 4019 jam
978 3953 1139 4007 tertia
1186 3952 1268 4006 vel
1307 3961 1502 4023 quarta
1549 3956 1898 4025 generatione

315 4045 574 4109 fidelium,
623 4044 849 4099 licenter
896 4044 998 4099 sibi
1033 4041 1187 4116 jungi
1217 4044 1428 4099 debeat.
1482 4045 1617 4100 Nam
1662 4047 1897 4102 secunda

314 4151 475 4205 quam
504 4132 869 4205 praediximus,
915 4148 946 4188 a
969 4148 1028 4188 se
1049 4135 1193 4189 omni
1222 4133 1383 4189 modo
1404 4135 1564 4189 debet
1602 4135 1893 4191 abstinere.

315 4225 451 4279 Cum
473 4238 703 4278 noverca
732 4231 912 4278 autem
952 4223 1189 4287 misceri,
1213 4237 1375 4293 grave
1399 4233 1483 4279 est
1513 4223 1740 4290 facinus,
1772 4226 1897 4295 quia

315 4315 447 4369 etin
477 4315 594 4386 lege
638 4315 897 4386 scriptum
924 4326 1044 4371 est:
1102 4335 1121 4367 ς
1156 4315 1565 4385 Turpitudinem
1613 4319 1784 4389 patris
1822 4318 1899 4373 tui

316 4422 421 4460 non
452 4406 716 4462 revelabis
752 4406 893 4479 (Lev.
922 4406 1098 4478 xvtn).
1134 4426 1154 4460 ι
1204 4407 1386 4479 Neque
1413 4410 1556 4464 enim
1587 4412 1759 4480 patris
1787 4420 1901 4465 tur—

314 4496 610 4566 pitudinem
642 4496 782 4552 filius
813 4497 1053 4553 revelare
1097 4504 1295 4567 potest.
1331 4496 1438 4553 Sed
1462 4499 1588 4568 quia
1639 4501 1895 4571 scriptum

314 4563 433 4642 est:
462 4587 635 4641 Erunt
661 4586 767 4642 duo
799 4588 854 4642 in
877 4603 1039 4643 carne
1064 4563 1169 4643 una
1200 4586 1352 4660 (Gen.
1381 4590 1464 4660 tt),
1481 4563 1587 4662 qui
1611 4563 1898 4663 turpi-tudi-
1921 4563 1974 4622 Β

318 4694 441 4733 nem
465 4693 710 4734 novercae
736 4693 856 4748 quae
880 4694 986 4733 una
1011 4694 1138 4735 caro
1165 4695 1287 4735 cum
1314 4693 1467 4750 patre
1495 4682 1626 4748 fuit,
1656 4685 1897 4739 revelare

317 4772 737 4843 praesumpserit,
783 4771 1024 4841 profecto
1049 4773 1221 4842 patris
1262 4774 1645 4843 turpitudinem
1688 4777 1895 4831 revela-

316 4865 415 4920 bit.
469 4863 602 4920 Cum
645 4874 871 4934 cognata
909 4879 1122 4934 quoque
1171 4864 1383 4920 misceri
1433 4867 1893 4936 probibitumest,

317 4955 442 5026 quia
488 4971 585 5025 per
620 4956 1054 5026 conjunctionem
1084 4956 1317 5027 priorem
1354 4973 1482 5013 caro
1518 4958 1701 5015 fratris
1735 4961 1895 5017 fuerit

319 5044 501 5099 facta:
546 5060 645 5116 pro
693 5061 800 5116 qua
851 5062 911 5101 re
949 5047 1113 5102 etiam
1157 5045 1394 5103 Joannes
1444 5048 1685 5120 Baptista
1723 5051 1901 5122 capite

321 5148 603 5196 truncatus
650 5149 769 5207 est,
823 5151 878 5198 et
931 5153 1119 5198 sancto
1160 5144 1421 5215 martyrio
1474 5152 1899 5199 consummatus.

321 5231 417 5289 Cui
463 5248 567 5287 non
597 5240 680 5287 est
724 5232 928 5287 dictum
976 5242 1033 5287 ut
1072 5233 1346 5289 Christum
1396 5243 1637 5305 negaret,
1701 5243 1757 5288 et
1802 5250 1901 5304 pro

322 5321 520 5378 Christi
565 5322 902 5379 confessione
930 5323 1142 5379 occisus
1185 5332 1288 5379 est.
1332 5323 1437 5379 Sed
1468 5323 1594 5394 quia
1639 5322 1898 5378 Dominus

320 5420 509 5468 noster
547 5409 704 5467 Iesus
754 5411 1001 5467 Christus
1029 5412 1239 5476 dixerat
1269 5431 1282 5466 :
1339 5433 1357 5466 ι
1388 5414 1502 5484 Ego
1532 5430 1650 5468 sum
1697 5414 1900 5468 veritas

322 5498 508 5574 (locu.
558 5503 657 5574 vt),
696 5523 715 5556 ›
768 5518 868 5574 pro
898 5502 1122 5558 veritate
1148 5501 1386 5558 Joannes
1411 5503 1623 5558 occisus
1646 5513 1730 5558 est
1754 5504 1902 5559 vide-

324 5591 471 5657 licet,
493 5600 549 5647 et
569 5607 668 5662 pro
695 5593 912 5650 Christo
936 5594 1250 5663 sanguinem
1276 5592 1434 5647 fudit.
1463 5592 1519 5647 ln
1544 5594 1649 5649 hoc
1672 5607 1801 5665 ergo
1820 5608 1905 5649 re-

327 5696 526 5754 sponso
548 5682 703 5738 facile
729 5694 905 5753 potest
929 5686 1100 5741 lector
1126 5685 1353 5756 diligens
1378 5699 1691 5756 agnoscere,
1724 5693 1901 5739 utrum

330 5772 472 5829 banc
500 5771 814 5830 relationem
857 5774 923 5831 ad
947 5784 1213 5847 prmeepta
1261 5773 1395 5849 legis
1419 5775 1611 5831 divinae
1628 5815 1644 5843 ,
1669 5790 1787 5846 quae
1820 5791 1908 5831 su-

1995 3316 2374 3373 communione
2428 3328 2672 3388 accepta,
2726 3318 2873 3373 etde
2919 3318 3232 3373 inﬁrmitate
3282 3316 3570 3372 convalue-

1996 3406 2124 3471 rint,
2153 3416 2316 3477 agant
2344 3406 2559 3477 plenam
2590 3406 2962 3477 pcenitenliam
2988 3417 3231 3477 tempore
3251 3406 3565 3462 constituto.

1995 3499 2052 3554 lu
2074 3500 2308 3555 decretis
2338 3515 2553 3571 quoque
2581 3498 2828 3570 Gregorii
2866 3515 3038 3570 papae,
3087 3499 3178 3569 qui
3207 3499 3347 3568 apud
3371 3497 3570 3553 lloma—

1998 3606 2097 3643 nos
2121 3605 2150 3642 a
2182 3591 2357 3660 primo
2409 3590 2677 3645 secundus
2706 3590 2923 3653 dicitur,
2964 3590 3039 3643 ita
3068 3589 3325 3659 scriptum
3356 3596 3439 3642 est
3464 3604 3477 3640 :
3507 3584 3568 3641 Si

1996 3679 2119 3749 quis
2172 3687 2527 3734 commatrem
2576 3679 2877 3749 spiritalem
2925 3679 3144 3734 duxerit
3189 3680 3243 3733 in
3294 3678 3570 3747 conjugio,

1996 3768 2280 3821 anathema
2309 3767 2418 3822 sit:
2450 3774 2505 3822 et
2552 3766 2947 3836 responderunt
2970 3782 3161 3822 omnes
3212 3766 3393 3831 tertio,
3422 3764 3573 3819 Ana-

1998 3860 2176 3912 thema
2208 3858 2298 3912 sit.
2331 3857 2388 3914 Si
2425 3858 2547 3928 quis
2586 3856 2773 3912 fratris
2796 3873 3023 3913 uxorem
3072 3857 3288 3912 duxerit
3311 3857 3363 3911 in
3385 3855 3575 3927 conju-

1997 3950 2103 4021 gio,
2159 3950 2448 4003 anathema
2476 3950 2547 4002 sit
2577 3967 2589 4002 :
2632 3956 2688 4003 et
2717 3949 3110 4018 responderunt
3160 3961 3351 4003 omnes
3386 3947 3570 4015 tertio,

1995 4039 2294 4094 Anathema
2349 4038 2439 4092 sit.
2494 4036 2696 4107 Siquis
2747 4046 2961 4107 neptem
3014 4037 3229 4092 duxerit
3276 4038 3331 4092 in
3380 4037 3571 4104 conju-

1996 4131 2101 4198 gis,
2138 4129 2424 4182 anathema
2447 4128 2555 4192 sit;
2587 4136 2642 4181 et
2701 4126 3092 4195 responderunt
3127 4141 3315 4180 omnes
3374 4127 3571 4193 tertio,

1996 4220 2292 4274 Anatbcma
2351 4217 2440 4272 sit.
2498 4218 2554 4271 Si
2584 4217 2706 4287 quis
2737 4232 3024 4270 novercam
3074 4227 3167 4269 aut
3196 4231 3388 4270 nurum
3419 4231 3573 4271 suam

1998 4309 2211 4363 duxerit
2240 4308 2291 4363 in
2324 4307 2593 4378 conjugio,
2637 4306 2924 4361 anathema
2957 4306 3030 4360 sit
3058 4322 3072 4358 :
3103 4314 3159 4359 et
3182 4305 3577 4375 responderunt

1997 4415 2188 4455 omnes
2223 4400 2404 4464 tertio,
2434 4398 2739 4452 Anathema
2792 4396 2882 4449 sit.
2931 4393 2989 4449 Si
3038 4394 3161 4464 quis
3185 4394 3573 4450 consobrinam

2000 4490 2218 4545 duxerit
2246 4490 2299 4543 in
2329 4486 2605 4559 coniugio,
2633 4486 2920 4540 anathema
2953 4486 3025 4540 sit
3055 4498 3070 4538 :
3100 4492 3155 4539 et
3180 4485 3576 4555 responderunt

2001 4598 2189 4639 omnes
2229 4582 2406 4647 tertio,
2436 4580 2736 4635 Anatbema
2764 4578 2853 4633 sit.
2886 4576 3003 4632 Non
3027 4578 3170 4633 enim
3201 4578 3291 4632 hic
3317 4578 3381 4632 de
3411 4578 3576 4632 trinc-

2001 4681 2149 4743 pote,
2180 4672 2294 4727 sive
2325 4672 2390 4726 de
2418 4670 2668 4738 trinepte,
2700 4667 2881 4722 autde
2924 4666 3209 4735 trincpotis
3231 4676 3446 4735 nepote,
3479 4678 3577 4721 seu

2002 4761 2287 4830 trincpotis
2317 4767 2475 4829 nepte
2504 4757 2707 4827 aliquid
2731 4757 2950 4820 dicitur,
2983 4765 3077 4809 aut
3114 4755 3419 4825 specialiter
3443 4771 3577 4811 cnu-

2001 4862 2261 4908 meratur.
2321 4850 2474 4906 Unde
2533 4848 2706 4919 magis
2764 4847 3004 4902 arbitror
3058 4847 3162 4903 hoc
3218 4847 3575 4916 sequendum,

2000 4945 2143 5015 quod
2166 4943 2344 4998 divina
2389 4943 2684 4997 auctoritas
2716 4943 2769 4997 in
2817 4943 3027 4998 duobus
3056 4942 3418 4997 Testamentis
3444 4958 3575 4997 san-

2001 5036 2169 5092 civit:
2203 5034 2430 5104 etquod
2479 5032 2633 5103 juxta
2685 5032 2803 5103 ejus
2851 5032 3177 5103 exemplum,
3220 5033 3577 5103 plurimorum

1998 5126 2222 5182 Patrum
2254 5127 2519 5182 sententia
2552 5126 2603 5180 in
2653 5126 2925 5181 communi
2954 5134 3221 5181 conventu
3252 5126 3576 5180 servandum

2000 5219 2283 5275 constituit
2313 5235 2327 5273 :
2366 5235 2527 5289 quam
2558 5217 2702 5289 quod
2734 5216 2961 5289 quilibet
3001 5215 3155 5285 juxta
3187 5216 3394 5271 libitum
3419 5230 3579 5271 suum

2002 5314 2313 5385 conjectura
2362 5313 2580 5384 propria
2616 5310 2951 5383 sequendum
2998 5325 3139 5375 esse,
3182 5308 3442 5365 decernit.
3477 5309 3581 5364 Ve-

2004 5414 2331 5471 rumtamen,
2374 5405 2419 5459 si
2458 5406 2581 5475 quis
2613 5403 2844 5458 voluerit
2890 5417 2950 5457 se
2998 5401 3274 5455 continere
3315 5416 3484 5472 usque
3511 5397 3583 5455 ad

2006 5498 2249 5568 quintam
2278 5495 2362 5551 vel
2392 5503 2600 5551 sextam
2627 5492 2711 5548 vel
2750 5493 2912 5549 etiam
2959 5492 3241 5562 septimam
3276 5490 3583 5562 generatio-

2007 5605 2154 5652 nem,
2207 5604 2314 5641 non
2345 5584 2713 5657 prohibendus
2740 5591 2845 5650 est,
2872 5582 2967 5639 sed
3016 5581 3192 5653 magis
3242 5579 3579 5637 hortandus:

2007 5679 2136 5749 quia
2188 5686 2391 5747 quanto
2444 5675 2654 5745 longior
2684 5683 2763 5729 est
2794 5673 3174 5738 adiserintine,
3230 5679 3378 5726 tanto
3424 5683 3583 5724 secu—

2010 5774 2125 5830 rior
2166 5772 2270 5827 erit
2314 5772 2380 5828 dc
2432 5768 2815 5827 internecione.
2873 5768 3009 5825 Nam
3038 5764 3294 5838 Apostolo
3326 5767 3582 5825 testante,
