4112 6364
352 362 378 417 1
387 361 488 418 097

1597 356 1684 412 DE
1721 355 1993 411 MAGICIS
2029 352 2344 409 ARTIBUS.
2417 347 2422 352 ’

3455 350 3587 404 1098

347 477 472 533 dico
500 479 834 545 competente
854 474 1130 541 quaerere?
1153 481 1245 526 aut
1267 472 1386 540 Quae
1436 473 1576 525 ratio
1609 479 1712 536 est,
1742 470 1917 526 scien-
1943 472 1999 532 Α
2022 468 2293 523 daemones
2326 466 2642 535 sanguinem
2684 463 2935 517 dicuntur
2959 477 2974 516 :
3004 462 3230 531 ideoque
3253 460 3469 530 quoties
3497 477 3590 515 ne-

351 570 480 622 tiam
511 576 602 621 aut
626 566 942 635 sapientiam
984 567 1052 619 ab
1078 565 1195 619 alio
1227 563 1465 633 quolibet
1503 565 1714 620 discere
1755 563 1910 628 velle,

348 674 510 728 quam
549 658 619 712 ab
643 657 788 712 onmi
833 656 1110 727 sapientia:
1148 663 1202 710 et
1227 655 1466 711 scientia:
1491 655 1678 710 fonte?
1713 656 1787 710 De
1808 670 1916 725 quo

347 750 608 820 scriptum
636 756 720 803 est
738 747 926 818 (Eccli.
959 747 1001 818 ι)
1030 765 1044 800 :
1080 765 1098 797 ι
1132 743 1320 801 Omnis
1346 747 1606 816 sapientia
1631 761 1660 800 a
1690 745 1917 800 Domino

351 851 372 886 ι
417 834 528 891 Deo
554 843 659 900 est,
701 842 756 890 et
791 834 931 903 apud
958 833 1109 887 illum
1137 831 1240 887 fuit
1291 847 1524 902 semper,
1564 841 1618 888 et
1665 841 1748 887 est
1790 843 1916 888 ante

352 941 372 974 ι
413 923 866 978 azvum.Arenam
906 922 1092 987 maris,
1139 929 1195 977 et
1240 920 1431 992 pluviae
1467 929 1664 990 guttas,
1701 929 1758 975 et
1801 921 1916 976 dies

352 1033 370 1064 ‹
416 1013 752 1082 saeculi,quis
763 1011 1154 1067 dinumeravit?
1178 1011 1532 1066 Altitudinem
1560 1010 1704 1075 caeli,
1721 1019 1775 1066 et
1801 1010 1919 1064 lati-

352 1122 372 1154 α
419 1103 656 1158 tudinem
684 1111 861 1170 terrae,
889 1113 942 1159 et
969 1103 1292 1173 profundum
1322 1104 1524 1174 abyssi,
1553 1103 1674 1172 quis
1698 1118 1916 1158 mensus

352 1213 370 1245 ‹
417 1195 533 1248 est?
563 1193 892 1262 Sapientiam
927 1193 1020 1248 Dei
1051 1195 1446 1263 praecedentem
1475 1194 1655 1248 omnia
1681 1193 1801 1263 quis
1829 1194 1914 1248 in-

353 1302 371 1336 c
416 1285 739 1353 vestigavit?
762 1284 917 1340 Prior
943 1285 1181 1339 omnium
1221 1295 1401 1340 creata
1429 1294 1511 1340 est
1549 1287 1830 1355 sapientia,
1864 1293 1918 1340 et

353 1396 369 1427 ι
416 1375 716 1431 intellectus
735 1376 1034 1446 prudentiae
1061 1378 1130 1431 ab
1151 1393 1283 1434 aevo.
1326 1377 1469 1435 Fons
1498 1380 1773 1449 sapientia:
1794 1395 1915 1433 ver-

351 1487 371 1517 c
411 1468 538 1522 bum
569 1469 663 1524 Dei
686 1468 740 1522 in
772 1469 1002 1524 excelsis
1032 1487 1045 1523 :
1075 1480 1131 1524 et
1162 1470 1439 1541 ingressus
1493 1470 1634 1526 illius
1664 1471 1915 1526 mandata

351 1579 370 1611 ‹
409 1568 630 1615 aeterna.
665 1580 683 1611 ›
719 1561 821 1627 Qui
862 1562 1005 1616 enim
1057 1563 1174 1618 sine
1229 1562 1508 1618 Salvatore
1538 1563 1764 1618 salutem
1805 1563 1918 1617 vult

346 1651 564 1716 habere,
599 1660 655 1707 et
680 1653 796 1708 sine
817 1669 944 1708 vera
973 1655 1236 1723 sapientia
1259 1655 1492 1711 aestimat
1518 1672 1576 1711 se
1597 1657 1913 1726 prudentem

346 1743 463 1798 fieri
492 1759 666 1813 posse,
699 1759 802 1799 non
833 1745 1013 1800 salvus
1041 1746 1136 1800 sed
1180 1761 1340 1817 aeger,
1395 1762 1500 1801 non
1547 1747 1782 1817 prudens
1822 1747 1916 1802 sed

346 1834 563 1900 stultus,
592 1836 645 1889 in
671 1835 987 1905 aegritudine
1018 1837 1233 1892 assidua
1271 1837 1534 1892 laborabit
1565 1853 1580 1891 :
1612 1844 1665 1894 et
1691 1839 1743 1891 in
1767 1837 1921 1892 caeci-
1945 1821 2000 1881 Ι)

348 1933 457 1980 tate
486 1926 642 1979 noxia
668 1926 863 1982 stultus
885 1935 939 1980 et
962 1927 1183 1982 demens
1205 1929 1538 1998 permanebit
1565 1943 1580 1982 :
1609 1944 1674 1983 ac
1699 1928 1921 1998 proinde

345 2019 522 2072 omnis
549 2019 826 2088 inquisitio
876 2027 930 2073 et
972 2020 1148 2074 omnis
1189 2021 1416 2085 curatio,
1445 2035 1564 2090 quae
1588 2037 1618 2073 a
1650 2019 1842 2074 divinis
1866 2027 1923 2074 et

347 2108 541 2178 magis,
572 2109 656 2163 vel
707 2109 774 2163 ab
810 2109 942 2178 ipsis
989 2110 1267 2165 dmntoniis
1314 2110 1370 2164 in
1413 2109 1675 2164 idolorum
1712 2108 1922 2163 cultura

347 2201 640 2269 expetitur,
691 2215 836 2255 mors
885 2199 1064 2269 potius
1103 2201 1330 2256 dicenda
1362 2208 1462 2264 est,
1494 2215 1655 2269 quam
1679 2200 1790 2254 vita
1823 2217 1837 2252 ε
1869 2207 1924 2253 et

347 2290 439 2360 qui
468 2305 532 2344 ea
565 2297 861 2354 sectantur,
895 2290 941 2343 si
966 2305 1023 2344 se
1050 2305 1156 2343 non
1199 2289 1551 2353 correxerint,
1577 2288 1642 2342 ad
1665 2296 1921 2342 aeternam

346 2380 702 2448 perditionem
747 2380 971 2435 tendunt
1010 2398 1024 2433 :
1064 2380 1319 2449 quoniam
1352 2379 1635 2434 Psalmista
1659 2380 1874 2435 dicente
1904 2399 1916 2433 :

355 2490 371 2520 ε
416 2469 617 2524 Omnes
644 2470 715 2524 dii
749 2470 992 2540 gentium
1041 2481 1166 2524 sunt
1217 2470 1478 2524 daemonia
1513 2467 1861 2541 (Psat.xcv),
1896 2488 1915 2520 ›

348 2561 437 2631 qui
486 2570 769 2631 perceptos
813 2561 1058 2616 homines
1102 2561 1235 2618 alios
1276 2563 1524 2630 decipere
1555 2563 1794 2631 quotidie
1825 2577 1919 2632 ge-

347 2656 534 2720 stiunt,
559 2664 619 2710 ut
647 2646 960 2726 perditionis
984 2672 1095 2711 suae
1116 2656 1320 2710 faciant
1347 2672 1441 2711 eos
1465 2671 1582 2712 esse
1607 2657 1917 2726 participes.

345 2743 529 2814 Itaque
555 2747 671 2800 haec
701 2746 914 2801 vanitas
941 2747 1267 2816 magicarum
1289 2747 1507 2811 artium,
1536 2762 1603 2801 ex
1634 2748 1921 2802 traditione

350 2835 663 2904 angelorum
693 2836 957 2890 malorum
979 2837 1033 2889 in
1063 2846 1174 2891 toto
1198 2845 1466 2892 terrarum
1502 2838 1635 2892 orbe
1676 2837 1922 2907 plurimis

347 2926 559 2980 saeculis
584 2926 770 2992 valuit,
797 2941 894 2996 per
917 2928 1202 2995 quamdam
1239 2927 1517 2982 scientiam
1542 2927 1846 2981 futurorum
1867 2936 1922 2982 et

349 3016 705 3082 infernarum,
735 3025 790 3071 et
821 3031 919 3086 per
944 3017 1279 3073 inventiones
1321 3032 1506 3071 eorum
1557 3018 1772 3071 inventa
1798 3025 1922 3071 sunt

348 3111 642 3180 aruspicia,
679 3111 1081 3180 augurationes,
1131 3122 1186 3165 et
1229 3113 1344 3180 ipsa
1377 3127 1496 3180 quae
1523 3111 1778 3167 dicuntur
1799 3125 1922 3164 ora-

349 3201 490 3266 cula,
530 3209 584 3255 et
634 3202 999 3256 necromantia
1049 3220 1061 3232 ·

349 3293 636 3364 praestigiis
666 3308 681 3344 :
714 3308 944 3363 quorum
966 3295 1233 3349 intantum
1259 3295 1510 3365 prodiere
1535 3294 1923 3349 maleficiorum

349 3371 518 3447 artes,
548 3392 606 3436 ut
649 3383 814 3437 etiam
856 3383 1024 3454 Moysi
1068 3384 1356 3440 simillimis
1390 3384 1558 3455 signis
1588 3386 1924 3452 resisterent,

351 3465 622 3527 vertentes
660 3473 841 3542 virgas
882 3472 938 3526 in
983 3473 1274 3539 dracones,
1309 3489 1478 3542 aquas
1505 3475 1558 3528 in
1589 3475 1924 3545 sanguinem.

349 3562 547 3619 Fertur
580 3563 744 3618 etiam
776 3564 830 3618 in
852 3563 1130 3634 gentilium
1151 3563 1321 3631 libris,
1340 3566 1483 3634 quod
1504 3565 1749 3634 quaedam
1773 3581 1930 3636 maga

352 3654 713 3710 famosissima
746 3655 923 3711 socios
955 3654 1161 3726 Ulyssis
1185 3655 1478 3710 mutaverit
1505 3655 1559 3709 in
1587 3655 1805 3711 bestias.
1831 3655 1932 3710 Le-

355 3745 498 3817 gitur
524 3755 579 3802 et
604 3749 671 3803 de
709 3746 998 3812 sacriﬁcio,
1028 3749 1170 3817 quod
1205 3747 1446 3804 Arcades
1489 3749 1596 3804 Deo
1633 3763 1730 3803 suo
1757 3748 1933 3820 Lycen

360 3838 732 3892 immolabant.
761 3838 840 3892 Ex
869 3853 976 3906 quo
1005 3840 1309 3909 quicunque
1337 3847 1637 3904 sumerent,
1656 3840 1712 3894 in
1733 3839 1933 3893 bestia-

358 3944 479 3983 rum
511 3929 712 3984 formas
733 3929 1205 3983 convertebantur.
1236 3928 1341 3984 Sed
1366 3930 1480 3984 haec
1502 3929 1684 3983 omnia
1707 3930 1934 3999 magicis

355 4017 649 4088 prmstigiis
678 4017 858 4086 potius
892 4016 1254 4086 ﬁngebantur,
1293 4032 1453 4086 quam
1498 4031 1680 4072 rerum
1709 4019 1934 4072 veritate

355 4107 780 4178 complebantur.
810 4105 882 4162 Ut
906 4121 1034 4176 ergo
1058 4107 1161 4177 ipsi
1187 4121 1397 4161 errores
1420 4105 1795 4176 ignorantibus
1824 4123 1934 4162 ma-

355 4198 540 4254 nifeSti
569 4198 722 4263 fiant,
753 4198 818 4254 de
860 4213 1051 4253 eorum
1082 4198 1410 4268 proprietate
1435 4207 1596 4267 atque
1637 4199 1931 4254 inventori-

354 4291 473 4356 bus,
494 4289 648 4359 juxta
679 4291 1023 4347 traditionem
1047 4291 1306 4360 majorum
1335 4291 1570 4360 primum
1599 4289 1778 4346 dicere
1804 4306 1933 4346 con-

356 4367 550 4453 gruum
581 4382 928 4438 arbitramur.
951 4381 1089 4452 Magi
1111 4389 1254 4448 sunt,
1287 4382 1379 4451 qui
1424 4381 1579 4452 vulgo
1608 4381 1836 4437 maleﬁci
1862 4382 1956 4452 ob,

355 4475 656 4531 facinorum
687 4476 1113 4547 magnitudinem
1140 4483 1537 4545 nuncupantur.
1569 4475 1634 4530 Hi
1657 4475 1928 4546 permissu

356 4565 451 4620 Dei
483 4565 750 4621 elementa
779 4567 1113 4633 concutiunt,
1153 4568 1374 4622 turbant
1400 4577 1610 4622 mentes
1651 4567 1928 4624 hominum
1955 4537 2009 4599 D

358 4655 536 4710 minus
564 4655 618 4709 in
650 4655 760 4711 Deo
784 4657 1188 4721 conﬁdentium,
1216 4673 1279 4713 ac
1301 4659 1416 4712 sine
1437 4657 1544 4711 ullo
1575 4659 1768 4712 veneni
1796 4661 1930 4714 han-

355 4739 445 4800 ‘étu
482 4743 738 4801 violentia
773 4754 983 4801 tantum
1051 4747 1288 4811 carnis,
1311 4747 1647 4802 interimunt.
1695 4747 1846 4805 Unde
1880 4758 1937 4804 et

359 4841 609 4898 Lucanus
643 4861 656 4897 :

548 4953 688 5016 Mens
704 4952 866 5002 hausti
887 4952 1015 5002 nulla
1037 4956 1176 5004 sanie
1201 4953 1381 5016 polluta
1401 4957 1603 5015 veneni,

605 5013 852 5064 lncantata
872 5016 1016 5077 perit.

363 5116 706 5174 Dzemonibus
739 5116 883 5172 enim
913 5116 1123 5183 accitis,
1160 5118 1358 5172 audent
1382 5118 1666 5183 ventilare,
1697 5125 1759 5172 ut
1783 5117 1931 5188 quis-

363 5218 470 5280 que
493 5224 618 5265 suos
654 5209 889 5279 perimat
920 5207 1076 5263 malis
1108 5208 1316 5263 artibus
1358 5209 1625 5263 inimicos.
1673 5206 1740 5261 Hi
1771 5209 1935 5263 etiam

365 5301 625 5369 sanguine
663 5307 908 5366 utuntur,
947 5306 1001 5354 et
1028 5299 1260 5355 victimis
1300 5315 1439 5368 saepe
1468 5301 1785 5371 contingunt
1825 5315 1964 5356 corr

364 5405 497 5461 pora
526 5399 880 5446 mortuorum.
923 5388 1319 5444 Necromantici
1357 5399 1503 5456 sunt,
1533 5407 1761 5460 quorum
1796 5407 1936 5462 prae-

368 5483 764 5538 cantationibus
784 5484 1036 5538 videntur
1063 5481 1374 5537 resuscitari
1397 5483 1591 5536 mortui
1621 5500 1634 5535 :
1674 5484 1939 5550 divinare,

367 5583 425 5628 et
450 5573 521 5628 ad
565 5573 898 5644 interrogata
953 5573 1296 5643 respondere,
1344 5573 1520 5647 νεκρὸς
1565 5573 1708 5628 enim
1755 5573 1942 5630 Grzece

370 5673 615 5720 mortuus
650 5684 662 5720 :
696 5670 904 5737 μαντεία
959 5666 1218 5722 divinatio
1260 5673 1645 5734 nuncupatur:
1690 5666 1760 5722 ad
1807 5683 1944 5738 quos

373 5761 735 5828 suasitandos,
759 5762 1005 5817 cadaveri
1028 5762 1250 5834 sanguis
1289 5761 1560 5832 adjicitur.
1594 5762 1729 5818 Nam
1761 5779 1943 5819 amare

693 5851 965 5915 Ρηιιοι..
1009 5852 1140 5918 ΟΧ.

1117 3218 1218 3258 nec
1261 3205 1478 3268 mirum,
1536 3204 1601 3258 de
1643 3218 1922 3274 magorum
1949 3178 1994 3240 (ἶ

2023 557 2323 613 cremantia
2355 555 2434 620 fit,
2471 570 2633 610 cruor
2676 569 2828 624 aqum
2855 554 3131 617 miscetur,
3162 561 3216 608 et
3251 552 3428 608 colore
3463 569 3588 609 san-

2019 648 2197 718 guinis
2243 646 2456 702 facilius
2484 653 2866 716 provocamur.
2907 643 3316 715 Hydromantia,
3344 643 3413 698 ah
3448 658 3587 712 aqua

2019 738 2182 794 dicta.
2219 738 2317 794 Est
2361 738 2506 792 enim
2555 735 2932 808 hydromantia
2975 734 3214 804 in'aquae
3262 734 3592 804 inspectione

2018 827 2238 882 umbras
2271 826 2572 881 daemonum
2601 840 2849 890 evocare,
2880 831 2936 879 et
2957 823 3219 894 imagines
3252 823 3590 879 ludiﬁcantes

2015 932 2203 992 eorum
2227 917 2433 983 videre,
2468 917 2648 987 ibique
2667 917 2734 972 ab
2754 916 2834 971 eis
2856 915 3037 985 aliqua
3065 913 3252 969 audire
3276 932 3289 968 :
3319 915 3408 969 ubi
3441 914 3592 969 adhi-

2015 1010 2129 1067 bito
2153 1012 2431 1082 sanguine,
2472 1011 2635 1066 etiam
2666 1008 2869 1064 inferos
2913 1006 3266 1079 perhibentur
3319 1005 3586 1061 suscitari.

2017 1103 2169 1172 Quod
2204 1119 2372 1173 genus
2417 1101 2762 1157 divinationis
2809 1116 2841 1154 a
2890 1099 3072 1154 Persis
3129 1098 3301 1154 fertur
3345 1097 3588 1151 allatum.

2017 1193 2189 1249 Varro
2209 1193 2338 1249 dicit
2357 1193 2700 1248 divinationis
2721 1200 2954 1262 quatuor
2976 1205 3096 1246 esse
3121 1205 3339 1262 genera,
3365 1201 3587 1253 terram,

2016 1302 2234 1356 aquam,
2255 1301 2436 1341 aerem
2456 1327 2472 1353 ,
2502 1292 2558 1341 et
2579 1285 2776 1357 ignem.
2804 1284 2941 1339 Hinc
2961 1284 3320 1355 geomantiam
3339 1323 3353 1347 ,
3387 1283 3584 1354 hydro-

2018 1383 2275 1437 mantiam
2290 1381 2692 1444 aeromantiam,
2709 1380 3100 1450 pyromantiam
3115 1379 3312 1433 dictam
3327 1384 3590 1430 autumat.

2016 1466 2191 1527 Divini
2208 1473 2358 1538 dicti,
2377 1456 2530 1542 quasi
2543 1472 2652 1528 Deo
2672 1471 2835 1541 pleni.
2857 1470 3145 1525 Divinitate
3167 1470 3307 1525 enim
3329 1467 3518 1538 plenos
3535 1481 3595 1522 se

2016 1579 2137 1620 esse
2171 1565 2492 1631 assimilant,
2533 1571 2588 1619 et
2634 1571 2810 1618 astuta
2837 1563 3066 1632 quadam
3092 1560 3471 1626 fraudulentia,
3505 1560 3597 1614 lio-

2019 1655 2254 1710 minibus
2279 1655 2463 1710 futura
2493 1652 2819 1724 eonjectant.
2852 1654 2968 1707 Duo
3008 1660 3188 1707 autem
3235 1659 3360 1706 sunt
3395 1664 3594 1720 genera

2020 1746 2389 1812 divinationis,
2423 1761 2512 1801 ars
2556 1754 2611 1802 et
2657 1745 2825 1800 furor.
2871 1744 3244 1798 lncantatores
3293 1757 3421 1796 vero
3465 1741 3595 1795 dicti

2023 1845 2170 1903 sunt,
2206 1838 2298 1907 qui
2327 1845 2498 1892 artem
2528 1836 2708 1890 verbis
2737 1843 3020 1906 peragunt.
3042 1834 3213 1890 Arioli
3247 1834 3420 1888 vocati
3446 1842 3591 1896 sunt,

2021 1935 2244 1996 propter
2267 1927 2410 1995 quod
2453 1926 2597 1980 circa
2641 1940 2763 1980 ares
2804 1924 3067 1979 idolorum
3114 1922 3347 1978 nefarias
3408 1935 3598 1991 preces

2022 2018 2293 2083 emittunt,
2319 2027 2373 2072 et
2398 2017 2607 2072 funesta
2637 2017 2900 2072 sacrificia
2940 2015 3173 2071 offerunt
3203 2033 3215 2068 :
3244 2015 3433 2083 bisque
3459 2013 3598 2067 cele-

2021 2110 2330 2175 britatibus,
2361 2111 2659 2173 diametrum
2702 2125 2960 2181 responsa
2996 2109 3282 2180 accipiunt.
3307 2106 3594 2175 Aruspices

2022 2202 2336 2270 nuncupati,
2369 2202 2521 2271 quasi
2579 2203 2834 2257 horarum
2883 2202 3240 2269 inspectores.
3285 2199 3408 2252 Dies
3451 2198 3594 2250 enim

2021 2300 2075 2346 et
2105 2292 2265 2347 horas
2292 2294 2345 2347 in
2372 2294 2593 2363 agendis
2620 2294 2850 2364 negotiis
2869 2293 3228 2364 operibusque
3251 2293 3595 2347 custodiunt:

2021 2391 2078 2440 et
2107 2386 2236 2454 quid
2259 2401 2356 2455 per
2385 2386 2593 2455 singula
2618 2396 2858 2457 tempora
2881 2387 3169 2442 observare
3194 2385 3385 2441 debeat
3417 2386 3594 2446 homo,

2021 2476 2330 2532 intendunt.
2357 2475 2425 2530 Hi
2459 2477 2623 2532 etiam
2667 2483 2791 2532 exta
2819 2478 3084 2547 pecudum
3116 2477 3426 2546 inspiciunt,
3455 2486 3507 2530 et
3530 2491 3596 2529 ex

2021 2568 2102 2624 eis
2156 2567 2336 2622 futura
2381 2569 2696 2636 przedicunt.
2743 2567 2990 2638 Augures
3029 2576 3190 2632 sunt,
3249 2567 3338 2636 qui
3391 2566 3600 2620 volatus

2022 2658 2202 2713 avium
2229 2667 2284 2714 et
2303 2673 2464 2713 voces
2491 2659 2796 2722 intendunt,
2843 2657 3054 2726 aliaque
3101 2658 3250 2727 signa
3292 2672 3470 2711 rerum
3516 2655 3599 2709 vel

2021 2749 2429 2804 observationes
2482 2748 2822 2817 improvisas,
2870 2747 3176 2801 hominibus
3228 2753 3597 2808 occurrentes,

2023 2838 2220 2893 ferunt.
2261 2838 2398 2892 Sunt
2420 2838 2582 2892 etiam
2615 2845 2669 2891 et
2713 2838 2978 2906 auspices.
3012 2836 3147 2890 Nam
3183 2837 3419 2904 auspicia
3448 2843 3594 2898 sunt,

2024 2945 2144 3000 qua:
2180 2930 2282 2983 iter
2310 2929 2576 2983 facientes
2600 2928 2915 2983 observant.
2953 2926 3105 2980 Dicta
3146 2934 3270 2980 sunt
3303 2935 3483 2980 autem
3510 2941 3600 2979 au-

2024 3021 2214 3091 spicia,
2247 3021 2401 3090 quasi
2429 3021 2608 3075 avium
2634 3019 2855 3089 aspicia.
2883 3017 2952 3071 Et
2977 3017 3217 3088 auguria,
3245 3017 3398 3086 quasi
3421 3017 3599 3070 avium

2026 3111 2226 3181 garria,
2255 3111 2358 3165 hoc
2386 3117 2492 3176 est,
2521 3109 2700 3164 avium
2737 3122 2900 3163 voces
2927 3116 2980 3161 et
3006 3107 3233 3176 linguas.
3262 3106 3394 3161 Item
3428 3121 3598 3173 augu—

2027 3204 2186 3267 rium,
2219 3203 2375 3271 quasi
2403 3201 2720 3272 avigerium,
2751 3200 2893 3270 quod
2919 3213 3046 3253 aves
3081 3206 3292 3269 gerunt.
3326 3197 3442 3251 Duo
3474 3206 3595 3251 sunt

2025 3303 2204 3350 autem
2227 3310 2425 3366 genera
2443 3295 2830 3365 auspiciorum,
2857 3307 3020 3347 unum
3047 3291 3112 3346 ad
3135 3291 3340 3354 oculos,
3365 3290 3591 3343 alterum

2027 3387 2095 3441 ad
2125 3399 2284 3441 aures
2328 3385 2605 3456 pertinens
2639 3403 2652 3438 :
2689 3384 2755 3438 ad
2796 3382 2984 3438 oculos
3028 3381 3230 3436 scilicet
3271 3379 3499 3442 volatus,
3533 3380 3598 3432 ad

2029 3499 2189 3540 aures
2213 3498 2314 3538 vox
2343 3484 2542 3537 avium.
2564 3479 2835 3551 Pythones
2872 3495 2900 3532 a
2934 3477 3131 3548 Pythio
3158 3475 3401 3546 Apolline
3442 3473 3592 3537 dicti,

2030 3575 2175 3644 quod,
2201 3574 2250 3628 is
2273 3581 2461 3628 auctor
2507 3573 2671 3627 fuerit
2698 3570 2993 3623 divinandi.
3038 3567 3306 3636 Astrologi
3351 3566 3502 3630 dicti,
3533 3581 3597 3619 eo

2032 3665 2176 3736 quod
2224 3665 2280 3718 in
2331 3663 2494 3720 astris
2560 3670 2910 3732 augurantur.
2961 3656 3292 3712 Genethliaci
3349 3655 3603 3724 appellati

2033 3765 2178 3824 sunt,
2206 3765 2426 3826 propter
2447 3754 2706 3808 natalium
2747 3749 3203 3806 considerationes
3233 3748 3462 3802 dierum.
3492 3746 3600 3802 Ge-

2033 3863 2194 3902 neses
2217 3849 2363 3901 enim
2391 3845 2669 3901 hominum
2699 3858 2794 3913 per
2831 3840 3112 3896 duodecim
3147 3839 3270 3896 caeli
3309 3840 3462 3909 signa
3505 3838 3600 3891 de-

2034 3940 2307 4004 scr.bunt,
2367 3937 2712 4004 siderumque
2762 3949 2958 3998 cursu,
3009 3932 3344 3988 nascentium
3403 3947 3600 3997 mores,

2034 4037 2188 4083 actus
2214 4037 2268 4082 et
2311 4035 2501 4082 eventa
2540 4023 2840 4095 praedicare
2894 4031 3177 4088 conantur,
3236 4022 3289 4076 id
3329 4029 3431 4086 est,
3485 4021 3606 4091 quis

2031 4121 2178 4193 quali
2207 4121 2363 4190 signo
2390 4117 2555 4174 fuerit
2579 4126 2760 4181 natus,
2789 4124 2884 4169 aut
2920 4130 3077 4183 quem
3122 4111 3369 4168 effectum
3407 4112 3605 4166 habeat

2031 4215 2156 4269 vita:
2177 4212 2267 4282 qui
2306 4210 2567 4266 nascitur.
2618 4206 2686 4262 lli
2740 4213 2867 4260 sunt
2912 4205 3004 4275 qui
3039 4204 3199 4276 vulgo
3245 4202 3606 4258 Mathematici

2030 4313 2311 4358 vocantur.
2335 4300 2500 4369 Cujus
2525 4295 2926 4368 superstitionis
2947 4309 3135 4365 genus,
3162 4293 3604 4350 constellationcs

2029 4395 2210 4450 Latini
2236 4402 2454 4458 vocant,
2487 4391 2540 4446 id
2573 4400 2676 4454 est,
2718 4388 3026 4443 notationes
3062 4386 3299 4441 siderum
3337 4387 3608 4455 quomodo

2033 4503 2091 4544 se
2115 4487 2364 4551 habeant,
2395 4500 2516 4539 cum
2541 4483 2664 4552 quis
2693 4481 2951 4536 nascitur.
2983 4478 3222 4534 Primum
3244 4487 3424 4534 autem
3448 4479 3606 4532 iidem

2035 4581 2313 4639 stellarum
2357 4579 2700 4648 interpretes,
2738 4573 2874 4642 magi
2918 4579 3297 4640 nuncupantur
3332 4587 3344 4622 :
3377 4571 3516 4624 sicut
3545 4571 3610 4624 de

2035 4675 2121 4730 his
2159 4674 2373 4744 legitur,
2407 4671 2498 4738 qui
2543 4670 2597 4722 in
2645 4664 2934 4735 Evangelii)
2981 4671 3160 4718 natum
3199 4661 3470 4716 Christum
3515 4676 3610 4714 an-

2037 4759 2441 4821 nuntiaverunt.
2476 4761 2670 4815 Postea
2709 4759 2812 4813 hoc
2849 4756 3068 4810 nomine
3113 4754 3210 4808 soli
3245 4752 3606 4807 Mathematici

2036 4857 2168 4912 dicti
2209 4864 2372 4909 sunt:
2403 4851 2557 4920 cujus
2591 4851 2724 4905 artis
2758 4849 2982 4905 scientia
3033 4862 3201 4916 usque
3244 4847 3310 4900 ad
3359 4847 3604 4915 Evange-

2039 4948 2170 5002 lium
2201 4946 2303 5001 fuit
2348 4958 2624 5009 concessa,
2658 4951 2736 5009 ut,
2768 4941 2984 4998 Christo
3018 4940 3182 5004 edito,
3217 4954 3374 4994 nemo
3413 4937 3610 4992 exinde
3704 4926 3706 4928 ’

2040 5041 2376 5095 nativitatem
2419 5036 2643 5105 alicujus
2670 5037 2738 5092 de
2777 5034 2914 5091 coelo
2944 5035 3406 5102 interpretaretur.
3441 5029 3613 5085 Horo-

2043 5131 2190 5199 scopi
2231 5129 2381 5193 dicti,
2425 5128 2567 5198 quod
2623 5128 2784 5182 horas
2827 5124 3126 5180 nativitatis
3168 5123 3444 5177 hominum
3489 5135 3610 5192 spe-

2043 5221 2373 5285 cularentur,
2406 5217 2653 5274 dissimili
2676 5227 2731 5273 et
2752 5217 2964 5272 diverso
3002 5214 3130 5271 fato.
3171 5213 3424 5285 Sortilegi
3465 5224 3610 5279 sunt,

2043 5313 2136 5382 qui
2165 5328 2262 5368 suo
2287 5312 2522 5376 nomine,
2557 5311 2695 5366 fictae
2739 5309 3016 5379 religionis
3050 5323 3148 5379 per
3191 5308 3447 5377 quasdam
3482 5324 3615 5376 quos

2044 5412 2353 5458 sanctorum
2381 5412 2555 5457 sortes
2573 5409 2790 5466 vocant,
2815 5400 3162 5455 divinationis
3189 5398 3467 5455 scientiam
3489 5412 3616 5467 pro—

2045 5493 2286 5559 fitentur,
2318 5502 2412 5547 aut
2457 5507 2903 5563 quarumcunque
2945 5491 3334 5560 scripturarum
3373 5489 3615 5545 scientiae

2044 5582 2396 5652 inspectione,
2443 5585 2622 5637 futura
2680 5583 3019 5654 promittunt.
3077 5582 3399 5637 Salisatores
3437 5581 3614 5634 vocati

2045 5676 2196 5739 sunt,
2215 5674 2341 5743 quia
2376 5675 2500 5729 dum
2553 5675 2631 5729 eis
2676 5675 3043 5728 membrorum
3097 5688 3428 5744 quaecunque
3461 5671 3618 5726 salie-

2047 5767 2178 5832 rint,
2210 5765 2412 5836 aliquid
2434 5766 2536 5822 sibi
2565 5765 2760 5823 exinde
2789 5781 3105 5838 prosperum
3146 5783 3239 5823 seu
3277 5763 3432 5823 triste
3456 5763 3616 5835 signi~

3107 5861 3185 5924 85
