4112 6364
510 364 652 430 ιυρθ

1145 369 1209 424 Β.
1252 368 1507 427 RABANI
1546 367 1763 424 MAURI
1802 364 2122 427 ARCHIEP.
2162 360 2476 425 UOGUNT.
2517 358 2802 417 OPERUM
2841 357 3021 414 PARS
3057 359 3124 415 ll.

3640 354 3784 413 H00

516 491 667 548 ﬁcari
690 488 1012 561 pradicant.
1034 488 1117 544 Ad
1134 488 1254 544 bare
1270 487 1452 544 omnia
1477 487 1755 558 pertinent
1774 492 1829 540 et
1849 484 2095 555 ligatum:
2120 479 2174 547 Δ
2199 478 2269 537 ad
2298 477 2622 547 colloquium
2668 474 2797 532 Saul
2843 474 3151 546 impiissimi
3192 474 3355 543 regis,
3393 474 3451 531 sie
3491 474 3787 546 pythmiiea

510 579 923 641 exsecrabilium
938 581 1333 646 iremediorum,
1355 595 1450 636 seu
1474 579 1531 633 in
1556 575 2090 649 percontationibus,

509 687 604 730 seu
644 671 698 730 in
748 670 1185 737 characteribum
1222 671 1309 725 vel
1367 670 1423 725 in
1471 670 1883 740 quibqscunquc
1933 667 2093 722 rebus

510 761 908 833 suspendcudis
935 770 1101 832 atque
1127 761 1380 832 ligandis,
1412 761 1467 815 in
1495 762 1693 831 quibus
1723 759 1978 814 omnibus
2004 772 2094 811 ars

509 855 817 911 daemonum
853 863 939 909 est
966 869 1037 911 ex
1071 853 1304 924 quadam
1332 852 1588 923 pestifera
1626 852 1889 906 societate
1918 849 2093 904 homi-

510 960 662 1011 num,
676 952 733 999 et
752 943 1068 1013 angelorum
1097 943 1363 1001 malorum
1387 951 1598 1005 exorta.
1619 942 1774 999 Unde
1794 948 1991 997 cuncta
2006 941 2097 1011 yi-

510 1035 683 1097 tanda
704 1042 830 1091 sunt
856 1033 1188 1098 Christiano,
1223 1041 1278 1088 et
1300 1032 1447 1089 omni
1475 1033 1690 1103 penitus
1720 1029 2094 1088 exsecratione

512 1125 845 1197 repudianda
878 1132 1040 1195 atque
1075 1124 1399 1182 damnanda.
1442 1122 1681 1191 Auguria
1708 1130 1888 1177 autem
1914 1118 2097 1187 avium

451 1254 472 1289 ._
512 1216 761 1287 Phryges
790 1215 947 1285 primi
976 1215 1320 1289 invenerunt,
1354 1213 1685 1283 praestigiae)
1715 1226 1847 1267 vero
1886 1209 2097 1267 Mercu-

513 1284 859 1375 rius-primus
885 1284 1082 1368 dicitur
1113 1305 1401 1367 invenisse.
1428 1303 1639 1363 Dictum
1669 1311 1847 1369 autem
1880 1301 2096 1373 praesti-

444 1396 470 1454 1‘
513 1398 680 1469 gium,
731 1397 876 1466 quod
920 1397 1265 1466 pamstriusat
1312 1396 1483 1459 aciem
1533 1394 1832 1459 oculorum.
1865 1393 2095 1462 Aruspi-

513 1490 647 1549 cinre
701 1496 876 1561 autem
923 1488 1133 1558 primus
1178 1485 1477 1549 Hetruscus
1528 1485 1816 1549 uadidiSSe
1853 1484 2096 1545 dicitur:

514 1581 739 1652 quidam
770 1581 1026 1652 Phryges.
1058 1579 1157 1641 llic
1189 1595 1257 1641 ex
1282 1579 1432 1642 horis
1457 1578 1821 1648 aruspicinam
1854 1576 2097 1640 dictavit,

513 1680 568 1733 et
602 1680 785 1743 postea
811 1689 919 1733 non
941 1673 1210 1742 apparuit.
1244 1670 1378 1733 Nam
1400 1671 1597 1733 dicitur
1625 1669 1885 1734 fabulose,
1913 1676 2102 1727 orante

515 1764 748 1835 quodam
784 1765 989 1827 rustico
1017 1765 1196 1825 subito
1223 1765 1393 1832 huncl
1406 1780 1473 1822 ex
1510 1764 1681 1833 glebis
1711 1763 2012 1825 exsiluisse,
2047 1768 2103 1816 et

2196 571 2456 633 divinatio
2483 569 2657 627 errori
2703 569 2927 639 magica:
2954 568 3091 623 artis
3114 568 3428 639 deputanda
3455 569 3547 622 sit.
3579 567 3791 634 Quibus

2196 662 2271 721 ita
2326 661 2639 731 responderi
2690 669 2903 730 potest,
2960 660 3242 730 indignum
3300 660 3525 716 omnino
3574 661 3792 717 facinus

2195 769 2337 818 esse,
2364 754 2411 811 si
2444 753 2740 813 secundum
2776 752 2945 809 verba
2984 752 3246 818 historiae,
3291 750 3664 808 commodatur
3701 765 3796 809 ao.

2197 861 2406 902 sensus.
2439 845 2720 912 Quomodo
2749 845 2905 900 animi
2927 844 3047 901 ﬁeri
3080 853 3315 916 poterat,
3346 853 3411 900 ut
3432 852 3551 899 arte
3576 844 3791 916 magica

2198 940 2564 993 attraheretur
2611 938 2715 1004 vir,
2742 946 2799 993 et
2828 938 3114 993 nativitate
3140 948 3383 1002 sanctus,
3413 946 3475 993 et
3508 938 3635 992 vitae
3666 953 3795 1007 ope-

2198 1029 2349 1084 ribus
2371 1029 2584 1100 justus?
2610 1028 2717 1084 Aut
2757 1031 2805 1085 si
2843 1046 2955 1086 non
2981 1038 3249 1086 attractus
3302 1040 3404 1095 est,
3459 1031 3744 1086 consensit
3778 1050 3792 1086 :

2197 1123 2342 1191 quod
2360 1132 2650 1194 utrumque
2675 1125 2743 1181 de
2774 1124 2892 1179 viro
2912 1124 3059 1194 justo
3111 1124 3336 1179 credere
3363 1124 3651 1178 adversum
3683 1133 3794 1178 est.

2201 1212 2257 1267 Si
2283 1213 2427 1267 enim
2455 1213 2657 1269 invitus
2685 1214 2951 1270 adductus
2978 1222 3081 1280 est,
3114 1213 3323 1268 nullum
3352 1212 3669 1284 suﬂragium
3693 1214 3796 1268 ha-

2199 1302 2543 1371 betjustitia.
2594 1303 2649 1360 Si
2691 1314 2870 1360 autem
2908 1305 3270 1370 voluntarius,
3303 1304 3487 1360 amisit
3535 1305 3794 1359 meritum

2200 1395 2478 1466 spiritalis,
2500 1397 2711 1467 *_quem
2734 1398 2945 1467 positus
2969 1397 3025 1452 in
3053 1412 3236 1464 carne,
3262 1397 3581 1466 quaesiverat
3610 1414 3625 1450 :
3648 1398 3798 1467 quod

2199 1487 2356 1543 valde
2387 1486 2679 1543 absurdum
2708 1495 2793 1542 est
2826 1505 2840 1542 :
2877 1488 3002 1557 quia
3028 1488 3162 1543 hinc
3205 1487 3297 1558 qui
3339 1487 3521 1559 justus
3562 1487 3793 1554 recedit,

2199 1587 2484 1648 permanet
2506 1578 2703 1650 justus.
2738 1578 2906 1634 Porro
2940 1587 3119 1635 autem
3174 1579 3280 1634 hoc
3324 1586 3413 1634 est
3454 1580 3794 1651 prastigium

2204 1670 2438 1737 Satanae,
2491 1686 2599 1740 quo
2648 1680 2708 1725 ut
2754 1672 3014 1740 plurimos
3060 1671 3241 1735 fallat,
3296 1672 3463 1726 etiam
3512 1672 3684 1727 bonos
3740 1673 3796 1726 in

2202 1769 2471 1831 potestate
2496 1777 2555 1816 se
2587 1763 2788 1818 habere
2822 1762 3082 1832 conﬁngit
3116 1781 3128 1816 :
3167 1763 3309 1832 quod
3336 1762 3627 1832 Apostolus
3653 1764 3801 1817 inter

513 1855 878 1924 aruspicinam
923 1856 1181 1920 dictasse,
1221 1872 1325 1927 qua
1356 1857 1443 1925 die
1470 1864 1524 1911 et
1553 1864 1799 1911 mortuus
1824 1861 1925 1911 est.
1959 1852 2105 1920 Quos
2132 1855 2180 1914 Β
2206 1859 2402 1905 canora
2432 1851 2670 1906 ostendit
2693 1851 2880 1906 dicens
2916 1870 2929 1905 :
2976 1871 2995 1903 «
3032 1852 3148 1923 Ipse
3179 1852 3410 1908 Satanas
3448 1854 3801 1925 transﬁgth

514 1945 684 2001 libros
710 1944 941 2006 Romani
969 1962 1035 2007 ex
1060 1946 1326 2005 Hetrusca
1368 1946 1570 2017 lingua,
1597 1946 1653 2000 in
1680 1945 1953 2015 propriam
1978 1960 2101 1999 mu-

517 2042 782 2090 taverunt.
817 2034 913 2097 His
936 2050 1065 2105 ergo
1086 2038 1350 2105 portentis
1376 2051 1471 2104 per
1501 2036 1805 2091 daemonum
1835 2034 2103 2089 fallaciam

516 2124 759 2181 illuditur
793 2124 1082 2181 curiositas
1108 2126 1368 2191 humana,
1398 2127 1616 2195 quando
1666 2126 1715 2181 id
1766 2126 2107 2193 impudenter

515 2224 777 2286 appetunt
818 2218 979 2283 scire,
1012 2219 1156 2287 quod
1187 2220 1333 2274 nulla
1368 2221 1578 2279 ratione
1621 2219 1701 2275 eis
1732 2219 1989 2287 competit
2018 2217 2102 2271 in-

517 2312 786 2382 vestigare
813 2328 827 2364 :
863 2327 929 2366 ac
956 2312 1079 2371 ideo
1106 2314 1266 2377 datur
1304 2322 1546 2385 potestas
1576 2312 1868 2369 immundis
1897 2310 2103 2381 spiriti-

519 2400 640 2465 bus,
669 2409 727 2461 ut
753 2416 851 2470 per
878 2416 1007 2457 vasa
1039 2402 1141 2461 sibi
1173 2412 1317 2473 apta,
1351 2404 1453 2461 hoc
1489 2412 1571 2463 est
1612 2418 1807 2473 pravos
1837 2402 2102 2465 homines,

518 2492 781 2551 scdueant
827 2492 969 2560 illos,
1007 2495 1099 2564 qui
1149 2504 1415 2563 spernunt
1446 2496 1751 2559 veritatem,
1783 2504 1837 2549 ct
1881 2494 2108 2549 credunt

518 2583 798 2639 mendacio
829 2601 843 2637 :
872 2592 927 2639 et
972 2584 1126 2653 juxta
1178 2585 1330 2647 Pauli
1381 2586 1705 2643 sententiam
1734 2584 1819 2656 (II
1848 2583 1981 2639 Tim.
2016 2601 2103 2651 1v;

522 2672 581 2726 Il
614 2673 748 2726 Tim.
783 2673 866 2744 ιιι)
895 2693 906 2728 :
943 2695 961 2727 ι
1000 2674 1202 2730 Sanam
1238 2677 1539 2735 doctrinam
1590 2693 1696 2732 non
1743 2677 2103 2743 sustinebunt,

525 2784 543 2814 ι
591 2764 683 2817 sed
721 2764 788 2817 ad
819 2779 916 2829 sua
947 2766 1214 2825 desideria
1247 2769 1646 2824 coacervabunt
1687 2768 1789 2824 sibi
1820 2768 2109 2837 magistros

527 2872 545 2904 ι
586 2853 893 2924 prurientes
923 2857 1143 2913 auribus
1177 2875 1189 2911 :
1228 2866 1284 2915 et
1309 2875 1343 2931 ει
1367 2860 1593 2915 veritate
1621 2860 1840 2929 quidem
1868 2860 2106 2913 auditum

524 2961 545 2995 ‹
589 2952 857 3010 avertent,
891 2947 961 3001 ad
996 2946 1204 3006 fabulas
1232 2959 1415 3007 autem
1443 2960 1852 3007 convertentur.
1884 2950 2113 3006 Onerati

527 3050 546 3083 ι
591 3035 830 3105 peccatis
854 3036 1123 3100 ducuntur
1139 3040 1307 3095 variis
1332 3039 1639 3113 desideriis,
1664 3058 1878 3112 semper
1900 3044 2110 3097 discen-

525 3145 545 3176 ε
586 3134 689 3193 tes,
723 3135 777 3191 et
804 3144 1079 3198 nunquam
1101 3132 1169 3185 ad
1196 3132 1483 3191 scientiam
1513 3134 1760 3189 veritatis
1788 3135 2103 3205 pervenien-

528 3237 547 3268 ι
594 3226 693 3279 tes.
733 3239 752 3272 ι
790 3220 1252 3286 Quemadmodum
1297 3234 1477 3293 autem
1510 3225 1735 3283 Jamnes
1756 3235 1819 3282 et
1839 3226 2108 3282 Mambres
2135 3215 2181 3278 Ο

521 3311 839 3369 restiterunt
873 3313 1063 3386 Moysi,
1099 3316 1173 3371 ita
1216 3327 1272 3374 et
1308 3320 1396 3374 isti
1430 3320 1692 3375 resistunt
1722 3320 1935 3381 veritati
1967 3338 1983 3374 :
2010 3321 2110 3375 bo-

524 3402 701 3460 mines
725 3406 963 3476 corrupti
1004 3416 1203 3475 mente,
1241 3413 1457 3481 reprobi
1503 3414 1651 3467 circa
1681 3413 1841 3476 mlem
1868 3432 1879 3468 :
1909 3416 2003 3469 sed
2032 3413 2113 3468 ul-

524 3499 610 3546 tra
640 3508 746 3547 non
768 3495 1070 3563 proﬁcient.
1098 3497 1409 3568 lnsipientia
1436 3502 1580 3557 enim
1616 3519 1813 3558 eorum
1826 3504 2114 3560 manifesta

527 3585 635 3643 erit
664 3587 948 3653 diuitibus,
979 3589 1123 3649 sicut
1165 3599 1220 3648 et
1261 3592 1477 3649 illorum
1525 3594 1644 3651 fuit.
1682 3596 1794 3653 Nec
1822 3597 1941 3653 ideo
1968 3599 2115 3668 quis-

526 3694 689 3748 quam
719 3680 944 3745 credere
987 3683 1148 3741 debet
1194 3686 1461 3754 quoslibet
1509 3691 1733 3759 magicis
1773 3692 1980 3746 artibus
2016 3692 2115 3746 ali-

525 3766 655 3836 quid
695 3767 878 3833 facere
908 3785 1071 3839 posse
1105 3774 1222 3831 sine
1266 3778 1533 3845 permissu
1567 3780 1681 3844 Dei,
1711 3781 1965 3849 quoniam
1994 3796 2114 3851 quae

527 3856 685 3923 ﬁunt,
732 3868 826 3933 aut
844 3860 995 3931 justo
1018 3860 1225 3930 judicio
1253 3864 1404 3931 facit,
1445 3877 1541 3927 aut
1585 3871 1855 3940 permissu
1901 3887 1999 3927 suo
2038 3873 2113 3927 ita

528 3948 649 4015 ﬁeri
677 3951 826 4021 sinit,
873 3952 1019 4025 quod
1048 3956 1293 4023 prtedicti
1336 3959 1479 4029 magi
1511 3958 1764 4030 leguntur
1805 3962 2002 4017 similia
2034 3962 2113 4017 fe-

528 4041 667 4115 cisse
694 4041 882 4114 M9183.
912 4061 933 4107 ί
961 4045 1053 4113 qui
1070 4046 1276 4117 virgati)
1308 4064 1459 4105 suam
1490 4050 1739 4120 proiecit,
1766 4060 1821 4106 et
1849 4068 2113 4109 conversa

534 4151 553 4184 ‹
597 4141 684 4199 est,
713 4134 767 4200 in
799 4135 1087 4199 draconem
1122 4157 1133 4192 :
1169 4141 1619 4212 puojeceruntque
1649 4146 1751 4215 ipsi
1779 4146 1971 4217 singuli
2001 4147 2113 4201 vir-

534 4242 551 4274 ι
597 4240 692 4295 gas
718 4242 864 4294 suas,
891 4245 1212 4299 quarersae
1246 4242 1375 4289 sunt
1401 4236 1452 4290 in
1486 4237 1751 4293 dracones
1782 4258 1795 4294 :
1826 4241 1924 4295 sed
1950 4241 2112 4301 devo-

533 4334 550 4364 ι
594 4316 736 4379 ravit
757 4316 911 4386 virga
934 4319 1116 4381 Aaron
1136 4321 1316 4391 virgas
1342 4338 1531 4379 eorum
1559 4324 1756 4396 (Exod.
1782 4329 1901 4400 vn).
1937 4349 1955 4382 ι
1992 4329 2108 4385 Νοη

525 4419 657 4475 ergo
696 4405 915 4467 fuerunt
960 4419 1240 4469 creatures
1286 4413 1582 4471 draconum
1605 4457 1619 4480 ,
1652 4433 1752 4472 nec
1796 4421 1971 4491 magi,
2010 4438 2113 4478 nec

526 4492 701 4562 angeli
732 4494 883 4560 mali,
925 4496 1122 4565 quibus
1165 4499 1442 4557 ministris
1471 4502 1560 4557 illa
1604 4508 1986 4573 operabantur.
2019 4511 2109 4565 ln-

528 4592 655 4639 sunt
678 4585 821 4639 enim
853 4585 1018 4651 rebus
1046 4592 1323 4659 corporeis
1346 4608 1443 4663 per
1467 4597 1648 4651 omnia
1670 4598 1934 4655 elementa
1957 4619 2109 4658 mun-

522 4674 599 4739 di,
650 4675 892 4745 qitmdnm
943 4678 1168 4743 occulta:
1223 4683 1526 4745 seminaria:
1576 4687 1812 4749 rationes
1858 4707 1871 4744 :
1913 4693 2111 4761 quibus

523 4783 646 4825 cum
668 4767 795 4835 data
809 4769 977 4837 fuerit
996 4776 1373 4842 opportunitas
1392 4780 1724 4849 temporalis,
1749 4794 2113 4853 prorumpunt

522 4856 578 4910 in
612 4858 823 4935 species
855 4860 1065 4927 debitas
1097 4864 1209 4919 suis
1251 4867 1424 4930 modis
1447 4876 1501 4931 et
1531 4870 1727 4931 ﬁnibus
1760 4890 1771 4926 :
1805 4881 1861 4931 et
1891 4875 1970 4931 sic
2000 4891 2109 4939 non

522 4946 775 5046 dicuntur
794 4952 966 5046 angeli
990 4956 1083 5046 qui
1107 4955 1211 5023 ista
1239 4956 1445 5023 fasi.th
1464 4962 1787 5025 animalium
1808 4976 2106 5033 creatores,

520 5044 667 5113 sicut
692 5055 793 5117 nec
830 5044 1102 5117 agricola),
1134 5057 1381 5117 segetum
1426 5050 1511 5115 vel
1543 5054 1798 5115 arborum
1847 5057 1933 5113 vel
1968 5074 2106 5127 quo-

525 5142 859 5209 rumeunque
901 5136 956 5207 in
995 5144 1145 5206 terra.
1188 5139 1523 5211 gignentium
1564 5154 1839 5205 creatores
1889 5149 2105 5205 dicendi

525 5231 666 5285 sunt,
703 5228 951 5299 quamvis
980 5240 1247 5299 noverunt
1286 5236 1527 5303 pnebere
1573 5240 1834 5306 quasdam
1868 5241 2106 5298 visibiles

525 5317 956 5382 opportunitates
982 5329 1039 5375 et
1060 5338 1275 5389 causas,
1301 5334 1361 5391 ut
1493 5341 1802 5390 nascantur.
1829 5332 1983 5399 Quod
2005 5351 2103 5389 au-

527 5409 638 5457 tem
662 5402 753 5477 isti
779 5406 985 5483 Capituli
1008 5413 1311 5481 “idaliter,
1338 5420 1442 5483 hoc
1468 5420 1543 5476 illi
1573 5422 1933 5479 invisibiliter.
1966 5427 2106 5482 Deus

528 5510 658 5553 vero
682 5498 848 5564 solus,
880 5519 1018 5573 unus
1045 5516 1263 5569 creator
1287 5520 1389 5577 est,
1422 5512 1515 5581 qui
1539 5528 1734 5569 causas
1767 5516 1912 5585 ipsas
1933 5526 1987 5573 et
2014 5534 2103 5573 ra-

529 5588 701 5655 tiones
738 5590 1059 5663 semigarias
1091 5598 1252 5657 rebus
1300 5600 1547 5659 inseruit.
1580 5603 1852 5665 Praeterea
1888 5609 2105 5676 quidam

526 5680 881 5759 quaerendum
898 5692 1090 5755 putant
1103 5689 1369 5753 quomodo
1396 5691 1675 5762 Scriptura
1692 5704 1879 5750 narret
1898 5694 1951 5767 (ι
1974 5696 2103 5768 Reg.

529 5770 682 5841 xwu)
713 5773 1086 5849 pytbpnissaut
1122 5778 1423 5863 Samuelem
1462 5786 1783 5855 prophetam
1819 5789 2110 5855 clamitasse

2204 1960 2263 1998 se
2290 1944 2344 1998 in
2375 1944 2624 2013 angelum
2648 1944 2785 2000 lucis
2812 1944 2897 2014 (II
2922 1944 3043 2001 Cor.
3081 1946 3181 2015 ιι).
3222 1966 3241 1996 ι
3276 1946 3347 2002 Ut
3375 1947 3519 2001 enim
3551 1963 3797 2004 errorem

2205 2035 2409 2092 faceret
2436 2037 2490 2091 in
2517 2053 2625 2108 quo
2648 2037 3074 2108 gloriaretur,‘in
3104 2038 3289 2092 habitu
3324 2038 3425 2092 viri
3451 2039 3578 2107 justi
3609 2050 3664 2095 et
3690 2055 3795 2094 no-
3838 2101 3842 2105 ⁴

2204 2130 2350 2184 mine
2381 2146 2438 2184 se
2464 2130 2781 2184 subornavit
2808 2148 2819 2183 :
2847 2138 2905 2183 ut
2934 2129 3066 2183 nihil
3084 2128 3346 2199 proﬁcere
3371 2131 3604 2199 speciem
3632 2147 3798 2200 quam

2206 2221 2591 2292 praedicabant,
2654 2221 2749 2276 Dei
2807 2220 3109 2276 cultoribus
3165 2221 3516 2286 mentiretur,
3576 2222 3797 2292 quando

2205 2311 2332 2369 binc
2378 2309 2859 2381 exeuntes,justos
2899 2312 3053 2366 ﬁnxit
3088 2312 3141 2367 in
3187 2328 3282 2367 sua
3335 2328 3457 2368 esse
3504 2321 3796 2383 potestate.

2210 2404 2321 2459 Sed
2344 2404 2447 2459 hoc
2471 2405 2736 2475 quosdam
2779 2402 2934 2469 fallit,
2969 2404 3113 2474 quod
3144 2405 3209 2459 de
3256 2414 3433 2460 morte
3463 2403 3593 2459 Saul
3616 2414 3671 2459 et
3699 2405 3799 2477 ﬁlii

2207 2494 2325 2564 ejus
2351 2512 2458 2549 non
2501 2496 2573 2550 sit
2620 2495 2903 2561 mentitus,
2958 2495 3110 2564 quasi
3157 2510 3412 2564 magnum
3460 2496 3529 2549 sit
3574 2494 3801 2551 diabolo

2212 2598 2341 2646 ante
2367 2605 2619 2644 occasum
2663 2597 2893 2644 mortem
2928 2590 3172 2659 corporis
3200 2588 3518 2658 praevidere,
3548 2604 3673 2644 cum
3722 2587 3799 2643 si-

2210 2697 2313 2753 gna
2343 2682 2589 2751 quaedam
2638 2681 2847 2735 soleant
2882 2695 3148 2751 apparere
3195 2680 3512 2735 morituris:
3546 2681 3740 2750 quippe
3769 2696 3801 2734 a

2210 2775 2407 2844 quibus
2439 2774 2531 2828 Dei
2565 2773 2834 2843 protectio
2874 2782 3053 2828 amota
3104 2773 3317 2828 videtur
3349 2792 3361 2827 :
3397 2782 3601 2843 quanto
3632 2774 3803 2844 magis

2212 2863 2473 2927 diabolus,
2523 2878 2681 2933 quem
2715 2863 2958 2934 angelica
3001 2862 3284 2931 majestate
3338 2864 3625 2918 sublimem
3680 2880 3803 2933 pro-

2210 2954 2423 3026 phetica
2454 2955 2673 3010 oracula
2700 2954 2870 3009 fuisse
2900 2962 3169 3009 testantur
3200 2972 3215 3007 :
3248 2954 3315 3008 de
3348 2952 3503 3022 cujus
3534 2954 3802 3025 magnitu—

2213 3048 2337 3102 dine
2367 3048 2654 3117 Apostolus
2701 3048 2777 3102 ait
2810 3066 2821 3102 :
2861 3068 2878 3100 ι
2911 3048 2995 3102 An
3029 3048 3291 3119 ignoratis
3333 3046 3674 3103 altitudinem
3703 3046 3801 3102 Sa-

2213 3143 2387 3197 tante?
2422 3161 2441 3193 ι
2484 3141 2666 3214 (Apoc.
2698 3142 2782 3213 ιι.)
2824 3140 2963 3208 Quid
2998 3142 3195 3196 mirum
3237 3157 3391 3213 ergo,
3421 3142 3467 3196 si
3513 3141 3802 3195 imminen-

2215 3243 2320 3288 tem
2352 3249 2518 3304 prepe
2560 3246 2787 3290 mortem
2837 3236 3008 3304 potuit
3060 3234 3377 3305 praevidere,
3406 3250 3527 3290 eum
3572 3234 3678 3288 hoc
3726 3234 3804 3287 sit

2214 3328 2356 3382 unde
2383 3327 2540 3393 fallit,
2564 3334 2617 3382 et
2643 3342 2701 3384 se
2731 3327 2784 3381 in
2811 3327 2906 3382 Dei
2947 3324 3218 3415 potestate
3245 3326 3356 3401 vult
3381 3324 3613 3379 adorari.
3651 3323 3803 3378 Nam

2218 3428 2362 3473 tanta
2410 3420 2735 3475 hebetudine
2776 3421 3000 3474 demens
3049 3418 3275 3474 eﬁ‘ectus
3313 3427 3396 3474 est
3440 3416 3591 3482 Saul,
3619 3426 3682 3471 ut
3730 3416 3804 3471 ad

2213 3511 2586 3582 pythonissam
2636 3509 2970 3581 confugeret.
3022 3509 3363 3580 Depravatus
3406 3509 3585 3572 enim,
3637 3521 3803 3561 causa

2213 3603 2445 3672 peccati,
2483 3601 2548 3655 ad
2577 3602 2690 3657 hmo
2733 3618 2791 3657 se
2833 3601 3085 3667 contulit,
3132 3616 3252 3673 qua:
3292 3601 3667 3671 damnaverat.
3695 3595 3803 3652 Sed

2215 3692 2259 3747 si
2292 3694 2415 3763 quis
2435 3704 2655 3765 propter
2684 3696 2965 3751 historiam
3002 3705 3059 3751 ut
3092 3712 3154 3751 ea
3182 3712 3302 3766 quae
3333 3695 3516 3750 verbis
3545 3708 3799 3773 egpressa

2214 3794 2359 3852 sunt,
2400 3795 2555 3856 putet
2603 3804 2708 3842 non
2755 3789 3238 3859 praetermittenda,
3267 3805 3335 3845 ne
3388 3789 3529 3843 ratio
3560 3788 3801 3847 historia:

2214 3881 2391 3936 inanis
2448 3882 2539 3948 sit,
2590 3891 2738 3937 recte
2786 3883 2946 3938 faciet
2975 3883 3215 3952 quidem,
3248 3881 3292 3937 si
3346 3891 3524 3936 tamen
3580 3881 3803 3935 niinime

2213 3970 2357 4025 istud
2384 3969 2455 4025 ad
2480 3969 2593 4026 veri
2624 3972 2812 4041 rapiat
2839 3972 3123 4035 rationem,
3176 3971 3268 4037 sed
3313 3970 3380 4024 ad
3428 3970 3604 4024 visum
3633 3980 3689 4023 et
3720 3971 3803 4022 in-

2215 4061 2488 4115 tellectum
2532 4062 2681 4115 Saul.
2720 4060 2903 4132 Neque
2945 4063 3087 4116 enim
3130 4062 3394 4135 reprobus
3426 4060 3626 4133 factus,
3651 4068 3802 4131 pote-

2216 4164 2300 4207 rat
2328 4154 2527 4209 bonum
2551 4152 2879 4208 intellectum
2904 4152 3125 4208 habere.
3149 4152 3454 4207 Historicus
3476 4153 3622 4227 enim
3655 4144 3801 4211 mcn‘

2214 4254 2325 4301 tem
2356 4246 2483 4301 Saul
2526 4256 2578 4301 et
2624 4246 2866 4301 habitum
2913 4246 3185 4301 Samuelis
3228 4245 3535 4314 descripsit,
3577 4259 3641 4299 ea
3679 4260 3799 4314 qure

2215 4337 2357 4391 dicta
2388 4346 2442 4392 et
2467 4338 2582 4391 visa
2612 4345 2738 4392 sunt
2761 4338 3070 4409 exprimens
3104 4357 3114 4391 :
3152 4339 3572 4411 praetermittens
3600 4338 3644 4391 si
3670 4353 3796 4391 vera

2215 4444 2283 4481 an
2310 4427 2445 4484 falsa
2472 4430 2598 4499 sint.
2628 4429 2767 4496 Quid
2792 4431 2934 4485 enim
2968 4430 3077 4484 ait?
3105 4429 3343 4485 Audiens
3381 4430 3437 4484 in
3464 4446 3580 4502 quo
3610 4429 3791 4505 habitu

2215 4530 2358 4576 esset
2384 4522 2670 4588 excitatus,
2692 4523 2978 4587 lntellexit,
3012 4523 3206 4593 inquit,
3231 4524 3371 4577 hunc
3401 4538 3523 4577 esse
3554 4519 3789 4577 Samuel.

2215 4612 2348 4678 Quia
2395 4613 2739 4679 intellexerit,
2791 4613 3015 4668 retulit:
3049 4622 3102 4667 et
3143 4612 3269 4681 quia
3310 4628 3415 4666 non
3456 4613 3593 4667 bene
3636 4611 3796 4665 intel-

2213 4705 2367 4769 lexit,
2400 4715 2589 4759 contra
2619 4704 2956 4775 Seripturam
3008 4704 3171 4757 alium
3216 4704 3461 4761 adoravit
3501 4720 3665 4775 quam
3695 4705 3797 4758 Do-

2213 4794 2417 4848 minum
2450 4812 2462 4847 :
2492 4802 2546 4848 et
2572 4802 2766 4865 putans
2799 4796 3124 4860 .‘A‘amuelem,
3155 4795 3401 4849 adoravit
3433 4792 3707 4847 diabolum
3738 4804 3799 4847 ut

2212 4884 2445 4939 fructum
2478 4884 2703 4941 fallaciae
2728 4902 2840 4940 sua:
2882 4886 3125 4941 haberet.
3160 4887 3392 4941 Satanas
3413 4886 3516 4941 hoc
3541 4887 3687 4939 enim
3714 4888 3796 4940 ni-

2215 4976 2365 5041 titur,
2396 4985 2455 5031 ut
2477 4977 2733 5032 adoretur
2760 4979 2913 5048 quasi
2943 4980 3103 5034 Deus.
3134 4979 3193 5034 Si
3226 4981 3375 5057 enim
3399 4995 3527 5053 vere
3570 4980 3793 5037 Samuel

2214 5066 2289 5119 illi
2313 5067 2670 5135 apparuisset,
2708 5084 2814 5123 non
2843 5070 3028 5139 utique
3054 5070 3136 5135 vir
3158 5054 3349 5138 justus
3372 5054 3709 5142 permisisset
3735 5086 3796 5124 se

2213 5159 2451 5223 adorari,
2484 5159 2575 5229 qui
2606 5160 2992 5230 praedicaverat
3030 5148 3312 5217 Dominum
3345 5163 3516 5217 solum
3552 5179 3673 5217 esse
3699 5162 3791 5216 ad—

2212 5251 2474 5305 orandum
2507 5268 2520 5305 :
2556 5260 2610 5305 et
2639 5254 2910 5321 quomodo
2939 5256 3098 5322 homo
3125 5254 3218 5307 Dei
3246 5254 3335 5322 qui
3362 5236 3791 5325 cumiAbrahani

2213 5336 2268 5398 in
2305 5342 2588 5413 refrigerio
2617 5353 2754 5411 erat,
2782 5345 2996 5413 dicebat
3023 5347 3086 5399 ad
3123 5346 3298 5423 virujn
3338 5345 3682 5416 pestilentiae,
3714 5345 3794 5398 di-

2213 5447 2376 5502 gnum
2415 5434 2612 5487 ardore
2647 5436 2906 5503 gelu-nua:
2941 5436 3110 5491 :Cras
3146 5452 3355 5491 mecum
3385 5437 3514 5493 eris.
3544 5435 3640 5511 His
3663 5436 3797 5491 duo-

2210 5521 2312 5576 bus
2341 5521 2514 5575 titulis
2544 5524 2894 5603 subtilitatem
2924 5525 3147 5579 fallaciae
3178 5541 3288 5580 suae
3316 5522 3553 5613 providit
3594 5510 3799 5605 impro-

2211 5612 2365 5667 vidus
2391 5612 2623 5670 Satanas
2655 5631 2668 5669 :
2701 5617 2826 5685 quia
2862 5626 2919 5670 et
2949 5617 3162 5673 adorari
3206 5634 3266 5674 se
3292 5612 3538 5689 permisit
3569 5614 3798 5674 sub'ha-

2210 5700 2327 5755 bitu
2362 5712 2417 5756 et
2465 5703 2686 5760 nomine
2737 5706 3002 5761 Samuelis
3041 5716 3229 5763 contra
3269 5710 3439 5781 legem
3474 5720 3569 5765 :et
3618 5712 3797 5765 virum

2209 5797 2445 5863 peccatis
2469 5812 2739 5866 pressum,
2775 5814 2898 5854 cum
2938 5816 3132 5873 magna
3153 5800 3412 5859 distantia
3446 5810 3797 5875 peccatorum
