4112 6364
405 337 532 412 μοι

1636 355 1724 408 nn
1762 341 2036 412 MAGICIS
2076 359 2396 416 annuus.

3511 378 3651 435 11(Ιῖ

398 467 452 538 ct
481 457 750 537 iustorum
789 460 880 532 sit,
925 477 1056 530 cum
1085 461 1342 538 Samuelis
1376 462 1684 536 justissima
1709 465 1964 562 ~futurum

2070 477 2328 525 trantur-z
2363 473 2654 542 instigante
2698 477 2932 531 maxime
2966 479 3097 536 vitio
3133 484 3484 554 curiositatis,
3523 505 3651 562 pro-

397 552 654 626 mentitus
687 560 789 624 est,
836 568 1024 628 verum
1062 563 1244 624 potest
1280 555 1476 626 videri,
1517 556 1565 612 si
1607 557 1676 624 de
1705 556 1969 614 Samuelis

396 642 611 722 potuine
651 650 894 720 taceatur
925 664 936 697 ε
963 646 1096 712 quia
1145 645 1274 706 Salui
1321 661 1444 703 cum
1503 645 1718 702 diabolo
1759 648 2019 722 futurus?

395 741 512 812 erat
539 748 551 809 ς
582 735 801 809 adeunt
848 737 998 805 extim,
1041 737 1445 808 “fanantigravit
1493 754 1654 809 quem
1699 741 1965 794 adoravit.

394 822 622 901 Semper;
651 843 784 902 (περ.
800 828 1052 908 diabolus,
1067 831 1168 893 sub
1194 833 1462 889 velamine
1483 835 1657 889 latens
1685 834 1864 903 prodit
1890 848 1964 898 se,

395 916 524 988 dum
553 935 622 993 ea
653 921 933 991 contingit,
965 938 1092 990 quae
1134 923 1392 986 horreant
1442 941 1688 995 persona:
1716 941 1813 995 per
1835 939 1970 994 quas

394 1010 580 1074 fallere
602 1015 812 1083 nititur.
849 1015 908 1092 Si
935 1026 1120 1077 autem
1142 1018 1339 1089 aliquis
1383 1021 1763 1091 mihiopponit
1795 1037 1858 1074 ac
1885 1021 1965 1075 di-

391 1105 466 1170 cit
491 1121 508 1170 ξ
529 1105 808 1174 Quomodo
841 1110 1098 1170 eveniunt
1145 1111 1256 1175 illa,
1303 1129 1426 1182 qua:
1455 1113 1530 1167 illi
1563 1115 1730 1168 divini
1760 1123 1815 1168 et
1853 1129 1970 1183 pro-

387 1196 563 1264 pheta:
596 1198 718 1264 falsi,
748 1201 1048 1268 praedicunt
1081 1200 1297 1270 futura?
1326 1211 1420 1264 aut
1449 1205 1720 1273 quomodo
1743 1213 1967 1274 possunt

387 1290 546 1358 aegris
565 1291 810 1360 [imitere
836 1292 1123 1366 medelam,
1153 1300 1248 1347 aut
1291 1295 1437 1350 sanis
1483 1295 1778 1349 immittere
1814 1295 1970 1366 aegri—

389 1383 648 1447 tudinem.
675 1383 724 1443 si
758 1382 966 1451 aliquid
1007 1385 1239 1454 propriae
1284 1386 1503 1444 virtutis
1559 1401 1624 1441 ae
1676 1386 1965 1455 potestatis

386 1491 496 1536 nou
521 1474 756 1536 habent?
783 1474 895 1531 lloc
943 1491 978 1529 a
1026 1491 1116 1541 me
1161 1476 1389 1546 recipiat
1443 1493 1786 1548 responsum,
1826 1479 1967 1547 quod

386 1569 513 1628 ideo
541 1571 829 1640 quisquam
855 1587 962 1627 non
991 1573 1150 1634 debet
1183 1575 1264 1630 eis
1289 1575 1537 1640 credere,
1569 1578 1696 1646 quia
1729 1577 1969 1649 aliquan-

385 1663 734 1730 dttevepiunt
772 1681 896 1734 quae
928 1666 1258 1735 praedicunt,
1315 1677 1409 1723 aut
1467 1685 1664 1724 sanare
1712 1671 1967 1724 videntur

384 1753 669 1826 languidos
696 1755 780 1810 vel
800 1757 1001 1813 ltedere
1028 1773 1191 1817 sanos
1223 1774 1237 1812 :-
1270 1761 1395 1828 quia
1429 1761 1530 1815 hoc
1568 1762 1835 1830 permissu
1871 1761 1964 1816 Dei

2070 572 2193 633 pter
2213 580 2452 619 amorem
2474 565 2745 621 felicitatis
2775 567 2922 625 falsa:
2948 581 3109 642 atque
3141 584 3367 633 terrente
3394 590 3450 637 et
3475 584 3651 639 excel-

2070 654 2248 711 lentia:
2279 658 2606 726 temporalis.
2643 657 2742 725 Qui
2781 670 2960 716 autem
2986 679 3042 718 se
3073 667 3140 719 a-h
3165 668 3243 721 eis
3268 672 3652 740 cupiditatibus

2071 749 2352 812 mundant,
2379 763 2479 802 nee
2506 750 2585 804 eis
2619 766 2679 805 se
2723 751 2975 810 ferendos
3007 758 3397 836 rapiendosque
3427 768 3650 840 permit-

2073 847 2212 904 tunt,
2238 841 2332 895 sed
2376 841 2654 910 inquirunt
2699 852 2755 898 et
2805 855 2990 900 amant
3035 849 3254 919 aliquid,
3290 857 3431 925 quod
3461 859 3648 912 eodem

2070 931 2232 985 modo
2271 946 2485 1001 semper
2528 944 2643 999 est,
2675 936 2829 1006 cujus
2870 939 3285 1010 participatione
3334 947 3474 1018 beati
3523 951 3649 1015 sint,

2070 1020 2304 1090 primum
2331 1023 2678 1078 considerant
2703 1041 2811 1080 non
2845 1027 2962 1084 ideo
2987 1029 3085 1085 sibi
3111 1040 3501 1109 przeponendos
3531 1019 3650 1095 esse

2071 1112 2361 1180 daemones,
2403 1117 2546 1185 quod
2575 1119 2784 1172 acriore
2837 1136 2995 1176 sensu
3042 1127 3285 1202 corporis
3334 1131 3646 1220 przevalent,

2071 1198 2214 1260 aeris
2241 1205 2469 1272 scilicet,
2501 1208 2602 1263 hoc
2638 1218 2721 1264 est
2755 1212 3054 1269 subtilioris
3078 1198 3380 1292 clementirz~
3402 1198 3524 1292 quia
3553 1198 3651 1296 nec

2070 1294 2202 1364 ipsis
2241 1299 2470 1353 terrenis
2514 1302 2832 1369 corporibus
2878 1304 3079 1362 bestias
3118 1310 3218 1383 sibi
3266 1294 3652 1386 przeponemlas

2069 1394 2280 1456 putant,
2305 1403 2424 1457 quze
2451 1391 2630 1446 acrius
2670 1392 2836 1446 multa
2879 1399 3233 1464 praesentiunt
3261 1419 3272 1453 :
3304 1391 3465 1476 veluti
3495 1420 3647 1476 saga-

2069 1491 2188 1532 cem
2233 1493 2442 1544 canem,
2489 1483 2614 1552 quia
2651 1485 2905 1541 latentem
2938 1488 3107 1544 feram
3138 1493 3336 1548 olfactu
3385 1494 3650 1574 acerrimo

2071 1571 2150 1624 sic
2187 1571 2412 1638 invenit,
2447 1584 2504 1627 ut
2525 1576 2591 1628 ad
2635 1592 2752 1632 eam
2783 1581 3139 1650 capiendam,
3171 1586 3424 1660 ducatum
3453 1571 3645 1660 quem-

2070 1663 2192 1718 dam
2225 1665 2428 1721 homini
2466 1671 2708 1738 pnebcat
2741 1689 2754 1723 :
2800 1688 2907 1727 non
2953 1676 3137 1744 utique
3186 1677 3530 1760 prudentiore
3566 1663 3648 1760 in-

2019 1799 2032 1808 .
2071 1753 2284 1808 tellectu
2337 1758 2536 1822 animi,
2580 1761 2674 1814 sed
2720 1764 2964 1818 acutiorc
3019 1753 3476 1836 eorpoi'isiisiensu
3513 1755 3532 1826 ἐ
3566 1757 3651 1828 vel

384 1847 464 1910 iit,
490 1855 549 1901 ut
578 1848 675 1918 ipsi
712 1850 806 1918 qui
831 1850 946 1906 hate
983 1852 1209 1906 audiunt
1247 1853 1331 1909 vel
1377 1855 1578 1919 vident,
1620 1855 1961 1925 probentur:
1993 1841 2043 1902 Β
2067 1846 2336 1942 γυιιυιὉῐη
2359 1890 2372 1915 ,
2421 1852 2547 1926 quia
2613 1853 2849 1922 proiecto
2901 1859 3185 1926 cadavere,
3239 1878 3300 1936 ex
3362 1865 3650 1942 improvisa

385 1947 441 1994 et
466 1949 723 2010 appareat
753 1942 896 2011 quali
922 1943 1027 1997 fide
1047 1944 1164 1998 sint
1184 1945 1269 2000 vel
1299 1946 1582 2001 devotione
1607 1962 1737 2016 erga
1775 1946 1960 2001 Deum.

386 2029 540 2086 Sicut
569 2032 622 2085 in
659 2033 1075 2089 Deuteronomio
1099 2035 1296 2105 legitur
1324 2037 1530 2109 Moyses
1558 2039 1724 2093 verbo
1751 2038 1964 2092 Domini

381 2121 579 2192 populo
611 2122 703 2176 Dei
734 2125 1055 2193 praecepisse
1082 2125 1154 2178 ita
1180 2126 1365 2182 dicens
1400 2146 1412 2180 :
1452 2146 1468 2178 ι
1509 2126 1566 2181 Si
1588 2130 1885 2184 surrexerit
1910 2129 1965 2182 in

391 2232 408 2263 ‹
458 2213 632 2273 medio
659 2215 734 2268 tui
762 2217 1072 2285 prophetes,
1107 2230 1200 2272 aut
1242 2219 1332 2288 qui
1373 2220 1638 2274 somnium
1682 2221 1880 2276 vidisse
1907 2236 1965 2278 se

391 2324 410 2356 ι
457 2306 621 2371 dicat,
659 2318 714 2370 et
752 2311 1064 2378 prmdixerit
1091 2313 1302 2382 signum
1335 2322 1494 2380 atque
1537 2322 1868 2380 portentum,
1911 2324 1966 2370 et

392 2415 409 2445 ι
457 2401 699 2453 evenerit
727 2403 872 2469 quod
919 2402 1131 2458 loeutus
1157 2412 1258 2469 est,
1289 2414 1342 2457 et
1379 2403 1577 2459 dixerit
1605 2405 1697 2460 tibi
1729 2424 1740 2459 :
1767 2406 1965 2462 Eamus

391 2506 410 2538 ι
455 2496 511 2541 et
540 2503 830 2556 sequamur
852 2492 981 2547 deos
1005 2494 1232 2559 alienos,
1257 2511 1392 2565 quos
1418 2496 1654 2566 ignoras,
1679 2508 1735 2551 et
1762 2498 1965 2551 servia—

391 2598 408 2628 ι
453 2593 574 2644 mus
602 2581 682 2634 eis
709 2598 722 2646 ;
757 2597 864 2635 non
891 2585 1078 2639 audies
1109 2587 1274 2640 verba
1309 2587 1586 2656 propheta:
1618 2597 1707 2641 aut
1735 2589 1967 2642 somnia-

391 2690 410 2722 ς
457 2671 592 2734 toris
617 2673 795 2742 hujus,
830 2675 959 2742 quia
985 2684 1158 2730 tentat
1180 2694 1275 2732 vos
1315 2678 1574 2735 Dominus
1601 2681 1740 2736 Deus
1761 2691 1962 2746 vester,

391 2787 408 2816 ι
456 2776 516 2820 ut
545 2768 718 2836 palam
748 2769 839 2823 fiat
873 2780 1051 2826 utrum
1084 2751 1318 2842 diligatis
1355 2788 1478 2827 eum
1514 2790 1581 2827 an
1627 2790 1732 2829 non
1768 2775 1818 2828 in
1848 2783 1962 2829 toto

393 2879 412 2909 ι
457 2859 617 2913 corde
649 2869 704 2915 et
747 2862 800 2914 in
844 2871 955 2917 tota
1004 2865 1182 2918 anima
1224 2873 1426 2919 vestra.
1458 2867 1746 2920 Dominum
1795 2869 1963 2922 Deum

393 2970 410 3000 α
458 2959 696 3005 vestrum
735 2955 1044 3023 sequimini,
1080 2965 1134 3009 et
1168 2956 1342 3027 ipsum
1372 2957 1580 3024 timete,
1622 2960 1871 3013 mandata
1903 2960 1965 3014 il-

394 3060 412 3091 ι
459 3041 560 3095 lius
589 3044 878 3110 custodite,
904 3055 958 3099 et
995 3048 1179 3102 audite
1211 3064 1397 3103 vocem
1435 3050 1552 3119 ejus
1589 3068 1601 3103 :
1634 3050 1733 3119 ipsi
1763 3039 1966 3106 servie-

393 3155 412 3184 t
459 3135 559 3199 tis,
603 3145 657 3189 et
708 3136 808 3204 ipsi
859 3137 1236 3204 adhterebitis,
1273 3161 1296 3191 ι
1327 3149 1429 3195 etc.
1468 3139 1827 3213 (Deut.'xtn.)
1867 3144 1963 3212 Ubi

2070 1935 2463 2008 longinquitate
2511 1942 2766 1998 advolat:
2800 1961 2898 2000 nec
2939 1949 3137 2017 aquila,
3192 1935 3312 2026 quia
3352 1935 3651 2032 sublimiter

2070 2028 2289 2096 volans,
2315 2032 2380 2085 de
2427 2041 2572 2087 tanto
2606 2035 2887 2092 intervallo
2923 2035 3219 2098 natantem.
3251 2048 3349 2116 sub
3397 2028 3647 2107 fluctibus

2067 2119 2271 2189 piscem
2319 2123 2515 2178 dicitur
2566 2128 2870 2195 providere,
2910 2138 2962 2183 ct
2990 2134 3229 2200 graviter
3279 2117 3433 2208 aquis
3482 2140 3643 2207 illisa,

2069 2214 2298 2267 exsertis
2345 2216 2569 2283 pedibus
2609 2227 2769 2287 atque
2809 2223 3077 2291 unguibus
3110 2241 3295 2294 rapere
3337 2247 3347 2280 :
3389 2246 3486 2283 nec
3537 2231 3640 2284 alia

2069 2304 2239 2358 multa
2266 2306 2615 2362 animantium
2658 2326 2852 2379 genera
2877 2354 2890 2375 ,
2923 2330 3040 2382 quae
3087 2316 3226 2370 inter
3266 2319 3461 2374 herbas
3487 2322 3647 2394 saluti

2068 2410 2182 2450 suae
2210 2399 2418 2463 noxias,
2442 2404 2710 2468 pascendo
2749 2406 3161 2473 circumerrant,
3199 2426 3294 2467 nec
3321 2414 3514 2484 aliquis
3557 2433 3649 2472 ea-

2069 2503 2188 2542 rum
2226 2505 2334 2558 quo
2374 2491 2666 2556 lasdautur,
2701 2497 2972 2567 attingunt
3005 2517 3018 2552 :
3051 2516 3174 2554 cum
3215 2518 3306 2557 eas
3353 2489 3513 2561 ho'am
3557 2511 3643 2564 vix

2069 2578 2395 2646 experiendo
2422 2596 2617 2635 cavere
2646 2584 2933 2651 didicerit,
2967 2598 3018 2642 et
3051 2591 3216 2645 multa
3263 2594 3476 2650 innoxia
3524 2615 3647 2653 cum

2068 2673 2177 2726 sint
2202 2673 2497 2743 inexperta,
2531 2677 2803 2733 formidet.
2858 2682 3008 2736 Unde
3049 2684 3321 2754 conjicere
3367 2687 3523 2744 facile
3567 2699 3650 2762 est

2068 2772 2327 2832 quantum
2383 2768 2550 2834 possit
2597 2769 2650 2822 in
2697 2772 2873 2826 aereis
2929 2778 3248 2843 corporibus
3302 2791 3492 2833 sensus
3527 2795 3648 2836 esse

2069 2853 2247 2906 acrior
2284 2868 2298 2907 ε
2339 2871 2438 2909 nec
2481 2857 2603 2911 ideo
2649 2867 2825 2911 tamen
2869 2861 3140 2917 dminoncs
3188 2868 3278 2936 qui
3329 2882 3394 2921 eo
3438 2871 3650 2936 praediti

2067 2951 2215 3007 sunt,
2240 2944 2395 2998 bonis
2416 2945 2724 3002 hominibus
2751 2954 3139 3018 pra-ponendos
3161 2957 3398 3022 prudens
3421 2961 3650 3030 quisque

2068 3036 2355 3088 censuerit.
2403 3036 2516 3091 Hoc
2559 3047 2611 3091 et
2653 3040 2719 3093 de
2753 3056 3038 3110 corporum
3087 3046 3363 3102 celeritate
3393 3051 3643 3106 dixerim.

2066 3123 2136 3178 Et
2162 3126 2277 3180 haec
2305 3127 2446 3180 enim
2477 3132 2787 3198 praestantia
2823 3149 2928 3186 non
2967 3134 3138 3188 solum
3161 3152 3190 3189 a
3217 3138 3525 3196 volucribus
3550 3143 3646 3198 ho-

387 3240 518 3280 sane
545 3226 769 3298 intelligi
812 3229 986 3283 voluit
1020 3231 1188 3285 etiam
1223 3231 1333 3295 illa,
1379 3249 1497 3302 qua)
1536 3250 1566 3288 a
1599 3235 1964 3291 divinantibus
1993 3215 2038 3279 ρ
2070 3217 2262 3283 mines,
2287 3235 2474 3274 verum
2510 3238 2539 3275 ³
2574 3223 2755 3278 "mnis
2784 3225 2945 3278 etiam
2978 3228 3413 3298 quadrupedibus
3449 3232 3523 3286 ίῑὶι
3545 3239 3646 3287 ’δυ’

389 3334 494 3374 non
538 3322 830 3378 secundum
866 3323 1034 3376 Deum
1089 3325 1376 3389 dicuntur,
1422 3327 1465 3380 si
1504 3327 1805 3394 acciderint
1847 3345 1966 3410 qua;

388 3409 665 3472 dicuntur,
708 3427 812 3463 non
852 3413 1164 3483 accipienda
1200 3434 1211 3467 :
1247 3417 1334 3470 vel
1373 3417 1538 3471 etiam
1587 3419 1630 3474 si
1680 3420 1810 3498 ﬁant
1845 3409 1966 3496 qua:

386 3502 774 3570 prmeipiuntur
817 3504 884 3557 ab
912 3505 1010 3569 eis,
1044 3515 1138 3559 aut
1172 3507 1424 3563 colantur
1467 3526 1588 3580 qute
1621 3513 1873 3586 coluntur
1900 3513 1967 3568 ab

387 3592 484 3645 eis.
513 3591 622 3646 Nec
647 3603 847 3662 praeter
876 3612 1028 3650 suam
1053 3608 1376 3669 potestatem
1402 3603 1545 3658 Deus
1569 3607 1804 3682 ostendit
1825 3622 1963 3684 esse,

387 3685 528 3751 quod
554 3687 656 3741 ista
688 3687 1010 3757 contingunt
1037 3683 1173 3745 :‘sed
1201 3693 1353 3760 quasi
1397 3705 1752 3763 quzereretur,
1783 3713 1880 3752 cur
1902 3683 1965 3754 ea

387 3777 673 3844 per—mittit,
715 3768 933 3834 causam
988 3785 1307 3839 tentationis
1348 3789 1614 3857 exposuit,
1667 3792 1732 3845 ad
1772 3807 1969 3862 c0gno-

390 3873 644 3930 scendam
685 3875 868 3941 utique
904 3890 1091 3930 eorum
1120 3877 1490 3945 dilectionem,
1521 3892 1702 3937 utrum
1733 3885 1968 3950 eam'ha-

389 3963 552 4020 beant
573 3977 705 4032 erga
733 3964 902 4022 Deum
931 3980 1088 4018 suum
1119 3984 1130 4018 :
1175 3974 1611 4038 cognoscendum
1636 3989 1765 4028 vero
1792 3976 1859 4028 ab
1892 3977 1970 4045 ip-

390 4056 463 4107 sis
489 4056 666 4124 }m_tius
695 4072 856 4124 quam
902 4059 1112 4124 abillo,
1161 4063 1253 4129 qui
1309 4063 1410 4118 scit
1450 4067 1630 4118 omnia
1679 4075 1966 4137 antequam

392 4145 864 4218 tiant._Sciendum
887 4164 1020 4204 vero
1056 4159 1157 4215 est,
1207 4155 1350 4209 hanc
1397 4155 1698 4210 dtemonutn
1724 4173 1842 4214 esse
1873 4177 1968 4213 na—

389 4244 589 4299 turam,
620 4245 678 4289 ut
704 4239 850 4292 aerei
876 4242 1119 4308 corporis
1167 4257 1350 4309 sensu,
1400 4255 1737 4302 terrenorum
1772 4265 1964 4320 corpo-

390 4343 512 4384 rum
538 4345 756 4384 sensum
791 4333 948 4386 facile
975 4337 1304 4403 prtecedant.
1331 4339 1621 4395 Celeritate
1656 4342 1820 4396 etiam
1842 4358 1966 4412 pro-

387 4431 507 4491 pter
535 4423 684 4478 aerei
729 4427 970 4495 eorporis
1019 4430 1353 4497 superiorem
1403 4433 1801 4500 mobilitatem,
1856 4419 1962 4492 non

387 4511 560 4566 solum
590 4529 780 4576 cursus
813 4519 1182 4585 quorum-libet
1224 4523 1502 4577 hominum
1564 4525 1648 4581 vel
1702 4526 1957 4594 ferarum,

388 4619 572 4669 verum
614 4605 779 4659 etiam
829 4609 1041 4666 volatus
1084 4614 1262 4667 avium
1300 4615 1796 4684 incomparabiliter
1839 4621 1957 4674 Vil-

386 4703 511 4748 cant
544 4713 556 4747 :
591 4696 790 4765 quibus
814 4699 1021 4754 duabus
1046 4703 1207 4757 rebus
1223 4715 1482 4774 quantum
1505 4709 1570 4761 ad
1595 4727 1811 4764 aereum
1834 4729 1957 4764 cur-

386 4800 485 4853 pns
512 4787 725 4852 attinet,
757 4790 984 4856 praediti,
1017 4790 1118 4846 hoe
1142 4802 1225 4848 est
1253 4797 1550 4852 acrimonia
1576 4815 1764 4853 sensus
1788 4809 1840 4853 et
1869 4817 1958 4856 ee-

385 4879 604 4933 lcritate
651 4894 846 4948 motus,
895 4883 1067 4942 multo
1115 4895 1242 4940 ante
1295 4889 1527 4958 cogitata
1594 4893 1962 4960 pne-nuntiant

385 4970 472 5024 vel
502 4975 774 5039 nuntiant,
808 4991 928 5045 quas
956 4978 1204 5034 homines
1241 4996 1340 5050 pro
1379 4998 1569 5036 sensus
1607 4985 1806 5038 terreni
1850 4995 1959 5040 tar-

385 5061 552 5114 ditate
584 5063 867 5122 mirentur.
893 5067 1138 5122 Accessit
1172 5070 1337 5123 etiam
1365 5071 1699 5126 daemonibus
1730 5090 1825 5143 per
1851 5070 1956 5128 tam

385 5153 602 5224 longum
633 5163 862 5224 tempus,
901 5173 1010 5226 quo
1033 5175 1220 5214 eorum
1246 5162 1354 5232 vita
1384 5155 1750 5231 protenditur,
1779 5179 1958 5218 rerum

385 5243 540 5314 longe
557 5245 1098 5316 majorexperientia,
1123 5267 1284 5319 quam
1310 5260 1489 5319 potest
1511 5252 1818 5306 hominibus
1844 5269 1960 5322 pro-

382 5346 505 5406 pter
553 5338 878 5396 brevitatem
937 5343 1061 5396 vitze
1115 5343 1418 5413 provenire.
1478 5343 1581 5399 Per
1642 5345 1740 5398 has
1783 5341 1962 5400 ellica-

383 5429 500 5483 cias
522 5446 657 5498 quas
682 5432 814 5489 aerii
837 5434 1081 5502 corporis
1105 5441 1295 5487 natura
1327 5435 1516 5489 sortita
1537 5444 1640 5512 est,
1658 5451 1762 5488 non
1786 5435 1958 5510 solum

384 5520 551 5574 multa
607 5522 785 5580 futura
842 5526 1140 5595 praedicunt
1186 5527 1492 5590 llasmones,
1551 5544 1735 5582 verum
1793 5530 1956 5584 etiam

383 5612 521 5666 mira
552 5614 719 5669 multa
771 5617 1013 5672 faciunt:
1049 5634 1167 5688 qua:
1196 5618 1452 5688 quoniam
1489 5620 1735 5674 homines
1778 5620 1957 5675 dicere

386 5721 450 5759 ac
485 5704 663 5761 facere
711 5723 815 5762 non
844 5719 1089 5777 possunt,
1119 5727 1213 5765 eos
1242 5710 1431 5782 dignos
1484 5710 1699 5780 quidam
1760 5711 1955 5782 quibus

384 5799 643 5864 serviant.
677 5813 731 5854 et
758 5805 953 5866 quibus
979 5805 1189 5859 divinos
1238 5806 1471 5859 honores
1517 5797 1956 5887 deferantiarbi-

2068 3317 2349 3376 perantur,
2383 3319 2442 3364 ut
2472 3312 2526 3366 in
2557 3329 2741 3368 eorum
2771 3317 3175 3387 comparatione
3218 3320 3454 3390 plumbei
3487 3339 3646 3394 repu-

2071 3401 2216 3464 tandi
2263 3403 2407 3456 sint:
2441 3419 2541 3460 nec
2571 3414 2745 3460 tamen
2799 3407 2919 3462 ideo
2967 3409 3069 3463 sibi
3126 3411 3240 3465 haec
3291 3400 3648 3471 animantium

2069 3509 2268 3563 genera
2320 3498 2634 3553 existimant
2683 3504 3039 3571 praeponenda
3078 3522 3089 3557 :
3124 3505 3318 3574 quibus
3371 3510 3647 3578 capiendis

2071 3596 2234 3655 atque
2277 3589 2331 3642 in
2374 3606 2485 3644 sua:
2520 3592 2814 3648 voluntatis
2841 3611 2996 3649 usum
3027 3597 3479 3668 commodumque
3507 3603 3648 3656 redi-

2069 3678 2276 3746 gendis,
2320 3695 2424 3736 non
2477 3681 2528 3735 vi
2583 3683 2847 3752 corporis,
2898 3685 2992 3739 sed
3045 3687 3267 3741 rationis
3317 3689 3644 3757 impertiant.

2069 3769 2218 3824 lllam
2240 3787 2368 3828 vero
2391 3775 2602 3828 tertiam
2625 3775 2924 3829 dtemonum
2950 3781 3265 3845 potentiam,
3291 3784 3433 3850 quod
3456 3785 3647 3839 diurna

2071 3877 2252 3916 rerum
2281 3865 2612 3932 experientia
2645 3869 3094 3936 quemadmodum
3120 3884 3458 3940 prtenoscant
3484 3885 3648 3945 atque

2069 3956 2452 4023 prtenuntient,
2483 3957 2648 4010 multa
2694 3959 3014 4024 didicerunt,
3047 3962 3116 4013 ita
3142 3972 3515 4026 contemnunt,
3553 3968 3645 4036 qui

2071 4044 2187 4096 haec
2245 4044 2530 4114 vigilanter
2579 4057 2775 4101 curant
2815 4065 2843 4102 a
2885 4051 3178 4106 verissima:
3235 4053 3372 4108 lucis
3423 4057 3658 4114 veritate

2067 4135 2397 4203 discernere,
2428 4147 2484 4191 ut
2509 4155 2607 4194 nee
2634 4140 2803 4194 malos
2833 4157 2988 4195 senes
3017 4143 3167 4212 plura
3197 4156 3468 4214 expertos,
3495 4157 3548 4202 et
3577 4151 3646 4205 ob

2068 4228 2171 4282 hoc
2195 4231 2349 4299 quasi
2376 4230 2642 4285 doctiores
2670 4233 2789 4285 ideo
2830 4234 2984 4302 probi
3012 4234 3378 4292 adolescentes
3407 4239 3507 4293 sibi
3553 4256 3647 4294 an-

2072 4320 2318 4375 tecellere
2371 4323 2722 4378 existiment:
2753 4331 2814 4377 ut
2854 4340 2954 4379 nec
2997 4327 3254 4393 medicos,
3286 4345 3384 4384 nec
3427 4342 3640 4397 nautas,

2066 4427 2169 4466 nec
2223 4413 2523 4484 agricolas,
2575 4430 2712 4484 quos
2767 4432 2947 4485 prava:
3011 4417 3300 4475 voluntatis
3347 4430 3400 4476 et
3447 4424 3644 4494 iniquis

2066 4504 2306 4567 moribus
2332 4505 2584 4570 viderint,
2613 4506 2734 4560 ideo
2767 4515 2955 4576 putent
2985 4509 3090 4563 sibi
3115 4526 3234 4565 esse
3260 4512 3641 4581 prteferendos,

2067 4597 2212 4666 quod
2241 4596 2311 4649 illi
2353 4596 2419 4651 de
2447 4596 2862 4662 valetudinibus,
2897 4597 2971 4651 illi
3007 4600 3072 4653 de
3103 4605 3535 4670 tempestatibus,
3568 4605 3641 4657 illi

2066 4688 2132 4742 de
2187 4688 2530 4742 arbustorum
2587 4687 2967 4754 fructuumque
3022 4692 3308 4758 generibus
3361 4695 3527 4764 multa
3570 4695 3641 4748 ita

2064 4781 2444 4851 praenuntiant,
2471 4789 2531 4833 ut
2558 4779 2749 4832 hartnn
2773 4795 2953 4833 rerum
2980 4783 3259 4852 inexperto
3287 4785 3526 4838 divinare
3560 4790 3640 4840 vi-

2065 4875 2314 4927 deantur.
2349 4872 2504 4940 Quod
2551 4889 2680 4929 vero
2723 4890 2827 4928 non
2867 4876 3040 4929 solum
3070 4878 3312 4943 quaedam
3369 4877 3642 4933 daemones

2064 4964 2243 5021 futura
2297 4966 2628 5034 prtudicunt,
2655 4979 2841 5020 verum
2887 4968 3047 5020 etiam
3080 4968 3324 5036 quaedam
3374 4969 3506 5021 mira
3563 4970 3641 5022 fa-

2061 5058 2232 5122 ciunt,
2263 5074 2364 5128 pro
2397 5057 2512 5125 ipsa
2543 5059 2725 5127 utique
2753 5058 2834 5112 sui
2863 5059 3108 5126 corporis
3137 5057 3474 5124 excellentia,
3507 5077 3638 5116 cura

2059 5167 2168 5206 non
2218 5159 2594 5205 contemnatur
2625 5165 2652 5202 a
2681 5151 3071 5219 prudentibus:
3109 5164 3228 5203 cum
3257 5149 3500 5220 plerique
3543 5151 3642 5204 ini-

2062 5251 2154 5322 qui
2185 5266 2249 5303 ac
2297 5249 2487 5319 perditi
2533 5249 2776 5303 homines
2824 5247 2896 5300 ita
2929 5254 3218 5301 exerceant
3261 5261 3485 5316 corpora
3517 5263 3634 5312 sua,

2065 5345 2320 5412 tantaque
2349 5343 2578 5396 diversis
2626 5341 2833 5394 artibus
2856 5340 3081 5408 possint,
3117 5347 3175 5392 ut
3211 5339 3244 5392 ii
3270 5340 3360 5408 qui
3401 5341 3514 5414 haec
3545 5357 3638 5395 ne-

2061 5436 2261 5499 sciunt,
2307 5451 2408 5490 nec
2447 5434 2731 5503 aliquando
2781 5431 3050 5497 viderunt,
3081 5432 3242 5485 etiam
3294 5442 3509 5487 narrata
3546 5434 3638 5488 vix

2063 5528 2306 5590 credant,
2353 5541 2513 5594 quam
2557 5523 2718 5576 multa
2775 5522 3076 5576 funambuli
3114 5524 3400 5591 etetcrique
3441 5521 3635 5577 theatri

2062 5619 2318 5681 artifices,
2341 5632 2502 5686 quam
2529 5616 2691 5668 multa
2714 5614 2932 5684 opiﬁces
2955 5615 3294 5683 maximeque
3318 5615 3633 5676 mechanici,

2062 5711 2305 5764 miranda
2335 5708 2596 5761 fecerunt.
2627 5705 2762 5760 Num
2792 5708 2912 5762 ideo
2942 5707 3190 5761 meliores
3229 5715 3352 5761 sunt
3378 5708 3551 5768 lmnis,
3584 5715 3639 5761 et

2060 5810 2245 5856 sancta
2272 5799 2473 5869 pietate
2499 5795 2740 5866 premitis
2767 5797 3110 5852 hominibus?
3165 5798 3292 5860 Quae
3339 5795 3460 5848 ideo
3487 5810 3637 5850 ιεοιιι-
