4112 6364
548 424 678 481 ll0'l

1176 434 1239 490 B.
1279 433 1530 489 RABANI
1567 434 1784 490 MAURI
1820 435 2137 492 ARCHIEP.
2179 436 2487 498 HOGUNT.
2520 441 2812 499 OPERUM
2849 444 3031 501 PARS
3069 446 3134 502 II.

3648 456 3673 511 l
3688 456 3793 511 {08

539 540 796 643 pristinis
822 542 1150 628 defensitare
1181 547 1432 643 andeant,
1460 554 1527 627 ⁸ιιι
1572 562 1694 601 cum
1739 548 1964 618 strepitu
1993 562 2115 618 per-
2141 552 2195 612 Α
2225 571 2243 603 ι
2292 561 2349 607 ιιι
2393 556 2610 612 staretis
2649 558 2704 612 in
2728 558 2920 628 pratlio
2960 560 3017 615 in
3046 562 3133 616 die
3179 563 3389 620 Domini
3428 568 3642 643 (Ihm).
3670 590 3690 623 ι
3726 573 3799 628 Et

537 632 693 709 eant.
720 614 855 689 Nam
888 644 944 690 et
969 636 1073 691 hoc
1094 624 1159 691 de
1191 624 1294 692 illis
1326 622 1637 708 prmdictum
1665 646 1747 693 est
1778 639 1830 693 in
1852 614 2103 709 psalmis,

537 706 748 780 dicenlte
792 710 1051 795 prbpheta
1081 723 1256 799 (Psal.
1299 706 1374 798 ix)
1407 746 1419 781 :
1457 747 1476 779 ι
1514 724 1711 784 Sedisti
1755 706 1917 800 super
1953 732 2105 786 thro-

541 834 562 867 ι
605 833 736 871 num
762 819 859 888 qui
879 814 1092 888 iudicas
1119 820 1445 888 :equitatem.
1485 817 1775 890 Increpasti
1820 832 2031 892 gentes,
2054 831 2110 879 et

539 928 556 959 ι
596 910 760 978 periit
785 910 1014 981 impius,
1044 927 1237 966 nomen
1288 927 1473 966 eorum
1523 913 1712 967 delesti
1740 912 1791 967 in
1822 922 2105 982 :eternum,

540 1019 557 1051 ι
604 1010 660 1056 et
706 1002 761 1055 in
811 1003 1062 1058 saeculum
1114 1003 1509 1059 saaculLAmici
1560 1004 1871 1061 defecerunt
1898 1006 2106 1062 framea

541 1109 557 1141 ι
604 1086 882 1157 ἱιιίίιιοιιι,
925 1082 980 1148 et
1026 1088 1273 1149 civitates
1311 1110 1500 1149 eorum
1552 1096 1887 1151 destruxisti.
1938 1082 2107 1152 Periit

600 1182 860 1239 m'emoria
910 1172 1095 1239 eoruin
1127 1199 1248 1238 cum
1301 1187 1527 1267 strepitu
1576 1204 1588 1239 :
1631 1196 1684 1242 et
1736 1186 1997 1243 Dominus
2052 1189 2106 1243 in

541 1312 559 1330 .
601 1284 860 1331 aeternum
909 1285 1207 1347 permanet.
1257 1298 1276 1330 ι
1320 1278 1550 1333 Necesse
1587 1289 1671 1334 est
1714 1295 1871 1350 ergo,
1901 1289 1961 1334 ut
2001 1281 2103 1335 im-

532 1368 782 1443 pleantur
804 1370 917 1423 haec
944 1371 1145 1436 omnia,
1175 1368 1273 1425 nec
1300 1372 1463 1425 etiam
1495 1372 1622 1426 illud
1644 1373 1785 1442 quod
1815 1374 1990 1428 adhuc
2013 1389 2108 1427 au-

533 1460 661 1514 dent
686 1460 787 1530 ipsi
821 1460 978 1530 pauci
1025 1461 1115 1529 qui
1167 1472 1576 1527 remanserunt,
1619 1463 1937 1534 vaniloquas
1981 1481 2107 1520 suas

462 1544 469 1547 ’
529 1560 804 1608 ostentare
860 1552 1166 1620 doctrinas,
1211 1563 1265 1608 et
1303 1554 1640 1610 Christianos
1701 1563 1955 1625 tanquam
2006 1556 2107 1610 im-

528 1646 884 1717 peritissimus
920 1647 1171 1712 irridere,
1218 1662 1318 1702 nos
1363 1662 1708 1703 commovere
1756 1647 1938 1714 debet,
1978 1648 2105 1702 dum

526 1738 605 1791 eis
630 1737 840 1806 impleri
868 1753 932 1792 ea
962 1754 1080 1809 quae
1105 1739 1361 1807 praedicta
1390 1747 1518 1794 sunt
1562 1739 1860 1794 videamus.
1894 1739 1971 1793 Ex
1998 1754 2106 1809 quo

526 1830 669 1884 enim
709 1828 1047 1884 fremuerunt
1094 1839 1316 1909 gentes,
1344 1837 1399 1885 et
1452 1829 1631 1900 pepuli
1687 1829 1930 1884 meditati
1978 1838 2104 1884 sunt

2211 661 2424 715 rursum
2450 661 2465 701 :
2498 667 2518 699 ι
2550 646 2661 713 Vae,
2689 649 2883 719 inquit,
2928 654 3236 721 pastoribus
3266 654 3450 721 Israel,
3479 661 3572 728 qui
3604 678 3798 730 pasce-

2216 754 2235 787 ι
2281 735 2409 791 bant
2460 740 2797 810 semetipsos.
2874 740 3061 797 Nonne
3134 760 3322 815 greges
3390 762 3693 817 pascuntur
3759 771 3795 810 ει

2216 847 2235 880 ι
2278 831 2616 899 pastoribus?
2664 832 2771 887 hac
2818 834 3201 902 comedebatis,
3240 846 3295 891 et
3332 839 3474 895 lanis
3503 847 3794 913 (mei-ieba-

2206 939 2235 973 x
2280 923 2429 987 mini,
2454 932 2511 978 et
2554 926 2695 993 quod
2725 940 2967 980 crassum
2999 936 3117 982 erat
3164 932 3536 988 occidebatis:
3570 952 3797 1007 gregem

2213 1032 2233 1066 ι
2273 1024 2448 1070 autem
2476 1032 2654 1071 meum
2686 1033 2790 1069 non
2824 1019 3150 1086 pascebatis.
3178 1022 3331 1088 Quod
3358 1024 3635 1082 inﬁrmum
3668 1028 3793 1095 fuit,

2214 1122 2233 1154 ι
2278 1120 2381 1159 non
2432 1106 2811 1162 cnusolidastis
2837 1125 2849 1159 :
2880 1115 2934 1161 et
2962 1110 3105 1179 quod
3149 1120 3440 1181 aegrotum,
3484 1131 3591 1170 non
3631 1133 3797 1172 sana-

2213 1213 2231 1246 ι
2278 1196 2415 1249 stis:
2445 1198 2588 1265 quod
2636 1196 2867 1252 fractum
2911 1206 3025 1265 est,
3059 1216 3163 1256 non
3211 1202 3469 1274 alligastis
3506 1224 3520 1262 :
3550 1215 3609 1261 et
3646 1211 3797 1278 quod

2214 1305 2231 1337 ι
2276 1287 2574 1356 ahjectum,
2627 1304 2730 1343 non
2780 1290 3125 1345 reduxistis:
3171 1294 3315 1362 quod
3366 1296 3635 1365 perierat,
3688 1316 3795 1354 non

2213 1394 2233 1427 ι
2278 1370 2562 1445 quaesistis.
2591 1376 2696 1434 Sed
2726 1395 2849 1434 cum
2889 1382 3203 1439 austeritate
3230 1386 3583 1455 imperabatis
3627 1390 3712 1445 eis
3743 1402 3799 1446 et

2211 1485 2233 1517 ι
2278 1482 2398 1521 cum
2449 1470 2687 1538 potentia
2729 1488 2742 1524 :
2791 1481 2847 1526 et
2892 1473 3151 1542 dispersa:
3195 1486 3320 1531 sunt
3360 1493 3489 1534 oves
3538 1497 3698 1547 meae,
3730 1499 3794 1539 eo

2213 1574 2233 1607 «
2276 1559 2418 1627 quod
2457 1574 2563 1614 non
2611 1576 2755 1615 esset
2787 1572 3010 1633 pastor:
3040 1573 3094 1619 et
3139 1554 3295 1622 factae
3326 1580 3451 1623 stmt
3483 1570 3536 1624 in
3566 1572 3794 1627 devora-

2212 1665 2233 1697 ι
2279 1648 2481 1731 tionem
2520 1652 2761 1706 omnium
2787 1654 3082 1731 bestiarum
3114 1658 3253 1727 agri,
3279 1668 3333 1713 et
3377 1660 3633 1730 dispersae
3666 1673 3795 1719 sunt

2215 1756 2233 1789 ι
2280 1728 2493 1810 (Ezech.
2520 1741 2726 1813 xxxw).
2755 1764 2771 1793 ι
2799 1728 2935 1800 Hinc
2956 1756 3119 1817 etper
3133 1745 3426 1805 Jeremiam
3442 1728 3675 1808 dicitur:
3698 1772 3721 1807 ι
3744 1754 3793 1811 Δ

2218 1848 2237 1881 ι
2282 1832 2504 1887 minimo
2542 1850 2712 1903 usque
2730 1836 2804 1890 ad
2835 1839 3149 1904 maximum,
3177 1856 3366 1897 omnes
3389 1845 3672 1900 avaritiam
3709 1863 3794 1903 se-

528 1923 732 1990 inania,
779 1926 1037 1981 adversus
1094 1906 1381 1981 Dominum
1422 1934 1478 1981 et
1522 1925 1779 1981 adversus
1831 1924 2109 1981 Christum
2137 1906 2186 1967 Β
2218 1939 2236 1972 ι
2283 1932 2542 1991 quuntur.
2570 1925 2614 1978 A
2646 1928 2904 1996 propheta
2933 1944 3103 2000 usque
3130 1931 3197 1985 ad
3220 1934 3577 2001 sacerdotem,
3606 1939 3789 1993 cuncti

525 2017 660 2085 ejus,
685 2017 899 2085 quando
923 2019 989 2071 ab
1010 2018 1087 2071 eis
1107 2016 1429 2073 fundebatur
1448 2018 1667 2089 sanguis
1691 2025 2025 2083 sanctorum,
2050 2024 2107 2072 et

531 2106 845 2160 vastabatur
883 2106 1122 2161 Ecclesia
1158 2122 1325 2185 usque
1368 2107 1433 2162 ad
1462 2109 1566 2163 hoc
1596 2116 1830 2177 tempus,
1859 2115 1914 2161 et
1950 2107 2101 2162 dein-

525 2214 653 2269 ceps
683 2200 923 2269 quotidie
944 2200 1278 2254 minuuntur.
1304 2180 1411 2255 Nos
1438 2210 1617 2256 autem
1640 2193 1896 2256 adversus
1915 2215 2104 2255 eorum

523 2290 815 2360 opprobria
845 2299 900 2344 et
930 2291 1493 2367 superbas-irrisiones
1523 2289 1846 2346 fortissimos
1874 2291 2104 2345 reddunt

523 2380 742 2436 oracula
787 2381 903 2447 Dei,
938 2398 1057 2452 qua?
1086 2383 1151 2437 de
1202 2374 1305 2438 hac
1362 2396 1577 2453 quoque
1628 2381 1998 2461 revidemus,
2049 2389 2105 2437 et

524 2472 820 2542 gaudemus
882 2472 1114 2549 impleri.
1177 2471 1267 2527 Sic
1313 2473 1460 2527 enim
1508 2488 1608 2527 nos
1665 2468 1955 2540 alquuitur
2007 2487 2105 2541 per

523 2563 838 2633 prophetam
870 2582 882 2616 :
920 2582 938 2614 ι
974 2562 1166 2618 Audite
1212 2580 1295 2619 me
1323 2565 1413 2635 qui
1440 2564 1592 2619 scitis
1603 2562 1888 2632 judicium,
1910 2552 2103 2635 popule

531 2670 551 2704 ι
598 2669 771 2719 meus,
813 2655 869 2709 in
897 2670 1127 2724 quorum
1168 2656 1333 2710 corde
1364 2655 1449 2710 lex
1503 2671 1642 2710 mea.
1675 2654 1973 2725 Opprobria
2006 2657 2103 2711 ho-

531 2761 549 2793 c
598 2744 801 2797 minum
832 2745 1000 2801 nolite
1043 2754 1317 2811 metuere,
1345 2754 1400 2801 et
1428 2746 1760 2802 detractione
1805 2762 1991 2801 eorum
2035 2762 2103 2802 ne

532 2853 551 2886 ι
596 2837 925 2906 superemini
953 2852 968 2890 :
997 2855 1097 2893 nec
1121 2830 1262 2907 quod
1293 2854 1388 2894 vos
1425 2846 1706 2908 spernant,
1727 2839 1905 2908 magni
1937 2839 2104 2893 duxe-

529 2947 547 2978 ι
596 2929 735 2983 ritis.
766 2926 919 2984 Sicut
940 2930 1084 2984 enim
1113 2930 1520 2996 vestimentum,
1548 2931 1622 2983 ita
1651 2945 1749 3000 per
1778 2940 1986 3001 tempus
2008 2930 2102 2984 ab-

528 3038 545 3070 i
591 3027 895 3085 sumuntur,
919 3030 974 3076 et
994 3023 1136 3077 sicut
1157 3023 1278 3077 lana
1301 3039 1332 3077 a
1368 3024 1538 3087 tinea,
1567 3023 1935 3079 comedentur.
1964 3022 2101 3078 Justi

529 3133 546 3164 ι
587 3122 765 3167 autem
808 3114 863 3167 in
888 3130 952 3169 ea
998 3115 1053 3169 in
1086 3126 1347 3171 aeternum
1375 3123 1611 3170 manent.
1648 3134 1667 3167 ι
1699 3114 2101 3170 Attendendum

520 3215 781 3278 estergo,
818 3218 982 3278 atque
1028 3210 1176 3264 omni
1206 3209 1381 3264 studio
1427 3209 1746 3274 cavendum,
1784 3224 1853 3263 ne
1898 3208 2099 3264 nostris

523 3275 857 3368 tenuioribus
894 3275 957 3354 in
993 3300 1189 3370 quibus
1218 3300 1463 3356 videmus
1487 3300 1853 3355 Christianam
1884 3298 2098 3370 religio—
2126 3275 2170 3338 Ο

524 3404 648 3444 nem
707 3390 762 3444 in
822 3399 935 3446 toto
998 3392 1130 3446 orbe
1190 3392 1504 3456 dilatatam,
1561 3399 1783 3461 pr0pter
1834 3391 2101 3446 desidiam

522 3482 941 3551 magistrorum,
992 3492 1048 3537 et
1101 3484 1353 3538 inertiam
1422 3483 1740 3545 doctorum,
1802 3482 1958 3551 pauci
2026 3481 2100 3536 illi

521 3574 613 3641 qui
676 3572 853 3628 adhuc
894 3583 1218 3643 supersunt,
1274 3574 1604 3629 confundant
1667 3574 1830 3628 ritum
1879 3573 2102 3629 culturte

522 3665 637 3718 veri
684 3664 781 3720 Dei
827 3674 882 3722 et
929 3667 1273 3722 diemoniacis
1307 3667 1643 3723 illusionibus
1681 3667 1977 3737 depravati,
2016 3658 2099 3723 di-

524 3756 826 3814 vinationes
874 3759 1039 3816 falsas
1075 3761 1128 3814 in
1172 3762 1371 3832 populo
1414 3762 1508 3815 Dei
1562 3769 1749 3831 agunt,
1791 3761 2024 3815 rusticos
2047 3771 2101 3815 et

528 3846 807 3916 imperitos
865 3851 1176 3906 seducunt:
1228 3852 1302 3906 ita
1346 3860 1406 3905 ut
1446 3852 1661 3907 deserta
1708 3852 1821 3921 ipsa
1875 3852 2102 3907 veritate

521 3954 641 4008 quze
676 3959 693 3991 (
726 3940 815 3995 lux
857 3951 942 3998 est
966 3944 1170 4011 mundi,
1202 3953 1258 3999 et
1282 3944 1550 3999 illuminat
1583 3959 1800 3999 omnem
1828 3944 2101 4000 hominem

522 4030 827 4088 venientem
872 4033 925 4088 in
966 4036 1111 4089 hunc
1150 4036 1408 4090 mundum
1439 4056 1457 4088 ι
1489 4038 1836 4093 tenebrarum
1883 4037 2097 4102 harum,

520 4133 767 4191 quaerant
806 4126 1086 4181 scientiam
1113 4126 1437 4194 futurorum,
1464 4136 1519 4182 et
1539 4144 1572 4183 a
1598 4127 1976 4199 deceptoribus
2003 4128 2101 4184 ho-

522 4218 728 4271 minum
758 4226 1001 4286 quaerant
1033 4219 1260 4274 salutem
1291 4220 1617 4286 animarum,
1646 4221 1760 4275 sive
1789 4221 1952 4274 etiam
1979 4235 2098 4275 cor-

520 4324 711 4379 pot-tun
740 4324 981 4363 suorum.
1014 4308 1107 4363 His
1129 4311 1272 4365 enim
1302 4310 1840 4384 prtevaricationibus
1868 4312 2101 4367 maxime

525 4401 771 4454 irritatur
783 4399 947 4465 Deus,
972 4409 1028 4455 et
1052 4401 1118 4454 ad
1149 4402 1440 4456 vindictam
1469 4412 1807 4471 provocatur.
1836 4402 1990 4459 Unde
2004 4417 2101 4474 per

522 4489 863 4544 Ezechielem
897 4491 1257 4546 comminatur
1281 4493 1465 4547 dicens
1492 4511 1505 4546 :
1536 4513 1553 4545 ι
1586 4494 1678 4548 Vae
1706 4496 1982 4563 prophetis
2019 4496 2101 4550 in-

530 4602 547 4634 ι
596 4582 936 4651 sipientibus,
961 4582 1055 4652 qui
1084 4593 1387 4652 sequuntur
1420 4584 1669 4655 spiritum
1699 4600 1855 4640 suum
1880 4595 1937 4642 et
1966 4588 2099 4642 nihil

528 4696 548 4729 ι
595 4679 800 4745 vident,
835 4680 991 4749 quasi
1035 4680 1220 4750 vulpes
1262 4681 1316 4736 in
1344 4680 1576 4736 desertis
1620 4680 1894 4750 propheta:
1936 4679 2101 4734 Israel

529 4789 547 4819 ι
590 4779 770 4825 erunt.
820 4770 1070 4841 Nunquid
1100 4786 1205 4827 non
1236 4772 1493 4828 visionem
1525 4787 1737 4827 cassam
1782 4772 2012 4837 vidistis,
2044 4781 2099 4827 et

450 4892 455 4903 ι
528 4882 547 4913 ί
592 4862 979 4918 divinationem
1008 4865 1407 4919 mendaciorum
1431 4862 1594 4918 locuti
1616 4863 1784 4919 estis?
1812 4864 2097 4919 etdicitis:

527 4977 546 5009 ι
592 4958 684 5014 Ait
714 4960 993 5025 Dominus,
1016 4970 1141 5014 etim
1168 4974 1268 5029 ego
1296 4974 1402 5014 non
1424 4959 1526 5013 sim
1551 4959 1778 5013 locutus.
1807 4957 2100 5028 Propterea

526 5070 544 5100 ι
592 5051 706 5105 haec
744 5050 876 5105 dicit
909 5050 1170 5106 Dominus
1204 5049 1389 5105 Densi:
1418 5049 1554 5116 Quia
1585 5049 1747 5105 locuti
1770 5051 1905 5105 estis
1936 5065 2095 5117 vana,

528 5160 548 5191 ι
588 5150 645 5195 et
672 5142 883 5197 vidistis
913 5142 1273 5203 mendacium,
1319 5141 1439 5196 ideo
1476 5156 1603 5196 ecce
1632 5156 1733 5211 ego
1776 5144 1841 5195 ad
1874 5158 1987 5206 vos,
2024 5144 2103 5197 ait

526 5250 547 5283 ι
593 5231 850 5290 Dominus
880 5235 1057 5290 Deus:
1086 5242 1142 5290 et
1175 5235 1280 5290 erit
1300 5246 1500 5289 manus
1532 5249 1648 5290 mea
1689 5237 2103 5306 superprophe-

526 5340 549 5375 ι
594 5330 680 5377 tas
707 5326 796 5393 qui
825 5328 1008 5382 vident
1038 5340 1194 5393 vana,
1232 5335 1294 5382 et
1330 5327 1579 5382 divinant
1626 5328 1967 5383 mendacium
2007 5330 2100 5384 :in

524 5428 549 5465 ι
590 5412 819 5467 consilio
858 5417 1037 5484 populi
1088 5417 1193 5471 mei
1228 5426 1338 5472 nou
1370 5425 1571 5482 erunt,
1619 5424 1676 5470 et
1720 5418 1778 5472 in
1820 5419 2098 5488 scriptura

525 5520 550 5557 α
588 5503 782 5561 domus
823 5505 986 5561 Israel
1028 5518 1133 5562 non
1184 5506 1512 5573 acribentur,
1561 5518 1662 5564 nec
1690 5508 1747 5562 in
1780 5516 1982 5564 terram
2025 5509 2103 5564 Is-

524 5610 548 5647 ι
590 5593 703 5649 rael
744 5593 1110 5663 ingredientur
1147 5595 1363 5665 (Eeecla.
1391 5598 1536 5668 xm).
1561 5618 1579 5650 ι
1610 5600 1692 5655 Ad
1721 5599 1972 5655 doctores
2002 5615 2101 5655 au-

523 5691 655 5749 tem,
680 5697 782 5754 per
808 5684 1055 5739 eumdem
1081 5688 1395 5755 prophetam
1430 5690 1712 5759 increpans
1740 5704 1931 5745 eorum
1958 5692 2103 5747 iner-

525 5776 680 5838 tiam,
708 5776 781 5830 ita
821 5775 1059 5843 loquitur
1090 5776 1312 5831 dicens:
1342 5796 1366 5829 ι
1390 5777 1513 5832 Non
1547 5779 1868 5835 sseendistis
1906 5792 1975 5835 ex
2006 5781 2101 5835 ad-

530 5889 554 5923 ι
598 5885 775 5937 verso,
805 5880 981 5943 neque
1002 5872 1336 5942 oppositis-'5
1354 5886 1572 5929 murum
1601 5889 1700 5940 pro
1724 5876 1889 5931 domo
1902 5875 2099 5941 ἥκοι,

2214 2031 2233 2064 ι
2278 2014 2442 2069 locuti
2470 2024 2596 2070 sunt
2625 2016 3080 2074 mendaciumzet
3120 2024 3385 2077 sanabant
3408 2026 3787 2082 contritionem

2215 2126 2235 2159 ι
2281 2107 2402 2162 ﬁlia:
2448 2108 2625 2178 pepuli
2675 2109 2783 2164 mei
2829 2110 2897 2165 ad
2937 2111 3307 2180 ignominiam,
3336 2115 3617 2172 dicentes:
3650 2117 3789 2183 Pax,

2212 2218 2230 2251 ι
2274 2214 2402 2269 pax,
2436 2214 2559 2254 cmn
2598 2215 2703 2254 non
2732 2210 2877 2256 esset
2908 2218 3029 2271 pax.
3058 2204 3278 2262 Confnsi
3311 2216 3459 2273 sunt,
3498 2210 3624 2278 quia
3659 2211 3792 2264 abo-

2213 2308 2233 2340 ‹
2279 2291 2626 2346 minationem
2658 2290 2921 2367 fecerunt.
2971 2295 3175 2353 Idcirco
3209 2300 3322 2355 haec
3355 2302 3487 2356 dicit
3534 2302 3794 2359 Dominus

2211 2400 2231 2436 ι
2272 2384 2612 2439 exercituum
2638 2384 2781 2440 Deus
2798 2378 2965 2441 Israel
2984 2403 3003 2441 ς
3026 2389 3165 2446 Ecce
3200 2406 3302 2461 ego
3326 2393 3516 2448 cibabo
3532 2395 3793 2464 populum

2212 2491 2232 2524 ι
2276 2474 2438 2528 istum
2483 2475 2777 2542 absinthio,
2806 2486 2860 2532 et
2887 2485 3072 2548 potum
3106 2481 3248 2536 dabo
3272 2483 3352 2538 eis
3374 2499 3562 2552 aquam
3608 2483 3792 2539 tellis:

2211 2584 2228 2615 ι
2268 2574 2329 2619 et
2356 2566 2660 2636 dispergam
2710 2582 2805 2622 eos
2835 2568 2890 2621 in
2914 2571 3195 2639 gentibus,
3223 2589 3358 2642 quas
3384 2590 3489 2628 non
3515 2585 3797 2630 noverunt

2209 2677 2228 2708 ι
2273 2658 2375 2727 ipsi
2409 2673 2583 2727 neque
2609 2667 2790 2727 patres
2820 2676 3006 2716 eorum
3028 2677 3047 2715 :
3075 2672 3131 2719 et
3159 2665 3371 2721 mittam
3408 2675 3530 2736 post
3552 2683 3655 2723 eos
3681 2668 3797 2735 glao

2209 2769 2228 2800 ι
2271 2736 2420 2803 dium
2468 2750 2639 2805 donec
2682 2759 3072 2807 consumantur
3116 2754 3263 2825 (λεν.
3298 2757 3451 2828 uti).
3485 2778 3505 2809 ι
3550 2757 3794 2824 Qualiter

2204 2854 2334 2911 ergo
2363 2841 2473 2895 Deo
2498 2843 2854 2912 omnipotenti
2890 2854 3170 2912 pastorum
3198 2847 3556 2917 negligentis,
3582 2859 3637 2903 et
3664 2850 3791 2903 sob-

2203 2932 2437 2987 ditorum
2462 2948 2617 2987 error
2638 2934 2937 3004 displiceat,
2964 2952 3071 2992 non
3098 2938 3270 2992 solum
3296 2941 3621 3009 prophetica
3648 2941 3797 2995 testi-

2202 3025 2383 3080 monia
2411 3026 2729 3092 ostendunt,
2772 3029 2867 3082 sed
2907 3028 3073 3083 etiam
3116 3028 3259 3085 facta
3305 3032 3656 3102 antiquorum
3690 3034 3786 3085 de-

2202 3115 2430 3171 clarant.
2477 3116 2610 3173 Cum
2656 3119 2711 3173 in
2767 3117 2904 3174 libro
2946 3118 3157 3193 Regum
3205 3121 3403 3192 legitur
3448 3122 3792 3193 :[Qnomodo

2202 3207 2467 3279 malignus
2520 3209 2749 3278 spiritus
2810 3209 3086 3281 deceperit
3146 3213 3338 3268 Achab
3404 3229 3584 3285 regem
3634 3214 3792 3269 Israel

2200 3314 2299 3369 per
2344 3299 2509 3356 falsos
2532 3301 2828 3370 prophetas
2868 3323 2882 3356 ε
2928 3301 3002 3356 ita
3036 3311 3095 3357 ut
3144 3305 3373 3361 credens
3412 3308 3531 3372 eis,
3572 3308 3792 3362 interie-

2202 3391 2275 3444 rit
2325 3409 2338 3444 :
2394 3400 2448 3445 et
2482 3394 2753 3461 quomodo
2804 3391 3070 3448 Ochozias
3116 3394 3259 3450 ﬁlius
3318 3397 3438 3466 ejus
3494 3409 3791 3469 aegrotans,

2200 3481 2350 3536 misit
2409 3483 2625 3537 nuntios
2691 3483 2758 3537 ad
2806 3483 3194 3540 consulendum
3250 3486 3563 3542 Beelnebub
3619 3488 3792 3543 Deum

2200 3570 2465 3637 Accamn,
2523 3583 2706 3630 utrum
2752 3576 2932 3631 vivere
2970 3587 3136 3646 atque
3186 3579 3576 3635 convalescere
3612 3581 3792 3651 possit

2202 3664 2269 3718 de
2314 3664 2625 3721 infirmitate
2673 3682 2769 3721 sua
2814 3667 2943 3737 (III
3002 3668 3131 3739 Reg.
3186 3685 3330 3735 xxtt;
3375 3668 3460 3724 IV
3494 3669 3626 3741 Reg.
3676 3674 3763 3742 t);

2202 3756 2273 3811 ob
2301 3757 2443 3825 quod
2492 3757 2640 3812 Elias
2683 3758 2944 3828 propheta
2989 3776 3018 3813 a
3061 3760 3173 3815 Deo
3214 3762 3424 3825 missus,
3464 3762 3793 3832 increpabat

2200 3862 2322 3902 eum
2353 3847 2571 3903 dicens:
2607 3867 2625 3899 ι
2656 3849 2791 3916 Quia
2824 3852 3015 3906 misisti
3042 3854 3264 3908 nuntios
3286 3854 3356 3908 ad
3389 3854 3787 3909 consulendum

2209 3956 2228 3989 (
2273 3937 2572 3995 Beelzebub
2601 3940 2768 3995 Deum
2804 3941 3068 4008 Accamn,
3114 3945 3271 4015 quasi
3307 3959 3413 3999 non
3457 3953 3606 3999 esset
3646 3945 3792 4000 Deus

2204 4048 2227 4080 ι
2274 4030 2327 4083 in
2356 4030 2545 4095 Israel,
2566 4046 2598 4085 a
2620 4046 2728 4103 quo
2750 4033 2928 4103 possis
2954 4034 3286 4107 interrogare
3312 4051 3642 4104 sermonem,
3667 4037 3792 4093 ideo

2207 4141 2225 4172 ε
2272 4121 2564 4176 delectqu
2606 4138 2768 4191 super
2794 4138 2953 4193 quem
2994 4125 3285 4182 ascendisti
3316 4142 3422 4183 non
3465 4127 3787 4194 descendet,

2206 4231 2225 4263 ι
2276 4214 2370 4269 sed
2400 4222 2573 4269 morte
2603 4215 2868 4270 morieris.
2906 4215 3147 4272 Mortuus
3169 4226 3258 4273 est
3290 4217 3457 4288 igitur
3485 4218 3601 4288 ipse
3622 4217 3790 4287 Juxta

2204 4320 2227 4357 ι
2270 4321 2573 4362 sermonem
2602 4306 2820 4363 Domini
2859 4322 3021 4379 quem
3056 4308 3268 4365 locutus
3292 4318 3376 4366 est
3403 4309 3552 4366 Elius
3574 4329 3588 4365 :
3614 4320 3672 4366 et
3698 4326 3786 4364 sa-

2208 4418 2227 4450 ι
2272 4398 2436 4454 Iutem
2466 4414 2628 4468 quam
2656 4402 2954 4470 qumbat,
2992 4414 3098 4456 non
3122 4401 3329 4457 invenit
3352 4399 3568 4473 (1654.).
3590 4422 3607 4452 ι
3635 4400 3783 4467 Qua-

2201 4501 2422 4563 propter
2464 4494 2763 4549 curandum
2808 4510 3150 4565 summopere
3192 4505 3275 4549 est
3310 4496 3566 4549 omnibus
3600 4493 3778 4555 nobis,

2204 4585 2307 4639 hoc
2332 4592 2415 4639 est
2438 4584 2697 4654 praelatis,
2718 4594 2774 4641 et
2800 4585 3053 4651 subditis,
3078 4584 3377 4653 majoribus
3398 4596 3459 4640 et
3480 4585 3786 4639 minoribus

2125 4645 2179 4704 θ
2208 4645 2603 4741 sacerdotibus,
2632 4645 2880 4745 ettplebi,
2906 4691 2974 4731 ne
3012 4645 3249 4746 aliquem
3294 4677 3652 4746 seducatper
3680 4676 3785 4729 hu-

2205 4766 2505 4836 juscemodi
2548 4767 2854 4823 illusionem
2885 4767 3055 4835 fraus,
3084 4768 3240 4824 dolus
3263 4776 3317 4823 et
3345 4768 3583 4837 nequitia
3614 4767 3790 4821 hostis

2210 4861 2438 4930 antiqui,
2462 4860 2541 4915 ita
2566 4869 2631 4915 ut
2656 4877 2688 4915 a
2718 4860 3068 4916 mendacibus
3096 4860 3326 4914 velimus
3346 4860 3559 4916 discere
3587 4860 3787 4913 verita-

2210 4961 2351 5017 tem,
2398 4960 2455 5007 et
2499 4968 2529 5007 a
2558 4952 2837 5023 pestiferis
2880 4952 3089 5007 morbis
3128 4951 3429 5021 mortisque
3468 4951 3789 5007 auctoribus

2209 5058 2512 5113 qumramus
2541 5042 2871 5099 inﬁrmitatis
2896 5050 3096 5097 nostra
3118 5042 3437 5097 remedium.
3467 5039 3574 5097 Sed
3608 5041 3788 5111 magis

2206 5136 2273 5190 ad
2318 5134 2603 5189 Dominum
2631 5134 2811 5188 vivum
2839 5141 2895 5188 et
2939 5132 3330 5188 viviﬁcatorem
3366 5132 3611 5187 omnium
3658 5147 3787 5184 oon-

2204 5226 2479 5298 fugiendo,
2518 5227 2714 5281 devoto
2746 5220 2924 5281 corde
2958 5241 3316 5295 properemus
3362 5239 3458 5295 per
3508 5225 3783 5280 orationes

2204 5334 2407 5384 sacras,
2435 5319 2637 5389 jejunis
2654 5326 2719 5373 et
2742 5318 3115 5389 eleemosynas
3140 5317 3292 5374 illim
3312 5318 3694 5387 deprecantes,
3720 5324 3783 5368 ut

2204 5410 2317 5480 ipse
2345 5417 2565 5480 propter
2586 5409 2973 5479 benignitatem
2995 5422 3147 5463 suum
3175 5407 3423 5463 consulat
3446 5406 3620 5462 servis
3648 5406 3783 5467 δαῖε.

2204 5502 2438 5571 eripiens
2463 5517 2561 5556 nos
2591 5501 2657 5555 de
2690 5499 2941 5555 omnibus
2974 5500 3211 5555 inimicis
3236 5499 3457 5565 nostris,
3478 5499 3784 5567 doceatque

2205 5611 2304 5650 nos
2328 5594 2510 5648 facere
2540 5593 2871 5649 voluntatem
2901 5607 3075 5657 suam,
3104 5591 3231 5663 quia
3274 5592 3389 5662 ipse
3410 5600 3496 5647 est
3521 5592 3785 5647 Dominus

2208 5690 2346 5742 licus
2390 5694 2601 5752 noster,
2649 5683 3016 5754 Spiritumque
3064 5700 3221 5740 suum
3276 5686 3481 5740 bonum
3522 5684 3582 5739 iu
3628 5683 3787 5739 nobis

2203 5779 2435 5842 tribuat,
2478 5777 2708 5848 quinos
2742 5776 2984 5832 deducat
3020 5776 3079 5830 in
3120 5777 3262 5831 vim
3306 5783 3550 5843 rectam,
3599 5775 3783 5830 viviti-

2204 5879 2394 5940 oetqoe
2420 5885 2534 5927 nos
2576 5868 2631 5924 in
2680 5868 2932 5943 equitate
2964 5883 3094 5936 sus,
3134 5875 3406 5941 quatenus
3444 5868 3571 5941 ἠως
3603 5867 3785 5938 λυθεί-
