4112 6364
339 447 479 506 1111

1551 439 1970 498 ΤΚΛΕΤᾹἹἨΒ
2004 437 2096 496 ΒΕ
2125 438 2372 496 AW;

3447 438 3587 498 1118

339 558 590 630 XXXVI“).
645 557 797 613 Unde
841 557 1099 612 Dominus
1135 556 1190 610 in
1221 553 1512 626 Evangelio
1547 553 1681 609 dicit
1713 571 1726 606 :
1772 550 1912 607 Cum
1937 552 1992 615 Α
2015 550 2142 608 Ηωο
2157 553 2327 608 etiam
2359 552 2620 611 discretio
2649 555 2758 612 alio
2794 557 3026 613 neruine
3043 555 3252 613 dicitur
3275 572 3292 611 ι
3313 555 3447 629 quia
3471 569 3590 613 om-

341 654 489 727 fom's
522 662 758 706 ιιηηιιη
785 650 1008 705 custodit
1035 649 1230 702 atrium
1249 655 1428 713 nam,
1467 647 1527 702 in
1550 663 1681 716 pass
1703 656 1826 700 sunt
1847 649 1913 699 ea

337 743 705 818 qua!th
737 741 890 813 (ltro.
945 741 1043 810 ιι).
1115 738 1352 803 Fortem,
1390 738 1596 793 scilicet
1611 737 1912 803 diabolum,

341 837 537 892 atrium
581 839 717 889 veto
755 832 925 896 illius,
970 833 1230 886 mundum
1281 831 1644 900 intelligimus:
1695 829 1914 898 quue

340 925 739 990 ltriofortlbre
758 921 1194 994 superveniente,
1243 922 1296 975 id
1335 930 1419 976 est
1451 921 1694 984 (inrisus,
1741 919 1913 974 vietus

337 1026 392 1069 et
437 1025 745 1086 umerum,
783 1013 989 1082 eiectus
1033 1021 1142 1068 est.
1189 1012 1304 1068 Sed
1346 1011 1604 1067 tantum
1645 1011 1913 1066 diabolica

338 1112 455 1176 qtae
506 1121 705 1176 pavos
743 1107 798 1160 in
821 1105 982 1159 little
1021 1105 1266 1169 roborat,
1317 1112 1372 1158 et
1423 1103 1620 1157 Christi
1651 1099 1914 1156 fortitudo

337 1211 441 1272 qua
463 1202 638 1257 sancti
673 1201 740 1255 dd
761 1199 1045 1254 toleranda
1071 1199 1296 1254 adttersa
1325 1197 1772 1260 corroborentur,
1805 1211 1914 1250 non

337 1294 458 1350 solo
489 1302 633 1356 actu,
685 1290 783 1346 bed
815 1291 982 1345 etiam
1011 1291 1126 1360 ipsa
1162 1290 1426 1344 varietate
1443 1289 1726 1344 nominum
1758 1287 1911 1342 diffe-

337 1392 481 1440 renti
519 1383 804 1437 Fortitudo
839 1393 1067 1450 namque
1095 1381 1356 1435 diabolica
1388 1379 1588 1433 dieitur
1629 1387 1914 1433 contuma-

335 1472 443 1542 cia,
481 1475 796 1546 pertinatia,
818 1475 933 1529 sive
961 1474 1128 1527 etiam
1154 1473 1475 1541 pervicacia,
1502 1486 1620 1540 quae
1641 1471 1912 1526 hominem

331 1579 440 1623 non
477 1568 659 1622 sinunt
687 1577 724 1620 θλ
751 1566 934 1636 pravis
975 1564 1186 1619 actibus
1231 1565 1432 1618 sanctis
1471 1563 1912 1633 peisuasionibus

333 1656 598 1711 revocari.
637 1653 922 1711 Fortitudo
967 1665 1097 1710 vom
1115 1653 1346 1718 Christi,
1392 1655 1506 1724 ipsa
1532 1661 1616 1708 est
1655 1665 1912 1724 perseve-

335 1746 508 1800 rantia
543 1759 638 1800 seu
683 1745 974 1800 tolerantia
1016 1761 1031 1798 :
1077 1758 1178 1798 nec
1201 1757 1308 1797 non
1336 1751 1392 1797 ct
1441 1742 1722 1812 patientia,
1793 1755 1912 1811 qua:

331 1835 518 1890 otnnia
577 1836 802 1891 adversa
837 1835 1235 1906 lotvgauimiter,
1289 1841 1344 1889 et
1383 1835 1652 1904 patienter
1690 1833 1904 1888 tolerat.

335 1927 485 1983 lianc
513 1929 697 1999 itaque
729 1927 960 1985 necesse
979 1936 1066 1984 est
1085 1937 1152 1983 ιιι
1179 1927 1390 1996 iustitia
1417 1925 1728 1993 conﬁtetur,
1787 1939 1909 1998 quae
1936 1907 1984 1968 Β

334 2019 599 2075 rectitude
633 2020 747 2074 sive
777 2019 1005 2090 iniquitas
1029 2018 1230 2074 dicitur
1253 2035 1278 2085 -;
1339 2031 1406 2074 ne
1451 2018 1595 2089 Quod
1633 2017 1775 2074 forte
1805 2027 1912 2086 est,

332 2111 534 2182 absque
575 2113 899 2168 rectitudine
927 2111 1112 2183 aliquo
1146 2111 1312 2168 modo
1346 2111 1444 2167 Ωιι
1477 2119 1724 2182 ptum.

933 2217 1168 2281 CAPUT
1204 2217 1298 2279 lX.

953 2313 1030 2368 De
1064 2315 1296 2385 iustitia.

400 2411 614 2484 iustitia
660 2415 822 2498 igitur
865 2427 1082 2493 dicitur,
1138 2411 1292 2498 quasi
1338 2423 1478 2495 juris
1515 2425 1783 2492 custodia,
1847 2441 1912 2482 eo

328 2523 469 2596 quod
491 2513 750 2594 quidquid
773 2521 882 2591 jus,
931 2517 984 2578 id
1011 2531 1113 2588 est,
1162 2516 1253 2576 icx
1285 2518 1545 2596 prtecipit,
1595 2511 1866 2576 c’ustodiat
1893 2538 1906 2574 :

329 2593 413 2673 vel
459 2593 718 2688 quidquid
758 2604 1008 2686 prohibet
1055 2611 1274 2670 devitet.
1339 2593 1639 2697 iitcc'ergo
1678 2611 1723 2665 si
1757 2603 1912 2666 forti-

329 2699 500 2764 tudini
522 2707 808 2777 conjuncta
831 2702 1020 2770 'fuerit,
1058 2721 1177 2759 eam
1207 2704 1353 2758 omni
1385 2704 1543 2757 nitido
1565 2701 1906 2758 condecorat.

328 2799 460 2854 Nam
501 2783 760 2870 Quidquid
789 2789 925 2852 forte
955 2806 1058 2862 est,
1109 2796 1210 2850 nisi
1232 2795 1434 2863 justum
1463 2781 1645 2858 i'ttet‘il,
1681 2793 1749 2848 ad
1793 2810 1912 2864 pra-

329 2905 468 2954 vam,
503 2890 620 2944 sine
645 2871 829 2952 dubio,
866 2897 1074 2958 partem
1113 2885 1460 2941 derivabitur.
1517 2879 1734 2940 Iustitia
1782 2901 1912 2956 ergo

327 2991 414 3039 est
450 2983 667 3054 prepria
693 2969 949 3036 nobilitas
975 2980 1158 3044 animi,
1212 2989 1332 3049 qua:
1359 2978 1648 3048 unicuique
1675 2977 1910 3033 debitam

326 3083 548 3147 praestat
592 3072 1020 3157 retributionem.
1065 3057 1252 3136 Bonis,
1303 3069 1510 3124 scilicet
1560 3059 1776 3139 dignam
1824 3085 1911 3124 re-

328 3155 570 3220 tribuens
601 3155 865 3217 flaudcm:
916 3159 1204 3230 pravisque
1243 3170 1297 3213 et
1348 3159 1615 3230 malignis,
1674 3157 1910 3213 debitam

329 3255 581 3326 ingerens
609 3251 1017 3323 vituperationis
1039 3248 1538 3320 reprehensionem.
1580 3249 1701 3319 Ipsa
1727 3249 1908 3319 itaque
1936 3260 1982 3324 α

325 3345 562 3400 debitum
593 3335 702 3399 Deo
733 3343 1030 3398 divinitatis
1052 3343 1253 3397 cultum
1285 3343 1654 3414 honoremque
1700 3342 1908 3412 impen-

327 3435 524 3499 dimus,
593 3443 754 3503 atque
795 3434 1135 3490 dilectionem
1188 3451 1200 3486 :
1253 3434 1528 3504 proximos
1573 3449 1702 3488 vero
1747 3433 1908 3504 digno

327 3527 630 3586 dilectionis
653 3543 836 3583 amore
873 3527 1298 3597 complectimur.
1352 3525 1490 3593 Quid
1523 3527 1664 3580 enim
1681 3517 1904 3597 jttstitis,

326 3638 488 3694 quam
517 3616 682 3675 Deum
707 3609 818 3674 toto
843 3609 1003 3674 corde
1025 3616 1268 3689 diligere,
1299 3635 1329 3671 a
1357 3635 1464 3688 quo
1493 3608 1694 3672 conditi
1720 3634 1906 3674 sumus

327 3710 453 3769 dum
504 3729 607 3767 non
648 3705 932 3767 essemus?
977 3706 1115 3764 Male
1157 3720 1338 3765 autem
1393 3711 1634 3781 captiVos
1672 3699 1904 3766 dicimus

327 3806 451 3876 quia
498 3814 580 3858 est
609 3812 662 3857 c't
687 3801 972 3872 captivitas
999 3801 1160 3867 bona,
1191 3803 1256 3857 de
1282 3818 1387 3871 qtta
1425 3801 1622 3857 dicitur
1650 3821 1662 3856 :
1715 3803 1908 3858 Ascen-

327 3895 454 3948 dens
484 3892 723 3947 Christus
760 3894 813 3946 i'n
853 3891 1040 3957 altum,
1077 3894 1332 3962 captivam
1369 3894 1521 3948 duxit
1557 3895 1905 3963 captivitatem

328 3981 500 4058 (Ρετιι.
550 3981 738 4054 1.xvu).
793 3977 931 4050 Quid
958 3999 1086 4038 vero
1128 3985 1327 4038 rectius
1353 3999 1472 4039 esse
1503 3991 1700 4054 potest,
1740 4001 1904 4054 quam

327 4075 602 4146 proximos
645 4073 736 4143 qui
795 4072 996 4127 similes
1049 4061 1200 4128 nobis
1249 4082 1375 4129 sunt
1408 4074 1631 4138 conditi,
1680 4083 1734 4128 et
1791 4065 1905 4145 pari

329 4165 488 4222 modo
518 4161 797 4236 redempti,
829 4165 971 4219 sicut
1005 4181 1102 4219 nos
1128 4157 1382 4233 diligere?
1415 4163 1524 4220 ilac
1556 4166 1692 4235 ipsa,
1722 4171 1902 4220 nostra

330 4260 807 4329 proximorumque
826 4257 1031 4322 errata,
1063 4245 1219 4328 digna
1247 4251 1302 4313 et
1327 4247 1502 4314 debita
1530 4259 1906 4330 redargutionc

331 4358 821 4420 compescercntur.
857 4333 992 4416 Quia
1023 4347 1124 4403 hac
1149 4363 1278 4420 ergo
1305 4349 1642 4404 rcfrenantur
1671 4359 1724 4404 et
1753 4366 1905 4405 coer-

331 4451 521 4500 centur
543 4437 742 4506 illicita,
774 4437 1078 4511 redargu'tio
1105 4441 1234 4494 vero
1261 4431 1464 4511 absque
1505 4433 1724 4496 Terrore
1765 4441 1902 4512 quo-

331 4537 452 4592 dam
507 4543 562 4588 et
588 4534 780 4586 ardore
815 4532 914 4586 zeli
957 4532 1140 4602 nequit
1165 4532 1302 4598 fieri,
1355 4531 1500 4588 recte
1537 4521 1902 4603 temperantia

322 4626 586 4696 justitiatn
623 4625 887 4692 sequitur,
935 4639 1002 4677 ne
1027 4623 1209 4678 fervor
1244 4622 1467 4692 justitite
1493 4627 1708 4680 modum
1743 4641 1904 4684 exce-
1931 4625 1984 4684 D

327 4717 442 4780 dat,
485 4724 538 4770 et
571 4731 731 4784 quem
760 4714 957 4768 htcrari
987 4715 1252 4768 monendo
1296 4724 1352 4768 et
1375 4717 1694 4788 corrigendo
1739 4719 1900 4774 debe-

329 4824 467 4871 mus,
533 4807 697 4861 nimia
736 4806 1070 4861 correctione
1093 4803 1426 4872 dejiciamus.

959 4916 1186 4974 CAPUT
1216 4919 1283 4974 Χ.

877 5008 951 5064 De
980 5012 1344 5080 temperantia.

398 5120 774 5191 Temperantia
820 5137 950 5193 ergo
981 5123 1199 5187 dicitur,
1245 5123 1499 5193 quoniam
1537 5126 1905 5181 moderatione

327 5230 422 5270 sua
452 5223 713 5284 temperat
752 5214 989 5268 animum
1023 5215 1462 5286 uniuscujusque.
1498 5217 1651 5272 Unde
1674 5225 1728 5270 et
1768 5225 1904 5270 tem-

326 5309 571 5378 perantia
618 5309 832 5373 dicitur,
872 5309 997 5378 quia
1045 5309 1281 5363 animum
1326 5318 1590 5379 temperat
1637 5310 1906 5364 caloribus

325 5407 382 5454 et
429 5399 740 5470 frigoribus,
777 5413 843 5452 ne
877 5398 1038 5451 nimis
1085 5398 1300 5468 frigida,
1347 5400 1625 5454 nimietate
1657 5415 1775 5464 sua,
1823 5415 1908 5454 re-

326 5487 559 5558 stringat
583 5487 810 5542 virentia
837 5489 1076 5542 arbusta.
1102 5488 1477 5557 Temperantia
1501 5490 1663 5559 igitur
1687 5499 1768 5544 est
1799 5490 1904 5544 vir-

329 5587 416 5634 tus
447 5578 631 5643 animi,
663 5594 783 5646 quze
817 5595 914 5633 suo
952 5579 1320 5632 moderatnine
1351 5581 1515 5634 totius
1541 5582 1663 5634 vitae
1685 5582 1900 5634 modum

330 5670 576 5740 imponit,
606 5685 672 5723 ne
696 5671 821 5738 quid
853 5680 938 5724 aut
977 5671 1101 5725 odio
1132 5670 1296 5725 nimio
1329 5683 1664 5737 exsecretur,
1697 5681 1788 5726 attt
1823 5672 1906 5726 ni-

331 5761 442 5818 mio
471 5775 654 5815 amore
693 5762 1008 5817 demulceat.
1044 5762 1242 5818 Omnes
1287 5779 1415 5819 vero
1459 5765 1749 5820 varietates
1775 5780 1906 5836 qua-

335 5850 458 5912 tiam
484 5852 758 5926 diligentia
787 5854 1156 5935 considerans,
1188 5865 1453 5928 temperat
1477 5863 1534 5914 et
1575 5858 1902 5914 moderatur.

2013 643 2102 698 nia
2129 644 2392 699 discernit
2427 661 2496 702 ne
2524 649 2742 703 modum
2766 649 3062 715 neodem,
3101 653 3282 719 neque
3305 647 3587 703 addente-

2013 755 2152 806 ram,
2191 753 2370 810 neque
2399 741 2469 796 ad
2519 741 2707 796 larvam
2750 743 2976 797 nimium
3023 743 3292 798 declinet:
3319 742 3416 798 sed
3463 755 3591 811 qua-

2011 832 2135 886 dmtt
2165 834 2250 887 via
2295 833 2442 902 regis
2490 833 2787 905 gradiatur,
2835 837 3206 903 temptaretque
3236 833 3488 904 gradum,
3521 845 3590 886 ne

2013 920 2154 974 ultra
2180 923 2394 976 modum
2423 921 2657 978 incedat.
2694 922 2848 978 Unde
2876 932 2930 977 et
2957 922 3320 993 phllmqlbiea
3357 922 3591 976 illa‘sen—

2015 1013 2198 1074 tentia,
2225 1013 2402 1066 brevis
2432 1013 2716 1067 admodum
2746 1023 2848 1078 est,
2876 1014 2973 1068 sed
2995 1014 3370 1083 probatissima
3397 1014 3447 1066 in
3489 1013 3589 1067 hac

2011 1104 2121 1156 vita
2165 1105 2505 1173 maximeque
2545 1105 2853 1160 necessaria
2891 1124 2902 1158 :
2937 1105 3013 1160 Ne
3047 1107 3180 1175 quid
3227 1105 3407 1159 nimis.
3453 1105 3587 1160 Cum

2012 1193 2156 1248 enim
2207 1194 2333 1249 dicit
2369 1211 2382 1248 :
2413 1193 2491 1249 Ne
2521 1195 2670 1265 quid,
2718 1178 2973 1262 ostendit,
3003 1199 3128 1266 quia
3171 1206 3226 1251 et
3275 1197 3472 1251 bonum
3505 1198 3589 1252 ni-

2012 1274 2180 1360 mium
2210 1303 2331 1343 esse
2364 1297 2560 1358 potest.
2596 1287 2749 1344 Unde
2797 1297 2850 1344 ct
2885 1275 3141 1344 Salomon
3171 1289 3301 1344 dicit
3330 1307 3342 1342 :
3372 1281 3505 1353 Fili,
3531 1305 3594 1342 ne

2011 1366 2084 1456 sis
2113 1381 2520 1450 nimiumjustus
2549 1367 2736 1456 (Eccli.
2759 1381 2876 1454 vu).
2903 1382 2980 1437 De
3001 1383 3103 1438 hac
3129 1383 3290 1437 etiam
3313 1365 3479 1438 Jaoob
3499 1395 3593 1451 per

2011 1455 2324 1540 aiiegoriam
2351 1471 2482 1526 dicit
2510 1489 2524 1526 :
2552 1455 2733 1526 Habeo
2763 1471 2910 1527 boves
2937 1482 2984 1526 et
3011 1489 3124 1526 oves
3149 1471 3302 1542 fetas,
3329 1480 3376 1525 et
3407 1487 3592 1542 parvu-

2013 1559 2090 1615 los
2111 1551 2320 1614 teneros
2344 1565 2515 1634 :'quos
2549 1563 2594 1618 si
2629 1561 2744 1632 plus
2785 1549 2842 1617 in
2887 1549 3206 1618 ambulando
3247 1562 3416 1632 fecero
3444 1560 3591 1616 labo-

2013 1667 2152 1717 rare,
2182 1653 2472 1706 morientur
2503 1637 2655 1724 (Cen.
2691 1653 2906 1724 χχχιιι).
2936 1637 3042 1708 lPer
3081 1655 3246 1710 boves
3295 1653 3493 1724 quippe
3540 1659 3593 1706 et

2012 1739 2141 1796 oves
2185 1741 2344 1808 fetas,
2393 1744 2586 1799 animae
2630 1731 3018 1815 intelliguntur,
3072 1759 3191 1814 qua:
3227 1743 3446 1798 'verbum
3497 1743 3593 1799 Dei

2011 1840 2192 1887 mente
2217 1833 2547 1904 concipiunt.
2588 1831 2716 1902 Quae
2755 1835 2800 1890 si
2840 1835 3066 1890 nimium
3113 1825 3218 1890 iter
3242 1835 3482 1908 arripere
3509 1850 3596 1890 co-

2011 1931 2226 1993 gantur,
2255 1913 2397 1993 quod
2441 1933 2622 1980 mente
2652 1925 3033 1996 conceperant,
3081 1926 3331 1995 perdunt.
3369 1909 3594 1980 “Parvuli

2013 2030 2142 2069 vero
2186 2016 2354 2070 teneri
2385 2025 2512 2070 sunt
2561 1999 2636 2071 illi
2685 2017 2750 2072 de
2794 2018 2989 2087 quibus
3040 1999 3238 2072 Paulus
3281 2017 3456 2072 dicit:
3488 2015 3594 2073 Lac

2013 2093 2152 2160 vobis
2177 2117 2353 2176 potum
2394 2105 2534 2172 dedi,
2565 2123 2668 2161 non
2708 2125 2879 2163 eseam
2913 2122 2932 2161 .'
2963 2108 3192 2162 nondum
3223 2107 3358 2162 enim
3386 2118 3594 2179 potera-

2011 2185 2122 2250 tis:
2152 2197 2242 2250 sed
2291 2213 2382 2250 nec
2427 2185 2600 2252 adhuc
2654 2185 2862 2269 quidem
2913 2199 3145 2270 potestis.
3194 2197 3412 2252 Parvuli
3457 2198 3593 2254 enim

2012 2273 2216 2373 estis}!
2247 2285 2366 2344 Cor.
2395 2283 2498 2360 ιιι).
2529 2273 2624 2347 liis
2643 2307 2772 2361 ergo
2792 2276 2984 2345 talibus
3006 2274 3141 2373 ievia
3165 2299 3590 2362 praecepta,quat

2011 2375 2107 2465 per
2148 2379 2235 2434 lac
2285 2380 2677 2465 intelliguntur,
2715 2381 3013 2437 ministrari
3053 2381 3269 2446 debent,
3313 2395 3594 2452 quousque

2011 2459 2182 2526 solido
2223 2481 2277 2525 et
2321 2459 2455 2528 forti
2503 2473 2626 2529 cibo
2667 2475 2745 2528 uti
2786 2471 3019 2538 valeant,
3052 2474 3106 2529 id
3134 2483 3236 2538 est,
3284 2473 3594 2530 fortioribus

2010 2551 2312 2632 praeeptis.
2345 2561 2437 2616 lite
2471 2563 2652 2632 itaque
2681 2565 2909 2619 virtutes
2937 2580 3058 2619 cum
3082 2549 3338 2620 omnibus
3365 2565 3472 2618 sint
3508 2579 3589 2618 ne-

2013 2655 2287 2719 cessariae,
2322 2655 2656 2710 excellentiae
2689 2663 2866 2709 tamen
2901 2655 3060 2725 regiae
3095 2645 3401 2708 maximum
3431 2653 3592 2710 decus

2011 2753 2368 2814 ornatumque
2392 2754 2670 2814 praestant.
2697 2746 2798 2800 Per
2829 2746 3167 2816 prudentiam
3199 2747 3396 2816 quippe
3421 2745 3583 2799 omni-

2010 2835 2110 2891 bus
2149 2836 2372 2905 provide
2401 2821 2756 2905 prospiciens,
2785 2839 2944 2889 caute
2991 2843 3043 2889 et
3093 2833 3489 2889 rationabiliter
3531 2848 3590 2887 ea

2011 2943 2131 3000 quae
2155 2928 2441 2998 provenire
2471 2935 2714 2998 possunt,
2737 2919 3046 3000 considerat
3078 2945 3090 2979 :
3115 2935 3170 2980 et
3199 2926 3446 2981 acumine
3467 2941 3590 2979 sen-

2012 2997 2104 3073 sus
2133 2997 2285 3086 quasi
2313 3015 2427 3071 acie
2457 2997 2759 3082 Ocdlorum,
2785 3025 2942 3072 caute
2982 2997 3209 3069 adversa
3251 3011 3506 3084 perspicit
3529 3029 3592 3068 ac

2010 3101 2289 3180 prospera.
2310 3091 2421 3162 'Per
2447 3096 2818 3162 fortitudinem
2855 3117 2983 3162 vero
3011 3119 3170 3159 omne
3199 3096 3340 3172 quod
3371 3101 3592 3174 provide

2011 3201 2367 3274 perspexerit,
2398 3183 2510 3255 sive
2537 3200 2761 3255 adversa
2805 3199 2919 3254 sive
2945 3189 3222 3268 prosperi,
3261 3181 3395 3250 ΤοιΊί
3431 3204 3486 3249 et
3514 3195 3567 3250 in

2011 3309 2273 3351 concusso
2306 3292 2488 3347 animo
2509 3291 2792 3362 su‘pportat
2821 3309 2834 3344 :
2863 3299 3087 3345 eventus
3115 3287 3317 3343 scilicet
3337 3277 3584 3342 ﬂuctuau~

2011 3387 2080 3443 tis
2123 3381 2324 3449 saeculi,
2381 3381 2538 3452 bella,
2595 3381 2854 3435 tumultus
2889 3388 2944 3433 ct
2982 3363 3294 3443 seditiones,
3347 3392 3445 3433 nec
3487 3392 3590 3430 non

2008 3486 2064 3535 et
2087 3473 2325 3533 diversos
2356 3491 2537 3532 mores
2563 3461 2860 3530 hominum.
2883 3459 3054 3542 Regia
3075 3462 3286 3529 ‘etenim
3326 3471 3592 3526 excellen-

2010 3571 2084 3626 tia
2113 3580 2318 3640 quanto
2351 3569 2597 3640 pluribus
2623 3576 2839 3639 praeest,
2871 3575 3020 3622 tanto
3044 3567 3229 3638 plures
3257 3573 3480 3621 eventus
3503 3580 3591 3619 re-

2008 3681 2126 3719 rum
2154 3663 2511 3718 accidentium
2541 3661 2839 3730 pet-spicit:
2871 3667 3030 3729 atque
3075 3659 3276 3712 idcirco
3298 3657 3592 3712 fortissimo

2009 3755 2190 3810 animo
2219 3763 2414 3810 cuncta
2450 3768 2708 3823 superare
2736 3751 2909 3806 decet.
2940 3750 3110 3817 Quem
3153 3764 3284 3802 vero
3303 3747 3590 3815 justiorem

2011 3837 2167 3902 decet
2187 3861 2308 3902 esse
2328 3861 2490 3915 quam
2519 3843 2734 3913 regem?
2754 3843 2953 3897 Omnes
2979 3855 3212 3909 namque
3225 3838 3437 3909 iudices
3456 3854 3588 3892 cun-

2007 3941 2187 4008 ctique
2217 3947 2447 4001 actores,
2480 3937 2728 4007 quamvis
2753 3934 3044 4004 cupiditate
3078 3932 3219 3986 ducti
3253 3931 3447 4000 injusta
3473 3930 3584 3984 dis-

2007 4047 2210 4100 ponere
2250 4031 2515 4092 nitantur,
2544 4027 2950 4084 considerantes
2970 4015 3235 4093 justitiam
3265 4023 3424 4092 regis,
3457 4021 3587 4076 nihil

2009 4121 2265 4189 injustum
2331 4120 2558 4174 subditis
2619 4117 2822 4172 inferre
2885 4121 3212 4186 prtesument
3265 4129 3281 4167 :
3335 4114 3588 4183 quoniam

2001 4211 2206 4282 justatu
2238 4211 2528 4266 vindictam
2569 4201 2940 4264 verebuntur.’
2965 4193 3374 4277 Temperantem
3411 4215 3586 4259 autem

2007 4321 2187 4376 regem
2213 4305 2454 4375 apprime
2485 4305 2637 4358 decet
2669 4301 2810 4366 esse,
2842 4303 2902 4356 lit
2939 4299 3058 4370 ejus
3087 4309 3352 4368 praecepta
3379 4299 3587 4353 cunctis

2006 4398 2349 4462 conveniant,
2399 4403 2467 4451 ne
2505 4395 2670 4450 nimis
2715 4395 2837 4449 laxa
2887 4393 3143 4458 etistattt,
3193 4405 3343 4446 utere
3397 4391 3586 4444 itertuu

2006 4489 2159 4544 valde
2207 4487 2391 4558 gravia
2419 4504 2436 4542 τ
2465 4487 2568 4542 sed
2593 4483 2690 4540 tali
2721 4485 3096 4541 moderamine
3137 4491 3299 4552 atque
3329 4482 3588 4551 temperie

2011 4580 2288 4649 disposita,
2319 4587 2375 4633 ut
2409 4579 2564 4650 juxta
2603 4577 3005 4648 possibilitatem
3051 4584 3364 4631 cunctorum
3409 4575 3587 4628 omnia

2011 4669 2162 4724 fiant.
2202 4670 2479 4735 Quatenus
2507 4669 2631 4738 agni
2676 4668 2729 4721 in
2759 4669 2921 4737 regiis
2953 4667 3146 4720 edictis
3180 4665 3454 4719 inveniant
3483 4681 3587 4732 quo

2010 4763 2207 4815 vadere
2253 4769 2450 4830 queant
2478 4778 2491 4813 :
2523 4768 2577 4812 et
2616 4759 2886 4827 elephanti
2935 4774 3042 4827 quo
3091 4773 3148 4812 se
3178 4768 3364 4812 natare
3391 4773 3588 4825 cogno-

2010 4860 2182 4915 scant,
2236 4852 2334 4904 hoc
2381 4858 2484 4914 est,
2515 4858 2574 4902 ttt
2617 4863 2685 4902 ne
2735 4849 2891 4903 mites
2919 4865 2983 4903 ac
3033 4849 3304 4919 simplices
3335 4850 3583 4903 violentia

2009 4945 2398 5016 prteceptoru'm
2424 4943 2796 5012 opprimantur
2824 4960 2837 4996 :
2862 4953 2916 4997 et
2944 4953 3187 5012 potentes
3221 4952 3274 4996 et
3303 4942 3468 4996 fortes
3495 4960 3584 5012 po-

2005 5036 2293 5089 tectiorem
2321 5049 2382 5087 se
2425 5043 2482 5086 et
2529 5033 2806 5088 fortiorem
2859 5049 3076 5102 semper
3105 5033 3370 5102 aspiciant
3397 5041 3451 5086 et
3498 5049 3586 5086 ve-

2007 5135 2249 5180 reantur.
2283 5125 2376 5178 llis
2409 5126 2585 5194 itaque
2614 5135 2846 5192 quatuor
2875 5125 3165 5178 virtutibus
3198 5125 3349 5193 quasi
3379 5125 3586 5178 solidis-

2008 5221 2159 5275 simis
2191 5218 2472 5278 columnis,
2511 5217 2688 5271 omnis
2740 5218 2899 5286 regiae
2953 5217 3229 5286 dignitatis
3281 5216 3450 5270 Itonos
3497 5218 3586 5270 de-

2008 5327 2208 5380 cusque
2254 5311 2516 5364 attollitur
2551 5327 2563 5362 :
2607 5309 2938 5378 feliciterque
2978 5317 3169 5363 cuncta
3219 5310 3578 5380 gubernantur

2009 5417 2170 5475 atque
2199 5412 2549 5458 exornantur.
2581 5402 2686 5456 Sed
2709 5403 2833 5471 quia
2879 5403 2993 5456 htec
3035 5402 3271 5456 breviter
3307 5410 3362 5456 et
3408 5403 3584 5456 mith

2008 5505 2220 5564 compte
2268 5495 2333 5548 de
2376 5494 2575 5556 anima,
2607 5493 3002 5562 virtutibusque
3045 5493 3161 5559 ejus
3208 5495 3410 5566 digesta
3462 5504 3584 5547 sunt

2012 5585 2325 5648 moralibus,
2359 5585 2484 5638 hinc
2518 5592 2683 5638 restat
2731 5592 2788 5637 ut
2823 5586 2888 5637 de
2937 5584 3227 5638 habitaculi
3277 5586 3442 5654 ipsius
3480 5585 3582 5637 situ

2010 5686 2066 5731 et
2097 5676 2375 5744 dignitate,
2406 5674 2582 5743 aliqua
2607 5675 2854 5730 dicantur
2879 5693 2892 5729 :
2917 5677 3167 5746 quoniam
3195 5677 3410 5745 dignum
3442 5683 3580 5738 erat,

2011 5776 2071 5822 ut
2097 5783 2215 5838 quae
2248 5776 2410 5822 tanta:
2452 5767 2726 5835 dignitatis
2755 5776 2936 5821 creata
2967 5777 3071 5832 est,
3110 5776 3167 5822 ut
3196 5768 3260 5821 ad
3294 5766 3580 5835 imaginem

2016 5858 2112 5915 Dei
2147 5866 2308 5931 atque
2354 5857 2760 5916 similitudinem
2792 5857 2936 5917 facta
2975 5859 3206 5928 dicatur,
3247 5857 3460 5916 decenti
3488 5857 3586 5916 hae
