  <div class='ocr_page' id='page_1' title='image "/cluster/home/n/w/nwhite01/storage/ocr_20150623/110/hvd.32044015466865/610.png"; bbox 0 0 4112 6364; ppageno 0'>
   <div class='ocr_carea' id='block_1_1' title="bbox 307 365 446 421">
    <p class='ocr_par' dir='ltr' id='par_1_1' title="bbox 307 365 446 421">
     <span class='ocr_line' id='line_1_1' title="bbox 307 365 446 421; baseline 0 -1"><span class='ocrx_word' id='word_1_1' title='bbox 307 365 446 421; x_wconf 68' lang='grc'><strong>1125</strong></span> 
     </span>
    </p>
   </div>
   <div class='ocr_carea' id='block_1_2' title="bbox 1613 354 2235 412">
    <p class='ocr_par' dir='ltr' id='par_1_2' title="bbox 1613 354 2235 412">
     <span class='ocr_line' id='line_1_2' title="bbox 1613 354 2235 412; baseline -0.003 -1"><span class='ocrx_word' id='word_1_2' title='bbox 1613 355 1802 411; x_wconf 79' lang='lat' dir='ltr'><strong>MART</strong></span> <span class='ocrx_word' id='word_1_3' title='bbox 1812 354 2235 412; x_wconf 76' lang='lat' dir='ltr'><strong>YROLOGIUM.</strong></span> 
     </span>
    </p>
   </div>
   <div class='ocr_carea' id='block_1_3' title="bbox 3426 362 3561 418">
    <p class='ocr_par' dir='ltr' id='par_1_3' title="bbox 3426 362 3561 418">
     <span class='ocr_line' id='line_1_3' title="bbox 3426 362 3561 418; baseline 0.007 -1"><span class='ocrx_word' id='word_1_4' title='bbox 3426 362 3561 418; x_wconf 71' lang='lat'><strong>“26</strong></span> 
     </span>
    </p>
   </div>
   <div class='ocr_carea' id='block_1_4' title="bbox 301 468 3564 547">
    <p class='ocr_par' dir='ltr' id='par_1_4' title="bbox 301 468 3564 547">
     <span class='ocr_line' id='line_1_4' title="bbox 301 468 3564 547; baseline 0 -17"><span class='ocrx_word' id='word_1_5' title='bbox 301 488 490 532; x_wconf 84' lang='lat' dir='ltr'><strong>vautcs</strong></span> <span class='ocrx_word' id='word_1_6' title='bbox 539 480 807 531; x_wconf 83' lang='lat' dir='ltr'><strong>duxerunt</strong></span> <span class='ocrx_word' id='word_1_7' title='bbox 853 475 919 529; x_wconf 91' lang='lat' dir='ltr'><strong>ad</strong></span> <span class='ocrx_word' id='word_1_8' title='bbox 947 474 1160 539; x_wconf 88' lang='lat' dir='ltr'><strong>ducem,</strong></span> <span class='ocrx_word' id='word_1_9' title='bbox 1207 482 1262 529; x_wconf 89' lang='lat' dir='ltr'><strong>et</strong></span> <span class='ocrx_word' id='word_1_10' title='bbox 1299 473 1602 528; x_wconf 76' lang='lat' dir='ltr'><strong>indicantes</strong></span> <span class='ocrx_word' id='word_1_11' title='bbox 1647 473 1871 539; x_wconf 82' lang='lat' dir='ltr'><strong>factum,</strong></span> <span class='ocrx_word' id='word_1_12' title='bbox 1904 476 1951 534; x_wconf 83' lang='grc' dir='ltr'><strong>Α</strong></span> <span class='ocrx_word' id='word_1_13' title='bbox 1980 469 2249 534; x_wconf 78' lang='lat' dir='ltr'><strong>dentibus,</strong></span> <span class='ocrx_word' id='word_1_14' title='bbox 2280 470 2346 523; x_wconf 86' lang='lat' dir='ltr'><strong>ad</strong></span> <span class='ocrx_word' id='word_1_15' title='bbox 2375 476 2675 524; x_wconf 79' lang='lat' dir='ltr'><strong>extremum</strong></span> <span class='ocrx_word' id='word_1_16' title='bbox 2702 468 2896 538; x_wconf 83' lang='lat' dir='ltr'><strong>gladiis</strong></span> <span class='ocrx_word' id='word_1_17' title='bbox 2927 470 3296 537; x_wconf 73' lang='lat' dir='ltr'><strong>trucidantur;</strong></span> <span class='ocrx_word' id='word_1_18' title='bbox 3327 475 3396 529; x_wconf 85' lang='lat' dir='ltr'><strong>ad</strong></span> <span class='ocrx_word' id='word_1_19' title='bbox 3432 493 3564 547; x_wconf 87' lang='lat' dir='ltr'><strong>quo-</strong></span> 
     </span>
    </p>
   </div>
   <div class='ocr_carea' id='block_1_5' title="bbox 305 569 716 622">
    <p class='ocr_par' dir='ltr' id='par_1_5' title="bbox 305 569 716 622">
     <span class='ocr_line' id='line_1_5' title="bbox 305 569 716 622; baseline 0 -2"><span class='ocrx_word' id='word_1_20' title='bbox 305 569 596 622; x_wconf 76' lang='lat' dir='ltr'><strong>decullatus</strong></span> <span class='ocrx_word' id='word_1_21' title='bbox 619 578 716 622; x_wconf 84' lang='lat' dir='ltr'><strong>est.</strong></span> 
     </span>
    </p>
   </div>
   <div class='ocr_carea' id='block_1_6' title="bbox 373 655 1875 729">
    <p class='ocr_par' dir='ltr' id='par_1_6' title="bbox 373 655 1875 729">
     <span class='ocr_line' id='line_1_6' title="bbox 373 655 1875 729; baseline -0.002 -16"><span class='ocrx_word' id='word_1_22' title='bbox 373 661 446 713; x_wconf 81' lang='lat' dir='ltr'><strong>In.</strong></span> <span class='ocrx_word' id='word_1_23' title='bbox 477 659 722 715; x_wconf 60' lang='lat' dir='ltr'><strong>Januauu</strong></span> <span class='ocrx_word' id='word_1_24' title='bbox 765 659 994 714; x_wconf 86' lang='lat' dir='ltr'><strong>Octabas</strong></span> <span class='ocrx_word' id='word_1_25' title='bbox 1034 655 1278 729; x_wconf 83' lang='lat' dir='ltr'><strong>[Octava]</strong></span> <span class='ocrx_word' id='word_1_26' title='bbox 1329 657 1708 725; x_wconf 78' lang='lat' dir='ltr'><strong>Theophanue,</strong></span> <span class='ocrx_word' id='word_1_27' title='bbox 1734 664 1787 711; x_wconf 83' lang='lat' dir='ltr'><strong>et</strong></span> <span class='ocrx_word' id='word_1_28' title='bbox 1824 659 1875 711; x_wconf 94' lang='lat' dir='ltr'><strong>in</strong></span> 
     </span>
    </p>
   </div>
   <div class='ocr_carea' id='block_1_7' title="bbox 304 749 1875 819">
    <p class='ocr_par' dir='ltr' id='par_1_7' title="bbox 304 749 1875 819">
     <span class='ocr_line' id='line_1_7' title="bbox 304 749 1875 819; baseline 0.001 -16"><span class='ocrx_word' id='word_1_29' title='bbox 304 750 536 804; x_wconf 89' lang='lat' dir='ltr'><strong>Pictavis</strong></span> <span class='ocrx_word' id='word_1_30' title='bbox 587 750 848 819; x_wconf 91' lang='lat' dir='ltr'><strong>depositio</strong></span> <span class='ocrx_word' id='word_1_31' title='bbox 906 749 1091 803; x_wconf 83' lang='lat' dir='ltr'><strong>Hilarii</strong></span> <span class='ocrx_word' id='word_1_32' title='bbox 1155 749 1392 817; x_wconf 77' lang='lat' dir='ltr'><strong>episcopi</strong></span> <span class='ocrx_word' id='word_1_33' title='bbox 1446 759 1499 802; x_wconf 90' lang='lat' dir='ltr'><strong>et</strong></span> <span class='ocrx_word' id='word_1_34' title='bbox 1551 750 1875 804; x_wconf 73' lang='lat' dir='ltr'><strong>confessoris</strong></span> 
     </span>
    </p>
   </div>
   <div class='ocr_carea' id='block_1_8' title="bbox 301 839 1878 911">
    <p class='ocr_par' dir='ltr' id='par_1_8' title="bbox 301 839 1878 911">
     <span class='ocr_line' id='line_1_8' title="bbox 301 839 1878 911; baseline -0.002 -16"><span class='ocrx_word' id='word_1_35' title='bbox 301 842 520 910; x_wconf 76' lang='lat' dir='ltr'><strong>egregii,</strong></span> <span class='ocrx_word' id='word_1_36' title='bbox 563 843 652 911; x_wconf 85' lang='lat' dir='ltr'><strong>qui</strong></span> <span class='ocrx_word' id='word_1_37' title='bbox 702 842 800 896; x_wconf 86' lang='lat' dir='ltr'><strong>sub</strong></span> <span class='ocrx_word' id='word_1_38' title='bbox 831 839 1144 896; x_wconf 90' lang='lat' dir='ltr'><strong>Constantio</strong></span> <span class='ocrx_word' id='word_1_39' title='bbox 1181 840 1422 909; x_wconf 86' lang='lat' dir='ltr'><strong>Augusto</strong></span> <span class='ocrx_word' id='word_1_40' title='bbox 1448 841 1719 900; x_wconf 71' lang='lat' dir='ltr'><strong>limretico.</strong></span> <span class='ocrx_word' id='word_1_41' title='bbox 1754 856 1878 909; x_wconf 90' lang='lat' dir='ltr'><strong>pro-</strong></span> 
     </span>
    </p>
   </div>
   <div class='ocr_carea' id='block_1_9' title="bbox 302 931 1876 1006">
    <p class='ocr_par' dir='ltr' id='par_1_9' title="bbox 302 931 1876 1006">
     <span class='ocr_line' id='line_1_9' title="bbox 302 931 1876 1006; baseline -0.001 -23"><span class='ocrx_word' id='word_1_42' title='bbox 302 939 422 1000; x_wconf 89' lang='lat' dir='ltr'><strong>pter</strong></span> <span class='ocrx_word' id='word_1_43' title='bbox 460 931 617 1002; x_wconf 87' lang='lat' dir='ltr'><strong>ﬁdem</strong></span> <span class='ocrx_word' id='word_1_44' title='bbox 638 932 957 987; x_wconf 90' lang='lat' dir='ltr'><strong>catholicam</strong></span> <span class='ocrx_word' id='word_1_45' title='bbox 987 935 1037 987; x_wconf 92' lang='lat' dir='ltr'><strong>iu</strong></span> <span class='ocrx_word' id='word_1_46' title='bbox 1083 935 1368 1006; x_wconf 85' lang='lat' dir='ltr'><strong>Phrygiam</strong></span> <span class='ocrx_word' id='word_1_47' title='bbox 1401 934 1455 987; x_wconf 91' lang='lat' dir='ltr'><strong>in</strong></span> <span class='ocrx_word' id='word_1_48' title='bbox 1483 931 1727 988; x_wconf 76' lang='lat' dir='ltr'><strong>exsilium</strong></span> <span class='ocrx_word' id='word_1_49' title='bbox 1761 931 1876 1000; x_wconf 89' lang='lat' dir='ltr'><strong>pul-</strong></span> 
     </span>
    </p>
   </div>
   <div class='ocr_carea' id='block_1_10' title="bbox 304 1023 1876 1092">
    <p class='ocr_par' dir='ltr' id='par_1_10' title="bbox 304 1023 1876 1092">
     <span class='ocr_line' id='line_1_10' title="bbox 304 1023 1876 1092; baseline -0.001 -16"><span class='ocrx_word' id='word_1_50' title='bbox 304 1038 394 1076; x_wconf 88' lang='lat' dir='ltr'><strong>sus</strong></span> <span class='ocrx_word' id='word_1_51' title='bbox 433 1030 532 1076; x_wconf 90' lang='lat' dir='ltr'><strong>est.</strong></span> <span class='ocrx_word' id='word_1_52' title='bbox 571 1023 646 1077; x_wconf 92' lang='lat' dir='ltr'><strong>De</strong></span> <span class='ocrx_word' id='word_1_53' title='bbox 677 1039 782 1092; x_wconf 89' lang='lat' dir='ltr'><strong>quo</strong></span> <span class='ocrx_word' id='word_1_54' title='bbox 831 1027 970 1080; x_wconf 90' lang='lat' dir='ltr'><strong>inter</strong></span> <span class='ocrx_word' id='word_1_55' title='bbox 1021 1027 1152 1081; x_wconf 87' lang='lat' dir='ltr'><strong>alias</strong></span> <span class='ocrx_word' id='word_1_56' title='bbox 1199 1025 1426 1080; x_wconf 85' lang='lat' dir='ltr'><strong>virtutes</strong></span> <span class='ocrx_word' id='word_1_57' title='bbox 1478 1024 1710 1079; x_wconf 78' lang='lat' dir='ltr'><strong>refertur</strong></span> <span class='ocrx_word' id='word_1_58' title='bbox 1736 1023 1876 1092; x_wconf 89' lang='lat' dir='ltr'><strong>quod</strong></span> 
     </span>
    </p>
   </div>
   <div class='ocr_carea' id='block_1_11' title="bbox 303 1116 1183 1173">
    <p class='ocr_par' dir='ltr' id='par_1_11' title="bbox 303 1116 1183 1173">
     <span class='ocr_line' id='line_1_11' title="bbox 303 1116 1183 1173; baseline 0.006 -5"><span class='ocrx_word' id='word_1_59' title='bbox 303 1116 505 1169; x_wconf 89' lang='lat' dir='ltr'><strong>orando</strong></span> <span class='ocrx_word' id='word_1_60' title='bbox 529 1126 800 1171; x_wconf 91' lang='lat' dir='ltr'><strong>mortuum</strong></span> <span class='ocrx_word' id='word_1_61' title='bbox 824 1119 1183 1173; x_wconf 83' lang='lat' dir='ltr'><strong>suscitaverit.</strong></span> 
     </span>
    </p>
   </div>
   <div class='ocr_carea' id='block_1_12' title="bbox 373 1207 1878 1280">
    <p class='ocr_par' dir='ltr' id='par_1_12' title="bbox 373 1207 1878 1280">
     <span class='ocr_line' id='line_1_12' title="bbox 373 1207 1878 1280; baseline 0.001 -21"><span class='ocrx_word' id='word_1_62' title='bbox 373 1208 572 1261; x_wconf 85' lang='lat' dir='ltr'><strong>Eodem</strong></span> <span class='ocrx_word' id='word_1_63' title='bbox 617 1209 700 1262; x_wconf 88' lang='lat' dir='ltr'><strong>die</strong></span> <span class='ocrx_word' id='word_1_64' title='bbox 733 1211 904 1264; x_wconf 89' lang='lat' dir='ltr'><strong>sancti</strong></span> <span class='ocrx_word' id='word_1_65' title='bbox 951 1211 1145 1280; x_wconf 81' lang='lat' dir='ltr'><strong>Agricii</strong></span> <span class='ocrx_word' id='word_1_66' title='bbox 1198 1210 1452 1280; x_wconf 85' lang='lat' dir='ltr'><strong>episcopi,</strong></span> <span class='ocrx_word' id='word_1_67' title='bbox 1499 1209 1638 1264; x_wconf 89' lang='lat' dir='ltr'><strong>etin</strong></span> <span class='ocrx_word' id='word_1_68' title='bbox 1692 1207 1878 1261; x_wconf 81' lang='lat' dir='ltr'><strong>Antio-</strong></span> 
     </span>
    </p>
   </div>
   <div class='ocr_carea' id='block_1_13' title="bbox 303 1298 1878 1368">
    <p class='ocr_par' dir='ltr' id='par_1_13' title="bbox 303 1298 1878 1368">
     <span class='ocr_line' id='line_1_13' title="bbox 303 1298 1878 1368; baseline -0.001 -15"><span class='ocrx_word' id='word_1_69' title='bbox 303 1298 420 1360; x_wconf 84' lang='lat' dir='ltr'><strong>Chia</strong></span> <span class='ocrx_word' id='word_1_70' title='bbox 453 1298 670 1368; x_wconf 73' lang='lat' dir='ltr'><strong>AEgypti</strong></span> <span class='ocrx_word' id='word_1_71' title='bbox 701 1301 875 1368; x_wconf 89' lang='lat' dir='ltr'><strong>passio</strong></span> <span class='ocrx_word' id='word_1_72' title='bbox 905 1310 1211 1354; x_wconf 88' lang='lat' dir='ltr'><strong>sanctorum</strong></span> <span class='ocrx_word' id='word_1_73' title='bbox 1249 1299 1464 1362; x_wconf 82' lang='lat' dir='ltr'><strong>Juliani,</strong></span> <span class='ocrx_word' id='word_1_74' title='bbox 1513 1307 1566 1355; x_wconf 88' lang='lat' dir='ltr'><strong>ct</strong></span> <span class='ocrx_word' id='word_1_75' title='bbox 1614 1299 1878 1353; x_wconf 74' lang='lat' dir='ltr'><strong>Basilisszc</strong></span> 
     </span>
    </p>
   </div>
   <div class='ocr_carea' id='block_1_14' title="bbox 303 1385 1877 1461">
    <p class='ocr_par' dir='ltr' id='par_1_14' title="bbox 303 1385 1877 1461">
     <span class='ocr_line' id='line_1_14' title="bbox 303 1385 1877 1461; baseline 0.002 -20"><span class='ocrx_word' id='word_1_76' title='bbox 303 1390 542 1459; x_wconf 87' lang='lat' dir='ltr'><strong>conjugis</strong></span> <span class='ocrx_word' id='word_1_77' title='bbox 591 1385 729 1454; x_wconf 75' lang='lat' dir='ltr'><strong>sine;</strong></span> <span class='ocrx_word' id='word_1_78' title='bbox 769 1395 857 1461; x_wconf 85' lang='lat' dir='ltr'><strong>qui</strong></span> <span class='ocrx_word' id='word_1_79' title='bbox 895 1393 1138 1447; x_wconf 83' lang='lat' dir='ltr'><strong>Julianus</strong></span> <span class='ocrx_word' id='word_1_80' title='bbox 1179 1393 1507 1461; x_wconf 89' lang='lat' dir='ltr'><strong>temporibus</strong></span> <span class='ocrx_word' id='word_1_81' title='bbox 1564 1391 1877 1446; x_wconf 82' lang='lat' dir='ltr'><strong>Diocletiani</strong></span> 
     </span>
    </p>
   </div>
   <div class='ocr_carea' id='block_1_15' title="bbox 301 1482 1877 1556">
    <p class='ocr_par' dir='ltr' id='par_1_15' title="bbox 301 1482 1877 1556">
     <span class='ocr_line' id='line_1_15' title="bbox 301 1482 1877 1556; baseline 0.004 -24"><span class='ocrx_word' id='word_1_82' title='bbox 301 1490 353 1532; x_wconf 83' lang='lat' dir='ltr'><strong>et</strong></span> <span class='ocrx_word' id='word_1_83' title='bbox 386 1482 656 1535; x_wconf 75' lang='lat' dir='ltr'><strong>Maximini</strong></span> <span class='ocrx_word' id='word_1_84' title='bbox 690 1483 1036 1555; x_wconf 77' lang='lat' dir='ltr'><strong>[Maximiani</strong></span> <span class='ocrx_word' id='word_1_85' title='bbox 1063 1485 1081 1556; x_wconf 83' lang='lat'>]</span> <span class='ocrx_word' id='word_1_86' title='bbox 1125 1486 1287 1538; x_wconf 86' lang='lat' dir='ltr'><strong>nobili</strong></span> <span class='ocrx_word' id='word_1_87' title='bbox 1320 1485 1569 1554; x_wconf 88' lang='lat' dir='ltr'><strong>prosapia</strong></span> <span class='ocrx_word' id='word_1_88' title='bbox 1617 1484 1877 1538; x_wconf 87' lang='lat' dir='ltr'><strong>oriundus</strong></span> 
     </span>
    </p>
   </div>
   <div class='ocr_carea' id='block_1_16' title="bbox 304 1570 1880 1644">
    <p class='ocr_par' dir='ltr' id='par_1_16' title="bbox 304 1570 1880 1644">
     <span class='ocr_line' id='line_1_16' title="bbox 304 1570 1880 1644; baseline 0.004 -21"><span class='ocrx_word' id='word_1_89' title='bbox 304 1570 418 1634; x_wconf 89' lang='lat' dir='ltr'><strong>fuit,</strong></span> <span class='ocrx_word' id='word_1_90' title='bbox 437 1573 979 1644; x_wconf 84' lang='lat' dir='ltr'><strong>philosophorumque</strong></span> <span class='ocrx_word' id='word_1_91' title='bbox 1003 1575 1296 1644; x_wconf 86' lang='lat' dir='ltr'><strong>disciplinis</strong></span> <span class='ocrx_word' id='word_1_92' title='bbox 1319 1577 1578 1644; x_wconf 88' lang='lat' dir='ltr'><strong>imbutus,</strong></span> <span class='ocrx_word' id='word_1_93' title='bbox 1602 1575 1880 1630; x_wconf 65' lang='lat' dir='ltr'><strong>catholica:</strong></span> 
     </span>
    </p>
   </div>
   <div class='ocr_carea' id='block_1_17' title="bbox 302 1659 1876 1733">
    <p class='ocr_par' dir='ltr' id='par_1_17' title="bbox 302 1659 1876 1733">
     <span class='ocr_line' id='line_1_17' title="bbox 302 1659 1876 1733; baseline 0.003 -22"><span class='ocrx_word' id='word_1_94' title='bbox 302 1659 422 1713; x_wconf 86' lang='lat' dir='ltr'><strong>ﬁdei</strong></span> <span class='ocrx_word' id='word_1_95' title='bbox 473 1661 751 1730; x_wconf 89' lang='lat' dir='ltr'><strong>religiosus</strong></span> <span class='ocrx_word' id='word_1_96' title='bbox 781 1673 991 1718; x_wconf 84' lang='lat' dir='ltr'><strong>amator</strong></span> <span class='ocrx_word' id='word_1_97' title='bbox 1020 1665 1134 1718; x_wconf 90' lang='lat' dir='ltr'><strong>fuit.</strong></span> <span class='ocrx_word' id='word_1_98' title='bbox 1165 1664 1332 1730; x_wconf 85' lang='lat' dir='ltr'><strong>Quem</strong></span> <span class='ocrx_word' id='word_1_99' title='bbox 1374 1681 1494 1718; x_wconf 87' lang='lat' dir='ltr'><strong>cum</strong></span> <span class='ocrx_word' id='word_1_100' title='bbox 1519 1675 1769 1733; x_wconf 89' lang='lat' dir='ltr'><strong>parentes</strong></span> <span class='ocrx_word' id='word_1_101' title='bbox 1793 1664 1876 1718; x_wconf 92' lang='lat' dir='ltr'><strong>sui</strong></span> 
     </span>
    </p>
   </div>
   <div class='ocr_carea' id='block_1_18' title="bbox 301 1750 1875 1829">
    <p class='ocr_par' dir='ltr' id='par_1_18' title="bbox 301 1750 1875 1829">
     <span class='ocr_line' id='line_1_18' title="bbox 301 1750 1875 1829; baseline 0.006 -29"><span class='ocrx_word' id='word_1_102' title='bbox 301 1750 366 1801; x_wconf 89' lang='lat' dir='ltr'><strong>ad</strong></span> <span class='ocrx_word' id='word_1_103' title='bbox 389 1751 780 1820; x_wconf 90' lang='lat' dir='ltr'><strong>connubiijura</strong></span> <span class='ocrx_word' id='word_1_104' title='bbox 813 1755 1250 1822; x_wconf 87' lang='lat' dir='ltr'><strong>persuasionilms</strong></span> <span class='ocrx_word' id='word_1_105' title='bbox 1291 1755 1482 1809; x_wconf 87' lang='lat' dir='ltr'><strong>validis</strong></span> <span class='ocrx_word' id='word_1_106' title='bbox 1508 1757 1875 1829; x_wconf 72' lang='lat' dir='ltr'><strong>attraxisseut,</strong></span> 
     </span>
    </p>
   </div>
   <div class='ocr_carea' id='block_1_19' title="bbox 1979 561 3562 635">
    <p class='ocr_par' dir='ltr' id='par_1_19' title="bbox 1979 561 3562 635">
     <span class='ocr_line' id='line_1_19' title="bbox 1979 561 3562 635; baseline 0.006 -21"><span class='ocrx_word' id='word_1_107' title='bbox 1979 577 2095 614; x_wconf 86' lang='lat' dir='ltr'><strong>rum</strong></span> <span class='ocrx_word' id='word_1_108' title='bbox 2128 561 2385 614; x_wconf 89' lang='lat' dir='ltr'><strong>tumulum</strong></span> <span class='ocrx_word' id='word_1_109' title='bbox 2425 578 2546 614; x_wconf 82' lang='lat' dir='ltr'><strong>mox</strong></span> <span class='ocrx_word' id='word_1_110' title='bbox 2577 563 2758 614; x_wconf 84' lang='lat' dir='ltr'><strong>decem</strong></span> <span class='ocrx_word' id='word_1_111' title='bbox 2795 563 2988 631; x_wconf 87' lang='lat' dir='ltr'><strong>leprosi</strong></span> <span class='ocrx_word' id='word_1_112' title='bbox 3020 574 3296 631; x_wconf 87' lang='lat' dir='ltr'><strong>curantur,</strong></span> <span class='ocrx_word' id='word_1_113' title='bbox 3331 569 3562 635; x_wconf 85' lang='lat' dir='ltr'><strong>proban-</strong></span> 
     </span>
    </p>
   </div>
   <div class='ocr_carea' id='block_1_20' title="bbox 1979 654 2903 723">
    <p class='ocr_par' dir='ltr' id='par_1_20' title="bbox 1979 654 2903 723">
     <span class='ocr_line' id='line_1_20' title="bbox 1979 654 2903 723; baseline 0.001 -17"><span class='ocrx_word' id='word_1_114' title='bbox 1979 661 2060 708; x_wconf 90' lang='lat' dir='ltr'><strong>tes</strong></span> <span class='ocrx_word' id='word_1_115' title='bbox 2089 654 2263 721; x_wconf 90' lang='lat' dir='ltr'><strong>qualis</strong></span> <span class='ocrx_word' id='word_1_116' title='bbox 2287 655 2356 706; x_wconf 86' lang='lat' dir='ltr'><strong>sit</strong></span> <span class='ocrx_word' id='word_1_117' title='bbox 2384 663 2684 723; x_wconf 84' lang='lat' dir='ltr'><strong>martyrum</strong></span> <span class='ocrx_word' id='word_1_118' title='bbox 2713 656 2903 723; x_wconf 86' lang='lat' dir='ltr'><strong>gloria.</strong></span> 
     </span>
    </p>
   </div>
   <div class='ocr_carea' id='block_1_21' title="bbox 2050 743 3568 816">
    <p class='ocr_par' dir='ltr' id='par_1_21' title="bbox 2050 743 3568 816">
     <span class='ocr_line' id='line_1_21' title="bbox 2050 743 3568 816; baseline 0.007 -20"><span class='ocrx_word' id='word_1_119' title='bbox 2050 743 2203 797; x_wconf 75' lang='lat' dir='ltr'><strong>XVlll</strong></span> <span class='ocrx_word' id='word_1_120' title='bbox 2251 751 2376 799; x_wconf 80' lang='lat' dir='ltr'><strong>KAL.</strong></span> <span class='ocrx_word' id='word_1_121' title='bbox 2407 745 2710 799; x_wconf 70' lang='lat' dir='ltr'><strong>Februarii.</strong></span> <span class='ocrx_word' id='word_1_122' title='bbox 2743 747 2801 800; x_wconf 81' lang='lat' dir='ltr'><strong>In</strong></span> <span class='ocrx_word' id='word_1_123' title='bbox 2833 749 3124 816; x_wconf 81' lang='lat' dir='ltr'><strong>Campania</strong></span> <span class='ocrx_word' id='word_1_124' title='bbox 3157 753 3331 806; x_wconf 81' lang='lat' dir='ltr'><strong>natale</strong></span> <span class='ocrx_word' id='word_1_125' title='bbox 3373 754 3568 809; x_wconf 69' lang='lat' dir='ltr'><strong>Felicis</strong></span> 
     </span>
    </p>
   </div>
   <div class='ocr_carea' id='block_1_22' title="bbox 1975 837 3563 908">
    <p class='ocr_par' dir='ltr' id='par_1_22' title="bbox 1975 837 3563 908">
     <span class='ocr_line' id='line_1_22' title="bbox 1975 837 3563 908; baseline 0.008 -20"><span class='ocrx_word' id='word_1_126' title='bbox 1975 837 2277 907; x_wconf 86' lang='lat' dir='ltr'><strong>presbyteri</strong></span> <span class='ocrx_word' id='word_1_127' title='bbox 2328 843 2383 889; x_wconf 91' lang='lat' dir='ltr'><strong>et</strong></span> <span class='ocrx_word' id='word_1_128' title='bbox 2412 837 2755 902; x_wconf 80' lang='lat' dir='ltr'><strong>confessoris,</strong></span> <span class='ocrx_word' id='word_1_129' title='bbox 2804 840 2868 892; x_wconf 89' lang='lat' dir='ltr'><strong>de</strong></span> <span class='ocrx_word' id='word_1_130' title='bbox 2908 857 3015 908; x_wconf 90' lang='lat' dir='ltr'><strong>quo</strong></span> <span class='ocrx_word' id='word_1_131' title='bbox 3056 842 3198 896; x_wconf 89' lang='lat' dir='ltr'><strong>inter</strong></span> <span class='ocrx_word' id='word_1_132' title='bbox 3230 845 3332 896; x_wconf 89' lang='lat' dir='ltr'><strong>alia</strong></span> <span class='ocrx_word' id='word_1_133' title='bbox 3377 847 3563 900; x_wconf 80' lang='lat' dir='ltr'><strong>scribit</strong></span> 
     </span>
    </p>
   </div>
   <div class='ocr_carea' id='block_1_23' title="bbox 1978 912 3565 999">
    <p class='ocr_par' dir='ltr' id='par_1_23' title="bbox 1978 912 3565 999">
     <span class='ocr_line' id='line_1_23' title="bbox 1978 912 3565 999; baseline 0.008 -21"><span class='ocrx_word' id='word_1_134' title='bbox 1978 912 2235 981; x_wconf 81' lang='lat' dir='ltr'><strong>Paulinus</strong></span> <span class='ocrx_word' id='word_1_135' title='bbox 2254 928 2535 996; x_wconf 88' lang='lat' dir='ltr'><strong>episcopus</strong></span> <span class='ocrx_word' id='word_1_136' title='bbox 2561 946 2573 980; x_wconf 88' lang='lat'>:</span> <span class='ocrx_word' id='word_1_137' title='bbox 2602 929 2691 996; x_wconf 90' lang='lat' dir='ltr'><strong>qui</strong></span> <span class='ocrx_word' id='word_1_138' title='bbox 2717 945 2837 982; x_wconf 88' lang='lat' dir='ltr'><strong>cum</strong></span> <span class='ocrx_word' id='word_1_139' title='bbox 2855 946 2881 982; x_wconf 92' lang='lat' dir='ltr'><strong>a</strong></span> <span class='ocrx_word' id='word_1_140' title='bbox 2909 934 3341 999; x_wconf 85' lang='lat' dir='ltr'><strong>persecutoribus</strong></span> <span class='ocrx_word' id='word_1_141' title='bbox 3365 935 3418 989; x_wconf 91' lang='lat' dir='ltr'><strong>in</strong></span> <span class='ocrx_word' id='word_1_142' title='bbox 3445 953 3565 991; x_wconf 89' lang='lat' dir='ltr'><strong>car-</strong></span> 
     </span>
    </p>
   </div>
   <div class='ocr_carea' id='block_1_24' title="bbox 1977 1019 3562 1084">
    <p class='ocr_par' dir='ltr' id='par_1_24' title="bbox 1977 1019 3562 1084">
     <span class='ocr_line' id='line_1_24' title="bbox 1977 1019 3562 1084; baseline 0.006 -12"><span class='ocrx_word' id='word_1_143' title='bbox 1977 1033 2156 1072; x_wconf 88' lang='lat' dir='ltr'><strong>cerem</strong></span> <span class='ocrx_word' id='word_1_144' title='bbox 2189 1019 2511 1084; x_wconf 87' lang='lat' dir='ltr'><strong>mitteretur,</strong></span> <span class='ocrx_word' id='word_1_145' title='bbox 2536 1029 2589 1073; x_wconf 89' lang='lat' dir='ltr'><strong>et</strong></span> <span class='ocrx_word' id='word_1_146' title='bbox 2617 1021 2856 1075; x_wconf 89' lang='lat' dir='ltr'><strong>cochleis</strong></span> <span class='ocrx_word' id='word_1_147' title='bbox 2884 1038 2946 1075; x_wconf 89' lang='lat' dir='ltr'><strong>ac</strong></span> <span class='ocrx_word' id='word_1_148' title='bbox 2978 1025 3186 1078; x_wconf 87' lang='lat' dir='ltr'><strong>testulis</strong></span> <span class='ocrx_word' id='word_1_149' title='bbox 3221 1027 3430 1081; x_wconf 90' lang='lat' dir='ltr'><strong>vinctus</strong></span> <span class='ocrx_word' id='word_1_150' title='bbox 3471 1045 3562 1082; x_wconf 87' lang='lat' dir='ltr'><strong>su-</strong></span> 
     </span>
    </p>
   </div>
   <div class='ocr_carea' id='block_1_25' title="bbox 1978 1113 3566 1197">
    <p class='ocr_par' dir='ltr' id='par_1_25' title="bbox 1978 1113 3566 1197">
     <span class='ocr_line' id='line_1_25' title="bbox 1978 1113 3566 1197; baseline 0.006 -31"><span class='ocrx_word' id='word_1_151' title='bbox 1978 1113 2282 1181; x_wconf 82' lang='lat' dir='ltr'><strong>perpositus</strong></span> <span class='ocrx_word' id='word_1_152' title='bbox 2326 1113 2553 1181; x_wconf 88' lang='lat' dir='ltr'><strong>jaceret,</strong></span> <span class='ocrx_word' id='word_1_153' title='bbox 2608 1129 2707 1183; x_wconf 89' lang='lat' dir='ltr'><strong>per</strong></span> <span class='ocrx_word' id='word_1_154' title='bbox 2756 1125 2967 1169; x_wconf 83' lang='lat' dir='ltr'><strong>noctem</strong></span> <span class='ocrx_word' id='word_1_155' title='bbox 3017 1118 3084 1170; x_wconf 87' lang='lat' dir='ltr'><strong>ab</strong></span> <span class='ocrx_word' id='word_1_156' title='bbox 3131 1120 3324 1189; x_wconf 86' lang='lat' dir='ltr'><strong>angelo</strong></span> <span class='ocrx_word' id='word_1_157' title='bbox 3359 1123 3566 1197; x_wconf 82' lang='lat' dir='ltr'><strong>solutus</strong></span> 
     </span>
    </p>
   </div>
   <div class='ocr_carea' id='block_1_26' title="bbox 1979 1204 3560 1279">
    <p class='ocr_par' dir='ltr' id='par_1_26' title="bbox 1979 1204 3560 1279">
     <span class='ocr_line' id='line_1_26' title="bbox 1979 1204 3560 1279; baseline 0.009 -24"><span class='ocrx_word' id='word_1_158' title='bbox 1979 1210 2140 1270; x_wconf 86' lang='lat' dir='ltr'><strong>atque</strong></span> <span class='ocrx_word' id='word_1_159' title='bbox 2191 1205 2414 1257; x_wconf 89' lang='lat' dir='ltr'><strong>eductus</strong></span> <span class='ocrx_word' id='word_1_160' title='bbox 2467 1204 2558 1258; x_wconf 88' lang='lat' dir='ltr'><strong>sit.</strong></span> <span class='ocrx_word' id='word_1_161' title='bbox 2608 1206 2810 1260; x_wconf 85' lang='lat' dir='ltr'><strong>Eadem</strong></span> <span class='ocrx_word' id='word_1_162' title='bbox 2858 1207 2944 1261; x_wconf 90' lang='lat' dir='ltr'><strong>die</strong></span> <span class='ocrx_word' id='word_1_163' title='bbox 2995 1210 3187 1264; x_wconf 86' lang='lat' dir='ltr'><strong>natalis</strong></span> <span class='ocrx_word' id='word_1_164' title='bbox 3220 1221 3304 1265; x_wconf 84' lang='lat' dir='ltr'><strong>est</strong></span> <span class='ocrx_word' id='word_1_165' title='bbox 3351 1213 3560 1279; x_wconf 80' lang='lat' dir='ltr'><strong>Felicis,</strong></span> 
     </span>
    </p>
   </div>
   <div class='ocr_carea' id='block_1_27' title="bbox 1978 1294 3562 1369">
    <p class='ocr_par' dir='ltr' id='par_1_27' title="bbox 1978 1294 3562 1369">
     <span class='ocr_line' id='line_1_27' title="bbox 1978 1294 3562 1369; baseline 0.009 -24"><span class='ocrx_word' id='word_1_166' title='bbox 1978 1295 2217 1365; x_wconf 84' lang='lat' dir='ltr'><strong>germani</strong></span> <span class='ocrx_word' id='word_1_167' title='bbox 2251 1294 2439 1363; x_wconf 88' lang='lat' dir='ltr'><strong>ipsius,</strong></span> <span class='ocrx_word' id='word_1_168' title='bbox 2466 1311 2624 1364; x_wconf 88' lang='lat' dir='ltr'><strong>quem</strong></span> <span class='ocrx_word' id='word_1_169' title='bbox 2652 1297 2854 1352; x_wconf 86' lang='lat' dir='ltr'><strong>Dracus</strong></span> <span class='ocrx_word' id='word_1_170' title='bbox 2903 1297 3058 1354; x_wconf 89' lang='lat' dir='ltr'><strong>Urbis</strong></span> <span class='ocrx_word' id='word_1_171' title='bbox 3095 1302 3382 1369; x_wconf 61' lang='lat' dir='ltr'><strong>praefectus</strong></span> <span class='ocrx_word' id='word_1_172' title='bbox 3408 1305 3562 1360; x_wconf 88' lang='lat' dir='ltr'><strong>idolis</strong></span> 
     </span>
    </p>
   </div>
   <div class='ocr_carea' id='block_1_28' title="bbox 1979 1382 3563 1459">
    <p class='ocr_par' dir='ltr' id='par_1_28' title="bbox 1979 1382 3563 1459">
     <span class='ocr_line' id='line_1_28' title="bbox 1979 1382 3563 1459; baseline 0.008 -24"><span class='ocrx_word' id='word_1_173' title='bbox 1979 1382 2257 1436; x_wconf 90' lang='lat' dir='ltr'><strong>immolare</strong></span> <span class='ocrx_word' id='word_1_174' title='bbox 2291 1384 2486 1454; x_wconf 88' lang='lat' dir='ltr'><strong>coegit,</strong></span> <span class='ocrx_word' id='word_1_175' title='bbox 2527 1394 2582 1439; x_wconf 92' lang='lat' dir='ltr'><strong>et</strong></span> <span class='ocrx_word' id='word_1_176' title='bbox 2609 1385 2840 1441; x_wconf 87' lang='lat' dir='ltr'><strong>fustibus</strong></span> <span class='ocrx_word' id='word_1_177' title='bbox 2877 1389 3096 1454; x_wconf 89' lang='lat' dir='ltr'><strong>cecidit,</strong></span> <span class='ocrx_word' id='word_1_178' title='bbox 3132 1400 3294 1459; x_wconf 87' lang='lat' dir='ltr'><strong>atque</strong></span> <span class='ocrx_word' id='word_1_179' title='bbox 3326 1393 3376 1445; x_wconf 93' lang='lat' dir='ltr'><strong>in</strong></span> <span class='ocrx_word' id='word_1_180' title='bbox 3419 1394 3563 1448; x_wconf 78' lang='lat' dir='ltr'><strong>exsi-</strong></span> 
     </span>
    </p>
   </div>
   <div class='ocr_carea' id='block_1_29' title="bbox 1979 1471 3562 1551">
    <p class='ocr_par' dir='ltr' id='par_1_29' title="bbox 1979 1471 3562 1551">
     <span class='ocr_line' id='line_1_29' title="bbox 1979 1471 3562 1551; baseline 0.009 -27"><span class='ocrx_word' id='word_1_181' title='bbox 1979 1471 2109 1526; x_wconf 92' lang='lat' dir='ltr'><strong>lium</strong></span> <span class='ocrx_word' id='word_1_182' title='bbox 2135 1473 2418 1542; x_wconf 88' lang='lat' dir='ltr'><strong>deportare</strong></span> <span class='ocrx_word' id='word_1_183' title='bbox 2437 1475 2617 1544; x_wconf 87' lang='lat' dir='ltr'><strong>jussit,</strong></span> <span class='ocrx_word' id='word_1_184' title='bbox 2653 1477 2740 1530; x_wconf 90' lang='lat' dir='ltr'><strong>ubi</strong></span> <span class='ocrx_word' id='word_1_185' title='bbox 2782 1487 2837 1531; x_wconf 89' lang='lat' dir='ltr'><strong>et</strong></span> <span class='ocrx_word' id='word_1_186' title='bbox 2879 1479 3171 1548; x_wconf 88' lang='lat' dir='ltr'><strong>quadratos</strong></span> <span class='ocrx_word' id='word_1_187' title='bbox 3207 1481 3407 1551; x_wconf 80' lang='lat' dir='ltr'><strong>lapides</strong></span> <span class='ocrx_word' id='word_1_188' title='bbox 3456 1499 3562 1538; x_wconf 69' lang='lat' dir='ltr'><strong>cae-</strong></span> 
     </span>
    </p>
   </div>
   <div class='ocr_carea' id='block_1_30' title="bbox 1980 1564 3564 1638">
    <p class='ocr_par' dir='ltr' id='par_1_30' title="bbox 1980 1564 3564 1638">
     <span class='ocr_line' id='line_1_30' title="bbox 1980 1564 3564 1638; baseline 0.008 -20"><span class='ocrx_word' id='word_1_189' title='bbox 1980 1564 2150 1629; x_wconf 88' lang='lat' dir='ltr'><strong>deret,</strong></span> <span class='ocrx_word' id='word_1_190' title='bbox 2182 1566 2275 1619; x_wconf 89' lang='lat' dir='ltr'><strong>sed</strong></span> <span class='ocrx_word' id='word_1_191' title='bbox 2300 1580 2397 1634; x_wconf 89' lang='lat' dir='ltr'><strong>per</strong></span> <span class='ocrx_word' id='word_1_192' title='bbox 2439 1567 2693 1621; x_wconf 87' lang='lat' dir='ltr'><strong>virtutem</strong></span> <span class='ocrx_word' id='word_1_193' title='bbox 2745 1570 2838 1623; x_wconf 91' lang='lat' dir='ltr'><strong>Dei</strong></span> <span class='ocrx_word' id='word_1_194' title='bbox 2868 1571 3050 1638; x_wconf 91' lang='lat' dir='ltr'><strong>plures</strong></span> <span class='ocrx_word' id='word_1_195' title='bbox 3082 1572 3154 1626; x_wconf 90' lang='lat' dir='ltr'><strong>ibi</strong></span> <span class='ocrx_word' id='word_1_196' title='bbox 3199 1571 3464 1629; x_wconf 85' lang='lat' dir='ltr'><strong>convertit</strong></span> <span class='ocrx_word' id='word_1_197' title='bbox 3498 1578 3564 1630; x_wconf 90' lang='lat' dir='ltr'><strong>ad</strong></span> 
     </span>
    </p>
   </div>
   <div class='ocr_carea' id='block_1_31' title="bbox 1980 1655 3558 1734">
    <p class='ocr_par' dir='ltr' id='par_1_31' title="bbox 1980 1655 3558 1734">
     <span class='ocr_line' id='line_1_31' title="bbox 1980 1655 3558 1734; baseline 0.008 -25"><span class='ocrx_word' id='word_1_198' title='bbox 1980 1655 2162 1720; x_wconf 91' lang='lat' dir='ltr'><strong>ﬁdem,</strong></span> <span class='ocrx_word' id='word_1_199' title='bbox 2194 1658 2294 1710; x_wconf 89' lang='lat' dir='ltr'><strong>hoc</strong></span> <span class='ocrx_word' id='word_1_200' title='bbox 2320 1666 2425 1722; x_wconf 86' lang='lat' dir='ltr'><strong>est,</strong></span> <span class='ocrx_word' id='word_1_201' title='bbox 2453 1658 2689 1714; x_wconf 89' lang='lat' dir='ltr'><strong>Probmu</strong></span> <span class='ocrx_word' id='word_1_202' title='bbox 2720 1663 2993 1717; x_wconf 81' lang='lat' dir='ltr'><strong>tribunum</strong></span> <span class='ocrx_word' id='word_1_203' title='bbox 3020 1673 3074 1719; x_wconf 92' lang='lat' dir='ltr'><strong>et</strong></span> <span class='ocrx_word' id='word_1_204' title='bbox 3100 1680 3194 1720; x_wconf 87' lang='lat' dir='ltr'><strong>eos</strong></span> <span class='ocrx_word' id='word_1_205' title='bbox 3235 1667 3327 1734; x_wconf 90' lang='lat' dir='ltr'><strong>qui</strong></span> <span class='ocrx_word' id='word_1_206' title='bbox 3378 1683 3558 1721; x_wconf 81' lang='lat' dir='ltr'><strong>secum</strong></span> 
     </span>
    </p>
   </div>
   <div class='ocr_carea' id='block_1_32' title="bbox 1982 1748 3566 1827">
    <p class='ocr_par' dir='ltr' id='par_1_32' title="bbox 1982 1748 3566 1827">
     <span class='ocr_line' id='line_1_32' title="bbox 1982 1748 3566 1827; baseline 0.006 -27"><span class='ocrx_word' id='word_1_207' title='bbox 1982 1757 2156 1801; x_wconf 89' lang='lat' dir='ltr'><strong>erant.</strong></span> <span class='ocrx_word' id='word_1_208' title='bbox 2202 1748 2404 1804; x_wconf 89' lang='lat' dir='ltr'><strong>Deinde</strong></span> <span class='ocrx_word' id='word_1_209' title='bbox 2454 1750 2650 1804; x_wconf 89' lang='lat' dir='ltr'><strong>idolum</strong></span> <span class='ocrx_word' id='word_1_210' title='bbox 2699 1752 2960 1822; x_wconf 85' lang='lat' dir='ltr'><strong>Apollinis</strong></span> <span class='ocrx_word' id='word_1_211' title='bbox 3017 1756 3314 1821; x_wconf 64' lang='lat' dir='ltr'><strong>destruxit;</strong></span> <span class='ocrx_word' id='word_1_212' title='bbox 3359 1754 3411 1811; x_wconf 83' lang='lat' dir='ltr'><strong>in</strong></span> <span class='ocrx_word' id='word_1_213' title='bbox 3461 1775 3566 1827; x_wconf 89' lang='lat' dir='ltr'><strong>quo</strong></span> 
     </span>
    </p>
   </div>
   <div class='ocr_carea' id='block_1_33' title="bbox 300 1835 3563 1912">
    <p class='ocr_par' dir='ltr' id='par_1_33' title="bbox 300 1835 3563 1912">
     <span class='ocr_line' id='line_1_33' title="bbox 300 1835 3563 1912; baseline 0.006 -30"><span class='ocrx_word' id='word_1_214' title='bbox 300 1843 635 1909; x_wconf 69' lang='lat' dir='ltr'><strong>respomjisse</strong></span> <span class='ocrx_word' id='word_1_215' title='bbox 673 1842 878 1898; x_wconf 61' lang='lat' dir='ltr'><strong>fertur;</strong></span> <span class='ocrx_word' id='word_1_216' title='bbox 916 1865 933 1894; x_wconf 61' lang='grc' dir='ltr'><em>κ</em></span> <span class='ocrx_word' id='word_1_217' title='bbox 967 1845 1074 1899; x_wconf 68' lang='lat' dir='ltr'><strong>Nec</strong></span> <span class='ocrx_word' id='word_1_218' title='bbox 1108 1846 1394 1912; x_wconf 62' lang='lat' dir='ltr'><strong>voluntatis</strong></span> <span class='ocrx_word' id='word_1_219' title='bbox 1420 1856 1520 1910; x_wconf 61' lang='lat' dir='ltr'><strong>est,</strong></span> <span class='ocrx_word' id='word_1_220' title='bbox 1550 1863 1649 1901; x_wconf 77' lang='lat' dir='ltr'><strong>nec</strong></span> <span class='ocrx_word' id='word_1_221' title='bbox 1675 1847 1868 1909; x_wconf 67' lang='lat' dir='ltr'><strong>munis,</strong></span> <span class='ocrx_word' id='word_1_222' title='bbox 1904 1835 1948 1892; x_wconf 74' lang='grc' dir='ltr'><strong>Β</strong></span> <span class='ocrx_word' id='word_1_223' title='bbox 1977 1841 2095 1894; x_wconf 76' lang='grc'><strong>1000</strong></span> <span class='ocrx_word' id='word_1_224' title='bbox 2137 1841 2319 1897; x_wconf 90' lang='lat' dir='ltr'><strong>ﬁdeles</strong></span> <span class='ocrx_word' id='word_1_225' title='bbox 2343 1850 2528 1912; x_wconf 86' lang='lat' dir='ltr'><strong>postea</strong></span> <span class='ocrx_word' id='word_1_226' title='bbox 2556 1844 2809 1912; x_wconf 88' lang='lat' dir='ltr'><strong>templum</strong></span> <span class='ocrx_word' id='word_1_227' title='bbox 2842 1845 2950 1900; x_wconf 72' lang='grc' dir='ltr'><strong>ΠΕΟ</strong></span> <span class='ocrx_word' id='word_1_228' title='bbox 2972 1857 3407 1901; x_wconf 63' lang='grc' dir='ltr'><strong>οοηδιιθιικῡνιιηι.</strong></span> <span class='ocrx_word' id='word_1_229' title='bbox 3433 1844 3563 1903; x_wconf 71' lang='grc' dir='ltr'><strong>ΡΟδὶ</strong></span> 
     </span>
    </p>
   </div>
   <div class='ocr_carea' id='block_1_34' title="bbox 299 1931 1875 2008">
    <p class='ocr_par' dir='ltr' id='par_1_34' title="bbox 299 1931 1875 2008">
     <span class='ocr_line' id='line_1_34' title="bbox 299 1931 1875 2008; baseline 0.006 -24"><span class='ocrx_word' id='word_1_230' title='bbox 299 1931 570 1987; x_wconf 88' lang='lat' dir='ltr'><strong>utfaciam</strong></span> <span class='ocrx_word' id='word_1_231' title='bbox 597 1950 716 2003; x_wconf 76' lang='lat' dir='ltr'><strong>quae</strong></span> <span class='ocrx_word' id='word_1_232' title='bbox 739 1937 1048 2006; x_wconf 72' lang='lat' dir='ltr'><strong>hortamini.</strong></span> <span class='ocrx_word' id='word_1_233' title='bbox 1072 1958 1089 1989; x_wconf 78' lang='grc' dir='ltr'><strong><em>ι</em></strong></span> <span class='ocrx_word' id='word_1_234' title='bbox 1136 1939 1263 1993; x_wconf 83' lang='lat' dir='ltr'><strong>Item</strong></span> <span class='ocrx_word' id='word_1_235' title='bbox 1315 1957 1436 1993; x_wconf 88' lang='lat' dir='ltr'><strong>cum</strong></span> <span class='ocrx_word' id='word_1_236' title='bbox 1466 1948 1875 2008; x_wconf 86' lang='lat' dir='ltr'><strong>perseverarent</strong></span> 
     </span>
    </p>
   </div>
   <div class='ocr_carea' id='block_1_35' title="bbox 296 2017 1874 2100">
    <p class='ocr_par' dir='ltr' id='par_1_35' title="bbox 296 2017 1874 2100">
     <span class='ocr_line' id='line_1_35' title="bbox 296 2017 1874 2100; baseline 0.007 -25"><span class='ocrx_word' id='word_1_237' title='bbox 296 2017 642 2092; x_wconf 86' lang='lat' dir='ltr'><strong>pertinaciter</strong></span> <span class='ocrx_word' id='word_1_238' title='bbox 671 2027 722 2080; x_wconf 93' lang='lat' dir='ltr'><strong>in</strong></span> <span class='ocrx_word' id='word_1_239' title='bbox 760 2030 1045 2097; x_wconf 85' lang='lat' dir='ltr'><strong>precibus:</strong></span> <span class='ocrx_word' id='word_1_240' title='bbox 1079 2030 1214 2084; x_wconf 70' lang='lat' dir='ltr'><strong>«Nec</strong></span> <span class='ocrx_word' id='word_1_241' title='bbox 1256 2032 1600 2100; x_wconf 88' lang='lat' dir='ltr'><strong>permittendi</strong></span> <span class='ocrx_word' id='word_1_242' title='bbox 1643 2033 1768 2086; x_wconf 92' lang='lat' dir='ltr'><strong>mihi</strong></span> <span class='ocrx_word' id='word_1_243' title='bbox 1793 2040 1874 2086; x_wconf 87' lang='lat' dir='ltr'><strong>est</strong></span> 
     </span>
    </p>
   </div>
   <div class='ocr_carea' id='block_1_36' title="bbox 297 2114 1874 2192">
    <p class='ocr_par' dir='ltr' id='par_1_36' title="bbox 297 2114 1874 2192">
     <span class='ocr_line' id='line_1_36' title="bbox 297 2114 1874 2192; baseline 0.007 -25"><span class='ocrx_word' id='word_1_244' title='bbox 297 2114 539 2180; x_wconf 70' lang='lat' dir='ltr'><strong>facultas,</strong></span> <span class='ocrx_word' id='word_1_245' title='bbox 587 2133 683 2172; x_wconf 86' lang='lat' dir='ltr'><strong>nec</strong></span> <span class='ocrx_word' id='word_1_246' title='bbox 711 2121 938 2188; x_wconf 82' lang='lat' dir='ltr'><strong>negandi</strong></span> <span class='ocrx_word' id='word_1_247' title='bbox 971 2132 1227 2190; x_wconf 81' lang='lat' dir='ltr'><strong>potestas,</strong></span> <span class='ocrx_word' id='word_1_248' title='bbox 1256 2125 1396 2191; x_wconf 89' lang='lat' dir='ltr'><strong>quod</strong></span> <span class='ocrx_word' id='word_1_249' title='bbox 1423 2124 1730 2192; x_wconf 88' lang='lat' dir='ltr'><strong>hortamini.</strong></span> <span class='ocrx_word' id='word_1_250' title='bbox 1780 2124 1874 2178; x_wconf 91' lang='lat' dir='ltr'><strong>Dei</strong></span> 
     </span>
    </p>
   </div>
   <div class='ocr_carea' id='block_1_37' title="bbox 297 2205 1872 2280">
    <p class='ocr_par' dir='ltr' id='par_1_37' title="bbox 297 2205 1872 2280">
     <span class='ocr_line' id='line_1_37' title="bbox 297 2205 1872 2280; baseline 0.006 -23"><span class='ocrx_word' id='word_1_251' title='bbox 297 2205 400 2257; x_wconf 89' lang='lat' dir='ltr'><strong>mei</strong></span> <span class='ocrx_word' id='word_1_252' title='bbox 429 2208 678 2272; x_wconf 72' lang='lat' dir='ltr'><strong>potestati</strong></span> <span class='ocrx_word' id='word_1_253' title='bbox 706 2211 1002 2274; x_wconf 87' lang='lat' dir='ltr'><strong>committo,</strong></span> <span class='ocrx_word' id='word_1_254' title='bbox 1045 2223 1098 2264; x_wconf 87' lang='lat' dir='ltr'><strong>et</strong></span> <span class='ocrx_word' id='word_1_255' title='bbox 1139 2213 1399 2280; x_wconf 84' lang='lat' dir='ltr'><strong>relinquo.</strong></span> <span class='ocrx_word' id='word_1_256' title='bbox 1426 2234 1443 2264; x_wconf 77' lang='lat'><strong>)</strong></span> <span class='ocrx_word' id='word_1_257' title='bbox 1486 2213 1649 2268; x_wconf 91' lang='lat' dir='ltr'><strong>Unius</strong></span> <span class='ocrx_word' id='word_1_258' title='bbox 1695 2223 1872 2267; x_wconf 87' lang='lat' dir='ltr'><strong>tamen</strong></span> 
     </span>
    </p>
   </div>
   <div class='ocr_carea' id='block_1_38' title="bbox 297 2294 1875 2372">
    <p class='ocr_par' dir='ltr' id='par_1_38' title="bbox 297 2294 1875 2372">
     <span class='ocr_line' id='line_1_38' title="bbox 297 2294 1875 2372; baseline 0.008 -26"><span class='ocrx_word' id='word_1_259' title='bbox 297 2294 642 2351; x_wconf 89' lang='lat' dir='ltr'><strong>hebdomadis</strong></span> <span class='ocrx_word' id='word_1_260' title='bbox 668 2299 906 2355; x_wconf 85' lang='lat' dir='ltr'><strong>inducias</strong></span> <span class='ocrx_word' id='word_1_261' title='bbox 932 2319 961 2354; x_wconf 90' lang='lat' dir='ltr'><strong>a</strong></span> <span class='ocrx_word' id='word_1_262' title='bbox 985 2305 1294 2370; x_wconf 88' lang='lat' dir='ltr'><strong>parentibus</strong></span> <span class='ocrx_word' id='word_1_263' title='bbox 1321 2305 1581 2372; x_wconf 82' lang='lat' dir='ltr'><strong>poposcit,</strong></span> <span class='ocrx_word' id='word_1_264' title='bbox 1609 2313 1666 2357; x_wconf 91' lang='lat' dir='ltr'><strong>ut</strong></span> <span class='ocrx_word' id='word_1_265' title='bbox 1689 2314 1875 2358; x_wconf 80' lang='lat' dir='ltr'><strong>nutum</strong></span> 
     </span>
    </p>
   </div>
   <div class='ocr_carea' id='block_1_39' title="bbox 295 2388 1873 2462">
    <p class='ocr_par' dir='ltr' id='par_1_39' title="bbox 295 2388 1873 2462">
     <span class='ocr_line' id='line_1_39' title="bbox 295 2388 1873 2462; baseline 0.006 -24"><span class='ocrx_word' id='word_1_266' title='bbox 295 2399 541 2454; x_wconf 71' lang='lat' dir='ltr'><strong>superna:</strong></span> <span class='ocrx_word' id='word_1_267' title='bbox 579 2388 874 2455; x_wconf 83' lang='lat' dir='ltr'><strong>maiestatis</strong></span> <span class='ocrx_word' id='word_1_268' title='bbox 924 2393 1251 2460; x_wconf 85' lang='lat' dir='ltr'><strong>argumentis</strong></span> <span class='ocrx_word' id='word_1_269' title='bbox 1283 2393 1619 2446; x_wconf 88' lang='lat' dir='ltr'><strong>evidentibus</strong></span> <span class='ocrx_word' id='word_1_270' title='bbox 1661 2395 1873 2462; x_wconf 78' lang='lat' dir='ltr'><strong>experi—</strong></span> 
     </span>
    </p>
   </div>
   <div class='ocr_carea' id='block_1_40' title="bbox 295 2482 1876 2554">
    <p class='ocr_par' dir='ltr' id='par_1_40' title="bbox 295 2482 1876 2554">
     <span class='ocr_line' id='line_1_40' title="bbox 295 2482 1876 2554; baseline 0.006 -26"><span class='ocrx_word' id='word_1_271' title='bbox 295 2483 474 2540; x_wconf 89' lang='lat' dir='ltr'><strong>retur;</strong></span> <span class='ocrx_word' id='word_1_272' title='bbox 505 2491 607 2544; x_wconf 91' lang='lat' dir='ltr'><strong>qua</strong></span> <span class='ocrx_word' id='word_1_273' title='bbox 640 2490 877 2546; x_wconf 86' lang='lat' dir='ltr'><strong>peracta,</strong></span> <span class='ocrx_word' id='word_1_274' title='bbox 913 2482 1309 2552; x_wconf 88' lang='lat' dir='ltr'><strong>intercapedine</strong></span> <span class='ocrx_word' id='word_1_275' title='bbox 1339 2499 1526 2537; x_wconf 90' lang='lat' dir='ltr'><strong>somno</strong></span> <span class='ocrx_word' id='word_1_276' title='bbox 1559 2485 1785 2554; x_wconf 86' lang='lat' dir='ltr'><strong>sopitus,</strong></span> <span class='ocrx_word' id='word_1_277' title='bbox 1823 2495 1876 2540; x_wconf 90' lang='lat' dir='ltr'><strong>et</strong></span> 
     </span>
    </p>
   </div>
   <div class='ocr_carea' id='block_1_41' title="bbox 295 2569 1879 2638">
    <p class='ocr_par' dir='ltr' id='par_1_41' title="bbox 295 2569 1879 2638">
     <span class='ocr_line' id='line_1_41' title="bbox 295 2569 1879 2638; baseline 0.006 -18"><span class='ocrx_word' id='word_1_278' title='bbox 295 2581 487 2636; x_wconf 85' lang='lat' dir='ltr'><strong>supore</strong></span> <span class='ocrx_word' id='word_1_279' title='bbox 528 2569 829 2638; x_wconf 82' lang='lat' dir='ltr'><strong>depressus,</strong></span> <span class='ocrx_word' id='word_1_280' title='bbox 860 2574 992 2626; x_wconf 78' lang='lat' dir='ltr'><strong>vidit</strong></span> <span class='ocrx_word' id='word_1_281' title='bbox 1039 2574 1308 2628; x_wconf 81' lang='lat' dir='ltr'><strong>Christum</strong></span> <span class='ocrx_word' id='word_1_282' title='bbox 1339 2577 1389 2628; x_wconf 90' lang='lat' dir='ltr'><strong>in</strong></span> <span class='ocrx_word' id='word_1_283' title='bbox 1436 2578 1714 2631; x_wconf 85' lang='lat' dir='ltr'><strong>horomate</strong></span> <span class='ocrx_word' id='word_1_284' title='bbox 1745 2591 1769 2617; x_wconf 73' lang='grc' dir='ltr'><strong>ιι</strong></span> <span class='ocrx_word' id='word_1_285' title='bbox 1798 2578 1879 2630; x_wconf 87' lang='lat' dir='ltr'><strong>di-</strong></span> 
     </span>
    </p>
   </div>
   <div class='ocr_carea' id='block_1_42' title="bbox 295 2660 1876 2733">
    <p class='ocr_par' dir='ltr' id='par_1_42' title="bbox 295 2660 1876 2733">
     <span class='ocr_line' id='line_1_42' title="bbox 295 2660 1876 2733; baseline 0.006 -21"><span class='ocrx_word' id='word_1_286' title='bbox 295 2660 438 2713; x_wconf 81' lang='lat' dir='ltr'><strong>xisse</strong></span> <span class='ocrx_word' id='word_1_287' title='bbox 461 2680 470 2713; x_wconf 94' lang='lat'>:</span> <span class='ocrx_word' id='word_1_288' title='bbox 495 2680 511 2710; x_wconf 72' lang='grc' dir='ltr'>ε</span> <span class='ocrx_word' id='word_1_289' title='bbox 543 2662 800 2731; x_wconf 77' lang='lat' dir='ltr'><strong>Exsurge,</strong></span> <span class='ocrx_word' id='word_1_290' title='bbox 831 2680 895 2718; x_wconf 90' lang='lat' dir='ltr'><strong>ne</strong></span> <span class='ocrx_word' id='word_1_291' title='bbox 921 2667 1128 2728; x_wconf 88' lang='lat' dir='ltr'><strong>timeas,</strong></span> <span class='ocrx_word' id='word_1_292' title='bbox 1149 2682 1246 2721; x_wconf 88' lang='lat' dir='ltr'><strong>nec</strong></span> <span class='ocrx_word' id='word_1_293' title='bbox 1274 2668 1550 2723; x_wconf 88' lang='lat' dir='ltr'><strong>suasioues</strong></span> <span class='ocrx_word' id='word_1_294' title='bbox 1567 2669 1876 2733; x_wconf 87' lang='lat' dir='ltr'><strong>verborum,</strong></span> 
     </span>
    </p>
   </div>
   <div class='ocr_carea' id='block_1_43' title="bbox 295 2752 1877 2828">
    <p class='ocr_par' dir='ltr' id='par_1_43' title="bbox 295 2752 1877 2828">
     <span class='ocr_line' id='line_1_43' title="bbox 295 2752 1877 2828; baseline 0.004 -24"><span class='ocrx_word' id='word_1_295' title='bbox 295 2767 394 2804; x_wconf 87' lang='lat' dir='ltr'><strong>nec</strong></span> <span class='ocrx_word' id='word_1_296' title='bbox 425 2752 754 2807; x_wconf 87' lang='lat' dir='ltr'><strong>voluntatem</strong></span> <span class='ocrx_word' id='word_1_297' title='bbox 793 2768 1073 2823; x_wconf 86' lang='lat' dir='ltr'><strong>parentum</strong></span> <span class='ocrx_word' id='word_1_298' title='bbox 1108 2758 1413 2811; x_wconf 85' lang='lat' dir='ltr'><strong>horrescas.</strong></span> <span class='ocrx_word' id='word_1_299' title='bbox 1463 2759 1709 2828; x_wconf 76' lang='lat' dir='ltr'><strong>Accipies</strong></span> <span class='ocrx_word' id='word_1_300' title='bbox 1736 2760 1877 2812; x_wconf 90' lang='lat' dir='ltr'><strong>enim</strong></span> 
     </span>
    </p>
   </div>
   <div class='ocr_carea' id='block_1_44' title="bbox 296 2840 1876 2918">
    <p class='ocr_par' dir='ltr' id='par_1_44' title="bbox 296 2840 1876 2918">
     <span class='ocr_line' id='line_1_44' title="bbox 296 2840 1876 2918; baseline 0.006 -24"><span class='ocrx_word' id='word_1_301' title='bbox 296 2840 595 2912; x_wconf 74' lang='lat' dir='ltr'><strong>conjugem,</strong></span> <span class='ocrx_word' id='word_1_302' title='bbox 631 2862 748 2913; x_wconf 64' lang='lat' dir='ltr'><strong>quae.</strong></span> <span class='ocrx_word' id='word_1_303' title='bbox 775 2853 827 2899; x_wconf 90' lang='lat' dir='ltr'><strong>te</strong></span> <span class='ocrx_word' id='word_1_304' title='bbox 871 2863 976 2900; x_wconf 88' lang='lat' dir='ltr'><strong>non</strong></span> <span class='ocrx_word' id='word_1_305' title='bbox 1022 2848 1304 2917; x_wconf 90' lang='lat' dir='ltr'><strong>polluendo</strong></span> <span class='ocrx_word' id='word_1_306' title='bbox 1335 2865 1363 2902; x_wconf 90' lang='lat' dir='ltr'><strong>a</strong></span> <span class='ocrx_word' id='word_1_307' title='bbox 1398 2866 1481 2904; x_wconf 88' lang='lat' dir='ltr'><strong>me</strong></span> <span class='ocrx_word' id='word_1_308' title='bbox 1525 2860 1760 2918; x_wconf 87' lang='lat' dir='ltr'><strong>separet,</strong></span> <span class='ocrx_word' id='word_1_309' title='bbox 1785 2853 1876 2904; x_wconf 90' lang='lat' dir='ltr'><strong>sed</strong></span> 
     </span>
    </p>
   </div>
   <div class='ocr_carea' id='block_1_45' title="bbox 294 2935 1881 3009">
    <p class='ocr_par' dir='ltr' id='par_1_45' title="bbox 294 2935 1881 3009">
     <span class='ocr_line' id='line_1_45' title="bbox 294 2935 1881 3009; baseline 0.008 -25"><span class='ocrx_word' id='word_1_310' title='bbox 294 2947 392 3001; x_wconf 85' lang='lat' dir='ltr'><strong>per</strong></span> <span class='ocrx_word' id='word_1_311' title='bbox 407 2942 455 2988; x_wconf 92' lang='lat' dir='ltr'><strong>te</strong></span> <span class='ocrx_word' id='word_1_312' title='bbox 484 2935 632 3003; x_wconf 83' lang='lat' dir='ltr'><strong>virgo</strong></span> <span class='ocrx_word' id='word_1_313' title='bbox 649 2949 985 3005; x_wconf 83' lang='lat' dir='ltr'><strong>perseveret;</strong></span> <span class='ocrx_word' id='word_1_314' title='bbox 1024 2959 1042 2990; x_wconf 72' lang='grc' dir='ltr'><strong>ι</strong></span> <span class='ocrx_word' id='word_1_315' title='bbox 1070 2939 1274 2993; x_wconf 89' lang='lat' dir='ltr'><strong>etinfra</strong></span> <span class='ocrx_word' id='word_1_316' title='bbox 1299 2959 1310 2993; x_wconf 91' lang='lat'><strong>:</strong></span> <span class='ocrx_word' id='word_1_317' title='bbox 1341 2961 1358 2991; x_wconf 86' lang='grc'><strong><em>‹</em></strong></span> <span class='ocrx_word' id='word_1_318' title='bbox 1390 2941 1538 2994; x_wconf 89' lang='lat' dir='ltr'><strong>multi</strong></span> <span class='ocrx_word' id='word_1_319' title='bbox 1561 2940 1805 3009; x_wconf 86' lang='lat' dir='ltr'><strong>juvenes,</strong></span> <span class='ocrx_word' id='word_1_320' title='bbox 1828 2952 1881 2997; x_wconf 87' lang='lat' dir='ltr'><strong>et</strong></span> 
     </span>
    </p>
   </div>
   <div class='ocr_carea' id='block_1_46' title="bbox 298 3027 1882 3097">
    <p class='ocr_par' dir='ltr' id='par_1_46' title="bbox 298 3027 1882 3097">
     <span class='ocr_line' id='line_1_46' title="bbox 298 3027 1882 3097; baseline 0.008 -20"><span class='ocrx_word' id='word_1_321' title='bbox 298 3027 531 3096; x_wconf 85' lang='lat' dir='ltr'><strong>virgines</strong></span> <span class='ocrx_word' id='word_1_322' title='bbox 573 3045 665 3097; x_wconf 89' lang='lat' dir='ltr'><strong>per</strong></span> <span class='ocrx_word' id='word_1_323' title='bbox 688 3038 921 3083; x_wconf 86' lang='lat' dir='ltr'><strong>vestram</strong></span> <span class='ocrx_word' id='word_1_324' title='bbox 955 3033 1273 3095; x_wconf 86' lang='lat' dir='ltr'><strong>doctrinam,</strong></span> <span class='ocrx_word' id='word_1_325' title='bbox 1321 3033 1403 3087; x_wconf 90' lang='lat' dir='ltr'><strong>vel</strong></span> <span class='ocrx_word' id='word_1_326' title='bbox 1435 3034 1599 3087; x_wconf 89' lang='lat' dir='ltr'><strong>vitam</strong></span> <span class='ocrx_word' id='word_1_327' title='bbox 1646 3035 1882 3089; x_wconf 81' lang='lat' dir='ltr'><strong>ccelestis</strong></span> 
     </span>
    </p>
   </div>
   <div class='ocr_carea' id='block_1_47' title="bbox 297 3116 1878 3192">
    <p class='ocr_par' dir='ltr' id='par_1_47' title="bbox 297 3116 1878 3192">
     <span class='ocr_line' id='line_1_47' title="bbox 297 3116 1878 3192; baseline 0.006 -23"><span class='ocrx_word' id='word_1_328' title='bbox 297 3116 567 3170; x_wconf 78' lang='lat' dir='ltr'><strong>exercitus</strong></span> <span class='ocrx_word' id='word_1_329' title='bbox 613 3119 1043 3186; x_wconf 68' lang='lat' dir='ltr'><strong>probabuntur,»</strong></span> <span class='ocrx_word' id='word_1_330' title='bbox 1084 3131 1136 3174; x_wconf 89' lang='lat' dir='ltr'><strong>et</strong></span> <span class='ocrx_word' id='word_1_331' title='bbox 1165 3122 1386 3191; x_wconf 89' lang='lat' dir='ltr'><strong>reliqua.</strong></span> <span class='ocrx_word' id='word_1_332' title='bbox 1439 3122 1632 3192; x_wconf 86' lang='lat' dir='ltr'><strong>Sicque</strong></span> <span class='ocrx_word' id='word_1_333' title='bbox 1682 3123 1878 3178; x_wconf 84' lang='lat' dir='ltr'><strong>factum</strong></span> 
     </span>
    </p>
   </div>
   <div class='ocr_carea' id='block_1_48' title="bbox 1979 1933 3568 2008">
    <p class='ocr_par' dir='ltr' id='par_1_48' title="bbox 1979 1933 3568 2008">
     <span class='ocr_line' id='line_1_48' title="bbox 1979 1933 3568 2008; baseline 0.006 -26"><span class='ocrx_word' id='word_1_334' title='bbox 1979 1945 2052 1982; x_wconf 76' lang='lat' dir='ltr'><strong>xu</strong></span> <span class='ocrx_word' id='word_1_335' title='bbox 2092 1945 2218 1984; x_wconf 88' lang='lat' dir='ltr'><strong>vero</strong></span> <span class='ocrx_word' id='word_1_336' title='bbox 2241 1946 2408 1985; x_wconf 89' lang='lat' dir='ltr'><strong>annos</strong></span> <span class='ocrx_word' id='word_1_337' title='bbox 2456 1933 2569 2000; x_wconf 88' lang='lat' dir='ltr'><strong>ipsa</strong></span> <span class='ocrx_word' id='word_1_338' title='bbox 2601 1933 2686 1987; x_wconf 91' lang='lat' dir='ltr'><strong>die</strong></span> <span class='ocrx_word' id='word_1_339' title='bbox 2712 1933 2988 1989; x_wconf 90' lang='lat' dir='ltr'><strong>Dominica</strong></span> <span class='ocrx_word' id='word_1_340' title='bbox 3019 1935 3276 1991; x_wconf 87' lang='lat' dir='ltr'><strong>confectis</strong></span> <span class='ocrx_word' id='word_1_341' title='bbox 3299 1939 3568 2008; x_wconf 86' lang='lat' dir='ltr'><strong>mysteriis</strong></span> 
     </span>
    </p>
   </div>
   <div class='ocr_carea' id='block_1_49' title="bbox 1976 2023 3568 2098">
    <p class='ocr_par' dir='ltr' id='par_1_49' title="bbox 1976 2023 3568 2098">
     <span class='ocr_line' id='line_1_49' title="bbox 1976 2023 3568 2098; baseline 0.005 -24"><span class='ocrx_word' id='word_1_342' title='bbox 1976 2023 2214 2090; x_wconf 81' lang='lat' dir='ltr'><strong>perrexit</strong></span> <span class='ocrx_word' id='word_1_343' title='bbox 2263 2025 2331 2077; x_wconf 90' lang='lat' dir='ltr'><strong>ad</strong></span> <span class='ocrx_word' id='word_1_344' title='bbox 2387 2025 2671 2079; x_wconf 86' lang='lat' dir='ltr'><strong>Dominqu</strong></span> <span class='ocrx_word' id='word_1_345' title='bbox 2719 2026 2903 2081; x_wconf 89' lang='lat' dir='ltr'><strong>Jesum</strong></span> <span class='ocrx_word' id='word_1_346' title='bbox 2970 2027 3266 2082; x_wconf 86' lang='lat' dir='ltr'><strong>Christum.</strong></span> <span class='ocrx_word' id='word_1_347' title='bbox 3331 2031 3385 2082; x_wconf 85' lang='lat' dir='ltr'><strong>In</strong></span> <span class='ocrx_word' id='word_1_348' title='bbox 3431 2030 3568 2098; x_wconf 91' lang='lat' dir='ltr'><strong>Spo-</strong></span> 
     </span>
    </p>
   </div>
   <div class='ocr_carea' id='block_1_50' title="bbox 1977 2113 3563 2191">
    <p class='ocr_par' dir='ltr' id='par_1_50' title="bbox 1977 2113 3563 2191">
     <span class='ocr_line' id='line_1_50' title="bbox 1977 2113 3563 2191; baseline 0.006 -25"><span class='ocrx_word' id='word_1_349' title='bbox 1977 2113 2150 2169; x_wconf 88' lang='lat' dir='ltr'><strong>letana</strong></span> <span class='ocrx_word' id='word_1_350' title='bbox 2185 2117 2400 2170; x_wconf 88' lang='lat' dir='ltr'><strong>civitate</strong></span> <span class='ocrx_word' id='word_1_351' title='bbox 2434 2118 2610 2170; x_wconf 88' lang='lat' dir='ltr'><strong>natale</strong></span> <span class='ocrx_word' id='word_1_352' title='bbox 2648 2117 2893 2173; x_wconf 90' lang='lat' dir='ltr'><strong>Pontiani</strong></span> <span class='ocrx_word' id='word_1_353' title='bbox 2922 2122 3199 2191; x_wconf 83' lang='lat' dir='ltr'><strong>martyris,</strong></span> <span class='ocrx_word' id='word_1_354' title='bbox 3237 2122 3328 2191; x_wconf 90' lang='lat' dir='ltr'><strong>qui</strong></span> <span class='ocrx_word' id='word_1_355' title='bbox 3372 2137 3563 2191; x_wconf 90' lang='lat' dir='ltr'><strong>passus</strong></span> 
     </span>
    </p>
   </div>
   <div class='ocr_carea' id='block_1_51' title="bbox 1977 2208 3566 2279">
    <p class='ocr_par' dir='ltr' id='par_1_51' title="bbox 1977 2208 3566 2279">
     <span class='ocr_line' id='line_1_51' title="bbox 1977 2208 3566 2279; baseline 0.004 -19"><span class='ocrx_word' id='word_1_356' title='bbox 1977 2214 2057 2260; x_wconf 89' lang='lat' dir='ltr'><strong>est</strong></span> <span class='ocrx_word' id='word_1_357' title='bbox 2109 2208 2446 2276; x_wconf 74' lang='lat' dir='ltr'><strong>temporibus</strong></span> <span class='ocrx_word' id='word_1_358' title='bbox 2484 2209 2741 2264; x_wconf 88' lang='lat' dir='ltr'><strong>Antonini</strong></span> <span class='ocrx_word' id='word_1_359' title='bbox 2775 2211 3135 2279; x_wconf 89' lang='lat' dir='ltr'><strong>imperatoris,</strong></span> <span class='ocrx_word' id='word_1_360' title='bbox 3185 2213 3284 2266; x_wconf 91' lang='lat' dir='ltr'><strong>sub</strong></span> <span class='ocrx_word' id='word_1_361' title='bbox 3326 2212 3566 2266; x_wconf 85' lang='lat' dir='ltr'><strong>Fabiano</strong></span> 
     </span>
    </p>
   </div>
   <div class='ocr_carea' id='block_1_52' title="bbox 1971 2287 3568 2370">
    <p class='ocr_par' dir='ltr' id='par_1_52' title="bbox 1971 2287 3568 2370">
     <span class='ocr_line' id='line_1_52' title="bbox 1971 2287 3568 2370; baseline 0.003 -18"><span class='ocrx_word' id='word_1_362' title='bbox 1971 2300 2180 2370; x_wconf 88' lang='lat' dir='ltr'><strong>judice;</strong></span> <span class='ocrx_word' id='word_1_363' title='bbox 2211 2301 2301 2368; x_wconf 87' lang='lat' dir='ltr'><strong>qui</strong></span> <span class='ocrx_word' id='word_1_364' title='bbox 2331 2316 2454 2353; x_wconf 92' lang='lat' dir='ltr'><strong>cum</strong></span> <span class='ocrx_word' id='word_1_365' title='bbox 2488 2302 2651 2356; x_wconf 89' lang='lat' dir='ltr'><strong>nollet</strong></span> <span class='ocrx_word' id='word_1_366' title='bbox 2689 2303 2845 2356; x_wconf 88' lang='lat' dir='ltr'><strong>idolis</strong></span> <span class='ocrx_word' id='word_1_367' title='bbox 2891 2303 3221 2367; x_wconf 87' lang='lat' dir='ltr'><strong>sacriﬁcare,</strong></span> <span class='ocrx_word' id='word_1_368' title='bbox 3253 2302 3418 2369; x_wconf 86' lang='lat' dir='ltr'><strong>jussit</strong></span> <span class='ocrx_word' id='word_1_369' title='bbox 3445 2287 3568 2357; x_wconf 83' lang='lat' dir='ltr'><strong>eum</strong></span> 
     </span>
    </p>
   </div>
   <div class='ocr_carea' id='block_1_53' title="bbox 1977 2393 3569 2464">
    <p class='ocr_par' dir='ltr' id='par_1_53' title="bbox 1977 2393 3569 2464">
     <span class='ocr_line' id='line_1_53' title="bbox 1977 2393 3569 2464; baseline 0.003 -20"><span class='ocrx_word' id='word_1_370' title='bbox 1977 2393 2144 2461; x_wconf 89' lang='lat' dir='ltr'><strong>virgis</strong></span> <span class='ocrx_word' id='word_1_371' title='bbox 2168 2393 2300 2446; x_wconf 67' lang='lat' dir='ltr'><strong>caedi</strong></span> <span class='ocrx_word' id='word_1_372' title='bbox 2327 2394 2728 2459; x_wconf 89' lang='lat' dir='ltr'><strong>crudelissime;</strong></span> <span class='ocrx_word' id='word_1_373' title='bbox 2764 2394 2954 2448; x_wconf 89' lang='lat' dir='ltr'><strong>deinde</strong></span> <span class='ocrx_word' id='word_1_374' title='bbox 2985 2395 3140 2449; x_wconf 90' lang='lat' dir='ltr'><strong>nudis</strong></span> <span class='ocrx_word' id='word_1_375' title='bbox 3163 2395 3386 2464; x_wconf 87' lang='lat' dir='ltr'><strong>pedibus</strong></span> <span class='ocrx_word' id='word_1_376' title='bbox 3407 2410 3569 2462; x_wconf 89' lang='lat' dir='ltr'><strong>super</strong></span> 
     </span>
    </p>
   </div>
   <div class='ocr_carea' id='block_1_54' title="bbox 1980 2487 3570 2557">
    <p class='ocr_par' dir='ltr' id='par_1_54' title="bbox 1980 2487 3570 2557">
     <span class='ocr_line' id='line_1_54' title="bbox 1980 2487 3570 2557; baseline -0.001 -17"><span class='ocrx_word' id='word_1_377' title='bbox 1980 2487 2244 2540; x_wconf 86' lang='lat' dir='ltr'><strong>carbones</strong></span> <span class='ocrx_word' id='word_1_378' title='bbox 2286 2488 2536 2541; x_wconf 89' lang='lat' dir='ltr'><strong>ardentes</strong></span> <span class='ocrx_word' id='word_1_379' title='bbox 2567 2488 2864 2553; x_wconf 89' lang='lat' dir='ltr'><strong>ambulare,</strong></span> <span class='ocrx_word' id='word_1_380' title='bbox 2889 2496 3076 2557; x_wconf 87' lang='lat' dir='ltr'><strong>postea</strong></span> <span class='ocrx_word' id='word_1_381' title='bbox 3103 2489 3208 2542; x_wconf 92' lang='lat' dir='ltr'><strong>duo</strong></span> <span class='ocrx_word' id='word_1_382' title='bbox 3249 2489 3429 2542; x_wconf 88' lang='lat' dir='ltr'><strong>leones</strong></span> <span class='ocrx_word' id='word_1_383' title='bbox 3470 2488 3570 2539; x_wconf 81' lang='lat' dir='ltr'><strong>im—</strong></span> 
     </span>
    </p>
   </div>
   <div class='ocr_carea' id='block_1_55' title="bbox 1981 2580 3566 2654">
    <p class='ocr_par' dir='ltr' id='par_1_55' title="bbox 1981 2580 3566 2654">
     <span class='ocr_line' id='line_1_55' title="bbox 1981 2580 3566 2654; baseline 0 -21"><span class='ocrx_word' id='word_1_384' title='bbox 1981 2580 2131 2633; x_wconf 86' lang='lat' dir='ltr'><strong>missi</strong></span> <span class='ocrx_word' id='word_1_385' title='bbox 2176 2590 2304 2634; x_wconf 91' lang='lat' dir='ltr'><strong>sunt</strong></span> <span class='ocrx_word' id='word_1_386' title='bbox 2359 2589 2415 2633; x_wconf 91' lang='lat' dir='ltr'><strong>ut</strong></span> <span class='ocrx_word' id='word_1_387' title='bbox 2448 2598 2567 2635; x_wconf 92' lang='lat' dir='ltr'><strong>eum</strong></span> <span class='ocrx_word' id='word_1_388' title='bbox 2599 2582 2946 2646; x_wconf 89' lang='lat' dir='ltr'><strong>devorarent,</strong></span> <span class='ocrx_word' id='word_1_389' title='bbox 2989 2583 3083 2636; x_wconf 89' lang='lat' dir='ltr'><strong>sed</strong></span> <span class='ocrx_word' id='word_1_390' title='bbox 3114 2582 3167 2634; x_wconf 90' lang='lat' dir='ltr'><strong>in</strong></span> <span class='ocrx_word' id='word_1_391' title='bbox 3213 2581 3357 2654; x_wconf 88' lang='lat' dir='ltr'><strong>nullo</strong></span> <span class='ocrx_word' id='word_1_392' title='bbox 3408 2581 3566 2634; x_wconf 70' lang='lat' dir='ltr'><strong>lzcsus</strong></span> 
     </span>
    </p>
   </div>
   <div class='ocr_carea' id='block_1_56' title="bbox 1980 2670 3576 2741">
    <p class='ocr_par' dir='ltr' id='par_1_56' title="bbox 1980 2670 3576 2741">
     <span class='ocr_line' id='line_1_56' title="bbox 1980 2670 3576 2741; baseline -0.002 -16"><span class='ocrx_word' id='word_1_393' title='bbox 1980 2679 2064 2725; x_wconf 90' lang='lat' dir='ltr'><strong>est</strong></span> <span class='ocrx_word' id='word_1_394' title='bbox 2092 2672 2158 2724; x_wconf 88' lang='lat' dir='ltr'><strong>ab</strong></span> <span class='ocrx_word' id='word_1_395' title='bbox 2181 2672 2290 2725; x_wconf 89' lang='lat' dir='ltr'><strong>eis:</strong></span> <span class='ocrx_word' id='word_1_396' title='bbox 2337 2672 2439 2725; x_wconf 92' lang='lat' dir='ltr'><strong>hoc</strong></span> <span class='ocrx_word' id='word_1_397' title='bbox 2474 2672 2660 2725; x_wconf 89' lang='lat' dir='ltr'><strong>videns</strong></span> <span class='ocrx_word' id='word_1_398' title='bbox 2683 2672 2847 2741; x_wconf 84' lang='lat' dir='ltr'><strong>judex</strong></span> <span class='ocrx_word' id='word_1_399' title='bbox 2887 2671 3046 2739; x_wconf 83' lang='lat' dir='ltr'><strong>jussit</strong></span> <span class='ocrx_word' id='word_1_400' title='bbox 3099 2671 3361 2740; x_wconf 81' lang='lat' dir='ltr'><strong>liquefieri</strong></span> <span class='ocrx_word' id='word_1_401' title='bbox 3390 2670 3576 2739; x_wconf 60' lang='lat' dir='ltr'><strong>plum-r</strong></span> 
     </span>
    </p>
   </div>
   <div class='ocr_carea' id='block_1_57' title="bbox 1979 2761 3567 2833">
    <p class='ocr_par' dir='ltr' id='par_1_57' title="bbox 1979 2761 3567 2833">
     <span class='ocr_line' id='line_1_57' title="bbox 1979 2761 3567 2833; baseline 0 -17"><span class='ocrx_word' id='word_1_402' title='bbox 1979 2764 2129 2828; x_wconf 90' lang='lat' dir='ltr'><strong>bum,</strong></span> <span class='ocrx_word' id='word_1_403' title='bbox 2157 2772 2211 2817; x_wconf 85' lang='lat' dir='ltr'><strong>et</strong></span> <span class='ocrx_word' id='word_1_404' title='bbox 2241 2764 2485 2833; x_wconf 87' lang='lat' dir='ltr'><strong>perfundi</strong></span> <span class='ocrx_word' id='word_1_405' title='bbox 2519 2766 2571 2817; x_wconf 91' lang='lat' dir='ltr'><strong>in</strong></span> <span class='ocrx_word' id='word_1_406' title='bbox 2595 2766 2809 2819; x_wconf 88' lang='lat' dir='ltr'><strong>dorsum</strong></span> <span class='ocrx_word' id='word_1_407' title='bbox 2838 2765 2975 2833; x_wconf 90' lang='lat' dir='ltr'><strong>ejus,</strong></span> <span class='ocrx_word' id='word_1_408' title='bbox 3014 2765 3106 2820; x_wconf 89' lang='lat' dir='ltr'><strong>sed</strong></span> <span class='ocrx_word' id='word_1_409' title='bbox 3131 2780 3250 2818; x_wconf 90' lang='lat' dir='ltr'><strong>cum</strong></span> <span class='ocrx_word' id='word_1_410' title='bbox 3289 2765 3390 2818; x_wconf 88' lang='lat' dir='ltr'><strong>hoc</strong></span> <span class='ocrx_word' id='word_1_411' title='bbox 3430 2761 3567 2817; x_wconf 88' lang='lat' dir='ltr'><strong>nihil</strong></span> 
     </span>
    </p>
   </div>
   <div class='ocr_carea' id='block_1_58' title="bbox 1982 2856 3046 2924">
    <p class='ocr_par' dir='ltr' id='par_1_58' title="bbox 1982 2856 3046 2924">
     <span class='ocr_line' id='line_1_58' title="bbox 1982 2856 3046 2924; baseline -0.002 -15"><span class='ocrx_word' id='word_1_412' title='bbox 1982 2870 2102 2909; x_wconf 91' lang='lat' dir='ltr'><strong>eum</strong></span> <span class='ocrx_word' id='word_1_413' title='bbox 2133 2856 2375 2922; x_wconf 84' lang='lat' dir='ltr'><strong>laesisset,</strong></span> <span class='ocrx_word' id='word_1_414' title='bbox 2420 2857 2596 2924; x_wconf 89' lang='lat' dir='ltr'><strong>capite</strong></span> <span class='ocrx_word' id='word_1_415' title='bbox 2638 2865 2916 2909; x_wconf 82' lang='lat' dir='ltr'><strong>trum-atus</strong></span> <span class='ocrx_word' id='word_1_416' title='bbox 2944 2863 3046 2910; x_wconf 89' lang='lat' dir='ltr'><strong>est.</strong></span> 
     </span>
    </p>
   </div>
   <div class='ocr_carea' id='block_1_59' title="bbox 2053 2946 3566 3017">
    <p class='ocr_par' dir='ltr' id='par_1_59' title="bbox 2053 2946 3566 3017">
     <span class='ocr_line' id='line_1_59' title="bbox 2053 2946 3566 3017; baseline -0.001 -16"><span class='ocrx_word' id='word_1_417' title='bbox 2053 2947 2209 3002; x_wconf 76' lang='lat' dir='ltr'>XVIII</span> <span class='ocrx_word' id='word_1_418' title='bbox 2241 2949 2373 3003; x_wconf 70' lang='grc' dir='ltr'><strong>ΚΜ..</strong></span> <span class='ocrx_word' id='word_1_419' title='bbox 2437 2949 2496 3002; x_wconf 92' lang='lat' dir='ltr'><strong>1n</strong></span> <span class='ocrx_word' id='word_1_420' title='bbox 2542 2949 2824 3002; x_wconf 78' lang='lat' dir='ltr'><strong>Palaestina</strong></span> <span class='ocrx_word' id='word_1_421' title='bbox 2870 2947 3134 3017; x_wconf 90' lang='lat' dir='ltr'><strong>depositio</strong></span> <span class='ocrx_word' id='word_1_422' title='bbox 3182 2946 3394 2999; x_wconf 84' lang='lat' dir='ltr'><strong>Abacuc</strong></span> <span class='ocrx_word' id='word_1_423' title='bbox 3444 2961 3566 3016; x_wconf 91' lang='lat' dir='ltr'><strong>pro-</strong></span> 
     </span>
    </p>
   </div>
   <div class='ocr_carea' id='block_1_60' title="bbox 1982 3038 3634 3112">
    <p class='ocr_par' dir='ltr' id='par_1_60' title="bbox 1982 3038 3634 3112">
     <span class='ocr_line' id='line_1_60' title="bbox 1982 3038 3634 3112; baseline -0.004 -16"><span class='ocrx_word' id='word_1_424' title='bbox 1982 3044 2177 3112; x_wconf 78' lang='lat' dir='ltr'><strong>phetae,</strong></span> <span class='ocrx_word' id='word_1_425' title='bbox 2229 3042 2380 3112; x_wconf 90' lang='lat' dir='ltr'><strong>cujus</strong></span> <span class='ocrx_word' id='word_1_426' title='bbox 2405 3041 2644 3110; x_wconf 67' lang='lat' dir='ltr'><strong>reliquim</strong></span> <span class='ocrx_word' id='word_1_427' title='bbox 2695 3040 2852 3094; x_wconf 91' lang='lat' dir='ltr'><strong>simul</strong></span> <span class='ocrx_word' id='word_1_428' title='bbox 2895 3055 3020 3094; x_wconf 91' lang='lat' dir='ltr'><strong>cum</strong></span> <span class='ocrx_word' id='word_1_429' title='bbox 3063 3038 3306 3106; x_wconf 86' lang='lat' dir='ltr'><strong>reliquiis</strong></span> <span class='ocrx_word' id='word_1_430' title='bbox 3336 3039 3570 3092; x_wconf 71' lang='lat' dir='ltr'><strong>Michaeze</strong></span> <span class='ocrx_word' id='word_1_431' title='bbox 3629 3040 3634 3045; x_wconf 85' lang='grc'><strong>’</strong></span> 
     </span>
    </p>
   </div>
   <div class='ocr_carea' id='block_1_61' title="bbox 1983 3133 3568 3205">
    <p class='ocr_par' dir='ltr' id='par_1_61' title="bbox 1983 3133 3568 3205">
     <span class='ocr_line' id='line_1_61' title="bbox 1983 3133 3568 3205; baseline -0.002 -16"><span class='ocrx_word' id='word_1_432' title='bbox 1983 3137 2277 3205; x_wconf 76' lang='lat' dir='ltr'><strong>prOphetac,</strong></span> <span class='ocrx_word' id='word_1_433' title='bbox 2315 3135 2649 3205; x_wconf 90' lang='lat' dir='ltr'><strong>temporibus</strong></span> <span class='ocrx_word' id='word_1_434' title='bbox 2679 3135 2898 3188; x_wconf 75' lang='lat' dir='ltr'><strong>Arcadii</strong></span> <span class='ocrx_word' id='word_1_435' title='bbox 2938 3143 2992 3188; x_wconf 91' lang='lat' dir='ltr'><strong>et</strong></span> <span class='ocrx_word' id='word_1_436' title='bbox 3023 3133 3244 3204; x_wconf 83' lang='lat' dir='ltr'><strong>Honorii</strong></span> <span class='ocrx_word' id='word_1_437' title='bbox 3298 3133 3568 3204; x_wconf 85' lang='lat' dir='ltr'><strong>Augusto-</strong></span> 
     </span>
    </p>
   </div>
   <div class='ocr_carea' id='block_1_62' title="bbox 297 3191 3149 3294">
    <p class='ocr_par' dir='ltr' id='par_1_62' title="bbox 297 3191 3149 3294">
     <span class='ocr_line' id='line_1_62' title="bbox 297 3191 3149 3294; baseline 0.006 -32"><span class='ocrx_word' id='word_1_438' title='bbox 297 3215 379 3262; x_wconf 89' lang='lat' dir='ltr'><strong>est</strong></span> <span class='ocrx_word' id='word_1_439' title='bbox 410 3217 487 3272; x_wconf 91' lang='lat' dir='ltr'><strong>ut,</strong></span> <span class='ocrx_word' id='word_1_440' title='bbox 517 3209 812 3278; x_wconf 90' lang='lat' dir='ltr'><strong>opitulante</strong></span> <span class='ocrx_word' id='word_1_441' title='bbox 852 3211 1090 3278; x_wconf 84' lang='lat' dir='ltr'><strong>Christo,</strong></span> <span class='ocrx_word' id='word_1_442' title='bbox 1138 3216 1190 3269; x_wconf 91' lang='lat' dir='ltr'><strong>in</strong></span> <span class='ocrx_word' id='word_1_443' title='bbox 1243 3191 1560 3270; x_wconf 66' lang='lat' dir='ltr'><strong>Antiochite</strong></span> <span class='ocrx_word' id='word_1_444' title='bbox 1590 3217 1876 3286; x_wconf 90' lang='lat' dir='ltr'><strong>municipio</strong></span> <span class='ocrx_word' id='word_1_445' title='bbox 1907 3191 1950 3252; x_wconf 66' lang='grc' dir='ltr'><strong>Ο</strong></span> <span class='ocrx_word' id='word_1_446' title='bbox 1982 3191 2120 3291; x_wconf 42' lang='lat' dir='ltr'><strong>iuni,</strong></span> <span class='ocrx_word' id='word_1_447' title='bbox 2166 3227 2390 3281; x_wconf 77' lang='lat' dir='ltr'><strong>Domino</strong></span> <span class='ocrx_word' id='word_1_448' title='bbox 2428 3191 2720 3288; x_wconf 63' lang='lat' dir='ltr'><strong>revelantc,</strong></span> <span class='ocrx_word' id='word_1_449' title='bbox 2752 3227 2974 3294; x_wconf 61' lang='lat' dir='ltr'><strong>proditae</strong></span> <span class='ocrx_word' id='word_1_450' title='bbox 3005 3234 3149 3279; x_wconf 88' lang='lat' dir='ltr'><strong>sunt.</strong></span> 
     </span>
    </p>
   </div>
   <div class='ocr_carea' id='block_1_63' title="bbox 299 3301 1878 3372">
    <p class='ocr_par' dir='ltr' id='par_1_63' title="bbox 299 3301 1878 3372">
     <span class='ocr_line' id='line_1_63' title="bbox 299 3301 1878 3372; baseline 0.008 -20"><span class='ocrx_word' id='word_1_451' title='bbox 299 3301 621 3353; x_wconf 87' lang='lat' dir='ltr'><strong>monasteria</strong></span> <span class='ocrx_word' id='word_1_452' title='bbox 676 3303 827 3371; x_wconf 89' lang='lat' dir='ltr'><strong>plura</strong></span> <span class='ocrx_word' id='word_1_453' title='bbox 865 3313 1262 3372; x_wconf 87' lang='lat' dir='ltr'><strong>construerent,</strong></span> <span class='ocrx_word' id='word_1_454' title='bbox 1309 3308 1380 3361; x_wconf 90' lang='lat' dir='ltr'><strong>ita</strong></span> <span class='ocrx_word' id='word_1_455' title='bbox 1431 3316 1483 3361; x_wconf 87' lang='lat' dir='ltr'><strong>ut</strong></span> <span class='ocrx_word' id='word_1_456' title='bbox 1531 3309 1628 3361; x_wconf 90' lang='lat' dir='ltr'><strong>sub</strong></span> <span class='ocrx_word' id='word_1_457' title='bbox 1681 3307 1878 3364; x_wconf 84' lang='lat' dir='ltr'><strong>Juliani</strong></span> 
     </span>
    </p>
   </div>
   <div class='ocr_carea' id='block_1_64' title="bbox 301 3390 1879 3459">
    <p class='ocr_par' dir='ltr' id='par_1_64' title="bbox 301 3390 1879 3459">
     <span class='ocr_line' id='line_1_64' title="bbox 301 3390 1879 3459; baseline 0.007 -18"><span class='ocrx_word' id='word_1_458' title='bbox 301 3390 558 3459; x_wconf 88' lang='lat' dir='ltr'><strong>regimine</strong></span> <span class='ocrx_word' id='word_1_459' title='bbox 611 3392 795 3445; x_wconf 90' lang='lat' dir='ltr'><strong>decem</strong></span> <span class='ocrx_word' id='word_1_460' title='bbox 840 3394 1006 3447; x_wconf 88' lang='lat' dir='ltr'><strong>millia</strong></span> <span class='ocrx_word' id='word_1_461' title='bbox 1054 3399 1440 3451; x_wconf 87' lang='lat' dir='ltr'><strong>monachorum</strong></span> <span class='ocrx_word' id='word_1_462' title='bbox 1495 3408 1879 3453; x_wconf 89' lang='lat' dir='ltr'><strong>conversareut</strong></span> 
     </span>
    </p>
   </div>
   <div class='ocr_carea' id='block_1_65' title="bbox 302 3479 1880 3563">
    <p class='ocr_par' dir='ltr' id='par_1_65' title="bbox 302 3479 1880 3563">
     <span class='ocr_line' id='line_1_65' title="bbox 302 3479 1880 3563; baseline 0.01 -31"><span class='ocrx_word' id='word_1_463' title='bbox 302 3479 820 3554; x_wconf 87' lang='lat' dir='ltr'><strong>[eonversarentur].</strong></span> <span class='ocrx_word' id='word_1_464' title='bbox 857 3483 967 3539; x_wconf 89' lang='lat' dir='ltr'><strong>Sub</strong></span> <span class='ocrx_word' id='word_1_465' title='bbox 999 3487 1266 3542; x_wconf 69' lang='lat' dir='ltr'><strong>Basilissae</strong></span> <span class='ocrx_word' id='word_1_466' title='bbox 1296 3505 1423 3544; x_wconf 90' lang='lat' dir='ltr'><strong>vero</strong></span> <span class='ocrx_word' id='word_1_467' title='bbox 1453 3490 1597 3545; x_wconf 89' lang='lat' dir='ltr'><strong>mille</strong></span> <span class='ocrx_word' id='word_1_468' title='bbox 1643 3492 1880 3563; x_wconf 85' lang='lat' dir='ltr'><strong>virgines</strong></span> 
     </span>
    </p>
   </div>
   <div class='ocr_carea' id='block_1_66' title="bbox 302 3572 1232 3646">
    <p class='ocr_par' dir='ltr' id='par_1_66' title="bbox 302 3572 1232 3646">
     <span class='ocr_line' id='line_1_66' title="bbox 302 3572 1232 3646; baseline 0.008 -21"><span class='ocrx_word' id='word_1_469' title='bbox 302 3572 397 3625; x_wconf 91' lang='lat' dir='ltr'><strong>Dei</strong></span> <span class='ocrx_word' id='word_1_470' title='bbox 425 3573 645 3628; x_wconf 89' lang='lat' dir='ltr'><strong>servitio</strong></span> <span class='ocrx_word' id='word_1_471' title='bbox 674 3576 990 3646; x_wconf 69' lang='lat' dir='ltr'><strong>n&#39;iancipataa</strong></span> <span class='ocrx_word' id='word_1_472' title='bbox 1023 3578 1232 3634; x_wconf 86' lang='lat' dir='ltr'><strong>ﬁerent.</strong></span> 
     </span>
    </p>
   </div>
   <div class='ocr_carea' id='block_1_67' title="bbox 376 3663 1878 3730">
    <p class='ocr_par' dir='ltr' id='par_1_67' title="bbox 376 3663 1878 3730">
     <span class='ocr_line' id='line_1_67' title="bbox 376 3663 1878 3730; baseline 0.01 -15"><span class='ocrx_word' id='word_1_473' title='bbox 376 3663 564 3718; x_wconf 88' lang='lat' dir='ltr'><strong>Postea</strong></span> <span class='ocrx_word' id='word_1_474' title='bbox 595 3675 772 3720; x_wconf 84' lang='lat' dir='ltr'><strong>autem</strong></span> <span class='ocrx_word' id='word_1_475' title='bbox 801 3668 939 3722; x_wconf 90' lang='lat' dir='ltr'><strong>idem</strong></span> <span class='ocrx_word' id='word_1_476' title='bbox 968 3668 1209 3725; x_wconf 81' lang='lat' dir='ltr'><strong>Julianus</strong></span> <span class='ocrx_word' id='word_1_477' title='bbox 1254 3687 1376 3726; x_wconf 91' lang='lat' dir='ltr'><strong>cum</strong></span> <span class='ocrx_word' id='word_1_478' title='bbox 1425 3675 1878 3730; x_wconf 82' lang='lat' dir='ltr'><strong>commilitonibus</strong></span> 
     </span>
    </p>
   </div>
   <div class='ocr_carea' id='block_1_68' title="bbox 303 3754 1878 3832">
    <p class='ocr_par' dir='ltr' id='par_1_68' title="bbox 303 3754 1878 3832">
     <span class='ocr_line' id='line_1_68' title="bbox 303 3754 1878 3832; baseline 0.008 -25"><span class='ocrx_word' id='word_1_479' title='bbox 303 3754 415 3807; x_wconf 86' lang='lat' dir='ltr'><strong>suis</strong></span> <span class='ocrx_word' id='word_1_480' title='bbox 441 3755 540 3809; x_wconf 91' lang='lat' dir='ltr'><strong>sub</strong></span> <span class='ocrx_word' id='word_1_481' title='bbox 567 3757 840 3812; x_wconf 85' lang='lat' dir='ltr'><strong>Marciano</strong></span> <span class='ocrx_word' id='word_1_482' title='bbox 867 3761 1108 3830; x_wconf 89' lang='lat' dir='ltr'><strong>principe</strong></span> <span class='ocrx_word' id='word_1_483' title='bbox 1135 3776 1232 3832; x_wconf 89' lang='lat' dir='ltr'><strong>pro</strong></span> <span class='ocrx_word' id='word_1_484' title='bbox 1272 3764 1471 3818; x_wconf 82' lang='lat' dir='ltr'><strong>Christi</strong></span> <span class='ocrx_word' id='word_1_485' title='bbox 1501 3767 1716 3819; x_wconf 87' lang='lat' dir='ltr'><strong>nomine</strong></span> <span class='ocrx_word' id='word_1_486' title='bbox 1740 3784 1878 3820; x_wconf 89' lang='lat' dir='ltr'><strong>mar-</strong></span> 
     </span>
    </p>
   </div>
   <div class='ocr_carea' id='block_1_69' title="bbox 307 3845 1878 3925">
    <p class='ocr_par' dir='ltr' id='par_1_69' title="bbox 307 3845 1878 3925">
     <span class='ocr_line' id='line_1_69' title="bbox 307 3845 1878 3925; baseline 0.011 -30"><span class='ocrx_word' id='word_1_487' title='bbox 307 3845 570 3912; x_wconf 82' lang='lat' dir='ltr'><strong>tyrizavit.</strong></span> <span class='ocrx_word' id='word_1_488' title='bbox 623 3847 859 3900; x_wconf 81' lang='lat' dir='ltr'><strong>Primum</strong></span> <span class='ocrx_word' id='word_1_489' title='bbox 911 3851 1140 3906; x_wconf 89' lang='lat' dir='ltr'><strong>fustibus</strong></span> <span class='ocrx_word' id='word_1_490' title='bbox 1181 3869 1369 3918; x_wconf 66' lang='lat' dir='ltr'><strong>czesus,</strong></span> <span class='ocrx_word' id='word_1_491' title='bbox 1423 3857 1513 3924; x_wconf 90' lang='lat' dir='ltr'><strong>qui</strong></span> <span class='ocrx_word' id='word_1_492' title='bbox 1548 3861 1878 3925; x_wconf 78' lang='lat' dir='ltr'><strong>percussoris</strong></span> 
     </span>
    </p>
   </div>
   <div class='ocr_carea' id='block_1_70' title="bbox 305 3937 1877 4019">
    <p class='ocr_par' dir='ltr' id='par_1_70' title="bbox 305 3937 1877 4019">
     <span class='ocr_line' id='line_1_70' title="bbox 305 3937 1877 4019; baseline 0.01 -30"><span class='ocrx_word' id='word_1_493' title='bbox 305 3937 386 3989; x_wconf 89' lang='lat' dir='ltr'><strong>sui</strong></span> <span class='ocrx_word' id='word_1_494' title='bbox 417 3937 626 3990; x_wconf 87' lang='lat' dir='ltr'><strong>oculum</strong></span> <span class='ocrx_word' id='word_1_495' title='bbox 655 3939 894 3993; x_wconf 83' lang='lat' dir='ltr'><strong>evulsum</strong></span> <span class='ocrx_word' id='word_1_496' title='bbox 931 3945 1180 3997; x_wconf 85' lang='lat' dir='ltr'><strong>restituit.</strong></span> <span class='ocrx_word' id='word_1_497' title='bbox 1227 3947 1448 4016; x_wconf 78' lang='lat' dir='ltr'><strong>Insuper</strong></span> <span class='ocrx_word' id='word_1_498' title='bbox 1481 3958 1534 4001; x_wconf 90' lang='lat' dir='ltr'><strong>et</strong></span> <span class='ocrx_word' id='word_1_499' title='bbox 1570 3951 1686 4017; x_wconf 89' lang='lat' dir='ltr'><strong>plus</strong></span> <span class='ocrx_word' id='word_1_500' title='bbox 1717 3967 1877 4019; x_wconf 89' lang='lat' dir='ltr'><strong>quam</strong></span> 
     </span>
    </p>
   </div>
   <div class='ocr_carea' id='block_1_71' title="bbox 305 4029 1874 4104">
    <p class='ocr_par' dir='ltr' id='par_1_71' title="bbox 305 4029 1874 4104">
     <span class='ocr_line' id='line_1_71' title="bbox 305 4029 1874 4104; baseline 0.012 -25"><span class='ocrx_word' id='word_1_501' title='bbox 305 4029 624 4097; x_wconf 58' lang='lat' dir='ltr'><strong>quingentas</strong></span> <span class='ocrx_word' id='word_1_502' title='bbox 664 4031 1071 4088; x_wconf 82' lang='lat' dir='ltr'><strong>simulacrorum</strong></span> <span class='ocrx_word' id='word_1_503' title='bbox 1104 4036 1361 4104; x_wconf 83' lang='lat' dir='ltr'><strong>imagines</strong></span> <span class='ocrx_word' id='word_1_504' title='bbox 1389 4042 1452 4092; x_wconf 89' lang='lat' dir='ltr'><strong>ad</strong></span> <span class='ocrx_word' id='word_1_505' title='bbox 1486 4041 1655 4094; x_wconf 89' lang='lat' dir='ltr'><strong>solum</strong></span> <span class='ocrx_word' id='word_1_506' title='bbox 1683 4043 1874 4098; x_wconf 89' lang='lat' dir='ltr'><strong>diruit:</strong></span> 
     </span>
    </p>
   </div>
   <div class='ocr_carea' id='block_1_72' title="bbox 305 4124 1880 4205">
    <p class='ocr_par' dir='ltr' id='par_1_72' title="bbox 305 4124 1880 4205">
     <span class='ocr_line' id='line_1_72' title="bbox 305 4124 1880 4205; baseline 0.01 -31"><span class='ocrx_word' id='word_1_507' title='bbox 305 4131 422 4188; x_wconf 84' lang='lat' dir='ltr'><strong>post</strong></span> <span class='ocrx_word' id='word_1_508' title='bbox 449 4124 560 4176; x_wconf 62' lang='lat' dir='ltr'><strong>haec</strong></span> <span class='ocrx_word' id='word_1_509' title='bbox 593 4124 644 4176; x_wconf 89' lang='lat' dir='ltr'><strong>in</strong></span> <span class='ocrx_word' id='word_1_510' title='bbox 683 4141 953 4180; x_wconf 88' lang='lat' dir='ltr'><strong>carcerem</strong></span> <span class='ocrx_word' id='word_1_511' title='bbox 994 4130 1334 4204; x_wconf 86' lang='lat' dir='ltr'><strong>tenebrosum</strong></span> <span class='ocrx_word' id='word_1_512' title='bbox 1366 4142 1544 4187; x_wconf 88' lang='lat' dir='ltr'><strong>trusus</strong></span> <span class='ocrx_word' id='word_1_513' title='bbox 1571 4151 1690 4205; x_wconf 82' lang='lat' dir='ltr'><strong>cum</strong></span> <span class='ocrx_word' id='word_1_514' title='bbox 1744 4152 1880 4203; x_wconf 79' lang='lat' dir='ltr'><strong>pra:-</strong></span> 
     </span>
    </p>
   </div>
   <div class='ocr_carea' id='block_1_73' title="bbox 307 4214 1874 4295">
    <p class='ocr_par' dir='ltr' id='par_1_73' title="bbox 307 4214 1874 4295">
     <span class='ocr_line' id='line_1_73' title="bbox 307 4214 1874 4295; baseline 0.011 -28"><span class='ocrx_word' id='word_1_515' title='bbox 307 4214 436 4268; x_wconf 89' lang='lat' dir='ltr'><strong>sidis</strong></span> <span class='ocrx_word' id='word_1_516' title='bbox 467 4215 574 4269; x_wconf 88' lang='lat' dir='ltr'><strong>ﬁlio</strong></span> <span class='ocrx_word' id='word_1_517' title='bbox 607 4217 889 4273; x_wconf 82' lang='lat' dir='ltr'><strong>Hircicallo</strong></span> <span class='ocrx_word' id='word_1_518' title='bbox 917 4220 1114 4287; x_wconf 85' lang='lat' dir='ltr'><strong>juvene</strong></span> <span class='ocrx_word' id='word_1_519' title='bbox 1141 4240 1309 4293; x_wconf 90' lang='lat' dir='ltr'><strong>nuper</strong></span> <span class='ocrx_word' id='word_1_520' title='bbox 1329 4229 1393 4278; x_wconf 90' lang='lat' dir='ltr'><strong>ad</strong></span> <span class='ocrx_word' id='word_1_521' title='bbox 1419 4226 1574 4282; x_wconf 88' lang='lat' dir='ltr'><strong>ﬁdem</strong></span> <span class='ocrx_word' id='word_1_522' title='bbox 1597 4244 1874 4295; x_wconf 86' lang='lat' dir='ltr'><strong>converso,</strong></span> 
     </span>
    </p>
   </div>
   <div class='ocr_carea' id='block_1_74' title="bbox 309 4297 1879 4394">
    <p class='ocr_par' dir='ltr' id='par_1_74' title="bbox 309 4297 1879 4394">
     <span class='ocr_line' id='line_1_74' title="bbox 309 4297 1879 4394; baseline 0.013 -39"><span class='ocrx_word' id='word_1_523' title='bbox 309 4304 396 4356; x_wconf 91' lang='lat' dir='ltr'><strong>ubi</strong></span> <span class='ocrx_word' id='word_1_524' title='bbox 449 4307 820 4363; x_wconf 88' lang='lat' dir='ltr'><strong>daumatorum</strong></span> <span class='ocrx_word' id='word_1_525' title='bbox 879 4327 1100 4382; x_wconf 89' lang='lat' dir='ltr'><strong>corpora</strong></span> <span class='ocrx_word' id='word_1_526' title='bbox 1156 4297 1540 4385; x_wconf 64' lang='lat' dir='ltr'><strong>putreﬁebani;</strong></span> <span class='ocrx_word' id='word_1_527' title='bbox 1595 4322 1687 4374; x_wconf 90' lang='lat' dir='ltr'><strong>sed</strong></span> <span class='ocrx_word' id='word_1_528' title='bbox 1744 4321 1879 4394; x_wconf 87' lang='lat' dir='ltr'><strong>mira</strong></span> 
     </span>
    </p>
   </div>
   <div class='ocr_carea' id='block_1_75' title="bbox 307 4396 1879 4466">
    <p class='ocr_par' dir='ltr' id='par_1_75' title="bbox 307 4396 1879 4466">
     <span class='ocr_line' id='line_1_75' title="bbox 307 4396 1879 4466; baseline 0.013 -22"><span class='ocrx_word' id='word_1_529' title='bbox 307 4396 475 4462; x_wconf 90' lang='lat' dir='ltr'><strong>gratia</strong></span> <span class='ocrx_word' id='word_1_530' title='bbox 515 4396 712 4451; x_wconf 86' lang='lat' dir='ltr'><strong>Christi</strong></span> <span class='ocrx_word' id='word_1_531' title='bbox 744 4402 936 4456; x_wconf 85' lang='lat' dir='ltr'><strong>fetidus</strong></span> <span class='ocrx_word' id='word_1_532' title='bbox 984 4405 1118 4458; x_wconf 90' lang='lat' dir='ltr'><strong>odor</strong></span> <span class='ocrx_word' id='word_1_533' title='bbox 1146 4406 1199 4459; x_wconf 90' lang='lat' dir='ltr'><strong>in</strong></span> <span class='ocrx_word' id='word_1_534' title='bbox 1230 4409 1513 4462; x_wconf 72' lang='lat' dir='ltr'><strong>ambrosiae</strong></span> <span class='ocrx_word' id='word_1_535' title='bbox 1545 4411 1879 4466; x_wconf 86' lang='lat' dir='ltr'><strong>dulcedinem</strong></span> 
     </span>
    </p>
   </div>
   <div class='ocr_carea' id='block_1_76' title="bbox 1986 3313 3567 3398">
    <p class='ocr_par' dir='ltr' id='par_1_76' title="bbox 1986 3313 3567 3398">
     <span class='ocr_line' id='line_1_76' title="bbox 1986 3313 3567 3398; baseline 0.001 -30"><span class='ocrx_word' id='word_1_536' title='bbox 1986 3395 1988 3398; x_wconf 22' lang='grc' dir='ltr'><strong>Ι</strong></span> <span class='ocrx_word' id='word_1_537' title='bbox 2051 3315 2188 3369; x_wconf 70' lang='lat' dir='ltr'><strong>XVI!</strong></span> <span class='ocrx_word' id='word_1_538' title='bbox 2228 3315 2362 3369; x_wconf 70' lang='grc' dir='ltr'><strong>ΚΜ..</strong></span> <span class='ocrx_word' id='word_1_539' title='bbox 2412 3315 2677 3369; x_wconf 85' lang='lat' dir='ltr'><strong>Nativitas</strong></span> <span class='ocrx_word' id='word_1_540' title='bbox 2727 3315 2785 3371; x_wconf 92' lang='lat' dir='ltr'><strong>S.</strong></span> <span class='ocrx_word' id='word_1_541' title='bbox 2840 3315 3071 3369; x_wconf 82' lang='lat' dir='ltr'><strong>Marcelli</strong></span> <span class='ocrx_word' id='word_1_542' title='bbox 3111 3329 3283 3384; x_wconf 82' lang='lat' dir='ltr'><strong>papae,</strong></span> <span class='ocrx_word' id='word_1_543' title='bbox 3331 3314 3440 3384; x_wconf 88' lang='lat' dir='ltr'><strong>qui,</strong></span> <span class='ocrx_word' id='word_1_544' title='bbox 3477 3313 3567 3381; x_wconf 86' lang='lat' dir='ltr'><strong>ju-</strong></span> 
     </span>
    </p>
   </div>
   <div class='ocr_carea' id='block_1_77' title="bbox 1980 3405 3565 3480">
    <p class='ocr_par' dir='ltr' id='par_1_77' title="bbox 1980 3405 3565 3480">
     <span class='ocr_line' id='line_1_77' title="bbox 1980 3405 3565 3480; baseline -0.001 -17"><span class='ocrx_word' id='word_1_545' title='bbox 1980 3409 2139 3463; x_wconf 86' lang='lat' dir='ltr'><strong>bente</strong></span> <span class='ocrx_word' id='word_1_546' title='bbox 2166 3406 2488 3462; x_wconf 74' lang='lat' dir='ltr'><strong>Maximiano</strong></span> <span class='ocrx_word' id='word_1_547' title='bbox 2519 3405 2832 3480; x_wconf 77' lang='lat' dir='ltr'><strong>[Maxentio]</strong></span> <span class='ocrx_word' id='word_1_548' title='bbox 2858 3407 3199 3475; x_wconf 86' lang='lat' dir='ltr'><strong>imperatore,</strong></span> <span class='ocrx_word' id='word_1_549' title='bbox 3232 3407 3408 3477; x_wconf 89' lang='lat' dir='ltr'><strong>primo</strong></span> <span class='ocrx_word' id='word_1_550' title='bbox 3452 3406 3565 3462; x_wconf 85' lang='lat' dir='ltr'><strong>fus-</strong></span> 
     </span>
    </p>
   </div>
   <div class='ocr_carea' id='block_1_78' title="bbox 1981 3498 3563 3568">
    <p class='ocr_par' dir='ltr' id='par_1_78' title="bbox 1981 3498 3563 3568">
     <span class='ocr_line' id='line_1_78' title="bbox 1981 3498 3563 3568; baseline 0 -16"><span class='ocrx_word' id='word_1_551' title='bbox 1981 3498 2124 3553; x_wconf 88' lang='lat' dir='ltr'><strong>tibus</strong></span> <span class='ocrx_word' id='word_1_552' title='bbox 2157 3514 2349 3564; x_wconf 64' lang='lat' dir='ltr'><strong>caesus,</strong></span> <span class='ocrx_word' id='word_1_553' title='bbox 2381 3508 2436 3554; x_wconf 91' lang='lat' dir='ltr'><strong>et</strong></span> <span class='ocrx_word' id='word_1_554' title='bbox 2478 3516 2507 3552; x_wconf 92' lang='lat' dir='ltr'><strong>a</strong></span> <span class='ocrx_word' id='word_1_555' title='bbox 2544 3499 2683 3554; x_wconf 89' lang='lat' dir='ltr'><strong>facie</strong></span> <span class='ocrx_word' id='word_1_556' title='bbox 2729 3499 2846 3568; x_wconf 90' lang='lat' dir='ltr'><strong>ejus</strong></span> <span class='ocrx_word' id='word_1_557' title='bbox 2875 3514 3032 3568; x_wconf 88' lang='lat' dir='ltr'><strong>quem</strong></span> <span class='ocrx_word' id='word_1_558' title='bbox 3076 3499 3421 3568; x_wconf 88' lang='lat' dir='ltr'><strong>corripiebat,</strong></span> <span class='ocrx_word' id='word_1_559' title='bbox 3465 3512 3563 3552; x_wconf 82' lang='lat' dir='ltr'><strong>ex-</strong></span> 
     </span>
    </p>
   </div>
   <div class='ocr_carea' id='block_1_79' title="bbox 1979 3590 3557 3661">
    <p class='ocr_par' dir='ltr' id='par_1_79' title="bbox 1979 3590 3557 3661">
     <span class='ocr_line' id='line_1_79' title="bbox 1979 3590 3557 3661; baseline -0.001 -15"><span class='ocrx_word' id='word_1_560' title='bbox 1979 3593 2164 3661; x_wconf 88' lang='lat' dir='ltr'><strong>pulsus</strong></span> <span class='ocrx_word' id='word_1_561' title='bbox 2188 3600 2288 3647; x_wconf 88' lang='lat' dir='ltr'><strong>est.</strong></span> <span class='ocrx_word' id='word_1_562' title='bbox 2323 3593 2524 3646; x_wconf 88' lang='lat' dir='ltr'><strong>Deinde</strong></span> <span class='ocrx_word' id='word_1_563' title='bbox 2552 3593 2776 3646; x_wconf 88' lang='lat' dir='ltr'><strong>audiens</strong></span> <span class='ocrx_word' id='word_1_564' title='bbox 2805 3593 2947 3661; x_wconf 89' lang='lat' dir='ltr'><strong>quod</strong></span> <span class='ocrx_word' id='word_1_565' title='bbox 2975 3593 3192 3646; x_wconf 89' lang='lat' dir='ltr'><strong>domum</strong></span> <span class='ocrx_word' id='word_1_566' title='bbox 3234 3592 3403 3646; x_wconf 75' lang='lat' dir='ltr'><strong>beatae</strong></span> <span class='ocrx_word' id='word_1_567' title='bbox 3447 3590 3557 3644; x_wconf 85' lang='lat' dir='ltr'><strong>Lu-</strong></span> 
     </span>
    </p>
   </div>
   <div class='ocr_carea' id='block_1_80' title="bbox 1981 3681 3566 3752">
    <p class='ocr_par' dir='ltr' id='par_1_80' title="bbox 1981 3681 3566 3752">
     <span class='ocr_line' id='line_1_80' title="bbox 1981 3681 3566 3752; baseline -0.001 -14"><span class='ocrx_word' id='word_1_568' title='bbox 1981 3684 2136 3747; x_wconf 81' lang='lat' dir='ltr'><strong>cinae,</strong></span> <span class='ocrx_word' id='word_1_569' title='bbox 2174 3699 2334 3752; x_wconf 89' lang='lat' dir='ltr'><strong>quam</strong></span> <span class='ocrx_word' id='word_1_570' title='bbox 2376 3682 2766 3752; x_wconf 90' lang='lat' dir='ltr'><strong>proscriptione</strong></span> <span class='ocrx_word' id='word_1_571' title='bbox 2817 3683 3188 3747; x_wconf 89' lang='lat' dir='ltr'><strong>damnaverat,</strong></span> <span class='ocrx_word' id='word_1_572' title='bbox 3217 3697 3282 3736; x_wconf 89' lang='lat' dir='ltr'><strong>eo</strong></span> <span class='ocrx_word' id='word_1_573' title='bbox 3318 3681 3459 3751; x_wconf 87' lang='lat' dir='ltr'><strong>quod</strong></span> <span class='ocrx_word' id='word_1_574' title='bbox 3498 3681 3566 3736; x_wconf 85' lang='lat' dir='ltr'><strong>de</strong></span> 
     </span>
    </p>
   </div>
   <div class='ocr_carea' id='block_1_81' title="bbox 1981 3770 3562 3837">
    <p class='ocr_par' dir='ltr' id='par_1_81' title="bbox 1981 3770 3562 3837">
     <span class='ocr_line' id='line_1_81' title="bbox 1981 3770 3562 3837; baseline -0.002 -9"><span class='ocrx_word' id='word_1_575' title='bbox 1981 3774 2328 3829; x_wconf 87' lang='lat' dir='ltr'><strong>facultatibus</strong></span> <span class='ocrx_word' id='word_1_576' title='bbox 2370 3774 2484 3829; x_wconf 90' lang='lat' dir='ltr'><strong>suis</strong></span> <span class='ocrx_word' id='word_1_577' title='bbox 2532 3773 2856 3828; x_wconf 88' lang='lat' dir='ltr'><strong>Christianis</strong></span> <span class='ocrx_word' id='word_1_578' title='bbox 2916 3773 3216 3837; x_wconf 88' lang='lat' dir='ltr'><strong>donaverit,</strong></span> <span class='ocrx_word' id='word_1_579' title='bbox 3278 3770 3562 3825; x_wconf 85' lang='lat' dir='ltr'><strong>ecclesiam</strong></span> 
     </span>
    </p>
   </div>
   <div class='ocr_carea' id='block_1_82' title="bbox 1980 3861 3568 3934">
    <p class='ocr_par' dir='ltr' id='par_1_82' title="bbox 1980 3861 3568 3934">
     <span class='ocr_line' id='line_1_82' title="bbox 1980 3861 3568 3934; baseline -0.003 -15"><span class='ocrx_word' id='word_1_580' title='bbox 1980 3867 2183 3920; x_wconf 88' lang='lat' dir='ltr'><strong>faceret</strong></span> <span class='ocrx_word' id='word_1_581' title='bbox 2217 3875 2378 3934; x_wconf 88' lang='lat' dir='ltr'><strong>atque</strong></span> <span class='ocrx_word' id='word_1_582' title='bbox 2405 3865 2457 3917; x_wconf 92' lang='lat' dir='ltr'><strong>in</strong></span> <span class='ocrx_word' id='word_1_583' title='bbox 2494 3880 2557 3919; x_wconf 89' lang='lat' dir='ltr'><strong>ea</strong></span> <span class='ocrx_word' id='word_1_584' title='bbox 2589 3866 2780 3919; x_wconf 82' lang='lat' dir='ltr'><strong>missas</strong></span> <span class='ocrx_word' id='word_1_585' title='bbox 2817 3864 3138 3925; x_wconf 86' lang='lat' dir='ltr'><strong>celebraret,</strong></span> <span class='ocrx_word' id='word_1_586' title='bbox 3165 3862 3216 3915; x_wconf 89' lang='lat' dir='ltr'><strong>in</strong></span> <span class='ocrx_word' id='word_1_587' title='bbox 3241 3862 3412 3915; x_wconf 89' lang='lat' dir='ltr'><strong>media</strong></span> <span class='ocrx_word' id='word_1_588' title='bbox 3436 3861 3568 3915; x_wconf 86' lang='lat' dir='ltr'><strong>civi-</strong></span> 
     </span>
    </p>
   </div>
   <div class='ocr_carea' id='block_1_83' title="bbox 1986 3949 3529 4022">
    <p class='ocr_par' dir='ltr' id='par_1_83' title="bbox 1986 3949 3529 4022">
     <span class='ocr_line' id='line_1_83' title="bbox 1986 3949 3529 4022; baseline -0.004 -13"><span class='ocrx_word' id='word_1_589' title='bbox 1986 3963 2092 4009; x_wconf 85' lang='lat' dir='ltr'><strong>tate</strong></span> <span class='ocrx_word' id='word_1_590' title='bbox 2123 3953 2287 4021; x_wconf 87' lang='lat' dir='ltr'><strong>jussit</strong></span> <span class='ocrx_word' id='word_1_591' title='bbox 2315 3954 2367 4006; x_wconf 89' lang='lat' dir='ltr'><strong>in</strong></span> <span class='ocrx_word' id='word_1_592' title='bbox 2411 3956 2598 4007; x_wconf 86' lang='lat' dir='ltr'><strong>eadem</strong></span> <span class='ocrx_word' id='word_1_593' title='bbox 2633 3953 2860 4007; x_wconf 81' lang='lat' dir='ltr'><strong>ecclesia</strong></span> <span class='ocrx_word' id='word_1_594' title='bbox 2886 3954 3102 4022; x_wconf 85' lang='lat' dir='ltr'><strong>plancas</strong></span> <span class='ocrx_word' id='word_1_595' title='bbox 3140 3953 3306 4006; x_wconf 91' lang='lat' dir='ltr'><strong>sterni</strong></span> <span class='ocrx_word' id='word_1_596' title='bbox 3343 3953 3408 4004; x_wconf 91' lang='lat' dir='ltr'><strong>ad</strong></span> <span class='ocrx_word' id='word_1_597' title='bbox 3427 3949 3529 4004; x_wconf 72' lang='lat' dir='ltr'><strong>&#39;ani</strong></span> 
     </span>
    </p>
   </div>
   <div class='ocr_carea' id='block_1_84' title="bbox 1982 4041 3566 4114">
    <p class='ocr_par' dir='ltr' id='par_1_84' title="bbox 1982 4041 3566 4114">
     <span class='ocr_line' id='line_1_84' title="bbox 1982 4041 3566 4114; baseline -0.002 -16"><span class='ocrx_word' id='word_1_598' title='bbox 1982 4046 2138 4098; x_wconf 74' lang='lat' dir='ltr'><strong>malta</strong></span> <span class='ocrx_word' id='word_1_599' title='bbox 2188 4045 2416 4098; x_wconf 84' lang='lat' dir='ltr'><strong>catabuli</strong></span> <span class='ocrx_word' id='word_1_600' title='bbox 2445 4043 2688 4114; x_wconf 87' lang='lat' dir='ltr'><strong>[stabuli]</strong></span> <span class='ocrx_word' id='word_1_601' title='bbox 2715 4043 2932 4111; x_wconf 86' lang='lat' dir='ltr'><strong>publici,</strong></span> <span class='ocrx_word' id='word_1_602' title='bbox 2964 4052 3018 4096; x_wconf 92' lang='lat' dir='ltr'><strong>et</strong></span> <span class='ocrx_word' id='word_1_603' title='bbox 3063 4043 3307 4095; x_wconf 73' lang='lat' dir='ltr'><strong>currulem</strong></span> <span class='ocrx_word' id='word_1_604' title='bbox 3356 4041 3566 4111; x_wconf 84' lang='lat' dir='ltr'><strong>episco-</strong></span> 
     </span>
    </p>
   </div>
   <div class='ocr_carea' id='block_1_85' title="bbox 1981 4134 3560 4205">
    <p class='ocr_par' dir='ltr' id='par_1_85' title="bbox 1981 4134 3560 4205">
     <span class='ocr_line' id='line_1_85' title="bbox 1981 4134 3560 4205; baseline -0.004 -15"><span class='ocrx_word' id='word_1_605' title='bbox 1981 4151 2106 4205; x_wconf 87' lang='lat' dir='ltr'><strong>pum</strong></span> <span class='ocrx_word' id='word_1_606' title='bbox 2135 4138 2200 4190; x_wconf 89' lang='lat' dir='ltr'><strong>ad</strong></span> <span class='ocrx_word' id='word_1_607' title='bbox 2238 4136 2515 4190; x_wconf 86' lang='lat' dir='ltr'><strong>servitium</strong></span> <span class='ocrx_word' id='word_1_608' title='bbox 2549 4135 2856 4188; x_wconf 90' lang='lat' dir='ltr'><strong>animalium</strong></span> <span class='ocrx_word' id='word_1_609' title='bbox 2887 4134 3160 4202; x_wconf 89' lang='lat' dir='ltr'><strong>deputavit</strong></span> <span class='ocrx_word' id='word_1_610' title='bbox 3207 4150 3327 4186; x_wconf 91' lang='lat' dir='ltr'><strong>cum</strong></span> <span class='ocrx_word' id='word_1_611' title='bbox 3377 4143 3560 4186; x_wconf 84' lang='lat' dir='ltr'><strong>custo—</strong></span> 
     </span>
    </p>
   </div>
   <div class='ocr_carea' id='block_1_86' title="bbox 1983 4225 3557 4296">
    <p class='ocr_par' dir='ltr' id='par_1_86' title="bbox 1983 4225 3557 4296">
     <span class='ocr_line' id='line_1_86' title="bbox 1983 4225 3557 4296; baseline -0.001 -15"><span class='ocrx_word' id='word_1_612' title='bbox 1983 4229 2067 4281; x_wconf 88' lang='lat' dir='ltr'><strong>dia</strong></span> <span class='ocrx_word' id='word_1_613' title='bbox 2099 4228 2331 4296; x_wconf 89' lang='lat' dir='ltr'><strong>publica,</strong></span> <span class='ocrx_word' id='word_1_614' title='bbox 2370 4227 2460 4281; x_wconf 90' lang='lat' dir='ltr'><strong>ubi</strong></span> <span class='ocrx_word' id='word_1_615' title='bbox 2495 4227 2656 4280; x_wconf 89' lang='lat' dir='ltr'><strong>etiam</strong></span> <span class='ocrx_word' id='word_1_616' title='bbox 2694 4235 2814 4296; x_wconf 89' lang='lat' dir='ltr'><strong>post</strong></span> <span class='ocrx_word' id='word_1_617' title='bbox 2847 4225 3043 4278; x_wconf 90' lang='lat' dir='ltr'><strong>multos</strong></span> <span class='ocrx_word' id='word_1_618' title='bbox 3081 4239 3248 4278; x_wconf 88' lang='lat' dir='ltr'><strong>annos</strong></span> <span class='ocrx_word' id='word_1_619' title='bbox 3276 4225 3557 4279; x_wconf 85' lang='lat' dir='ltr'><strong>serviendo</strong></span> 
     </span>
    </p>
   </div>
   <div class='ocr_carea' id='block_1_87' title="bbox 1984 4318 3558 4380">
    <p class='ocr_par' dir='ltr' id='par_1_87' title="bbox 1984 4318 3558 4380">
     <span class='ocr_line' id='line_1_87' title="bbox 1984 4318 3558 4380; baseline -0.001 -7"><span class='ocrx_word' id='word_1_620' title='bbox 1984 4319 2200 4375; x_wconf 90' lang='lat' dir='ltr'><strong>indutus</strong></span> <span class='ocrx_word' id='word_1_621' title='bbox 2235 4321 2431 4375; x_wconf 89' lang='lat' dir='ltr'><strong>amictu</strong></span> <span class='ocrx_word' id='word_1_622' title='bbox 2469 4319 2679 4374; x_wconf 90' lang='lat' dir='ltr'><strong>cilicino</strong></span> <span class='ocrx_word' id='word_1_623' title='bbox 2732 4318 3017 4373; x_wconf 88' lang='lat' dir='ltr'><strong>defunctus</strong></span> <span class='ocrx_word' id='word_1_624' title='bbox 3069 4327 3169 4380; x_wconf 88' lang='lat' dir='ltr'><strong>est,</strong></span> <span class='ocrx_word' id='word_1_625' title='bbox 3215 4327 3268 4373; x_wconf 89' lang='lat' dir='ltr'><strong>et</strong></span> <span class='ocrx_word' id='word_1_626' title='bbox 3311 4319 3558 4372; x_wconf 86' lang='lat' dir='ltr'><strong>conditus</strong></span> 
     </span>
    </p>
   </div>
   <div class='ocr_carea' id='block_1_88' title="bbox 1983 4409 3564 4480">
    <p class='ocr_par' dir='ltr' id='par_1_88' title="bbox 1983 4409 3564 4480">
     <span class='ocr_line' id='line_1_88' title="bbox 1983 4409 3564 4480; baseline -0.001 -16"><span class='ocrx_word' id='word_1_627' title='bbox 1983 4412 2315 4466; x_wconf 84' lang='lat' dir='ltr'><strong>aromatibus</strong></span> <span class='ocrx_word' id='word_1_628' title='bbox 2347 4426 2377 4464; x_wconf 88' lang='lat' dir='ltr'><strong>a</strong></span> <span class='ocrx_word' id='word_1_629' title='bbox 2431 4410 2636 4464; x_wconf 84' lang='lat' dir='ltr'><strong>Joanne</strong></span> <span class='ocrx_word' id='word_1_630' title='bbox 2693 4411 3006 4480; x_wconf 82' lang='lat' dir='ltr'><strong>presbytero</strong></span> <span class='ocrx_word' id='word_1_631' title='bbox 3055 4417 3106 4461; x_wconf 84' lang='lat' dir='ltr'><strong>et</strong></span> <span class='ocrx_word' id='word_1_632' title='bbox 3136 4409 3195 4462; x_wconf 85' lang='grc' dir='ltr'><strong>Β.</strong></span> <span class='ocrx_word' id='word_1_633' title='bbox 3232 4409 3451 4472; x_wconf 88' lang='lat' dir='ltr'><strong>Lucina,</strong></span> <span class='ocrx_word' id='word_1_634' title='bbox 3479 4426 3564 4462; x_wconf 78' lang='lat' dir='ltr'><strong>se-</strong></span> 
     </span>
    </p>
   </div>
   <div class='ocr_carea' id='block_1_89' title="bbox 308 4491 3564 4602">
    <p class='ocr_par' dir='ltr' id='par_1_89' title="bbox 308 4491 3564 4602">
     <span class='ocr_line' id='line_1_89' title="bbox 308 4491 3564 4602; baseline 0.003 -64"><span class='ocrx_word' id='word_1_635' title='bbox 308 4501 492 4539; x_wconf 85' lang='lat' dir='ltr'><strong>versus</strong></span> <span class='ocrx_word' id='word_1_636' title='bbox 524 4504 642 4542; x_wconf 89' lang='lat' dir='ltr'><strong>cum</strong></span> <span class='ocrx_word' id='word_1_637' title='bbox 695 4491 814 4548; x_wconf 89' lang='lat' dir='ltr'><strong>luce</strong></span> <span class='ocrx_word' id='word_1_638' title='bbox 866 4494 1081 4564; x_wconf 89' lang='lat' dir='ltr'><strong>limpida</strong></span> <span class='ocrx_word' id='word_1_639' title='bbox 1122 4507 1338 4555; x_wconf 86' lang='lat' dir='ltr'><strong>sanctos</strong></span> <span class='ocrx_word' id='word_1_640' title='bbox 1389 4510 1653 4572; x_wconf 88' lang='lat' dir='ltr'><strong>martyres</strong></span> <span class='ocrx_word' id='word_1_641' title='bbox 1704 4504 1877 4558; x_wconf 79' lang='lat' dir='ltr'><strong>hetiﬁ-</strong></span> <span class='ocrx_word' id='word_1_642' title='bbox 1904 4543 1960 4602; x_wconf 70' lang='grc' dir='ltr'>Β</span> <span class='ocrx_word' id='word_1_643' title='bbox 1985 4504 2162 4572; x_wconf 89' lang='lat' dir='ltr'><strong>pultus</strong></span> <span class='ocrx_word' id='word_1_644' title='bbox 2192 4513 2273 4558; x_wconf 90' lang='lat' dir='ltr'><strong>est</strong></span> <span class='ocrx_word' id='word_1_645' title='bbox 2303 4504 2357 4557; x_wconf 91' lang='lat' dir='ltr'><strong>in</strong></span> <span class='ocrx_word' id='word_1_646' title='bbox 2384 4502 2694 4557; x_wconf 85' lang='lat' dir='ltr'><strong>coemeterio</strong></span> <span class='ocrx_word' id='word_1_647' title='bbox 2733 4501 3004 4554; x_wconf 68' lang='lat' dir='ltr'><strong>Priscillm.</strong></span> <span class='ocrx_word' id='word_1_648' title='bbox 3044 4499 3260 4554; x_wconf 82' lang='lat' dir='ltr'><strong>Arelato</strong></span> <span class='ocrx_word' id='word_1_649' title='bbox 3302 4500 3564 4567; x_wconf 86' lang='lat' dir='ltr'><strong>depositio</strong></span> 
     </span>
     <span class='ocr_line' id='line_1_90' title="bbox 312 4577 3495 4602; baseline 0 0"><span class='ocrx_word' id='word_1_650' title='bbox 312 4577 459 4602; x_wconf 54' lang='grc' dir='ltr'><strong>ηηιυει</strong></span> <span class='ocrx_word' id='word_1_651' title='bbox 529 4581 723 4602; x_wconf 33' lang='grc' dir='ltr'><strong>ιιγ-ι-2μ-</strong></span> <span class='ocrx_word' id='word_1_652' title='bbox 983 4597 992 4602; x_wconf 79' lang='grc'><strong>.</strong></span> <span class='ocrx_word' id='word_1_653' title='bbox 1211 4592 1220 4602; x_wconf 75' lang='grc' dir='ltr'><strong>ο</strong></span> <span class='ocrx_word' id='word_1_654' title='bbox 1247 4594 1257 4602; x_wconf 90' lang='grc'>.</span> <span class='ocrx_word' id='word_1_655' title='bbox 1377 4594 1391 4602; x_wconf 82' lang='grc'>.</span> <span class='ocrx_word' id='word_1_656' title='bbox 1437 4595 1455 4602; x_wconf 92' lang='grc'><strong>..</strong></span> <span class='ocrx_word' id='word_1_657' title='bbox 1585 4597 1594 4602; x_wconf 82' lang='grc'>.</span> <span class='ocrx_word' id='word_1_658' title='bbox 1738 4599 1746 4602; x_wconf 94' lang='grc'>.</span> <span class='ocrx_word' id='word_1_659' title='bbox 2143 4596 2153 4602; x_wconf 79' lang='grc'>.</span> <span class='ocrx_word' id='word_1_660' title='bbox 2193 4595 2232 4602; x_wconf 86' lang='grc'><strong>--</strong></span> <span class='ocrx_word' id='word_1_661' title='bbox 2433 4595 2444 4602; x_wconf 86' lang='grc'>.</span> <span class='ocrx_word' id='word_1_662' title='bbox 2551 4596 2559 4602; x_wconf 94' lang='grc'>.</span> <span class='ocrx_word' id='word_1_663' title='bbox 2701 4594 2711 4602; x_wconf 95' lang='grc'><strong>.</strong></span> <span class='ocrx_word' id='word_1_664' title='bbox 2783 4601 2786 4602; x_wconf 67' lang='lat'>,</span> <span class='ocrx_word' id='word_1_665' title='bbox 2937 4592 2956 4602; x_wconf 69' lang='grc' dir='ltr'><strong>ι.</strong></span> <span class='ocrx_word' id='word_1_666' title='bbox 3110 4593 3119 4602; x_wconf 89' lang='grc'>.</span> <span class='ocrx_word' id='word_1_667' title='bbox 3292 4588 3303 4600; x_wconf 75' lang='grc' dir='ltr'><strong>ο</strong></span> <span class='ocrx_word' id='word_1_668' title='bbox 3424 4591 3434 4600; x_wconf 73' lang='grc' dir='ltr'><strong>ο</strong></span> <span class='ocrx_word' id='word_1_669' title='bbox 3489 4600 3495 4602; x_wconf 86' lang='grc'>.</span> 
     </span>
    </p>
   </div>
   <div class='ocr_carea' id='block_1_90' title="bbox 309 4577 1882 4658">
    <p class='ocr_par' dir='ltr' id='par_1_90' title="bbox 309 4577 1882 4658">
     <span class='ocr_line' id='line_1_91' title="bbox 309 4577 1882 4658; baseline 0.013 -29"><span class='ocrx_word' id='word_1_670' title='bbox 309 4577 485 4630; x_wconf 88' lang='lat' dir='ltr'><strong>cabat.</strong></span> <span class='ocrx_word' id='word_1_671' title='bbox 529 4581 750 4646; x_wconf 80' lang='lat' dir='ltr'><strong>Dehinc,</strong></span> <span class='ocrx_word' id='word_1_672' title='bbox 810 4597 1030 4657; x_wconf 89' lang='lat' dir='ltr'><strong>rogante</strong></span> <span class='ocrx_word' id='word_1_673' title='bbox 1067 4592 1312 4658; x_wconf 60' lang='lat' dir='ltr'><strong>pra-side,</strong></span> <span class='ocrx_word' id='word_1_674' title='bbox 1361 4594 1594 4649; x_wconf 88' lang='lat' dir='ltr'><strong>defuncti</strong></span> <span class='ocrx_word' id='word_1_675' title='bbox 1650 4599 1882 4650; x_wconf 84' lang='lat' dir='ltr'><strong>cadaver</strong></span> 
     </span>
    </p>
   </div>
   <div class='ocr_carea' id='block_1_91' title="bbox 308 4671 1878 4746">
    <p class='ocr_par' dir='ltr' id='par_1_91' title="bbox 308 4671 1878 4746">
     <span class='ocr_line' id='line_1_92' title="bbox 308 4671 1878 4746; baseline 0.015 -28"><span class='ocrx_word' id='word_1_676' title='bbox 308 4671 542 4722; x_wconf 89' lang='lat' dir='ltr'><strong>nondum</strong></span> <span class='ocrx_word' id='word_1_677' title='bbox 575 4673 777 4727; x_wconf 89' lang='lat' dir='ltr'><strong>humati</strong></span> <span class='ocrx_word' id='word_1_678' title='bbox 808 4692 837 4729; x_wconf 92' lang='lat' dir='ltr'><strong>a</strong></span> <span class='ocrx_word' id='word_1_679' title='bbox 872 4688 1040 4730; x_wconf 90' lang='lat' dir='ltr'><strong>morte</strong></span> <span class='ocrx_word' id='word_1_680' title='bbox 1066 4683 1376 4746; x_wconf 86' lang='lat' dir='ltr'><strong>suscitavit;</strong></span> <span class='ocrx_word' id='word_1_681' title='bbox 1412 4687 1501 4738; x_wconf 87' lang='lat' dir='ltr'><strong>sed</strong></span> <span class='ocrx_word' id='word_1_682' title='bbox 1529 4689 1748 4741; x_wconf 91' lang='lat' dir='ltr'><strong>tortoris</strong></span> <span class='ocrx_word' id='word_1_683' title='bbox 1773 4705 1878 4741; x_wconf 90' lang='lat' dir='ltr'><strong>non</strong></span> 
     </span>
    </p>
   </div>
   <div class='ocr_carea' id='block_1_92' title="bbox 309 4766 1878 4848">
    <p class='ocr_par' dir='ltr' id='par_1_92' title="bbox 309 4766 1878 4848">
     <span class='ocr_line' id='line_1_93' title="bbox 309 4766 1878 4848; baseline 0.015 -38"><span class='ocrx_word' id='word_1_684' title='bbox 309 4771 555 4817; x_wconf 82' lang='lat' dir='ltr'><strong>cessante</strong></span> <span class='ocrx_word' id='word_1_685' title='bbox 584 4766 822 4831; x_wconf 81' lang='lat' dir='ltr'><strong>vesania,</strong></span> <span class='ocrx_word' id='word_1_686' title='bbox 862 4767 1243 4837; x_wconf 87' lang='lat' dir='ltr'><strong>imperatorum</strong></span> <span class='ocrx_word' id='word_1_687' title='bbox 1273 4776 1488 4829; x_wconf 89' lang='lat' dir='ltr'><strong>decreto</strong></span> <span class='ocrx_word' id='word_1_688' title='bbox 1521 4777 1570 4829; x_wconf 93' lang='lat' dir='ltr'><strong>in</strong></span> <span class='ocrx_word' id='word_1_689' title='bbox 1603 4778 1731 4832; x_wconf 90' lang='lat' dir='ltr'><strong>circi</strong></span> <span class='ocrx_word' id='word_1_690' title='bbox 1757 4796 1878 4848; x_wconf 88' lang='lat' dir='ltr'><strong>spe-</strong></span> 
     </span>
    </p>
   </div>
   <div class='ocr_carea' id='block_1_93' title="bbox 309 4853 1880 4936">
    <p class='ocr_par' dir='ltr' id='par_1_93' title="bbox 309 4853 1880 4936">
     <span class='ocr_line' id='line_1_94' title="bbox 309 4853 1880 4936; baseline 0.013 -34"><span class='ocrx_word' id='word_1_691' title='bbox 309 4853 517 4906; x_wconf 89' lang='lat' dir='ltr'><strong>ctaculo</strong></span> <span class='ocrx_word' id='word_1_692' title='bbox 558 4858 728 4911; x_wconf 89' lang='lat' dir='ltr'><strong>sancti</strong></span> <span class='ocrx_word' id='word_1_693' title='bbox 760 4869 1026 4929; x_wconf 88' lang='lat' dir='ltr'><strong>martyres</strong></span> <span class='ocrx_word' id='word_1_694' title='bbox 1075 4864 1308 4918; x_wconf 91' lang='lat' dir='ltr'><strong>terdenis</strong></span> <span class='ocrx_word' id='word_1_695' title='bbox 1353 4881 1610 4934; x_wconf 87' lang='lat' dir='ltr'><strong>cuparum</strong></span> <span class='ocrx_word' id='word_1_696' title='bbox 1662 4870 1880 4936; x_wconf 81' lang='lat' dir='ltr'><strong>gremiis</strong></span> 
     </span>
    </p>
   </div>
   <div class='ocr_carea' id='block_1_94' title="bbox 311 4944 1878 5027">
    <p class='ocr_par' dir='ltr' id='par_1_94' title="bbox 311 4944 1878 5027">
     <span class='ocr_line' id='line_1_95' title="bbox 311 4944 1878 5027; baseline 0.013 -31"><span class='ocrx_word' id='word_1_697' title='bbox 311 4944 672 5012; x_wconf 89' lang='lat' dir='ltr'><strong>includuntur,</strong></span> <span class='ocrx_word' id='word_1_698' title='bbox 705 4966 822 5018; x_wconf 72' lang='lat' dir='ltr'><strong>qua:</strong></span> <span class='ocrx_word' id='word_1_699' title='bbox 850 4952 1172 5008; x_wconf 90' lang='lat' dir='ltr'><strong>intrinsecus</strong></span> <span class='ocrx_word' id='word_1_700' title='bbox 1194 4964 1326 5010; x_wconf 68' lang='lat' dir='ltr'><strong>atra}</strong></span> <span class='ocrx_word' id='word_1_701' title='bbox 1349 4959 1484 5027; x_wconf 91' lang='lat' dir='ltr'><strong>picis</strong></span> <span class='ocrx_word' id='word_1_702' title='bbox 1512 4974 1684 5014; x_wconf 86' lang='lat' dir='ltr'><strong>massa</strong></span> <span class='ocrx_word' id='word_1_703' title='bbox 1715 4970 1769 5014; x_wconf 90' lang='lat' dir='ltr'><strong>et</strong></span> <span class='ocrx_word' id='word_1_704' title='bbox 1797 4963 1878 5016; x_wconf 89' lang='lat' dir='ltr'><strong>bi-</strong></span> 
     </span>
    </p>
   </div>
   <div class='ocr_carea' id='block_1_95' title="bbox 313 5036 1880 5114">
    <p class='ocr_par' dir='ltr' id='par_1_95' title="bbox 313 5036 1880 5114">
     <span class='ocr_line' id='line_1_96' title="bbox 313 5036 1880 5114; baseline 0.011 -27"><span class='ocrx_word' id='word_1_705' title='bbox 313 5036 528 5090; x_wconf 88' lang='lat' dir='ltr'><strong>tuminis</strong></span> <span class='ocrx_word' id='word_1_706' title='bbox 559 5036 761 5100; x_wconf 87' lang='lat' dir='ltr'><strong>fomite,</strong></span> <span class='ocrx_word' id='word_1_707' title='bbox 795 5041 1170 5110; x_wconf 88' lang='lat' dir='ltr'><strong>sulphurisqne</strong></span> <span class='ocrx_word' id='word_1_708' title='bbox 1209 5045 1377 5100; x_wconf 89' lang='lat' dir='ltr'><strong>fetore</strong></span> <span class='ocrx_word' id='word_1_709' title='bbox 1417 5048 1734 5114; x_wconf 88' lang='lat' dir='ltr'><strong>farciuntur,</strong></span> <span class='ocrx_word' id='word_1_710' title='bbox 1767 5068 1880 5104; x_wconf 84' lang='lat' dir='ltr'><strong>sar-</strong></span> 
     </span>
    </p>
   </div>
   <div class='ocr_carea' id='block_1_96' title="bbox 310 5129 1875 5203">
    <p class='ocr_par' dir='ltr' id='par_1_96' title="bbox 310 5129 1875 5203">
     <span class='ocr_line' id='line_1_97' title="bbox 310 5129 1875 5203; baseline 0.01 -24"><span class='ocrx_word' id='word_1_711' title='bbox 310 5129 505 5195; x_wconf 80' lang='lat' dir='ltr'><strong>mentis</strong></span> <span class='ocrx_word' id='word_1_712' title='bbox 534 5144 654 5183; x_wconf 88' lang='lat' dir='ltr'><strong>cum</strong></span> <span class='ocrx_word' id='word_1_713' title='bbox 684 5132 802 5199; x_wconf 85' lang='lat' dir='ltr'><strong>igne</strong></span> <span class='ocrx_word' id='word_1_714' title='bbox 844 5135 1152 5202; x_wconf 86' lang='lat' dir='ltr'><strong>suppositis,</strong></span> <span class='ocrx_word' id='word_1_715' title='bbox 1186 5135 1236 5188; x_wconf 92' lang='lat' dir='ltr'><strong>in</strong></span> <span class='ocrx_word' id='word_1_716' title='bbox 1288 5146 1515 5203; x_wconf 87' lang='lat' dir='ltr'><strong>tantum,</strong></span> <span class='ocrx_word' id='word_1_717' title='bbox 1562 5149 1618 5193; x_wconf 89' lang='lat' dir='ltr'><strong>ut</strong></span> <span class='ocrx_word' id='word_1_718' title='bbox 1661 5141 1875 5196; x_wconf 71' lang='lat' dir='ltr'><strong>ﬁalnn&#39;ia</strong></span> 
     </span>
    </p>
   </div>
   <div class='ocr_carea' id='block_1_97' title="bbox 312 5211 1880 5299">
    <p class='ocr_par' dir='ltr' id='par_1_97' title="bbox 312 5211 1880 5299">
     <span class='ocr_line' id='line_1_98' title="bbox 312 5211 1880 5299; baseline 0.008 -26"><span class='ocrx_word' id='word_1_719' title='bbox 312 5222 526 5289; x_wconf 84' lang='lat' dir='ltr'><strong>triginta</strong></span> <span class='ocrx_word' id='word_1_720' title='bbox 561 5224 754 5277; x_wconf 88' lang='lat' dir='ltr'><strong>cubitis</strong></span> <span class='ocrx_word' id='word_1_721' title='bbox 785 5224 839 5277; x_wconf 90' lang='lat' dir='ltr'><strong>in</strong></span> <span class='ocrx_word' id='word_1_722' title='bbox 870 5226 1034 5279; x_wconf 82' lang='lat' dir='ltr'><strong>altum</strong></span> <span class='ocrx_word' id='word_1_723' title='bbox 1065 5243 1124 5281; x_wconf 89' lang='lat' dir='ltr'><strong>se</strong></span> <span class='ocrx_word' id='word_1_724' title='bbox 1149 5211 1480 5299; x_wconf 86' lang='lat' dir='ltr'><strong>porrigeret;</strong></span> <span class='ocrx_word' id='word_1_725' title='bbox 1529 5232 1620 5285; x_wconf 90' lang='lat' dir='ltr'><strong>sed</strong></span> <span class='ocrx_word' id='word_1_726' title='bbox 1664 5233 1786 5287; x_wconf 79' lang='lat' dir='ltr'><strong>inde</strong></span> <span class='ocrx_word' id='word_1_727' title='bbox 1815 5234 1880 5286; x_wconf 88' lang='lat' dir='ltr'><strong>il—</strong></span> 
     </span>
    </p>
   </div>
   <div class='ocr_carea' id='block_1_98' title="bbox 312 5311 1881 5392">
    <p class='ocr_par' dir='ltr' id='par_1_98' title="bbox 312 5311 1881 5392">
     <span class='ocr_line' id='line_1_99' title="bbox 312 5311 1881 5392; baseline 0.009 -29"><span class='ocrx_word' id='word_1_728' title='bbox 312 5311 420 5363; x_wconf 71' lang='lat' dir='ltr'><strong>lmsi</strong></span> <span class='ocrx_word' id='word_1_729' title='bbox 473 5313 828 5381; x_wconf 80' lang='lat' dir='ltr'><strong>egredientes,</strong></span> <span class='ocrx_word' id='word_1_730' title='bbox 876 5332 1061 5370; x_wconf 85' lang='lat' dir='ltr'><strong>rursus</strong></span> <span class='ocrx_word' id='word_1_731' title='bbox 1113 5319 1291 5387; x_wconf 84' lang='lat' dir='ltr'><strong>digitis</strong></span> <span class='ocrx_word' id='word_1_732' title='bbox 1319 5338 1571 5374; x_wconf 89' lang='lat' dir='ltr'><strong>manuum</strong></span> <span class='ocrx_word' id='word_1_733' title='bbox 1607 5331 1661 5376; x_wconf 92' lang='lat' dir='ltr'><strong>ct</strong></span> <span class='ocrx_word' id='word_1_734' title='bbox 1687 5324 1881 5392; x_wconf 89' lang='lat' dir='ltr'><strong>pedum</strong></span> 
     </span>
    </p>
   </div>
   <div class='ocr_carea' id='block_1_99' title="bbox 310 5400 1882 5481">
    <p class='ocr_par' dir='ltr' id='par_1_99' title="bbox 310 5400 1882 5481">
     <span class='ocr_line' id='line_1_100' title="bbox 310 5400 1882 5481; baseline 0.01 -27"><span class='ocrx_word' id='word_1_735' title='bbox 310 5400 503 5464; x_wconf 88' lang='lat' dir='ltr'><strong>licinus</strong></span> <span class='ocrx_word' id='word_1_736' title='bbox 529 5404 722 5465; x_wconf 85' lang='lat' dir='ltr'><strong>ardens</strong></span> <span class='ocrx_word' id='word_1_737' title='bbox 748 5405 854 5464; x_wconf 86' lang='lat' dir='ltr'><strong>olei</strong></span> <span class='ocrx_word' id='word_1_738' title='bbox 880 5406 1086 5474; x_wconf 72' lang='lat' dir='ltr'><strong>lii’tlmre</strong></span> <span class='ocrx_word' id='word_1_739' title='bbox 1118 5410 1370 5477; x_wconf 79' lang='lat' dir='ltr'><strong>perfusus</strong></span> <span class='ocrx_word' id='word_1_740' title='bbox 1392 5421 1634 5481; x_wconf 86' lang='lat' dir='ltr'><strong>aptatur;</strong></span> <span class='ocrx_word' id='word_1_741' title='bbox 1664 5414 1760 5468; x_wconf 85' lang='lat' dir='ltr'><strong>sed</strong></span> <span class='ocrx_word' id='word_1_742' title='bbox 1781 5415 1882 5472; x_wconf 85' lang='lat' dir='ltr'><strong>hoc</strong></span> 
     </span>
    </p>
   </div>
   <div class='ocr_carea' id='block_1_100' title="bbox 311 5493 1878 5575">
    <p class='ocr_par' dir='ltr' id='par_1_100' title="bbox 311 5493 1878 5575">
     <span class='ocr_line' id='line_1_101' title="bbox 311 5493 1878 5575; baseline 0.011 -34"><span class='ocrx_word' id='word_1_743' title='bbox 311 5493 590 5561; x_wconf 78' lang='lat' dir='ltr'><strong>conamine</strong></span> <span class='ocrx_word' id='word_1_744' title='bbox 621 5495 836 5548; x_wconf 85' lang='lat' dir='ltr'><strong>delusus</strong></span> <span class='ocrx_word' id='word_1_745' title='bbox 872 5500 994 5550; x_wconf 69' lang='lat' dir='ltr'><strong>exin</strong></span> <span class='ocrx_word' id='word_1_746' title='bbox 1022 5499 1206 5552; x_wconf 86' lang='lat' dir='ltr'><strong>bestiis</strong></span> <span class='ocrx_word' id='word_1_747' title='bbox 1234 5502 1299 5553; x_wconf 85' lang='lat' dir='ltr'><strong>ad</strong></span> <span class='ocrx_word' id='word_1_748' title='bbox 1345 5503 1706 5570; x_wconf 82' lang='lat' dir='ltr'><strong>devorandum</strong></span> <span class='ocrx_word' id='word_1_749' title='bbox 1751 5521 1878 5575; x_wconf 86' lang='lat' dir='ltr'><strong>pro-</strong></span> 
     </span>
    </p>
   </div>
   <div class='ocr_carea' id='block_1_101' title="bbox 310 5585 1881 5666">
    <p class='ocr_par' dir='ltr' id='par_1_101' title="bbox 310 5585 1881 5666">
     <span class='ocr_line' id='line_1_102' title="bbox 310 5585 1881 5666; baseline 0.013 -35"><span class='ocrx_word' id='word_1_750' title='bbox 310 5589 599 5660; x_wconf 80' lang='lat' dir='ltr'><strong>ponuntur,</strong></span> <span class='ocrx_word' id='word_1_751' title='bbox 632 5585 824 5651; x_wconf 87' lang='lat' dir='ltr'><strong>quibus</strong></span> <span class='ocrx_word' id='word_1_752' title='bbox 878 5603 1029 5643; x_wconf 90' lang='lat' dir='ltr'><strong>sacra</strong></span> <span class='ocrx_word' id='word_1_753' title='bbox 1077 5593 1317 5666; x_wconf 84' lang='lat' dir='ltr'><strong>membra</strong></span> <span class='ocrx_word' id='word_1_754' title='bbox 1369 5593 1606 5660; x_wconf 82' lang='lat' dir='ltr'><strong>lacerare</strong></span> <span class='ocrx_word' id='word_1_755' title='bbox 1633 5613 1736 5650; x_wconf 90' lang='lat' dir='ltr'><strong>non</strong></span> <span class='ocrx_word' id='word_1_756' title='bbox 1785 5613 1881 5650; x_wconf 87' lang='lat' dir='ltr'><strong>au-</strong></span> 
     </span>
    </p>
   </div>
   <div class='ocr_carea' id='block_1_102' title="bbox 1985 4588 3566 4663">
    <p class='ocr_par' dir='ltr' id='par_1_102' title="bbox 1985 4588 3566 4663">
     <span class='ocr_line' id='line_1_103' title="bbox 1985 4588 3566 4663; baseline -0.004 -15"><span class='ocrx_word' id='word_1_757' title='bbox 1985 4596 2155 4650; x_wconf 88' lang='lat' dir='ltr'><strong>sancti</strong></span> <span class='ocrx_word' id='word_1_758' title='bbox 2192 4595 2446 4650; x_wconf 89' lang='lat' dir='ltr'><strong>Honorati</strong></span> <span class='ocrx_word' id='word_1_759' title='bbox 2479 4594 2714 4663; x_wconf 88' lang='lat' dir='ltr'><strong>episcopi</strong></span> <span class='ocrx_word' id='word_1_760' title='bbox 2742 4601 2797 4647; x_wconf 89' lang='lat' dir='ltr'><strong>et</strong></span> <span class='ocrx_word' id='word_1_761' title='bbox 2826 4592 3173 4654; x_wconf 88' lang='lat' dir='ltr'><strong>confessoris,</strong></span> <span class='ocrx_word' id='word_1_762' title='bbox 3222 4588 3372 4656; x_wconf 89' lang='lat' dir='ltr'><strong>cujus</strong></span> <span class='ocrx_word' id='word_1_763' title='bbox 3423 4591 3566 4643; x_wconf 88' lang='lat' dir='ltr'><strong>inter</strong></span> 
     </span>
    </p>
   </div>
   <div class='ocr_carea' id='block_1_103' title="bbox 1983 4681 3562 4752">
    <p class='ocr_par' dir='ltr' id='par_1_103' title="bbox 1983 4681 3562 4752">
     <span class='ocr_line' id='line_1_104' title="bbox 1983 4681 3562 4752; baseline -0.006 -10"><span class='ocrx_word' id='word_1_764' title='bbox 1983 4698 2173 4742; x_wconf 62' lang='lat' dir='ltr'><strong>Cretera</strong></span> <span class='ocrx_word' id='word_1_765' title='bbox 2214 4686 2469 4740; x_wconf 86' lang='lat' dir='ltr'><strong>miracula</strong></span> <span class='ocrx_word' id='word_1_766' title='bbox 2516 4686 2685 4738; x_wconf 88' lang='lat' dir='ltr'><strong>fertur</strong></span> <span class='ocrx_word' id='word_1_767' title='bbox 2714 4684 2852 4752; x_wconf 88' lang='lat' dir='ltr'><strong>quod</strong></span> <span class='ocrx_word' id='word_1_768' title='bbox 2903 4684 3187 4734; x_wconf 86' lang='lat' dir='ltr'><strong>draconem</strong></span> <span class='ocrx_word' id='word_1_769' title='bbox 3215 4683 3279 4733; x_wconf 86' lang='lat' dir='ltr'><strong>de</strong></span> <span class='ocrx_word' id='word_1_770' title='bbox 3328 4681 3562 4733; x_wconf 86' lang='lat' dir='ltr'><strong>llilariua</strong></span> 
     </span>
    </p>
   </div>
   <div class='ocr_carea' id='block_1_104' title="bbox 1982 4770 3560 4844">
    <p class='ocr_par' dir='ltr' id='par_1_104' title="bbox 1982 4770 3560 4844">
     <span class='ocr_line' id='line_1_105' title="bbox 1982 4770 3560 4844; baseline -0.007 -12"><span class='ocrx_word' id='word_1_771' title='bbox 1982 4779 2157 4832; x_wconf 88' lang='lat' dir='ltr'><strong>insula</strong></span> <span class='ocrx_word' id='word_1_772' title='bbox 2205 4777 2410 4832; x_wconf 88' lang='lat' dir='ltr'><strong>orando</strong></span> <span class='ocrx_word' id='word_1_773' title='bbox 2467 4773 2753 4844; x_wconf 82' lang='lat' dir='ltr'><strong>fugaverit,</strong></span> <span class='ocrx_word' id='word_1_774' title='bbox 2809 4780 2862 4825; x_wconf 88' lang='lat' dir='ltr'><strong>et</strong></span> <span class='ocrx_word' id='word_1_775' title='bbox 2910 4771 3290 4825; x_wconf 88' lang='lat' dir='ltr'><strong>monasterium</strong></span> <span class='ocrx_word' id='word_1_776' title='bbox 3333 4770 3406 4824; x_wconf 87' lang='lat' dir='ltr'><strong>ibi</strong></span> <span class='ocrx_word' id='word_1_777' title='bbox 3439 4771 3560 4824; x_wconf 91' lang='lat' dir='ltr'><strong>fun-</strong></span> 
     </span>
    </p>
   </div>
   <div class='ocr_carea' id='block_1_105' title="bbox 1982 4864 2542 4922">
    <p class='ocr_par' dir='ltr' id='par_1_105' title="bbox 1982 4864 2542 4922">
     <span class='ocr_line' id='line_1_106' title="bbox 1982 4864 2542 4922; baseline 0.007 -2"><span class='ocrx_word' id='word_1_778' title='bbox 1982 4868 2207 4922; x_wconf 88' lang='lat' dir='ltr'><strong>daverit.</strong></span> <span class='ocrx_word' id='word_1_779' title='bbox 2537 4864 2542 4868; x_wconf 66' lang='grc'><em>’</em></span> 
     </span>
    </p>
   </div>
   <div class='ocr_carea' id='block_1_106' title="bbox 2063 4957 3560 5030">
    <p class='ocr_par' dir='ltr' id='par_1_106' title="bbox 2063 4957 3560 5030">
     <span class='ocr_line' id='line_1_107' title="bbox 2063 4957 3560 5030; baseline -0.003 -16"><span class='ocrx_word' id='word_1_780' title='bbox 2063 4961 2118 5014; x_wconf 91' lang='lat' dir='ltr'><strong>lu</strong></span> <span class='ocrx_word' id='word_1_781' title='bbox 2165 4976 2300 5030; x_wconf 89' lang='lat' dir='ltr'><strong>pago</strong></span> <span class='ocrx_word' id='word_1_782' title='bbox 2344 4975 2472 5014; x_wconf 90' lang='lat' dir='ltr'><strong>vero</strong></span> <span class='ocrx_word' id='word_1_783' title='bbox 2519 4959 2817 5022; x_wconf 83' lang='lat' dir='ltr'><strong>Mandinsc,</strong></span> <span class='ocrx_word' id='word_1_784' title='bbox 2871 4959 2922 5011; x_wconf 91' lang='lat' dir='ltr'><strong>in</strong></span> <span class='ocrx_word' id='word_1_785' title='bbox 2950 4957 3156 5011; x_wconf 87' lang='lat' dir='ltr'><strong>Perona</strong></span> <span class='ocrx_word' id='word_1_786' title='bbox 3213 4957 3560 5024; x_wconf 83' lang='lat' dir='ltr'><strong>monasterio,</strong></span> 
     </span>
    </p>
   </div>
   <div class='ocr_carea' id='block_1_107' title="bbox 1986 5047 3560 5120">
    <p class='ocr_par' dir='ltr' id='par_1_107' title="bbox 1986 5047 3560 5120">
     <span class='ocr_line' id='line_1_108' title="bbox 1986 5047 3560 5120; baseline -0.003 -17"><span class='ocrx_word' id='word_1_787' title='bbox 1986 5051 2248 5120; x_wconf 87' lang='lat' dir='ltr'><strong>depositio</strong></span> <span class='ocrx_word' id='word_1_788' title='bbox 2279 5052 2446 5104; x_wconf 87' lang='lat' dir='ltr'><strong>sancti</strong></span> <span class='ocrx_word' id='word_1_789' title='bbox 2483 5049 2670 5104; x_wconf 85' lang='lat' dir='ltr'><strong>Fursei</strong></span> <span class='ocrx_word' id='word_1_790' title='bbox 2703 5049 3044 5112; x_wconf 85' lang='lat' dir='ltr'><strong>confessoris,</strong></span> <span class='ocrx_word' id='word_1_791' title='bbox 3083 5048 3171 5117; x_wconf 92' lang='lat' dir='ltr'><strong>qui</strong></span> <span class='ocrx_word' id='word_1_792' title='bbox 3214 5049 3268 5101; x_wconf 92' lang='lat' dir='ltr'><strong>in</strong></span> <span class='ocrx_word' id='word_1_793' title='bbox 3308 5047 3560 5099; x_wconf 84' lang='lat' dir='ltr'><strong>Hibernia</strong></span> 
     </span>
    </p>
   </div>
   <div class='ocr_carea' id='block_1_108' title="bbox 1985 5137 3556 5208">
    <p class='ocr_par' dir='ltr' id='par_1_108' title="bbox 1985 5137 3556 5208">
     <span class='ocr_line' id='line_1_109' title="bbox 1985 5137 3556 5208; baseline -0.003 -16"><span class='ocrx_word' id='word_1_794' title='bbox 1985 5148 2143 5192; x_wconf 89' lang='lat' dir='ltr'><strong>natus</strong></span> <span class='ocrx_word' id='word_1_795' title='bbox 2175 5147 2228 5191; x_wconf 91' lang='lat' dir='ltr'><strong>et</strong></span> <span class='ocrx_word' id='word_1_796' title='bbox 2266 5140 2521 5201; x_wconf 88' lang='lat' dir='ltr'><strong>nutritus,</strong></span> <span class='ocrx_word' id='word_1_797' title='bbox 2569 5139 2794 5208; x_wconf 87' lang='lat' dir='ltr'><strong>patriam</strong></span> <span class='ocrx_word' id='word_1_798' title='bbox 2844 5147 3200 5206; x_wconf 88' lang='lat' dir='ltr'><strong>parentesque</strong></span> <span class='ocrx_word' id='word_1_799' title='bbox 3232 5137 3556 5203; x_wconf 86' lang='lat' dir='ltr'><strong>relinquens,</strong></span> 
     </span>
    </p>
   </div>
   <div class='ocr_carea' id='block_1_109' title="bbox 1987 5225 3561 5296">
    <p class='ocr_par' dir='ltr' id='par_1_109' title="bbox 1987 5225 3561 5296">
     <span class='ocr_line' id='line_1_110' title="bbox 1987 5225 3561 5296; baseline -0.002 -15"><span class='ocrx_word' id='word_1_800' title='bbox 1987 5243 2154 5281; x_wconf 83' lang='lat' dir='ltr'><strong>sacrae</strong></span> <span class='ocrx_word' id='word_1_801' title='bbox 2185 5227 2476 5296; x_wconf 64' lang='lat' dir='ltr'><strong>Scripturrc</strong></span> <span class='ocrx_word' id='word_1_802' title='bbox 2507 5227 2698 5282; x_wconf 89' lang='lat' dir='ltr'><strong>studiis</strong></span> <span class='ocrx_word' id='word_1_803' title='bbox 2731 5227 2932 5294; x_wconf 85' lang='lat' dir='ltr'><strong>aliquot</strong></span> <span class='ocrx_word' id='word_1_804' title='bbox 2963 5225 3187 5280; x_wconf 87' lang='lat' dir='ltr'><strong>vacabat</strong></span> <span class='ocrx_word' id='word_1_805' title='bbox 3211 5226 3394 5290; x_wconf 90' lang='lat' dir='ltr'><strong>annis;</strong></span> <span class='ocrx_word' id='word_1_806' title='bbox 3424 5227 3561 5278; x_wconf 86' lang='lat' dir='ltr'><strong>unde</strong></span> 
     </span>
    </p>
   </div>
   <div class='ocr_carea' id='block_1_110' title="bbox 1985 5318 3560 5390">
    <p class='ocr_par' dir='ltr' id='par_1_110' title="bbox 1985 5318 3560 5390">
     <span class='ocr_line' id='line_1_111' title="bbox 1985 5318 3560 5390; baseline -0.003 -15"><span class='ocrx_word' id='word_1_807' title='bbox 1985 5323 2371 5375; x_wconf 88' lang='lat' dir='ltr'><strong>monasterium</strong></span> <span class='ocrx_word' id='word_1_808' title='bbox 2424 5321 2476 5374; x_wconf 92' lang='lat' dir='ltr'><strong>in</strong></span> <span class='ocrx_word' id='word_1_809' title='bbox 2509 5321 2736 5390; x_wconf 87' lang='lat' dir='ltr'><strong>quodam</strong></span> <span class='ocrx_word' id='word_1_810' title='bbox 2784 5319 3080 5373; x_wconf 80' lang='lat' dir='ltr'><strong>construxit</strong></span> <span class='ocrx_word' id='word_1_811' title='bbox 3108 5318 3225 5372; x_wconf 81' lang='lat' dir='ltr'><strong>loco</strong></span> <span class='ocrx_word' id='word_1_812' title='bbox 3256 5335 3269 5383; x_wconf 91' lang='lat'><strong>;</strong></span> <span class='ocrx_word' id='word_1_813' title='bbox 3317 5319 3406 5372; x_wconf 89' lang='lat' dir='ltr'><strong>sed</strong></span> <span class='ocrx_word' id='word_1_814' title='bbox 3435 5318 3560 5372; x_wconf 90' lang='lat' dir='ltr'><strong>dum</strong></span> 
     </span>
    </p>
   </div>
   <div class='ocr_carea' id='block_1_111' title="bbox 1982 5410 3561 5482">
    <p class='ocr_par' dir='ltr' id='par_1_111' title="bbox 1982 5410 3561 5482">
     <span class='ocr_line' id='line_1_112' title="bbox 1982 5410 3561 5482; baseline -0.004 -14"><span class='ocrx_word' id='word_1_815' title='bbox 1982 5414 2210 5482; x_wconf 88' lang='lat' dir='ltr'><strong>patriam</strong></span> <span class='ocrx_word' id='word_1_816' title='bbox 2235 5421 2590 5482; x_wconf 86' lang='lat' dir='ltr'><strong>parentesque</strong></span> <span class='ocrx_word' id='word_1_817' title='bbox 2603 5412 2819 5466; x_wconf 86' lang='lat' dir='ltr'><strong>visitare</strong></span> <span class='ocrx_word' id='word_1_818' title='bbox 2836 5411 3175 5480; x_wconf 76' lang='lat' dir='ltr'><strong>properabat,</strong></span> <span class='ocrx_word' id='word_1_819' title='bbox 3194 5419 3253 5464; x_wconf 91' lang='lat' dir='ltr'><strong>ut</strong></span> <span class='ocrx_word' id='word_1_820' title='bbox 3277 5410 3416 5469; x_wconf 84' lang='lat' dir='ltr'><strong>inter</strong></span> <span class='ocrx_word' id='word_1_821' title='bbox 3444 5410 3561 5463; x_wconf 89' lang='lat' dir='ltr'><strong>illos</strong></span> 
     </span>
    </p>
   </div>
   <div class='ocr_carea' id='block_1_112' title="bbox 1984 5501 3559 5579">
    <p class='ocr_par' dir='ltr' id='par_1_112' title="bbox 1984 5501 3559 5579">
     <span class='ocr_line' id='line_1_113' title="bbox 1984 5501 3559 5579; baseline -0.003 -21"><span class='ocrx_word' id='word_1_822' title='bbox 1984 5505 2123 5576; x_wconf 86' lang='lat' dir='ltr'><strong>sacri</strong></span> <span class='ocrx_word' id='word_1_823' title='bbox 2157 5504 2304 5557; x_wconf 90' lang='lat' dir='ltr'><strong>verbi</strong></span> <span class='ocrx_word' id='word_1_824' title='bbox 2338 5504 2541 5560; x_wconf 88' lang='lat' dir='ltr'><strong>semina</strong></span> <span class='ocrx_word' id='word_1_825' title='bbox 2572 5502 2941 5570; x_wconf 88' lang='lat' dir='ltr'><strong>spiritualibus</strong></span> <span class='ocrx_word' id='word_1_826' title='bbox 2985 5501 3274 5579; x_wconf 83' lang='lat' dir='ltr'><strong>seminaret</strong></span> <span class='ocrx_word' id='word_1_827' title='bbox 3311 5501 3559 5569; x_wconf 84' lang='lat' dir='ltr'><strong>eloquiis,</strong></span> 
     </span>
    </p>
   </div>
   <div class='ocr_carea' id='block_1_113' title="bbox 1983 5591 3556 5672">
    <p class='ocr_par' dir='ltr' id='par_1_113' title="bbox 1983 5591 3556 5672">
     <span class='ocr_line' id='line_1_114' title="bbox 1983 5591 3556 5672; baseline -0.004 -22"><span class='ocrx_word' id='word_1_828' title='bbox 1983 5596 2212 5666; x_wconf 87' lang='lat' dir='ltr'><strong>quadam</strong></span> <span class='ocrx_word' id='word_1_829' title='bbox 2247 5595 2331 5651; x_wconf 88' lang='lat' dir='ltr'><strong>die</strong></span> <span class='ocrx_word' id='word_1_830' title='bbox 2359 5593 2601 5664; x_wconf 82' lang='lat' dir='ltr'><strong>corporis</strong></span> <span class='ocrx_word' id='word_1_831' title='bbox 2633 5593 2945 5664; x_wconf 78' lang='lat' dir='ltr'><strong>aegrotantis</strong></span> <span class='ocrx_word' id='word_1_832' title='bbox 2974 5591 3219 5666; x_wconf 75' lang='lat' dir='ltr'><strong>molestia</strong></span> <span class='ocrx_word' id='word_1_833' title='bbox 3246 5591 3556 5672; x_wconf 64' lang='lat' dir='ltr'><strong>corripitur,</strong></span> 
     </span>
    </p>
   </div>
   <div class='ocr_carea' id='block_1_114' title="bbox 386 5710 3564 5813">
    <p class='ocr_par' dir='ltr' id='par_1_114' title="bbox 386 5710 3564 5813">
     <span class='ocr_line' id='line_1_115' title="bbox 386 5710 3564 5813; baseline 0.01 -50"><span class='ocrx_word' id='word_1_834' title='bbox 386 5723 416 5811; x_wconf 40' lang='grc' dir='ltr'>εἰ</span> <span class='ocrx_word' id='word_1_835' title='bbox 442 5710 498 5765; x_wconf 88' lang='lat' dir='ltr'><strong>Id</strong></span> <span class='ocrx_word' id='word_1_836' title='bbox 514 5719 602 5813; x_wconf 64' lang='lat' dir='ltr'><strong>lest</strong></span> <span class='ocrx_word' id='word_1_837' title='bbox 635 5713 843 5769; x_wconf 80' lang='lat' dir='ltr'><strong>visione.</strong></span> <span class='ocrx_word' id='word_1_838' title='bbox 877 5716 966 5794; x_wconf 84' lang='lat' dir='ltr'><strong>Sic</strong></span> <span class='ocrx_word' id='word_1_839' title='bbox 996 5720 1048 5797; x_wconf 84' lang='lat' dir='ltr'><strong>in</strong></span> <span class='ocrx_word' id='word_1_840' title='bbox 1075 5720 1327 5802; x_wconf 84' lang='lat' dir='ltr'><strong>Passionc</strong></span> <span class='ocrx_word' id='word_1_841' title='bbox 1389 5723 1663 5798; x_wconf 66' lang='lat' dir='ltr'><strong>Perpetutc</strong></span> <span class='ocrx_word' id='word_1_842' title='bbox 1701 5735 1754 5780; x_wconf 91' lang='lat' dir='ltr'><strong>et.</strong></span> <span class='ocrx_word' id='word_1_843' title='bbox 1814 5726 2138 5804; x_wconf 72' lang='lat' dir='ltr'><strong>Felicitatis:</strong></span> <span class='ocrx_word' id='word_1_844' title='bbox 2169 5746 2188 5778; x_wconf 74' lang='grc' dir='ltr'>ι</span> <span class='ocrx_word' id='word_1_845' title='bbox 2217 5727 2542 5813; x_wconf 42' lang='lat' dir='ltr'><strong>Priyquam</strong></span> <span class='ocrx_word' id='word_1_846' title='bbox 2593 5742 2973 5812; x_wconf 79' lang='lat' dir='ltr'><strong>pugnaremus,</strong></span> <span class='ocrx_word' id='word_1_847' title='bbox 2997 5729 3151 5812; x_wconf 59' lang='lat' dir='ltr'><strong>video</strong></span> <span class='ocrx_word' id='word_1_848' title='bbox 3202 5731 3255 5807; x_wconf 64' lang='lat' dir='ltr'><strong>in</strong></span> <span class='ocrx_word' id='word_1_849' title='bbox 3282 5728 3564 5810; x_wconf 56' lang='lat' dir='ltr'><strong>heminam</strong></span> 
     </span>
    </p>
   </div>
   <div class='ocr_carea' id='block_1_115' title="bbox 317 5782 668 5837">
    <p class='ocr_par' dir='ltr' id='par_1_115' title="bbox 317 5782 668 5837">
     <span class='ocr_line' id='line_1_116' title="bbox 317 5782 668 5837; baseline 0.006 -1"><span class='ocrx_word' id='word_1_850' title='bbox 317 5783 436 5836; x_wconf 84' lang='lat' dir='ltr'><strong>hoc.</strong></span> <span class='ocrx_word' id='word_1_851' title='bbox 468 5801 486 5831; x_wconf 78' lang='grc' dir='ltr'><strong><em>ι</em></strong></span> <span class='ocrx_word' id='word_1_852' title='bbox 514 5782 668 5837; x_wconf 62' lang='grc' dir='ltr'><strong>ΒΑΞΝ.</strong></span> 
     </span>
    </p>
   </div>
  </div>
