4112 6364
608 330 746 397 1187

1244 335 1305 389 Β.
1340 335 1598 391 ‘RABANI
1635 335 1854 409 MAURI
1891 334 2217 399 ARCHlEP.
2241 333 2550 392 MOGUNT.
2591 334 2875 393 OPERUM
2910 336 3091 392 PARS
3125 338 3188 392 ll.

3714 335 3867 392 “28

605 461 671 502 ac
705 454 826 517 post
849 450 1027 508 subito
1048 449 1108 503 in
1129 449 1329 505 exstasi
1358 459 1563 520 raptus,
1598 450 1772 521 jacuit
1792 451 1946 519 quasi
1984 449 2173 505 exani-
2197 450 2249 510 A
2274 448 2672 517 pnedicandum
2727 457 2929 521 postea,
2957 449 3210 521 gentibus
3253 452 3450 507 missus
3498 448 3863 507 Antiochiam

604 536 709 591 mis
740 552 773 591 a
810 538 1115 607 vespertina
1141 539 1271 595 hora
1314 550 1486 610 usque
1533 541 1601 596 ad
1630 541 1753 610 galli
1789 550 2044 607 cantum;
2079 540 2174 597 sed

603 626 729 681 dum
751 627 825 684 ad
842 643 901 684 se
922 629 1141 696 rediret,
1168 633 1385 701 agnovit
1415 631 1708 709 angelicam
1736 647 1857 689 esse
1887 633 2171 712 visionem,

601 725 656 771 et
682 727 893 789 sumpto
912 733 1140 789 corpore
1159 734 1225 776 ac
1250 722 1512 792 sanguine
1552 720 1773 786 Christi,
1815 722 1985 793 jacuit
2018 722 2172 778 inﬁr-

600 823 723 863 mus
746 809 861 879 ipso
888 810 974 865 die
1006 818 1062 865 et
1090 810 1287 877 altera;
1322 812 1480 867 tertia
1502 826 1651 868 vero
1686 820 1844 867 nocte
1882 813 2077 867 iterum
2106 813 2175 867 ab

600 897 806 969 angelis
832 898 1073 955 sublatus
1100 898 1372 955 mirabiles
1399 899 1533 954 vidit
1559 900 1816 967 visiones,
1851 900 1992 957 sicut
2036 901 2175 956 liber

600 986 923 1059 Vitasipsius
951 997 1194 1046 testatur.
1220 990 1325 1047 Sed
1350 1001 1633 1063 postquam
1655 993 1722 1048 ad
1752 1008 1811 1049 se
1834 994 2009 1060 rediit,
2040 996 2174 1051 duo-

574 1080 777 1135 edecim
815 1096 986 1138 annos
1034 1082 1089 1137 in
1116 1084 1496 1152 praedicatione
1521 1085 1672 1141 verbi
1698 1086 1817 1152 Dei,
1844 1094 1900 1142 et
1936 1087 2173 1143 miracu-

598 1170 773 1227 lorum
806 1172 1135 1230 clarescebat
1172 1175 1367 1246 signis:
1408 1176 1699 1233 novissime
1730 1193 1859 1234 vero
1896 1178 1951 1234 in
1997 1178 2170 1235 Gallia
2206 1220 2211 1226 .

598 1264 939 1320 monasteriis
978 1267 1325 1333 constructis,
1352 1269 1513 1339 ipse,
1542 1270 1699 1327 bonis
1731 1279 1920 1327 auctus
1960 1273 2170 1329 meritis

597 1352 723 1426 inde
755 1354 1004 1426 migravit
1030 1358 1097 1429 ad
1126 1357 1418 1414 Christum.
1452 1360 1659 1431 Corpus
1678 1348 1814 1418 vero
1840 1365 1956 1435 ejus
1976 1367 2043 1422 ab
2070 1367 2170 1422 Er-

593 1444 871 1500 canwaldo
893 1444 1030 1501 duce
1051 1455 1105 1501 et
1126 1449 1346 1513 caeteris
1368 1449 1699 1516 fidelibusin
1742 1452 1947 1509 Perona
1978 1470 2167 1512 mona-

591 1532 757 1589 sterio
777 1532 833 1589 in
846 1528 1071 1607 coclesia
1101 1535 1158 1592 S.
1200 1536 1344 1592 Petri
1366 1541 1593 1609 apostoli
1612 1549 1668 1597 et
1694 1552 2011 1600 caeterorum
2033 1561 2163 1615 apo-

591 1623 851 1680 stolorum
885 1624 1041 1694 juxta
1093 1626 1262 1683 altare
1310 1630 1605 1687 honorifice
1646 1635 1922 1690 conditum
1961 1647 2063 1693 est.
2104 1638 2162 1692 In

589 1717 918 1772 monasterio
950 1733 1162 1788 quoque
1202 1718 1385 1775 Fuldae
1420 1722 1689 1779 dedicatio
1715 1726 1957 1783 ecclesia:
1987 1732 2161 1786 sancti

586 1806 863 1863 Michaelis
891 1809 949 1864 in
971 1813 1283 1868 cmmeterio
1304 1812 1550 1870 fratrum.

662 1899 780 1957 XVI
828 1900 963 1957 ΚΑι..
991 1902 1051 1956 In
1080 1903 1311 1975 Egypto
1341 1894 1612 1963 Thebaida
1652 1914 1914 1980 depositio
1940 1913 2158 1971 Antonii

589 1991 860 2055 monachi,
904 1992 1059 2063 cujus
1099 1994 1214 2065 vita
1260 1995 1549 2052 virtutibus
1597 1999 1755 2069 plena
1810 2012 1865 2058 et
1900 2006 2159 2062 miracula

589 2098 711 2154 quae
735 2083 893 2150 fecit,
937 2087 1153 2156 scriptis
1187 2095 1243 2144 et
1287 2088 1431 2146 fama
1458 2107 1595 2162 pene
1641 2096 1695 2150 in
1724 2098 1976 2156 universo
2030 2104 2160 2159 orbe

585 2173 971 2241 praedicantur.
1005 2174 1149 2233 Obiit
1200 2188 1380 2235 autem
1428 2181 1484 2237 in
1512 2198 1646 2253 pace
1670 2186 1791 2248 sub
1834 2189 2158 2260 imperatore

583 2260 981 2343 Constantino,
1032 2281 1173 2322 anno
1214 2259 1391 2326 astatis
1433 2288 1546 2329 sum
1596 2259 2181 2350 centesimoiquinto,

582 2361 637 2427 et
663 2355 905 2424 sepultus
944 2357 998 2411 in
1033 2372 1216 2413 eremo
1251 2376 1282 2416 a
1328 2363 1617 2435 discipulis
1662 2369 1797 2433 suis,
1850 2371 1992 2427 sicut
2040 2374 2156 2442 ipse

585 2443 767 2500 vivens
794 2458 1145 2521 prmceperat,
1168 2451 1467 2510 occultatus
1486 2464 1573 2511 est
1587 2474 1611 2527 ,τ
1635 2468 1758 2528 post
1777 2462 1946 2516 multa
1976 2473 2155 2520 autem

583 2549 847 2593 annorum
894 2538 1183 2613 curricula,
1215 2542 1318 2596 hoc
1364 2552 1450 2599 est
1490 2544 2156 2622 Justinianiimperatoris

584 2627 936 2696 temporibus,
968 2629 1060 2697 qui
1110 2631 1211 2707 fuit
1242 2630 1439 2688 Justini
1486 2650 1553 2691 ex
1583 2652 1770 2715 sorore
1792 2655 1980 2711 nepos,
2027 2660 2152 2700 cor-

582 2731 682 2786 pus
730 2716 853 2785 ejus
894 2720 1070 2777 divina
1100 2724 1426 2782 revelatione
1472 2739 1746 2800 repertum
1773 2733 2151 2792 Alexandriam

581 2806 861 2881 defertur,
888 2819 943 2864 et
993 2816 1053 2872 in
1106 2814 1332 2877 ecclesia
1377 2817 1633 2898 Baptistae
1670 2822 1894 2885 Joannis
1957 2829 2152 2890 huma.

579 2913 707 2998 tur.‘
747 2906 1000 2965 Bituricis
1047 2911 1313 2982 depositio
1372 2920 1428 2973 S.
1489 2921 1705 2992 Sulpitii
1747 2966 1762 2991 ,
1810 2927 2045 2998 episcopi
2097 2940 2152 2986 et

580 2995 924 3055 confessoris.
965 3002 1120 3071 Apud
1158 3004 1426 3077 Lingonas
1474 3021 1651 3067 autem
1692 2995 1942 3072 nativitas
1980 2995 2151 3089 gemi-

578 3102 769 3182 norum
815 3091 1120 3164 Speusippi,
1172 3096 1409 3169 Elasippi
1461 3109 1516 3156 et
1540 3101 2149 3182 MelasippijEleusippi

577 3188 630 3233 et
667 3160 1026 3255 Meleusippi],
1044 3160 1154 3254 qui
1194 3160 1337 3243 cum-
1348 3160 1529 3248 essent
1550 3160 2032 3270 viginti‘qilinqiue
2042 3160 2150 3257 :5;
2177 3160 2221 3223 Ο

579 3286 792 3357 norum,
815 3289 939 3351 cum
976 3277 1098 3333 avia
1128 3274 1512 3353 sualLeonilla
1537 3286 1831 3358 etlanilla,
1879 3301 1934 3349 et
1966 3294 2148 3352 Neone

578 3354 840 3432 martyrio
870 3369 1112 3424 coronati
1144 3382 1287 3435 sunt,
1326 3381 1566 3446 tempore
1607 3354 1885 3438 Aureliani
1915 3385 2173 3456 impera-'

577 3452 973 3531 toris.'Gemini
1005 3460 1224 3528 quidem
1253 3463 1309 3518 in
1343 3481 1448 3520 una
1477 3470 1672 3525 arbore
1699 3476 1946 3543 suspensi
1970 3452 2149 3548 ligatis

578 3543 825 3621 manibus
847 3562 1087 3624 sursum,
1113 3552 1338 3621 pedibus
1364 3571 1496 3613 vero
1518 3559 1787 3633 deorsum,
1821 3565 1896 3619 ita
1918 3543 2144 3636 extenti,

577 3641 987 3732 ut‘putarentur
1036 3655 1174 3710 pene
1228 3645 1295 3700 ab
1333 3646 1448 3717 ipsa
1482 3652 1846 3709 membrorum
1890 3672 2150 3732 compage

576 3726 836 3793 separari,
864 3737 945 3783 .et
980 3740 1104 3799 post
1158 3733 1274 3790 haec
1325 3736 1380 3790 in
1432 3738 1612 3808 ignem
1657 3726 2147 3813 prtccipitatiinec

577 3826 757 3891 tamen
780 3819 1021 3885 flammis
1054 3825 1215 3892 laesi,
1245 3828 1388 3885 inter
1415 3833 1581 3889 verba
1616 3836 1938 3903 orationum
1989 3840 2149 3896 simul

576 3909 879 3980 migrabant
918 3915 987 3971 ad
1024 3916 1335 3975 Dominum.
1362 3919 1574 3990 Janilla,
1608 3926 1726 3981 haec
1761 3927 1975 3997 videns,
2019 3945 2151 3987 con-

575 3997 716 4055 fessa
738 4011 824 4058 est
849 4006 1094 4080 seetiam
1118 4007 1506 4081 Christianam,
1529 4023 1585 4071 et
1610 4032 1737 4072 mox
1757 4022 2149 4090 comprehensa

575 4094 825 4185 aturbis,
854 4111 888 4151 a
910 4098 1119 4169 capillis
1146 4116 1430 4175 suspensa,
1476 4109 1783 4178 acmultis
1806 4108 2003 4167 amicta
2024 4128 2150 4185 sup-

578 4184 775 4252 pliciis,
796 4202 920 4243 cum
945 4188 1219 4248 Christum
1246 4198 1882 4267 negare»noluisset,cum
1910 4184 2149 4259 Leonilla

575 4274 736 4329 simul
777 4286 864 4332 est
888 4278 1066 4350 gladio
1103 4294 1396 4355 perempta.
1429 4286 1578 4345 Neon
1598 4305 1729 4347 vero
1777 4302 2035 4364 exceptor
2059 4310 2153 4365 ge-

576 4373 806 4430 storum,
856 4376 912 4422 et
940 4370 1054 4439 ipse
1082 4371 1283 4445 Christi
1324 4393 1519 4435 nomen
1568 4380 1848 4441 confessus
1888 4388 2150 4460 martyrio

581 4462 872 4547 coronatus
908 4466 1011 4513 est.
1043 4461 1237 4517 Docuit
1264 4475 1444 4523 autem
1494 4477 1552 4525 et
1585 4471 1879 4543 baptizavit
1903 4478 2148 4547 geminos

578 4545 679 4600 hos
703 4545 974 4634 Benignus
996 4552 1299 4624 presbyter,
1323 4572 1482 4628 quem
1514 4561 1663 4617 misit
1687 4565 1757 4619 ab
1778 4545 1997 4623 Oriente
2019 4568 2149 4624 bea-

574 4644 664 4709 tus
705 4636 1053 4711 Polycarpus,
1100 4642 1323 4704 Joannis
1365 4650 1594 4720 apostoli
1623 4644 1870 4721 auditor,
1918 4655 1973 4711 in
2021 4655 2148 4714 Gal-

574 4726 725 4795 liam,
757 4746 879 4822 cum
902 4731 1221 4793 Mandochio
1244 4743 1709 4817 compresbytero,
1749 4746 2005 4822 ianyrso
2024 4751 2148 4821 dia-

574 4835 736 4876 cono.
767 4820 970 4892 Sepulti
1000 4834 1126 4881 sunt
1145 4838 1323 4885 autem
1369 4832 1532 4890 iidem
1585 4837 1785 4908 gemini
1828 4820 2151 4900 inisecundo

576 4911 833 4993 milliaria
856 4914 925 4969 ab
946 4916 1079 4972 urbe
1112 4917 1406 4991 Lingonas.

646 5001 742 5058 XV
770 5003 906 5060 KAL.
943 5007 1221 5085 Dedicatio
1234 5009 1455 5069 S.Petri
1468 5017 1714 5093 apostoli,
1740 5021 1833 5091 qui
1848 5022 2022 5092 primo
2038 5022 2138 5081 Ro~

576 5114 679 5153 mae
701 5099 858 5156 sedit.
891 5099 1025 5155 Cum
1045 5104 1392 5175 autemidem
1420 5110 1672 5182 princeps
1694 5115 2061 5183 apostolorum
2093 5119 2152 5177 in

581 5187 966 5263 Hierosolymis
991 5202 1047 5249 et
1066 5195 1122 5249 in
1138 5195 1409 5265 Caesarea,
1439 5209 1603 5271 atque
1634 5203 1688 5258 in
1718 5207 1931 5263 caeteris
1949 5210 2150 5270 civita-

579 5276 723 5333 tibus
734 5277 1061 5366 Judaeorum,
1075 5283 1423 5358 Evangelium
1439 5289 1673 5359 primum
1686 5295 2051 5364 praedicasset,
2084 5300 2153 5357 ad

580 5422 593 5436 τ
651 5403 676 5431 α
698 5392 933 5471 Agnetis.
955 5398 1363 5471 Eamprostitui
1384 5403 1554 5459 voluit
1585 5405 1686 5460 sub
1710 5408 1905 5464 theatri
1942 5408 2149 5467 fornice

578 5460 886 5551 pmfectuts:
907 5460 1435 5551 ‘secundiuntnorem
1455 5489 1468 5539 ;
1491 5460 2150 5551 acclamabant—

578 5526 702 5659 'fani
716 5538 721 5609 ς
734 5530 760 5588 τ’
780 5552 796 5584 ι
825 5526 1122 5615 Christiani
1140 5535 1219 5596 ad
1238 5526 1443 5610 leones,
1455 5526 2143 5618 'v'iigiiésid'lbﬁqiié'si'.

600 5605 701 5659 deo
728 5604 1096 5659 Tertullianus
1109 5611 1393 5659 obiiciehat
1414 5613 1517 5659 illis
1544 5632 1558 5659 Β
1588 5636 1605 5659 ι
1622 5620 1625 5625 ’
1643 5618 1708 5659 ad
1729 5618 1972 5659 Innnnnm
1996 5624 2143 5659 dum-

600 5605 701 5680 deo
716 5604 1096 5680 r'reriuuian‘us
1109 5611 1394 5680 objiciebat
1412 5604 1517 5671 illis
1544 5604 1605 5669 ενι
1622 5620 1625 5625 ’
1642 5618 1709 5673 ad
1728 5604 1972 5676 lenonem
1996 5604 2148 5678 iam;

581 5675 698 5758 nari
726 5673 1111 5758 Christianam,
1143 5673 1530 5758 potiusquam
1557 5687 1625 5742 ad
1662 5673 2151 5758 leonem‘,‘eonf_esisi

580 5746 714 5803 estis
736 5744 916 5807 labem
938 5744 1205 5817 pudicitiae
1226 5755 1367 5822 apud
1386 5744 1490 5815 hos
1510 5760 1776 5818 acriorem
1796 5744 2149 5835 omV-{Remi

2174 4522 2228 4583 D

2274 522 2440 605 venit,
2460 539 2641 610 ibique
2656 539 2956 594 Ecclesiam
2970 537 3173 594 Christi
3195 538 3462 595 fundavit.
3490 538 3620 593 Inde
3632 554 3861 607 quoque

2270 648 2502 704 pergens
2548 632 2780 689 Romam
2838 633 3035 699 venit,
3068 633 3306 688 secundo
3350 630 3555 687 Claudii
3615 631 3860 686 Caesaris

2272 738 2435 790 anno,
2478 722 2660 795 ibique
2691 722 3042 792 Evangelium
3084 721 3475 777 instantissime
3520 720 3856 790 praedicans,

2272 814 2463 886 viginti
2504 822 2583 893 et
2609 815 2848 885 quinque
2893 813 3054 868 annis
3081 812 3322 882 ejusdem
3356 811 3508 866 urbis
3556 810 3854 880 episcopus

2270 907 2655 977 perseveravit.
2689 905 2892 962 Eodem
2914 905 3004 961 die
3054 904 3234 960 natale
3254 903 3314 959 S.
3337 903 3538 958 Prisca:
3561 898 3853 969 martyris.

2341 996 2459 1053 XIV
2508 996 2644 1053 KAL.
2675 994 3044 1066 Hierosolyma
3085 993 3265 1049 natale
3311 992 3534 1048 Martha:
3560 998 3618 1045 et
3641 989 3852 1053 Mariae,

2270 1105 2519 1147 sororum
2543 1088 2757 1144 Lazari.

2339 1182 2452 1238 XIII
2478 1181 2612 1239 KAL-
2666 1180 2850 1236 Roma:
2887 1178 3110 1234 Fabiani
3158 1174 3417 1247 episcopi,
3460 1173 3552 1244 qui
3579 1187 3705 1227 cum
3743 1186 3854 1224 xxv

2270 1273 2427 1329 annis
2444 1268 2698 1328 Ecclesiae
2725 1276 3004 1340 praeesset,
3028 1284 3221 1339 passus
3250 1275 3335 1321 est
3351 1262 3677 1334 martyrium
3707 1271 3853 1315 tem-

2265 1380 2399 1436 pore
2422 1363 2590 1428 Decii,
2637 1370 2692 1417 et
2718 1362 2775 1416 in
2811 1360 3126 1416 cmmeterio
3152 1358 3367 1415 Callixti
3418 1355 3681 1425 sepultus.
3746 1352 3850 1406 Hic

2267 1453 2519 1526 regiones
2545 1451 2731 1507 divisit
2764 1450 3102 1516 diaconibus,
3143 1459 3199 1504 et
3237 1448 3367 1503 fecit
3399 1454 3459 1502 ut
3480 1452 3693 1515 septem
3726 1443 3850 1496 dia-

2267 1558 2429 1599 cones
2472 1550 2677 1613 septem
2714 1541 2941 1596 notariis
2965 1538 3330 1603 imminerent,
3375 1543 3434 1590 ut
3471 1543 3624 1606 gesta
3688 1548 3843 1588 mar-

2267 1642 2447 1705 tyrum
2492 1633 2551 1689 in
2594 1632 2862 1703 integrum
2891 1631 3226 1701 colligerent,
3267 1636 3323 1690 et
3357 1627 3557 1682 multas
3598 1624 3846 1678 fabricas

2263 1739 2362 1794 per
2389 1723 2700 1779 coemeteria
2728 1722 2845 1777 fieri
2882 1721 3159 1792 praecepit.
3194 1719 3397 1774 Eodem
3445 1718 3533 1773 die
3580 1716 3845 1769 nativitas

2190 1797 2235 1858 Β
2262 1818 2435 1873 sancti
2463 1815 2763 1896 Sebastiani
2795 1816 2861 1871 de
2889 1814 3210 1880 Mediolano,
3239 1814 3332 1884 qui
3361 1814 3415 1867 in
3447 1822 3660 1866 tantum
3704 1811 3844 1864 cha—

2261 1925 2356 1965 rus
2378 1917 2498 1964 erat
2547 1909 2967 1979 imperatoribus
3000 1905 3335 1963 Diocletiano
3367 1914 3423 1959 et
3481 1902 3841 1966 Maximiano,

2259 2008 2318 2053 ut
2346 1998 2708 2068 principatum
2751 1996 2802 2051 ei
2830 1997 3018 2067 primae
3049 1994 3288 2050 cohortis
3336 1992 3635 2056 traderent,
3674 2007 3839 2059 quem

2259 2089 2644 2153 Diocletianus,
2677 2088 2783 2159 ubi
2817 2087 3181 2143 Christianum
3232 2086 3483 2155 cognovit
3524 2100 3627 2140 nec
3676 2100 3708 2136 a
3731 2083 3841 2137 ﬁde

2258 2196 2418 2251 posse
2442 2180 2710 2246 revocari,
2738 2177 2908 2249 jussit
2950 2180 3108 2250 ligari
3145 2179 3199 2234 in
3230 2179 3408 2233 medio
3459 2190 3654 2247 campo
3680 2176 3839 2244 quasi

2258 2274 2472 2343 signum
2527 2273 2594 2326 ad
2625 2272 2910 2344 sagittam,
2952 2283 3008 2326 et
3061 2270 3303 2350 sagittari
3331 2267 3689 2324 amilltibus:
3740 2267 3835 2337 qui

2257 2379 2400 2429 cum,
2459 2362 2670 2434 sagittis
2695 2362 2884 2433 plenus
2909 2403 2923 2427 ,
2956 2363 3109 2432 quasi
3152 2361 3350 2416 ericius
3396 2367 3589 2425 staret,
3624 2367 3836 2429 putan-

2257 2464 2337 2511 tes
2385 2470 2511 2509 eum
2535 2462 2826 2519 mortuum,
2870 2454 3135 2508 abierunt.
3185 2452 3354 2508 Nocte
3387 2460 3562 2505 autem
3602 2451 3838 2504 veniens

2257 2544 2503 2613 quaedam
2554 2543 2750 2598 mulier
2774 2584 2788 2609 ,
2816 2576 2817 2579 η
2842 2543 3060 2598 nomine
3101 2542 3332 2609 Herene,
3384 2541 3568 2599 tollere
3604 2556 3833 2610 corpus,

2257 2618 2463 2691 invenit
2495 2650 2620 2689 eum
2646 2634 2936 2698 viventem,
2968 2636 3022 2688 'et
3044 2622 3267 2687 adduxit
3295 2634 3347 2687 in
3387 2632 3606 2687 domum
3654 2648 3834 2695 suam,

2257 2742 2312 2781 et
2333 2742 2519 2781 curam
2549 2724 2666 2794 ejus
2692 2726 2802 2797 egit
2831 2743 2843 2779 :
2878 2726 2968 2794 qui
2989 2725 3080 2780 ubi
3102 2725 3393 2788 convaluit,
3414 2725 3612 2780 multos
3635 2725 3694 2779 in
3727 2724 3836 2779 fido

2255 2814 2599 2876 cont‘ortavit.
2619 2813 2735 2877 Nec
2760 2830 2913 2879 nium
2941 2815 3071 2893 ipsis
3100 2812 3514 2900 imperatoribus
3539 2831 3835 2895 apparens,

2255 2916 2374 2981 hos,
2404 2928 2564 2986 prout
2587 2916 2734 2988 digni
2764 2925 2940 2981 erant,
3000 2916 3304 2986 corripuit;
3350 2926 3481 2970 tunc
3505 2914 3669 2983 jussit
3705 2931 3833 2971 cum

2253 3009 2619 3065 Diocletianus
2650 3009 2705 3064 in
2734 3008 3085 3081 hippodromo
3112 3008 3299 3076 palatii
3319 3009 3461 3072 duci,
3512 3020 3567 3063 et
3592 3008 3832 3080 fatigari,

2254 3106 2425 3161 donec
2455 3104 2740 3169 deficeret;
2769 3118 2930 3174 quem
2960 3111 3231 3157 mortuum
3276 3102 3332 3157 in
3378 3103 3615 3158 cloacam
3650 3103 3834 3157 maxi-

2255 3210 2398 3253 mam
2427 3198 2724 3262 miserunt;
2763 3197 2859 3251 sed
2884 3195 2974 3251 ille
3013 3195 3264 3266 apparuit
3299 3195 3357 3249 in
3403 3198 3599 3251 soumis
3623 3205 3836 3251 sanctae

2255 3297 2514 3344 matronae
2540 3287 2775 3353 Lucinae,
2815 3286 3046 3341 dicens:
3087 3304 3105 3336 ι
3131 3284 3294 3340 Juxta
3335 3286 3528 3341 circum
3578 3285 3837 3339 invenies

2252 3396 2450 3451 corpus
2482 3394 2662 3435 meum
2688 3378 2927 3449 pendens
2952 3378 3005 3432 in
3036 3392 3192 3432 unco.
3231 3376 3349 3431 Hoc
3391 3377 3571 3431 sordes
3594 3391 3709 3430 non
3739 3383 3832 3430 te—

2254 3471 2511 3541 tigerunt,
2558 3478 2613 3524 et
2640 3471 2765 3525 dum
2810 3468 3097 3533 levaveris,
3147 3468 3411 3539 perduces
3435 3466 3504 3520 ad
3532 3464 3826 3521 Catacumo

2252 3564 2378 3630 bas,
2405 3571 2463 3619 et
2487 3563 2716 3635 sepelies
2743 3578 2829 3617 me
2856 3563 2912 3617 in
2940 3570 3128 3632 crypta
3162 3561 3318 3631 juxta
3344 3559 3572 3632 vestigia
3607 3570 3857 3631 aposIo-_

2253 3654 2463 3722 lorum;
2496 3674 2513 3707 ι
2538 3654 2683 3726 quod
2719 3654 2837 3725 ipsa
2880 3660 3041 3708 noctu
3079 3652 3303 3707 veniens
3340 3658 3510 3705 totum
3566 3651 3641 3705 ita
3676 3666 3834 3706 cum-

2253 3746 2440 3817 plevit.
2493 3745 2698 3800 Eodem
2759 3743 2846 3799 die
2897 3743 3151 3813 nativitas
3202 3748 3508 3798 sanctorum
3560 3739 3724 3795 Marii
3776 3751 3832 3794 et

2254 3837 2494 3903 Marthae,
2523 3850 2644 3891 cum
2685 3835 2810 3891 ﬁliis
2840 3837 2951 3891 suis
2976 3835 3209 3891 Audifax
3250 3843 3305 3889 et
3331 3834 3631 3889 Ambacum
3672 3835 3834 3906 [Abt

2253 3926 2455 4000 chum].
2481 3927 2744 3983 nobilium
2765 3927 2831 3982 de
2852 3925 3089 3992 Perside,
3121 3928 3213 3997 qui
3240 3927 3309 3981 ad
3342 3927 3716 3983 adorationem
3748 3944 3837 3983 ve-

2216 4072 2217 4075 η
2254 4030 2446 4076 nerant
2476 4021 2724 4085 Romam,
2750 4028 2992 4091 tempore
3013 4019 3225 4076 Claudii
3244 4022 3528 4092 principis,
3576 4039 3608 4078 e
3632 4024 3834 4093 quibus

2252 4117 2375 4181 post
2409 4109 2665 4165 toleratos
2692 4109 2884 4175 fustes,
2912 4110 3219 4181 equuleum,
3248 4111 3420 4182 ignes,
3449 4128 3680 4185 ungues,
3714 4130 3836 4168 ma-

2254 4216 2420 4257 nuum
2443 4203 2780 4272 pensionem,
2818 4200 3027 4257 Martha
3056 4203 3112 4257 in
3143 4202 3379 4275 nympha
3407 4215 3619 4271 necata,
3646 4207 3833 4262 caeteri

2251 4307 2383 4349 vero
2420 4292 2673 4349 decollati
2700 4301 2844 4349 sunt.
3266 4348 3269 4353 _

2323 4381 2417 4438 XII
2468 4381 2603 4439 ΚΑι.
2656 4383 2844 4439 Romae
2898 4386 3155 4443 nativitas
3188 4395 3390 4444 sancta:
3440 4390 3605 4461 Agna:
3630 4403 3679 4453 ι,
3709 4409 3833 4462 qua:

2253 4479 2353 4533 sub
2371 4478 2627 4549 praefecto
2650 4476 2811 4535 Urbis
2830 4477 3201 4551 Symphrunio
3230 4481 3446 4553 ignibus
3474 4482 3689 4551 injecta,
3734 4485 3831 4537 sed

2256 4568 2340 4623 his
2378 4584 2476 4639 per
2502 4570 2803 4625 orationem
2844 4570 2960 4641 ejus
2999 4572 3321 4639 exstinctis,
3353 4571 3529 4643 gladio
3570 4586 3835 4643 percussa

2255 4665 2356 4713 est.
2416 4658 2575 4723 Etin
2630 4659 2883 4731 Hispanis
2953 4661 3175 4716 civitate
3236 4661 3517 4718 Taracona
3573 4664 3832 4719 nativitas

2256 4749 2427 4806 sancti
2452 4748 2758 4816 Fructuosi,
2791 4751 3031 4822 episcopi
3068 4760 3124 4806 et
3163 4747 3438 4824 martyris,
3482 4753 3577 4824 qui
3612 4754 3834 4825 scripsit

2255 4837 2516 4910 Regulam
2542 4840 2949 4896 monachorum.
2981 4840 3169 4899 Passio
3209 4844 3387 4899 sancti
3412 4843 3650 4902 Patrocli
3680 4863 3830 4902 mar~

2268 4930 2410 5001 lyris.
3058 4980 3061 4983 .

2325 5023 2396 5078 XI
2458 5024 2592 5082 ΚΑι..
2637 5025 2697 5080 In
2755 5025 3026 5097 Hispaniis
3072 5028 3288 5085 civitate
3338 5029 3603 5096 Valentia,
3648 5033 3831 5101 passio

2255 5114 2314 5171 S.
2355 5113 2552 5171 Valerii
2574 5117 2835 5188 episcopi,
2865 5128 2921 5173 et
2942 5119 3211 5191 Vincentii
3229 5121 3439 5176 diaconi
3464 5126 3826 5195 etmartyris,

2254 5207 2348 5277 qui
2374 5207 2519 5279 passi
2541 5196 2669 5264 sunt
2692 5210 2792 5265 sub
2812 5209 3049 5266 Daciano
3071 5211 3315 5281 praeside.
3350 5213 3659 5273 Vincentius
3681 5220 3827 5274 enim

2256 5298 2384 5372 dum
2408 5297 2611 5355 Christi
2654 5316 2852 5357 nomen
2880 5288 3092 5373 publice
3136 5305 3501 5376 profiteretur,
3534 5325 3568 5364 a
3588 5310 3829 5368 Daciano

2255 5413 2479 5493 et_omni
2498 5423 2672 5493 morte
2696 5416 2954 5486 reputari.
2992 5436 3013 5470 ι
3043 5416 3285 5493 Celebris
3318 5420 3406 5493 illa
3433 5421 3535 5477 fuit
3561 5423 3717 5493 virgo
3752 5425 3835 5479 ui-

2255 5482 2564 5559 hilominus.
2588 5482 2973 5559 Quo__t_empore
2998 5490 3315 5559 martyrium
3333 5492 3405 5546 sit
3430 5508 3611 5559 passa,
3642 5482 3835 5550 hacte-

2256 5553 3076 5633 nus‘ignotum._Virginitatem
3124 5553 3241 5630 éjus
3273 5553 3462 5633 angeli
3509 5553 3613 5633 ope
3650 5563 3831 5623 illiba-

2259 5632 2369 5714 tam
2423 5624 2585 5680 ﬁxisse
2616 5624 2834 5714 ‘dicitur
2862 5644 2875 5680 :
2905 5645 2933 5708 ,ι
2964 5624 3214 5708 ⁸Ιηετεξεξῑίλ
3254 5624 3434 5714 Agnes
3485 5624 3834 5714 turpitudinis

2256 5694 2725 5782 locumuangelum
2766 5696 2977 5782 Domini
3002 5694 3387 5782 prfeparatu'm.
3408 5694 3631 5782 invenit.
3663 5724 3683 5756 ι
3720 5705 3832 5760 Sub

2257 5764 2590 5823 Diocletiano
2615 5774 2926 5823 coronatam
2946 5764 3165 5839 coniicit
3191 5768 3475 5830 Batonius.
3497 5772 3655 5829 Bas.
