4112 6364
568 370 700 426 “Si

1203 364 1262 418 B.
1306 363 1557 418 RABANI
1597 363 1816 420 MAURI
1851 363 2166 419 ARCHIEP.
2205 361 2511 419 MOGlI-NT.
2551 364 2834 420 OPERUM
2865 364 3041 421 PARS
3078 366 3138 421 ll.

3674 364 3819 422 H32

561 485 770 542 infante
797 481 923 538 Jesu
951 485 1334 550 repraesentata
1386 477 1470 531 est
1496 476 1549 530 in
1577 475 1775 546 temple
1823 475 1914 530 ubi
1961 475 2133 545 ipsum
2161 484 2211 543 Α
2239 475 2343 539 nii;
2369 483 2424 530 et
2446 474 2731 531 Sanctonis
2760 475 2980 532 civitate
3017 477 3278 546 depositio
3329 479 3502 535 sancti
3557 479 3810 548 Trejani,

566 577 849 634 Dominum
869 573 1053 629 Jesum
1075 586 1238 627 senex
1269 570 1490 624 Simeon
1513 569 1568 624 in
1591 569 1747 624 ulnas
1762 584 1888 624 suas
1905 569 2132 638 accepit,

561 677 618 722 ct
643 664 938 721 benedixit.
1004 662 1205 716 Eodem
1248 660 1334 714 die
1379 659 1555 714 natale
1607 658 1777 713 sancti
1841 658 2134 728 Aproniani

562 751 1094 816 Commentariensis,
1138 749 1233 820 qui
1271 764 1301 802 a
1343 747 1580 804 Sisinnio
1631 748 1856 802 diacono
1900 745 2135 801 Marcelli

562 862 716 918 papze
773 845 1123 914 baptizatus,
1187 843 1256 896 ab
1316 839 1569 894 Laodicie
1637 838 1893 909 praefecto
1961 837 2136 906 capite

562 944 849 990 truncatus
914 941 1047 998 est,
1117 930 1449 1000 temporibus
1516 927 1822 983 Maximiani
1883 927 2129 998 Augusti.

563 1028 750 1083 Roma:
779 1023 1184 1080 Foresimfronii
1227 1021 1391 1093 [Foro
1431 1018 1779 1090 Sempronii],
1818 1018 1903 1072 via
1935 1018 2133 1073 Flami-

564 1119 689 1184 nia,
740 1115 992 1171 milliario
1056 1113 1125 1168 ab
1186 1112 1318 1164 urbe
1375 1110 1670 1164 centesimo
1737 1109 2134 1179 septuagesimo

564 1217 782 1281 quarto,
815 1205 1088 1261 Laurentii
1127 1212 1182 1257 et
1219 1200 1487 1270 Hippolyti
1517 1241 1531 1265 ,
1578 1209 1633 1254 et
1675 1200 1931 1254 nativitas
1961 1199 2134 1254 sancti

565 1298 864 1355 Fortunati.
885 1295 1189 1352 Aurelianis
1210 1291 1472 1361 depositio
1498 1290 1721 1345 Sicori-.c
1753 1289 1862 1345 Deo
1907 1297 2137 1345 sacratae

565 1391 814 1462 virginis.

630 1480 699 1535 ill
725 1479 856 1535 Non.
885 1477 1146 1549 Lugdune
1178 1476 1439 1546 depositio
1469 1474 1611 1530 beati
1641 1473 1886 1543 Lupicini
1921 1472 2135 1542 episco-

557 1572 639 1642 pi.
671 1570 729 1624 ln
779 1568 1021 1624 Sebastia
1070 1567 1290 1622 civitate
1340 1564 1690 1635 Cappadocize
1727 1562 1906 1632 passio
1961 1559 2133 1615 sancti

566 1661 823 1732 martyris
852 1658 1053 1714 Christi
1097 1657 1259 1711 Blasii
1299 1654 1556 1726 episcopi,
1605 1653 1695 1723 qui
1725 1653 1822 1706 sub
1849 1649 2140 1721 Agricolae

2237 566 2468 635 episcopi
2483 566 2891 632 etconfessoris,
2909 575 2962 621 et
2981 567 3338 638 Baldegundis
3350 570 3581 634 abbatis.
3597 571 3810 637 Remze,

2237 656 2428 722 Zotiei,
2482 656 2712 712 Herenei
2771 655 3029 731 [lrenzei],
3067 656 3301 714 Jacinthi
3354 658 3711 733 [Hyacinthi],
3757 670 3817 716 et

2233 747 2491 802 Amantii.
2539 748 2739 804 Eodem
2785 749 2872 804 die
2913 749 3172 819 depositio
3213 759 3411 806 sanctw
3453 750 3815 825 scholasticae

2235 839 2460 909 virginis
2489 847 2542 893 et
2573 839 2994 894 sanctimonialis
3014 839 3238 905 feminze,
3271 841 3423 910 cujus
3446 841 3684 895 animam
3699 839 3819 895 fra-

2239 934 2320 982 ter
2353 927 2470 997 ejus
2525 936 2746 983 sanctus
2769 927 3087 983 Benedictus
3104 929 3237 983 vidit
3256 930 3308 984 in
3338 929 3599 984 columba:
3623 931 3815 999 specie

2235 1016 2404 1072 cretes
2442 1025 2648 1086 petere,
2684 1018 2826 1085 quod
2867 1016 3127 1071 fratribus
3166 1019 3551 1072 matutinorum
3590 1019 3818 1090 hymnis

2235 1107 2462 1176 expletis
2495 1108 2787 1172 intimavit,
2815 1117 2870 1163 et
2898 1108 3008 1164 Deo
3040 1109 3242 1178 gratias
3263 1109 3384 1165 inde
3408 1109 3610 1164 retulit.

2303 1198 2369 1254 lll
2394 1199 2468 1253 lu.
2497 1201 2678 1254 Roma:
2699 1200 2958 1254 Calocerii
2990 1199 3280 1271 [Caleceri]
3312 1208 3366 1254 et
3393 1199 3694 1256 Parthenii.

2302 1290 2344 1345 ll
2375 1290 2448 1343 lu.
2483 1289 2608 1344 FEB.
2637 1289 2694 1344 lu
2745 1289 2925 1344 Africa
2968 1291 3150 1359 passio
3189 1289 3434 1344 Damiani
3460 1290 3673 1355 militis,
3714 1291 3813 1344 in-

2234 1381 2442 1435 fantum
2495 1380 2719 1435 Modesti
2773 1388 2828 1434 et
2874 1380 3152 1434 Ammonis
3205 1379 3568 1452 [Ammonii],
3631 1380 3814 1436 Sotici

2236 1471 2474 1545 [Zotici],
2527 1482 2584 1528 et
2609 1473 2869 1544 depositio
2907 1471 3191 1543 Simplicii,
3227 1473 3467 1544 episcopi
3491 1484 3548 1529 et
3589 1474 3818 1530 confes-

2234 1579 2392 1620 SOl'lS.

2304 1652 2479 1708 Iolaus
2503 1651 2817 1709 FEBBUARII.
2850 1652 3109 1724 Lugdune
3125 1652 3389 1724 depositio
3409 1652 3552 1708 beati
3577 1651 3816 1724 Stepha-

563 1752 790 1824 prteside
843 1749 1018 1819 capite
1071 1755 1389 1811 truncatus,
1442 1760 1568 1800 cum
1624 1745 1830 1800 duobus
1895 1741 2139 1812 puerulis
2238 1745 2570 1814 niepisc0pi.

564 1844 693 1898 tiliis
717 1842 876 1896 unius
903 1839 1164 1902 mulieris,
1194 1838 1259 1893 de
1293 1836 1398 1892 illis
1442 1845 1669 1906 septem,
1715 1850 1835 1904 qua:
1877 1850 1974 1905 per
2000 1849 2134 1903 praz-
2163 1825 2206 1886 Β
2308 1835 2420 1890 XVI
2450 1836 2581 1891 ΚΜ..
2615 1833 2790 1890 Mam.
2823 1836 3005 1892 Roma:
3041 1836 3300 1892 nativitas
3335 1837 3508 1892 sancti
3531 1835 3814 1892 Valentini

565 1929 1014 2000 dicationcmcjus
1032 1928 1370 1995 confortatus,
1397 1928 1498 1983 sub
1521 1927 1710 1982 eodem
1737 1927 1964 1995 praeside
1987 1939 2131 1980 mar-

565 2026 960 2097 tyrizaverunt.

633 2116 675 2170 ll
705 2116 838 2170 Nos.
871 2115 926 2169 ln
971 2115 1114 2168 Foro
1150 2111 1425 2168 Simtronii
1465 2108 1720 2165 nativitas
1767 2107 1997 2171 Gemini,
2029 2107 2132 2163 Ge-

564 2204 707 2271 lasii,
737 2205 857 2258 Mali
882 2202 1127 2276 [Magni],
1146 2202 1378 2271 Aquilini
1398 2199 1646 2272 [Aquili],
1673 2209 1730 2255 et
1757 2199 1969 2256 Donati.
1996 2198 2131 2254 item

564 2295 778 2361 Donati,
810 2294 1078 2358 Themoii,
1097 2293 1316 2348 Gelasii.

634 2387 801 2444 Nesis
826 2387 1143 2442 Fennmnu.
1175 2385 1231 2439 ln
1259 2383 1434 2439 Patris
1461 2384 1680 2438 civitate
1719 2381 1992 2438 ordinatio
2014 2379 2132 2450 epi-

561 2487 814 2549 scopatus
839 2477 1065 2532 Andreae
1087 2476 1338 2546 apostoli,
1362 2484 1415 2530 et
1439 2475 1495 2528 in
1520 2473 1704 2528 Sicilia
1737 2471 1871 2526 urbe
1892 2470 2130 2525 Cathcna

564 2567 815 2644 [Catana]
837 2566 1020 2637 passio
1061 2575 1261 2622 sancta:
1297 2565 1520 2635 Agathze
1568 2563 1812 2633 virginis,
1859 2576 1976 2630 qum
2028 2560 2131 2616 sub

562 2658 854 2729 Quintiano
881 2657 1102 2712 consule
1128 2665 1368 2724 tempore
1383 2654 1696 2710 Diocletiani
1724 2654 2128 2724 martyrizavit;

568 2749 684 2803 tunc
719 2755 840 2818 post
871 2747 1076 2817 alapas,
1105 2760 1399 2808 carcerem,
1447 2752 1570 2815 post
1621 2743 1905 2813 equuleum
1941 2754 1996 2798 et
2021 2752 2131 2799 tor-

563 2842 781 2904 siones,
830 2847 954 2910 post
998 2836 1352 2893 mamillarum
1391 2837 1798 2902 abscissionem,
1844 2838 1988 2892 seda
2021 2837 2127 2892 Do-

563 2932 711 2987 mino
759 2931 1135 2994 sanationem,
1162 2937 1284 2998 post
1323 2928 1704 2984 volutationem
1736 2928 1789 2981 in
1838 2926 2048 2982 testulis
2074 2935 2130 2982 et

563 3021 911 3086 carbonibus,
958 3019 1176 3075 tandem
1221 3020 1276 3073 in
1326 3033 1547 3075 carcere
1600 3026 1970 3074 consummata
2018 3026 2122 3074 est.

568 3113 636 3169 Et
663 3113 717 3168 in
740 3112 946 3169 Vienna
967 3112 1232 3183 depositio
1252 3111 1392 3166 Aviti
1415 3112 1672 3182 episcopi.

2231 1932 2554 2002 presbyteri,
2607 1932 2694 2002 qui
2737 1941 2858 2002 post
2907 1931 3073 1986 multa
3122 1934 3412 1986 sanitatum
3459 1941 3512 1986 et
3540 1933 3822 1988 doctrina:

2233 2023 2461 2094 insignia
2498 2021 2726 2078 fustibus
2773 2038 2964 2088 caesus,
3001 2033 3052 2079 et
3103 2025 3184 2079 sic
3211 2024 3508 2080 decollatus
3537 2032 3642 2089 est,
3702 2027 3818 2094 sub

2231 2112 2450 2169 Claudio
2467 2113 2694 2168 Caesare.
2725 2113 2928 2169 Eodem
2952 2114 3038 2169 die
3083 2115 3340 2170 nativitas
3379 2114 3553 2169 sancti
3604 2101 3816 2169 Valen-

2230 2203 2328 2258 tini
2357 2203 2780 2259 lnteramnensis
2805 2204 3062 2274 episc0pi,
3089 2204 3180 2274 qui
3209 2212 3386 2258 tentus
3411 2219 3442 2257 a
3467 2204 3714 2274 paganis,
3738 2219 3818 2258 ac

2229 2294 2394 2366 virgis
2431 2309 2623 2359 casus,
2675 2302 2730 2349 et
2780 2303 2900 2365 post
2950 2295 3261 2350 diuturnam
3295 2294 3495 2350 credent
3542 2295 3819 2349 custodia:

2231 2387 2568 2457 mancipatus
2606 2403 2731 2442 eum
2761 2388 3004 2458 superari
3030 2404 3138 2443 non
3167 2397 3370 2458 posset,
3400 2388 3580 2443 medio
3624 2389 3819 2444 noctis

2230 2479 2445 2535 silentio
2495 2479 2698 2550 ejectus
2751 2480 2818 2535 de
2863 2494 3107 2545 carcere,
3162 2480 3455 2535 deceilatus
3497 2488 3604 2545 est,
3642 2479 3817 2550 jussu

2231 2569 2418 2625 furiosi
2460 2570 2662 2626 Placidi
2689 2570 2926 2642 praefecti
2974 2572 3149 2628 Urbis.
3177 2572 3327 2627 Tunc
3353 2573 3636 2635 Proculus,
3675 2573 3814 2642 Efy-

2229 2658 2330 2714 bus
2351 2657 2648 2732 [Ephebus]
2687 2667 2742 2714 et
2765 2660 3097 2730 Apollonius,
3131 2661 3378 2731 discipuli
3402 2661 3540 2730 ejus,
3570 2660 3813 2716 transfe-

2231 2759 2412 2806 rentes
2451 2765 2646 2820 corpus
2669 2752 2736 2806 ad
2766 2767 2917 2806 suam
2947 2751 3233 2806 ecclesiam
3278 2752 3598 2807 lntcramnae
3620 2753 3803 2812 urbis,

2230 2843 2394 2890 noctu
2436 2836 2762 2905 sepelierunt
2791 2851 2806 2890 :
2836 2835 2924 2890 ubi
2965 2851 3088 2891 cum
3131 2838 3459 2906 quotidianis
3491 2837 3690 2907 vigiliis
3721 2837 3809 2890 in-

2230 2925 2509 2992 cubarent,
2559 2927 2694 2982 tenti
2731 2943 2762 2981 a
2794 2929 3080 2999 gentilibus
3130 2929 3391 2984 custodire
3437 2939 3562 2984 sunt
3616 2929 3814 2984 traditi

2231 3017 2498 3074 consulari
2522 3018 2764 3083 Leontio,
2803 3034 2938 3089 quos
2962 3019 3050 3073 ille
3063 3017 3230 3087 jussit
3254 3019 3429 3074 nectis
3470 3017 3645 3073 medio
3686 3017 3816 3072 suis

2232 3109 2595 3164 tribunalibus
2624 3111 2960 3180 prtesentari,
2983 3117 3182 3164 etcum
3223 3126 3251 3163 a
3282 3109 3384 3162 [ide
3417 3107 3660 3163 revocari
3700 3121 3811 3162 nec

634 3204 745 3260 Vlll
766 3205 838 3260 ld.
879 3205 1063 3259 Roma:
1090 3205 1176 3260 via
1216 3205 1384 3274 Appia
1430 3205 1483 3258 in
1535 3203 1772 3273 ejusdem
1815 3201 2132 3258 cmmeterio
2157 3186 2201 3248 C
2231 3198 2612 3255 blandimentis
2641 3217 2739 3255 nec
2768 3201 2930 3254 minis
2967 3208 3208 3270 possent,
3233 3198 3395 3268 jussit
3425 3199 3600 3268 capite
3639 3197 3806 3259 czedi,

560 3298 742 3368 passio
792 3305 994 3352 sanctae
1050 3295 1294 3352 Sotheris
1341 3294 1583 3366 virginis.
1615 3293 1672 3348 ln
1711 3291 1956 3350 Caesarea
1987 3293 2126 3362 Cap—

562 3385 800 3456 padociae
830 3387 1010 3456 passio
1032 3395 1233 3441 sanctae
1266 3384 1546 3440 Dorothete
1581 3383 1826 3454 virginis,
1875 3391 1931 3438 et
1957 3384 2132 3440 Theo-

559 3474 695 3544 phili
723 3476 824 3530 sub
849 3475 1066 3545 Apricio
1094 3475 1371 3546 pnefecte,
1413 3490 1531 3544 qua:
1557 3490 1679 3530 cum
1729 3475 1937 3530 duabus
1978 3489 2131 3529 soro-

565 3565 737 3628 ribus,
771 3564 824 3618 id
853 3573 957 3628 est,
1005 3564 1219 3619 Christe
1254 3575 1307 3620 et
1337 3565 1574 3629 Calliste,
1609 3579 1728 3634 qua:
1751 3579 1779 3619 a
1817 3563 1920 3620 fide
1959 3577 2131 3633 nuper

564 3652 940 3722 apostatabant
990 3655 1113 3710 vitm
1161 3655 1454 3718 doloribus,
1498 3657 1871 3710 commendata
1918 3663 2021 3719 est,
2070 3661 2130 3708 ut

563 3759 684 3799 eam
708 3752 1016 3799 averterent
1046 3761 1078 3800 a
1104 3745 1344 3811 Christo,
1382 3761 1476 3801 eas
1528 3747 1722 3802 iterum
1770 3747 2036 3802 convertit
2059 3747 2129 3801 ad

561 3832 856 3899 Christum,
885 3835 956 3888 ita
1003 3835 1140 3889 utin
1190 3849 1420 3906 cuppam
1461 3837 1640 3891 missa:
1690 3853 1787 3908 per
1815 3836 2126 3906 praefectum

560 3922 799 3980 incensa:
836 3925 904 3979 ad
952 3926 1195 3996 martyrii
1238 3927 1470 3997 palmam
1504 3929 1888 3999 pervenerint:
1937 3939 2126 3998 postea

558 4029 690 4071 vero
711 4016 977 4071 Dorothea
991 4017 1149 4072 ducta
1166 4018 1234 4072 ad
1259 4017 1430 4072 locum
1449 4031 1748 4089 poenarum,
1773 4019 1862 4074 ubi
1889 4028 1944 4074 et
1968 4035 2126 4088 passa

559 4117 658 4168 est,
686 4113 806 4163 cum
834 4123 866 4162 a
896 4107 1193 4178 Theophila
1237 4109 1468 4178 quodam
1505 4109 1828 4165 scholastice
1860 4110 2132 4166 deridere-

557 4207 647 4254 tur
676 4201 818 4267 quod
839 4199 906 4253 ad
935 4200 1240 4268 paradisum
1261 4200 1481 4265 vadens,
1509 4216 1538 4254 a
1571 4214 1766 4270 Sponso
1786 4215 1883 4255 suo
1910 4199 2133 4255 Christo

557 4299 607 4343 et
633 4304 787 4359 poma
813 4298 867 4344 et
914 4306 1065 4346 rosas
1091 4290 1342 4347 ﬂorentes
1377 4291 1476 4346 sibi
1531 4291 1782 4355 mitteret,
1818 4292 1920 4346 hoc
1965 4291 2128 4346 citius

559 4378 908 4445 impetravit;
959 4379 1101 4446 quod
1150 4394 1274 4434 eum
1329 4379 1545 4434 vidisset
1597 4379 1942 4449 Theophilus,
1999 4395 2121 4434 mox

557 4469 829 4522 Christum
861 4469 1142 4524 confessus
1190 4479 1273 4524 est
1318 4485 1505 4524 verum
1537 4472 1726 4535 Deum,
1773 4480 1830 4524 et
1870 4471 2122 4542 martyri-

558 4557 699 4611 zavit
736 4557 834 4612 sub
867 4557 1060 4612 eodem
1105 4559 1358 4628 praefecto
1401 4560 1578 4628 capite
1628 4531 1834 4629 pleyxus.
1865 4561 1922 4615 ln
1949 4531 2118 4616 Callia
2147 4531 2199 4590 Β

556 4647 772 4702 civitate
818 4647 1061 4702 Aderato
1107 4646 1438 4719 [Atrebate],
1490 4649 1750 4719 depositio
1797 4651 1970 4706 sancti
2013 4641 2120 4706 Ve-

556 4739 718 4804 dasti,
757 4739 993 4809 episc0pi
1023 4747 1077 4794 et
1105 4739 1433 4795 confessoris
1478 4748 1534 4796 et
1562 4741 1613 4794 in
1638 4741 1822 4795 Ellone
1851 4749 2122 4796 monaste-

555 4830 640 4885 rio
665 4830 929 4900 depositio
953 4830 1121 4884 sancti
1149 4831 1396 4895 Amandi,
1428 4831 1662 4902 episcopi
1691 4841 1744 4886 et
1771 4831 2116 4888 confessoris.

625 4918 714 4974 Vll
746 4919 824 4974 lo.
860 4920 915 4974 lu
942 4919 1233 4986 Britannis,
1262 4922 1314 4975 in
1341 4922 1558 4978 civitate
1579 4922 1840 4992 Augusta,
1866 4924 2120 4980 nativitas

547 5011 765 5086 Anguli,
803 5015 1042 5086 episc0pi
1066 5022 1121 5070 et
1148 5016 1420 5085 martyris.

626 5104 786 5160 Vllo.
841 5106 1028 5162 Romae
1075 5107 1338 5176 depositio
1378 5107 1550 5162 sancti
1604 5106 1756 5162 Pauli
1799 5105 2036 5177 episcopi
2065 5115 2121 5162 et

556 5193 679 5250 Julii
711 5210 881 5267 papte.

630 5286 670 5339 V
701 5286 776 5342 lo.
805 5288 982 5342 Sucvo
1019 5287 1183 5360 [Solii
1227 5287 1366 5358 apud
1409 5288 1640 5360 Cyprum
1670 5289 1846 5344 natale
1887 5289 2125 5347 Alexan-

558 5376 665 5442 dri,
694 5369 991 5445 Ammonis,
1039 5381 1170 5435 item
1207 5380 1486 5436 Ammonis
1524 5389 1580 5435 et
1629 5381 1860 5437 aliorum
1897 5383 2120 5454 triginta

557 5476 782 5538 septem.

630 5559 694 5614 IV
723 5559 797 5615 In.
825 5561 880 5613 lu
910 5561 1196 5635 Campania
1245 5565 1496 5622 nativitas
1535 5567 1702 5622 sancti
1749 5566 1987 5639 Sylviaui
2012 5569 2123 5639 cpi-

560 5652 704 5720 scopi
735 5660 788 5706 ct
815 5652 1158 5720 confessoris,
1187 5656 1312 5709 etin
1343 5656 1650 5712 Bethlehem
1681 5659 1901 5715 civitate
1928 5658 2122 5715 Judzem

561 5744 661 5798 sub
683 5742 887 5799 llerodc
912 5759 1035 5814 rege
1062 5745 1236 5814 passio
1259 5757 1562 5806 sanctorum
1598 5749 1827 5806 Andrca}
1856 5759 1906 5808 et
1939 5750 2120 5819 Appo-

2231 3289 2325 3359 qui
2354 3304 2457 3344 non
2487 3290 2641 3361 longe
2663 3299 2788 3346 sunt
2815 3307 2848 3345 a
2869 3291 3044 3360 capite
3084 3290 3255 3345 sancti
3285 3289 3551 3345 Valentini
3579 3288 3804 3358 sepulti.

2305 3380 2395 3434 XV
2426 3381 2558 3436 KAL.
2589 3383 2644 3437 ln
2675 3383 2960 3438 Antiochia
3006 3382 3258 3436 nativitas
3297 3380 3514 3451 Iosephi
3563 3380 3810 3443 diaconi,

2233 3471 2484 3528 Zenonis.
2519 3473 2835 3528 lnteramnm
2873 3473 3126 3526 nativitas
3164 3482 3365 3526 sanetzn
3412 3472 3606 3541 Agapte
3637 3468 3813 3543 [Aga-

2230 3562 2337 3633 pis]
2365 3563 2607 3634 virginis,
2635 3561 2936 3626 Saturnini,
2963 3561 3192 3616 C'astuhe
3226 3559 3496 3632 [Castnli].

2301 3654 2413 3708 λιν
2446 3654 2576 3707 ΚΜ..
2626 3653 2810 3707 Sancti
2854 3652 3091 3707 Onesimi
3138 3650 3388 3720 apostoli,
3415 3658 3471 3703 et
3521 3649 3574 3702 in
3615 3647 3810 3704 Cumis

2231 3745 2484 3800 nativitas
2505 3753 2704 3799 sancta:
2729 3742 2954 3797 Julianze
2979 3742 3221 3812 virginis,
3257 3757 3378 3810 quae
3411 3749 3654 3810 tempore
3682 3741 3805 3794 bla-

2233 3838 2451 3892 ximiani
2505 3837 2848 3906 imperatoris
2909 3837 3082 3905 primo
3131 3851 3161 3890 a
3193 3851 3292 3890 suo
3340 3845 3492 3904 patre
3538 3834 3809 3890 Africano

2231 3943 2367 3983 cmsa
2402 3936 2455 3983 et
2495 3928 2731 3998 graviter
2775 3927 3040 3992 cruciata,
3069 3926 3189 3981 dein
3212 3941 3243 3980 a
3280 3924 3544 3996 prmfccto
3583 3924 3806 3979 Eulesio

2231 4019 2530 4094 [Evilasio],
2582 4036 2741 4090 quem
2796 4034 3050 4088 sponsum
3100 4018 3385 4080 habuerat,
3439 4015 3583 4070 nuda
3630 4015 3808 4085 virgis

2229 4129 2387 4178 caesa,
2411 4121 2465 4167 et
2490 4127 2522 4166 a
2547 4112 2757 4182 capillis
2792 4125 3069 4180 suspensa,
3100 4117 3153 4164 et
3177 4109 3399 4179 plumbo
3430 4107 3607 4162 soluto
3643 4122 3674 4160 a
3701 4121 3798 4160 c.1-

2228 4204 2340 4273 pite
2379 4203 2619 4273 perfusa,
2648 4211 2707 4256 et
2750 4216 2961 4255 rursum
3009 4201 3066 4255 in
3114 4215 3388 4255 carcerem
3418 4206 3657 4266 recepta,
3702 4195 3798 4250 ubi

2230 4294 2404 4364 palam
2444 4309 2565 4346 cum
2609 4291 2822 4347 diabolo
2869 4290 3144 4356 conﬂixit;
3193 4298 3248 4345 et
3295 4304 3484 4343 rursus
3538 4295 3794 4348 evocata,

2229 4393 2466 4438 rotarum
2499 4391 2789 4448 tormenta,
2825 4379 3069 4435 flammas
3111 4381 3340 4453 ignium,
3368 4380 3530 4434 ollam
3575 4377 3794 4432 ferven-

2231 4487 2336 4530 tem
2367 4474 2656 4544 superavit,
2719 4489 2782 4528 ac
2835 4471 3187 4527 decollatione
3233 4471 3428 4540 capitis
3478 4467 3789 4537 martyrium

2226 4565 2642 4628 COttsUttilttavil,
2685 4580 2804 4632 qua:
2846 4579 3000 4634 passa
3029 4562 3350 4633 estquidem
3383 4562 3433 4615 in
3461 4559 3791 4622 Nicomedia,

2226 4657 2321 4711 sed
2348 4666 2466 4726 post
2496 4672 2726 4726 paucum
2773 4665 3005 4726 tempus,
3050 4655 3159 4710 Deo
3185 4655 3524 4724 disponente,
3551 4653 3605 4706 in
3633 4650 3795 4707 Catuv-

2225 4753 2439 4818 pauiam
2478 4747 2758 4801 translata.

2298 4839 2412 4893 Xlll
2435 4839 2568 4892 ΚΜ..
2599 4838 2656 4892 ln
2691 4837 2978 4908 Babylonia
3001 4837 3252 4892 nativitas
3282 4834 3586 4892 Polocronii
3612 4832 3795 4906 [Poly—

2229 4930 2462 5002 chronii]
2512 4931 2746 5000 episcopi
2791 4928 3030 4998 ejusdem
3086 4930 3340 4995 civitatis,
3384 4929 3475 4999 qui
3527 4934 3795 4997 praesente

2223 5022 2388 5078 Decio
2414 5031 2762 5093 persecutore
2790 5037 2853 5078 os
2881 5021 3150 5092 lapidibus
3188 5037 3380 5086 caesus,
3427 5021 3678 5075 manibus
3698 5034 3794 5074 ex.

2226 5112 2414 5176 tensis,
2456 5111 2642 5166 oculos
2687 5111 2755 5166 ad
2810 5111 2981 5167 caelos
3025 5109 3246 5166 elevans
3287 5109 3470 5166 emisit
3519 5107 3788 5179 spiritum.

2226 5201 2495 5272 Scriptum
2520 5202 2572 5256 in
2595 5201 2846 5271 passione
2867 5202 3041 5257 sancti
3065 5201 3340 5256 Laurentii

2293 5291 2385 5346 ΧΗ
2415 5292 2547 5347 Κλι.
2576 5293 2634 5346 ln
2672 5291 2982 5349 Nicomedia
3024 5291 3205 5347 natale
3244 5288 3619 5344 Pantaleentis
3643 5302 3789 5343 mar-

2227 5383 2400 5454 tyris,
2457 5384 2546 5452 qui
2586 5383 2687 5438 sub
2720 5383 3043 5438 Maximiano
3091 5382 3414 5451 imperatore
3468 5376 3791 5447 martyrium

2225 5491 2378 5530 suum
2397 5475 2654 5546 implevit.
2683 5475 2781 5530 llic
2801 5474 3047 5530 Eustorio
3064 5470 3398 5546 [Eustorgio]
3417 5481 3568 5542 patre
3590 5468 3791 5533 editus,

2224 5575 2275 5622 et
2317 5566 2384 5620 ab
2420 5565 2666 5622 Erinolae
2697 5563 3024 5638 [Hermolao]
3057 5564 3375 5635 presbytero
3411 5561 3517 5616 ﬁde
3553 5559 3792 5618 imbutus

2225 5666 2512 5728 antequam
2535 5657 2921 5728 baptizaretur,
2935 5671 3161 5727 puerum
3182 5661 3475 5724 aserpente
3495 5650 3791 5720 obligatum

2226 5749 2514 5814 liberavit,
2570 5757 2625 5805 et
2674 5756 2977 5818 serpentem
3028 5747 3273 5803 oratione
3320 5744 3614 5801 interfecit.
3661 5739 3793 5795 Post
