4112 6364
318 387 457 445 “35

1648 379 2267 440 MARTYROLOGIUM.

3424 388 3562 445 1156

316 497 643 570 baptismum
681 509 810 551 vero
856 509 1060 551 caecum
1101 493 1442 560 illuminavit,
1473 503 1680 565 patrem
1728 508 1886 548 suum
1914 495 1965 554 A
2060 492 2260 548 "Eat.
2294 493 2350 550 In
2374 495 2700 553 Alexandria
2745 507 3058 556 sanctorum
3099 499 3304 556 Celeris
3329 499 3568 574 [Csarea-

318 589 626 650 Eustorium
647 589 716 644 ad
744 587 904 642 ﬁdem
931 586 1232 650 convertit,
1265 595 1322 641 et
1345 585 1515 640 multa
1544 583 1804 639 miracula
1834 582 1888 636 in

316 681 537 740 nomine
590 678 793 737 Christi
838 678 1192 750 perpetravit.
1240 675 1470 747 Propter
1525 675 1670 747 quod
1724 672 1889 744 jussit

317 770 674 828 Maximianus
699 785 824 826 eum
857 769 913 824 in
946 767 1174 839 equuleo
1205 766 1480 837 suspendi,
1523 774 1577 822 et
1611 765 1888 836 lampadas

317 861 386 918 ad
411 861 578 917 latera
611 859 728 931 ejus
756 858 1044 930 suspendi;
1075 858 1171 914 sed
1212 855 1442 912 ﬂammze
1485 871 1675 912 earum
1705 853 1888 910 subito

315 952 596 1010 exstinctae
610 957 735 1008 sunt
757 969 769 1004 :
785 957 972 1022 postea
989 949 1186 1003 missus
1203 956 1286 1003 est
1306 947 1359 1002 in
1375 947 1704 1018 sartaginem
1727 945 1884 1018 ignis,

313 1051 376 1099 ut
424 1043 622 1099 ibidem
650 1041 870 1113 plumbo
924 1039 1216 1112 liquefacto
1261 1048 1598 1103 exurerctur,
1648 1039 1743 1094 sed
1791 1052 1889 1109 per

313 1131 515 1192 Christi
553 1134 813 1190 virtutem
856 1131 1186 1204 frigescente
1232 1133 1427 1188 ardore
1475 1131 1531 1186 in
1554 1130 1698 1186 nullo
1727 1131 1888 1186 laesus

314 1233 416 1282 est.
443 1225 640 1281 Postea
671 1225 725 1280 in
753 1239 905 1282 mare
929 1224 1150 1290 missus,
1177 1223 1272 1278 sed
1299 1223 1423 1279 inde
1445 1237 1609 1278 sanus
1635 1223 1703 1276 ad
1736 1220 1887 1277 littus

313 1316 606 1388 perductus
637 1323 742 1371 est.
771 1314 977 1371 Dehinc
1001 1314 1132 1370 {eris
1158 1323 1244 1372 est
1284 1315 1535 1381 traditus,
1561 1315 1653 1370 sed
1684 1329 1714 1368 a
1741 1313 1886 1369 nulla

310 1419 501 1462 earum
558 1406 989 1472 contaminatus;
1049 1405 1118 1461 ad
1179 1415 1482 1460 extremum
1538 1419 1665 1460 vero
1709 1405 1888 1474 capite

310 1511 484 1552 cazsus
505 1504 611 1563 est,
637 1497 735 1552 sed
757 1512 1106 1568 percussores
1147 1497 1315 1566 ipsius
1344 1497 1598 1566 reliquias
1638 1496 1887 1565 corporis

309 1587 428 1658 ejus
457 1587 720 1654 tulerunt,
765 1595 821 1642 et
867 1587 1166 1643 honoriﬁce
1205 1587 1548 1658 sepelierunt.
1593 1585 1888 1658 Presbyter

308 1769 445 1836 suis,
481 1769 586 1824 hoc
626 1777 712 1824 est
755 1768 1014 1839 Erinippo
1066 1778 1120 1824 et
1164 1769 1440 1824 Ermodito
1480 1767 1794 1840 [llermippo
1829 1776 1886 1824 et

1987 583 2099 660 lis],
2129 587 2319 658 Pupilli
2349 585 2607 662 [Pupuli],
2640 589 2807 662 Ligici
2839 590 3021 664 [Caii],
3046 591 3378 664 Serapionis.

2540 714 3025 797 MARTIUS.

2057 845 2192 902 KAL.
2218 847 2441 904 Mum.
2486 850 2790 921 Andegavis
2839 851 3104 922 depositio
3153 856 3328 911 sancti
3382 855 3560 913 Albini

1986 939 2248 1010 episcopi.

2057 1029 2126 1084 Vl
2153 1028 2286 1085 Nox.
2317 1028 2583 1087 Nativitas
2611 1039 2922 1088 sanctorum
2950 1031 3120 1105 Jorgi,
3154 1035 3356 1108 Hergli,
3382 1037 3554 1094 Absa—

1985 1121 2097 1178 Ioni
2126 1121 2322 1195 [Lucii,
2356 1123 2642 1179 Absalonis
2661 1135 2716 1179 et
2741 1123 2967 1197 Lorgii].
2997 1126 3052 1180 ln
3084 1126 3330 1184 Caesarea
3356 1129 3564 1202 Cappa-

1986 1213 2155 1268 dociae
2177 1213 2337 1270 Luae
2365 1213 2622 1284 episcopi,
2649 1215 2932 1282 Primitivi,
2963 1224 3018 1273 et
3054 1217 3108 1273 in
3136 1227 3296 1288 portu
3320 1219 3565 1278 Romano

1985 1301 2157 1369 Pauli,
2189 1303 2505 1359 Secundolze
2528 1303 2921 1380 [Secundilla],
2951 1305 3241 1365 Januarize.

2056 1394 2102 1450 V
2132 1395 2267 1451 Non.
2310 1395 2576 1452 Nativitas
2602 1397 2826 1461 Felicis,
2874 1399 3114 1466 Lucioli,
3161 1399 3331 1466 Justi,
3373 1403 3565 1458 Fortu-

1984 1486 2118 1554 nati,
2150 1485 2375 1553 Martia,
2399 1487 2634 1552 Herotis,
2665 1489 2968 1561 Antigonii,
2994 1489 3268 1558 Januarii,
3298 1492 3562 1559 Tttltellae,

1984 1575 2248 1644 Gabiani,
2277 1575 2536 1644 Quiriuli,
2586 1577 2809 1647 Marini;
2840 1580 2969 1638 item
3015 1581 3241 1649 Felicis,
3283 1583 3562 1652 Floriani,

309 1692 441 1734 vero
467 1677 752 1734 Ermolaus
793 1676 1156 1750 [Hermolaus]
1188 1693 1309 1732 cum
1351 1678 1557 1733 duobus
1605 1677 1881 1748 germanis
1935 1709 1959 1754 ί
1984 1667 2202 1723 Donati-

2053 1758 2122 1814 IV
2164 1756 2300 1813 Non.
2338 1757 2524 1815 Romae
2555 1759 2818 1829 depositio
2857 1759 2964 1816 Juli
3005 1763 3276 1834 episcopi,
3305 1774 3361 1822 et
3397 1764 3564 1824 Nico-

312 1857 706 1931 Hermocrate],
765 1859 1059 1916 decollatus
1107 1867 1210 1927 est,
1237 1868 1294 1915 et
1341 1875 1373 1914 a
1428 1858 1756 1915 Christianis
1794 1874 1884 1916 se-
1913 1841 1962 1902 Β
1989 1851 2180 1908 mediae
2205 1853 2387 1923 passio
2411 1862 2725 1910 sanctorum
2766 1854 2989 1911 Adriani
3015 1871 3140 1913 cum
3181 1858 3300 1915 aliis
3337 1874 3567 1918 numero

311 1951 509 2021 pultus.

381 2041 454 2096 XI
484 2041 617 2097 ΚΑΙ..
655 2041 920 2099 Nativitas
970 2049 1280 2098 sanctorum
1331 2040 1384 2096 in
1420 2039 1626 2105 Africa,
1676 2038 1873 2106 Publii,

313 2131 524 2199 Iuliani,
554 2133 783 2189 Marulii.
815 2134 949 2189 Item
977 2133 1196 2200 Juliani,
1226 2131 1487 2197 Marcelli,
1535 2130 1674 2197 Tuli,
1723 2130 1884 2186 Lam-

309 2224 467 2293 pasii,
505 2223 685 2294 Majuli
721 2233 778 2280 et
801 2223 1023 2279 Juliani.

380 2311 428 2365 Χ
449 2310 583 2367 Kac.
607 2313 792 2368 Romae
820 2313 1076 2368 nativitas
1102 2311 1200 2367 Gai
1230 2311 1490 2380 episcopi,
1534 2319 1590 2365 et
1620 2311 1674 2366 in
1707 2309 1884 2383 Cypro

307 2404 564 2459 nativitas
595 2404 868 2470 Potamiaa,
927 2405 1170 2460 Nemersi
1230 2403 1478 2475 [Potamii
1535 2411 1590 2458 et
1623 2393 1880 2467 Nemesii]

305 2500 363 2548 et
388 2493 620 2565 Didymi,
663 2503 718 2550 et
757 2495 884 2551 alibi
912 2495 1148 2551 Victoris
1178 2496 1516 2567 martyrium,
1553 2504 1607 2551 et
1636 2494 1880 2562 Coronae,

305 2591 364 2639 et
393 2583 622 2640 aliorum
649 2585 863 2656 viginti.

376 2671 612 2738 ΙΧΚΑι.
659 2672 717 2727 1η
774 2673 959 2730 Africa
999 2675 1256 2729 nativitas
1321 2682 1633 2731 sanctorum
1702 2675 1882 2732 Veroli

309 2760 555 2834 [Veruli],
582 2761 812 2829 Servuli,
843 2763 1154 2830 Secundini,
1179 2764 1339 2820 Sirici
1368 2763 1637 2837 [Syricii],
1664 2765 1880 2832 Felicis,

303 2850 606 2920 Saturnini,
628 2852 926 2917 Fortunati,
942 2861 998 2909 et
1015 2854 1241 2908 aliorum
1272 2853 1525 2921 sedecim,
1547 2865 1602 2912 et
1621 2855 1884 2925 depositio

308 2940 585 3011 Eucherii,
623 2944 862 3016 episcopi
888 2954 948 3000 et
971 2944 1316 3002 confessoris.

375 3036 489 3092 VIII
516 3037 652 3092 ΚΑΙ..
691 3037 962 3094 Cathedra
1007 3039 1066 3095 S.
1127 3039 1294 3107 Petri,
1340 3055 1503 3112 quam
1555 3042 1692 3098 sedit
1741 3043 1883 3113 apud

304 3127 668 3194 Antiochiam,
715 3128 806 3186 ubi
842 3137 899 3185 et
945 3131 1180 3202 primum
1237 3133 1603 3202 cognominati
1642 3143 1768 3189 sunt
1801 3135 1883 3190 di-

304 3218 495 3288 scipuli
523 3219 815 3276 Christiani
845 3237 861 3288 ;
887 3230 943 3278 et
981 3221 1037 3276 in
1075 3221 1389 3278 Nicomedia
1429 3223 1686 3282 nativitas
1706 3225 1882 3282 Tecla:

301 3311 546 3382 virginis,
591 3313 871 3383 discipula:
923 3313 1097 3370 sancti
1151 3313 1302 3368 Pauli
1338 3314 1588 3385 apostoli,
1619 3331 1739 3386 qute
1781 3317 1881 3374 sub

302 3399 516 3458 Nerone
548 3402 875 3474 imperatore
900 3419 999 3474 pro
1042 3403 1240 3459 Christi
1274 3406 1493 3460 nomine
1525 3406 1636 3477 igni
1657 3414 1741 3462 est
1771 3415 1882 3462 tra-

303 3491 437 3558 dita,
469 3492 563 3548 sed
600 3508 709 3548 non
753 3503 945 3549 exusta
977 3510 990 3548 :
1031 3503 1218 3564 postea
1250 3495 1437 3550 bestiis
1463 3507 1624 3568 atque
1660 3511 1881 3568 serpens

301 3582 447 3638 tibus
472 3583 746 3654 deputata,
787 3585 882 3640 sed
911 3600 941 3639 a
979 3585 1126 3641 nullo
1153 3601 1339 3641 eorum
1385 3596 1468 3642 est
1492 3588 1638 3643 laesa.
1668 3587 1752 3644 Ad
1779 3603 1877 3644 ex-

302 3679 533 3728 tremum
574 3688 704 3729 vero
729 3673 784 3728 in
832 3673 1100 3739 Seleucia,
1133 3690 1254 3730 cum
1292 3675 1617 3748 virginitatis
1670 3688 1878 3750 marty-

301 3763 385 3819 rio
411 3771 572 3835 atque
607 3764 868 3820 virtutum
915 3766 1122 3822 honore
1166 3781 1268 3837 per
1317 3781 1564 3823 somnum
1587 3768 1736 3838 pacis
1780 3771 1880 3824 mi-

301 3853 478 3924 gravit
520 3853 588 3907 ad
636 3855 942 3910 Dominum.
983 3855 1168 3910 Roma:
1221 3856 1308 3910 via
1365 3857 1646 3912 Tiburtina
1698 3859 1766 3914 ad
1816 3857 1874 3914 S.

301 3942 673 4009 Laurentium,
697 3943 951 3999 nativitas
1003 3952 1202 4000 sanctae
1226 3945 1562 4012 Concordiae,
1589 3960 1750 4017 quam
1776 3946 1853 4003 De

300 4035 456 4090 ciana
478 4033 782 4104 persecutio
813 4033 1122 4088 trucidavit.

371 4143 616 4199 ἮΙΚΑι.
656 4143 714 4198 In
765 4143 1061 4200 Pannoniis
1110 4145 1366 4201 nativitas
1412 4157 1722 4203 sanctorum
1779 4145 1876 4204 Se-

304 4235 480 4290 neroti
513 4232 759 4306 [Sireni],
807 4235 1108 4306 Antigonii,
1137 4236 1342 4304 Rotuli,
1381 4237 1522 4306 Libi,
1550 4248 1604 4294 et
1644 4239 1714 4310 in
1748 4239 1877 4296 Asia

301 4323 585 4395 Polycarpi
607 4339 731 4379 cum
760 4324 882 4381 aliis
910 4325 1212 4382 duodecim.

373 4438 439 4494 Vl
477 4439 612 4494 ΚΜ..
652 4438 712 4496 In
765 4440 1049 4497 Palaestina
1081 4442 1317 4500 Matthiae
1363 4444 1612 4516 apostoli,
1664 4447 1755 4516 qui
1809 4447 1874 4502 de

299 4531 638 4602 septuaginta
671 4532 948 4604 discipulis
978 4534 1237 4606 proﬁluda
1275 4539 1533 4593 traditore
1561 4540 1614 4593 in
1657 4550 1872 4610 aposto-
1897 4542 1950 4602 D

299 4622 467 4677 latum
528 4623 752 4688 electus,
806 4626 859 4678 in
910 4625 1092 4682 Judaea
1157 4629 1506 4701 Evangelium
1537 4634 1866 4702 praedicavit.

369 4733 414 4788 V
446 4735 578 4790 ΚΑι.
603 4735 662 4790 In
687 4735 867 4792 Africa
905 4740 1158 4795 nativitas
1193 4751 1502 4796 sanctorum
1536 4744 1744 4809 Donati,
1771 4745 1869 4800 Ju-

299 4826 389 4890 sti,
425 4827 629 4888 Rotuli.
660 4826 887 4883 llerenei
940 4827 1230 4903 [Herenze],
1275 4831 1528 4898 Pisionis,
1579 4831 1864 4904 Pamphili.

298 4917 564 4974 Nativitas
587 4918 827 4974 Nestoris
851 4927 907 4975 et
930 4919 1125 4977 Castae.

259 5074 274 5092 .
366 5029 434 5084 lV
457 5027 590 5084 KAL.
617 5029 675 5084 ln
714 5029 1039 5088 Alexandria
1083 5033 1338 5089 nativitas
1384 5044 1690 5091 sanctorum
1737 5035 1866 5092 Alc-

296 5120 512 5187 xandri,
541 5119 798 5187 Nestoris,
841 5121 1098 5190 Theonis,
1125 5125 1369 5194 Opionis,
1405 5126 1564 5194 Justi,
1595 5127 1863 5193 Donativi,

295 5213 566 5283 Ampliati,
595 5213 819 5286 Ingenii.

366 5302 436 5359 ΙΙΙ
461 5304 596 5361 ΚΑΙ..
628 5306 686 5360 In
711 5306 1096 5363 Thessalonica
1120 5310 1374 5367 nativitas
1399 5320 1706 5366 sanctorum
1741 5310 1864 5366 Ale-

294 5396 509 5462 xandri,
558 5396 866 5470 Androgoni
913 5398 1230 5473 [Antigoni],
1281 5402 1608 5458 Abundanlii
1665 5403 1867 5476 [Abun-

294 5483 416 5558 dii].
449 5485 509 5540 In
536 5485 716 5544 Africa
747 5489 1009 5562 Dionysii,
1031 5500 1086 5545 et
1131 5492 1357 5547 aliorum
1388 5494 1573 5563 viginti
1611 5503 1860 5564 quatuor.

365 5627 393 5658 ι
416 5615 612 5692 Earum
641 5616 954 5692 feminarum
977 5622 1157 5690 passio
1179 5622 1408 5692 habetur
1425 5625 1564 5692 apud
1585 5624 1858 5692 Ruinart.,

289 5681 441 5760 Acta
461 5681 1000 5760 sinceraMartyrum'.
1019 5691 1091 5760 Ea
1118 5691 1206 5760 qui
1235 5691 1442 5746 viderat
1459 5681 1704 5749 Valesius
1727 5681 1864 5748 seri;

291 5762 386 5828 pta
419 5755 581 5814 fuisse
607 5773 639 5813 a
668 5755 989 5839 Monum-ista
1021 5755 1322 5829 judicavit:
1363 5772 1421 5823 et
1458 5763 1600 5822 iusas
1633 5765 1862 5822 feminas

1985 1942 2205 2013 triginta
2236 1943 2427 1998 tribus.
2934 2007 2946 2016 ο

2054 2027 2119 2082 lli
2162 2026 2298 2084 Non.
2341 2028 2527 2086 Romae
2564 2029 2714 2086 Lucii
2756 2046 2910 2104 papae
2954 2041 3010 2090 et
3049 2036 3326 2108 martyris.
3371 2037 3470 2094 Hic
3505 2037 3565 2095 in

1984 2118 2235 2174 exsilium
2263 2127 2485 2190 propter
2511 2119 2672 2176 ﬁdem
2708 2121 2908 2180 Christi
2939 2131 3122 2184 trusus
3150 2135 3255 2193 est,
3290 2135 3345 2184 ct
3374 2137 3563 2200 postea

1983 2218 2118 2265 nutu
2146 2211 2242 2267 Dei
2274 2212 2556 2269 incolumis
2595 2215 2662 2270 ad
2699 2215 2995 2274 Ecclesium
3027 2233 3277 2278 reversus
3311 2231 3433 2290 est;
3467 2226 3564 2297 qui

1982 2302 2146 2358 etiam
2167 2317 2197 2356 a
2227 2301 2514 2359 Valeriano
2543 2305 2868 2375 imperatore
2894 2310 3072 2380 capite
3098 2321 3379 2371 truncatus
3402 2324 3567 2373 estet

1984 2392 2223 2462 sepultus
2245 2394 2298 2449 in
2330 2399 2638 2452 caemeterio
2661 2397 2868 2454 Callisti
2895 2400 2978 2455 via
3005 2401 3198 2472 Appia.

2054 2484 2096 2539 ll
2144 2485 2277 2540 Non.
2343 2486 2522 2543 Martii
2580 2489 2843 2560 depositio
2902 2493 3076 2548 sancti
3138 2492 3376 2561 Quiriaci
3403 2509 3560 2565 pres-

1982 2574 2178 2645 byteri.

2052 2667 2236 2724 NONIS.
2268 2668 2422 2738 Apud
2465 2670 2880 2743 Carthaginem,
2909 2685 2936 2714 ιι
2969 2671 3252 2745 Perpetua:
3287 2684 3344 2730 et
3371 2673 3563 2731 Felici-

1987 2758 2140 2823 tatis,
2181 2772 2301 2828 quae
2353 2759 2540 2816 bestiis
2587 2771 2712 2816 sunt
2743 2763 3008 2834 deputata
3047 2763 3148 2820 sub
3177 2764 3377 2821 Severo
3412 2765 3563 2836 prin-

1983 2847 2123 2918 cipe,
2149 2855 2205 2903 et
2232 2863 2355 2903 cum
2383 2847 2636 2904 Felicitas
2662 2851 2956 2918 parturiret
2978 2852 3033 2907 in
3059 2867 3301 2919 carcere,
3317 2854 3558 2909 omnium

1982 2943 2234 3009 militum,
2274 2943 2364 3013 qui
2414 2941 2575 2998 simul
2607 2944 2974 3014 patiebantur,
3007 2947 3260 3016 precibus
3303 2947 3564 3018 impetra-

1985 3042 2096 3090 tum
2122 3043 2205 3090 est
2229 3043 2290 3090 ut
2307 3043 2499 3090 octavo
2527 3051 2712 3092 mense
2735 3045 2964 3107 pareret.
2993 3036 3114 3092 1am
3133 3053 3264 3094 vero
3283 3037 3563 3110 Perpetua;

1986 3125 2129 3181 inter
2166 3125 2270 3182 alia
2299 3140 2614 3182 concessum
2646 3136 2731 3182 est
2765 3135 2824 3182 ut
2849 3125 2966 3196 ejus
2994 3142 3148 3184 mens
3169 3128 3564 3198 quodammodo

1985 3227 2322 3275 averteretur
2345 3233 2374 3274 a
2405 3234 2652 3290 corpore,
2681 3219 2734 3274 in
2761 3233 2870 3290 quo
2895 3234 3074 3276 vacca:
3101 3220 3356 3291 impetum
3377 3230 3563 3292 pertu-

1980 3313 2040 3369 lit
2060 3355 2075 3379 ,
2106 3313 2178 3368 ita
2207 3321 2267 3368 ut
2293 3313 2471 3369 adhuc
2499 3312 2738 3370 futurum
2764 3323 3106 3386 exspectaret
3132 3315 3274 3385 quod
3295 3315 3351 3372 in
3371 3330 3431 3374 se
3445 3315 3560 3388 jam

1979 3413 2188 3476 gestum
2211 3418 2329 3459 esse
2359 3402 2610 3459 nesciret.

2051 3495 2162 3551 Vill
2187 3495 2265 3550 In.
2291 3495 2516 3550 Murri.
2554 3493 2612 3550 in
2641 3493 2951 3552 Nicomedia
2973 3495 3198 3563 Quintili
3224 3495 3558 3571 [Quinctilis]

1979 3589 2248 3665 episcopi,
2291 3596 2347 3644 et
2382 3587 2692 3658 Capitulini.
2741 3587 2797 3642 In
2841 3587 3025 3644 Africa
3063 3588 3294 3659 Rogati,
3327 3588 3558 3656 Felicis,

1979 3680 2108 3736 item
2143 3679 2334 3750 Rogati
2361 3676 2602 3735 Beremae
2635 3677 2880 3750 [Beatae],
2919 3677 3199 3745 Herenite,
3230 3679 3556 3743 Felicitatis,

1978 3771 2178 3830 Orbani
2203 3769 2478 3844 [Urbani],
2509 3769 2696 3842 Cyrilli
2725 3769 2962 3840 episcopi
2982 3810 2998 3836 ,
3030 3768 3266 3836 Silvani,
3292 3777 3350 3826 et
3374 3769 3559 3826 Manili

1979 3862 2252 3937 [Mamili].

2048 3955 2137 4011 Vll
2163 3956 2238 4010 lu.
2281 3955 2339 4010 In
2379 3955 2604 4011 Sebaste
2650 3954 2904 4010 Armenia
2954 3953 3158 4010 Minore
3199 3953 3557 4026 quadraginta

1977 4045 2208 4101 militum
2245 4053 2489 4116 tempore
2519 4043 2710 4099 Licinii
2743 4043 2916 4114 regis,
2950 4045 3050 4100 sub
3075 4044 3303 4114 praeside
3324 4044 3555 4116 Agrico-

1977 4135 2082 4202 lao,
2119 4136 2210 4207 qui
2250 4144 2371 4207 post
2408 4135 2622 4191 vincula
2645 4143 2699 4191 et
2726 4150 2975 4191 carceres
3003 4136 3396 4204 creberrimos,
3431 4147 3556 4208 post

1977 4245 2148 4286 caesas
2187 4229 2453 4299 lapidibus
2496 4228 2690 4294 facies,
2737 4227 2886 4284 missi
2913 4236 3038 4284 sunt
3061 4229 3116 4284 in
3155 4237 3431 4301 stagnum,
3459 4232 3553 4288 ubi

1977 4319 2098 4393 gelu
2141 4320 2438 4376 constricta
2467 4335 2699 4390 corpora
2741 4334 2927 4376 eorum
2962 4329 3118 4377 nocte
3145 4322 3555 4394 disrumpeban-

1979 4420 2089 4479 tur,
2115 4421 2172 4469 et
2196 4428 2356 4468 mane
2389 4413 2712 4484 crucifragio
2738 4414 3056 4484 martyrium
3082 4424 3546 4472 consummarunt.

1976 4499 2179 4556 Deinde
2205 4516 2429 4572 corpora
2455 4515 2641 4556 eorum
2669 4501 2976 4568 combusta,
3017 4511 3073 4558 et
3095 4503 3149 4558 in
3178 4501 3338 4560 ﬂuvio
3374 4503 3552 4574 proje-

1975 4603 2084 4658 cta,
2115 4593 2208 4649 sed
2229 4594 2408 4648 divina
2433 4594 2831 4664 dispensatione
2856 4593 3098 4664 reliquiae
3118 4608 3305 4649 eorum
3325 4595 3551 4665 integrae

1976 4693 2103 4738 sunt
2130 4691 2356 4753 repertae
2389 4691 2442 4738 et
2467 4684 2672 4739 honore
2699 4684 2861 4752 digno
2888 4683 3138 4738 conditae.
3170 4683 3339 4738 Erant
3366 4693 3547 4739 autem

1975 4771 2264 4826 nobiliores
2289 4773 2430 4826 inter
2448 4788 2550 4827 eos
2579 4772 2860 4838 Quirinion
2897 4770 3138 4845 [Cyrion]
3169 4779 3226 4827 et
3253 4770 3542 4828 Candidus.

2045 4861 2112 4917 Vl
2141 4860 2214 4915 In.
2244 4860 2301 4914 In
2343 4860 2628 4917 Antiochia
2667 4860 2864 4932 Agapte
2890 4859 3166 4934 [Agapes]
3205 4863 3460 4933 virginis,
3491 4872 3549 4918 ct

1971 4954 2241 5010 Marianae.
2267 4953 2532 5026 Smyrnae,
2567 4954 2813 5010 Phronis.
2857 4953 2916 5010 In
2948 4953 3258 5011 Nicomedia
3282 4955 3542 5024 Palatini,

1969 5045 2230 5102 Firmiani
2254 5053 2307 5102 et
2334 5044 2563 5100 Rustici.
2588 5044 2644 5100 In
2674 5045 2996 5101 Alexandria
3023 5045 3198 5102 Eracli
3229 5039 3532 5118 [Heraclii],

1967 5135 2203 5202 Zosimi,
2248 5134 2576 5201 Alexandri,
2618 5142 2672 5191 et
2713 5132 2948 5206 Gaiperii
2993 5131 3249 5208 [Candidi
3290 5145 3345 5190 et
3382 5136 3538 5206 Pipe-

1967 5242 2134 5281 1⁵101118
2147 5242 2177 5281 1.

2038 5243 2134 5281 mis
2165 5264 2177 5278 .

2038 5314 2081 5368 V
2108 5224 2183 5369 [1]).
2211 5314 2269 5370 In
2302 5313 2545 5371 Sehastia
2570 5314 2788 5371 civitate
2813 5314 3066 5371 nativitas
3092 5322 3388 5388 martyrum
3408 5331 3538 5388 qua-

1968 5407 2217 5478 draginta
2245 5407 2335 5477 qui
2364 5407 2696 5478 temporibus
2717 5405 2910 5462 Licinii
2935 5407 3292 5478 imperatoris,
3313 5416 3368 5463 et
3387 5408 3541 5481 Agri-

1967 5499 2104 5554 colai
2147 5500 2412 5568 praesidis,
2441 5508 2496 5554 et
2530 5499 2702 5570 Lysia:
2747 5499 2929 5564 ducis,
2969 5514 3068 5568 pro
3097 5500 3310 5555 nomine
3338 5499 3539 5556 Christi

1965 5645 1995 5684 e
2023 5627 2469 5702 Montanistarum
2501 5639 2646 5686 secta
2695 5631 2860 5687 fuisse
2896 5632 3050 5687 facile
3095 5632 3278 5688 credet
3307 5633 3547 5702 quicun-'

1966 5699 2304 5775 que__legerit.
2345 5701 2506 5755 BASN.
2725 5734 2728 5737 -
2956 5730 2960 5733 -
