4112 6364
296 327 428 387 1157

295 537 500 603 Africa,
524 535 716 605 Agabi.

368 628 481 684 VIII
512 627 646 682 ΚΑΙ..
685 624 1033 680 Annuntiatio
1061 619 1448 677 incarnationis
1476 617 1789 681 Dominicae,
1814 624 1869 671 et

298 717 667 789 Hierosolyma
710 714 970 770 Dominus
1011 721 1195 766 noster
1221 710 1378 765 .lesus
1404 708 1653 764 Christus
1693 707 1871 762 cruci-

299 811 441 867 ﬁxus
464 819 568 875 est,
598 816 652 862 et
677 807 855 876 passio
879 804 1053 859 sancti
1078 802 1264 856 Jacobi
1298 799 1482 856 fratris
1512 799 1746 864 Domini,
1778 797 1870 867 qui

298 904 355 958 in
382 900 602 955 Pascha:
621 897 957 953 solemnitate
975 893 1173 948 Iudaeis
1191 891 1462 947 Christum
1482 890 1782 945 testiﬁcans
1802 889 1869 943 de

299 990 483 1062 templi
523 997 608 1045 est
647 986 880 1042 culmine
924 983 1308 1055 praecipitatus,
1355 997 1418 1037 ac
1462 979 1680 1036 fullonis
1719 987 1871 1034 recte

297 1093 609 1153 percussus.
638 1079 708 1133 Et
732 1078 785 1132 in
808 1074 1115 1131 Nicomedia
1140 1073 1318 1128 natale
1347 1072 1494 1127 Dulae
1522 1070 1729 1127 ancillae
1764 1069 1871 1124 mi-

298 1177 427 1242 litis,
461 1190 580 1245 quze
597 1188 699 1244 pro
724 1172 978 1227 castitate
1005 1171 1182 1226 occisa
1212 1177 1313 1224 est.
1346 1168 1415 1223 Et
1442 1167 1646 1231 Romae,
1683 1165 1871 1238 Cyrini

298 1265 576 1342 [Quirini],
600 1267 691 1337 qui
720 1263 1036 1320 interfectus
1067 1278 1101 1316 a
1137 1260 1389 1326 Claudio,
1433 1266 1488 1315 et
1530 1259 1588 1313 in
1633 1257 1871 1312 Tiberim

297 1358 551 1428 iactatus,
576 1358 632 1411 in
672 1354 846 1410 insula
886 1353 1166 1423 Lycaoniae
1192 1352 1462 1414 inventus,
1495 1358 1551 1403 et
1582 1349 1636 1403 in
1669 1362 1871 1402 cceme-

300 1449 440 1505 terio
463 1446 713 1502 Pontiani
734 1444 987 1499 conditus
1005 1450 1106 1497 est.
1138 1440 1411 1511 Scriptum
1437 1446 1521 1494 est
1547 1439 1599 1493 in
1622 1437 1873 1508 passione

300 1538 475 1594 sancti
504 1534 793 1591 Valentini.

373 1627 463 1683 VII
496 1626 630 1683 KAL.
661 1627 719 1682 In
747 1624 963 1697 Syrmio
987 1622 1223 1679 Montani
1249 1621 1584 1694 presbyteri,
1626 1619 1875 1675 Maxima:

302 1720 492 1776 uxoris
519 1719 656 1790 ejus.
688 1716 894 1782 Roma),
919 1715 1004 1770 via
1030 1714 1330 1780 Lavicana,
1358 1712 1536 1768 natale
1566 1710 1740 1768 sancti
1775 1709 1877 1766 Ca-

301 1811 430 1868 stuli
462 1809 736 1881 martyris.

375 1901 442 1957 Vl
483 1902 618 1956 Κλι..
667 1898 1036 1972 Hierosolyma
1082 1896 1408 1954 resurrectio
1444 1895 1657 1952 Domini
1701 1894 1874 1950 nostri

305 1992 432 2050 Jesu
464 1991 688 2049 Christi.

376 2085 423 2140 Ὗ
448 2084 582 2139 Kac.
606 2083 666 2138 In
694 2081 875 2139 Africa
919 2082 1099 2138 natale
1141 2079 1354 2153 Rogati,
1402 2078 1690 2141 Successi:
1729 2086 1785 2134 et
1819 2079 1875 2133 in

298 2172 553 2229 Cmsarea
597 2172 743 2228 Mare
776 2170 971 2244 [Forte
999 2168 1363 2241 Mauritaniae]
1412 2169 1671 2239 depositio
1706 2167 1879 2224 sancti

304 2262 639 2333 Dagolaphi;
679 2269 733 2319 et
759 2263 813 2317 in
835 2261 1018 2316 Africa
1047 2261 1274 2316 aliorum
1305 2260 1560 2315 sedecim.

376 2350 447 2406 IV
472 2351 605 2407 KAL.
633 2352 693 2407 In
717 2351 934 2407 civitate
972 2350 1164 2406 Pisana
1206 2348 1385 2403 natale
1423 2348 1595 2403 sancti
1630 2346 1882 2416 Torpctis

303 2442 583 2513 martyris,
613 2456 774 2511 quem
806 2439 948 2496 Nero
972 2439 1267 2510 imperator
1296 2438 1460 2508 jussit
1480 2453 1731 2510 magnam
1760 2437 1881 2493 Dia-

307 2546 437 2586 nam
484 2539 713 2586 matrem
754 2532 977 2586 deorum
1017 2528 1276 2592 adorare,
1312 2527 1455 2597 quod
1486 2528 1605 2597 ipse
1649 2541 1883 2582 renuens

306 2622 545 2692 repletus
572 2621 777 2690 Spiritu
808 2627 1020 2685 sancto,
1047 2626 1102 2674 et
1129 2617 1307 2673 dixit:
1345 2635 1364 2669 ε
1398 2616 1585 2671 Melius
1612 2623 1697 2672 est
1714 2630 1882 2671 unum

307 2710 477 2767 Deum
505 2711 762 2778 adorare,
789 2711 883 2781 qui
911 2711 1039 2767 fecit
1059 2711 1257 2767 cmlum
1285 2720 1342 2767 et
1377 2719 1600 2777 terram,
1624 2719 1680 2767 et
1702 2710 1884 2766 omnia

307 2817 430 2872 quae
470 2802 527 2857 in
569 2801 649 2858 eis
688 2808 836 2869 sunt,
864 2816 1025 2871 quam
1065 2802 1249 2873 plures
1278 2802 1408 2858 deos
1436 2802 1647 2868 colere,
1675 2803 1779 2859 hoc
1802 2810 1887 2859 est

305 2893 600 2948 daemones.
638 2910 657 2944 ι
686 2891 884 2948 Exiens
918 2901 1140 2948 sanctus
1175 2892 1381 2960 Torpes
1415 2893 1481 2948 de
1520 2892 1721 2963 palatio
1749 2892 1887 2948 mul-

312 2992 427 3038 tum
457 2983 599 3038 intra
641 2997 700 3038 se
743 2982 986 3052 cogitans
1036 2981 1210 3037 dixit:
1256 3000 1274 3033 ι
1310 2980 1448 3048 Quid
1493 2980 1688 3037 faciam
1726 2981 1885 3037 idolis

306 3072 597 3129 serviendo
618 3079 674 3128 et
698 3072 1023 3142 baptismum
1058 3070 1247 3127 salutis
1272 3086 1377 3126 nou
1408 3070 1649 3141 accipio?
1686 3090 1705 3123 ο
1736 3070 1887 3127 Tunc

306 3162 554 3220 ascendit
583 3162 640 3217 in
664 3170 899 3217 montem
926 3170 982 3217 et
1004 3161 1242 3218 clamare
1266 3162 1449 3231 cmpit,
1474 3162 1660 3217 dicens
1685 3178 1698 3215 :
1730 3179 1749 3212 ι
1783 3161 1883 3215 Pa-
1910 3143 1956 3206 (ἶ

312 3263 397 3310 ter
416 3253 641 3319 Antoni,
666 3253 757 3308 ubi
786 3254 887 3309 es?
928 3274 945 3307 ι
988 3253 1282 3323 Respondit
1308 3254 1591 3325 presbyter
1615 3253 1883 3309 Antonius

309 3352 368 3400 et
393 3342 571 3398 dixit:
612 3361 632 3395 ‹
668 3343 736 3398 Ει
757 3344 883 3413 quis
911 3359 972 3400 es
1000 3352 1079 3408 tu,
1110 3344 1223 3399 fili?
1256 3365 1274 3397 ι
1306 3344 1538 3400 Sanetus
1565 3344 1771 3415 Torpes
1796 3344 1880 3399 di-

310 3434 394 3490 xit
422 3451 435 3487 :
480 3450 504 3484 ι
535 3433 647 3504 Ego
674 3448 795 3488 sum
824 3447 1012 3488 servus
1047 3441 1170 3489 tuus
1199 3434 1442 3504 Torpes;
1485 3452 1504 3485 ι
1544 3442 1675 3490 tunc
1709 3433 1883 3489 Anto-

307 3526 431 3581 nius
469 3524 763 3594 baptizavit
808 3541 931 3582 eum
962 3526 1015 3581 in
1056 3526 1274 3582 nomine
1306 3526 1511 3591 Patris,
1557 3535 1612 3582 et
1646 3526 1799 3592 Filii,
1829 3533 1886 3582 et

305 3615 541 3686 Spiritus
565 3617 757 3673 sancti.
781 3616 934 3672 Tunc
957 3616 1138 3672 statim
1162 3616 1382 3688 angelus
1404 3616 1613 3672 Domini
1636 3616 1884 3687 apparuit

304 3716 498 3765 sancto
526 3708 765 3779 Torpeti,
789 3715 845 3762 ct
868 3707 1005 3762 dixit
1028 3706 1079 3762 ei
1105 3725 1119 3762 :
1155 3724 1176 3758 ο
1205 3706 1357 3762 Forti
1380 3716 1499 3763 esto
1528 3708 1730 3774 animo,
1754 3707 1882 3779 quia

305 3807 368 3856 tu
397 3801 674 3856 uobiscum
690 3800 803 3855 eris
828 3801 880 3855 in
908 3800 1178 3869 paradiso.
1210 3818 1230 3852 ι
1260 3799 1456 3855 Postea
1475 3799 1618 3856 Nero
1642 3800 1882 3870 perrexit

302 3888 535 3948 Romam
560 3899 618 3943 et
656 3887 912 3944 Satellico
947 3897 1177 3959 cognato
1205 3903 1303 3944 suo
1331 3888 1586 3959 prm‘cepit
1628 3897 1879 3945 sanetum

301 3981 591 4050 Torpetem
623 3980 677 4034 in
701 3993 977 4034 carcerem
1002 3979 1201 4048 recipi,
1240 3987 1296 4034 et
1332 3978 1504 4048 alapis
1529 3978 1663 4034 ctedi
1682 4018 1699 4044 ,
1728 3988 1783 4034 et
1812 3980 1881 4036 ad

305 4071 609 4127 columnam
628 4068 986 4124 Habentinam
1008 4069 1150 4124 nudo
1168 4081 1397 4137 corpore
1415 4067 1653 4138 religari,
1669 4076 1725 4123 et
1752 4068 1882 4124 dum

305 4166 526 4214 sanctus
550 4157 757 4226 Torpes
775 4157 1092 4228 complesset
1116 4157 1436 4223 orationem,
1460 4157 1655 4214 cecidit
1675 4157 1764 4212 illa
1789 4173 1881 4214 co-

305 4247 509 4312 lumna,
537 4254 593 4300 et
622 4247 891 4316 Oppressit
931 4262 996 4303 ex
1026 4246 1203 4317 impiis
1231 4247 1640 4319 quinquaginta,
1670 4256 1727 4305 et
1766 4249 1882 4318 ipse

308 4334 594 4391 Satellieus
629 4336 729 4392 sub
763 4352 828 4393 ea
860 4344 1102 4393 mortuus
1122 4345 1224 4393 est.
1253 4338 1404 4394 Tunc
1434 4340 1575 4396 ﬁlius
1606 4339 1877 4409 Satellici,

304 4426 522 4482 nomine
545 4425 799 4492 Silvinus,
823 4427 948 4482 dum
976 4427 1089 4484 haec
1109 4428 1184 4484 ita
1209 4439 1514 4500 agerentur,
1532 4429 1698 4500 jussit
1714 4441 1775 4488 ut
1794 4432 1880 4490 leo

303 4531 426 4572 eum
442 4516 509 4572 ad
525 4518 886 4574 devorandum
908 4519 1300 4577 dimitteretur:
1316 4522 1405 4592 qui
1427 4524 1607 4579 subito
1625 4524 1879 4583 dimissus

304 4609 441 4665 dans
462 4609 698 4679 rugitum
718 4624 878 4678 super
895 4626 1043 4677 eum,
1061 4619 1116 4666 et
1132 4612 1321 4668 eadem
1340 4613 1473 4668 bora
1494 4623 1739 4672 mortuus
1759 4625 1875 4683 est;

304 4704 362 4753 et
402 4696 600 4751 iterum
635 4696 885 4753 dimissus
918 4706 1001 4752 est
1036 4699 1350 4770 leOpardus,
1394 4710 1449 4756 et
1494 4703 1611 4773 ipse
1656 4704 1877 4762 ﬂectens

305 4794 468 4857 caput
501 4785 736 4855 lingebat
775 4786 986 4856 plantas
1011 4789 1146 4858 ejus.
1190 4790 1341 4845 Tunc
1361 4793 1613 4862 praecepit
1639 4794 1876 4851 Silvinus

305 4876 570 4937 ministris
596 4885 654 4930 ut
680 4876 747 4932 ad
786 4892 936 4933 mare
966 4877 1252 4935 duceretur
1276 4887 1331 4935 et
1363 4881 1561 4937 ibidem
1584 4883 1876 4939 decollare-

306 4975 415 5018 tur.
446 4964 675 5019 Sanctus
702 4980 827 5020 vero
849 4964 1233 5037 Torpes,spem
1256 4969 1460 5025 habens
1481 4970 1547 5025 ad
1570 4971 1876 5039 Dominum,

306 5055 382 5109 ita
405 5053 604 5108 oravit:
634 5072 651 5104 ‹
678 5053 922 5119 Domine,
949 5057 1159 5125 suscipe
1182 5057 1429 5127 Spiritum
1452 5074 1647 5124 meum,
1674 5078 1694 5112 ι
1714 5067 1769 5115 et
1800 5060 1879 5116 sic

304 5159 336 5198 a
362 5141 617 5198 carniﬁce
646 5142 937 5198 decollatus
961 5154 1063 5200 est.
1092 5145 1293 5212 Eodem
1316 5148 1403 5202 die
1429 5150 1608 5218 passio
1629 5150 1874 5206 Achacii.

376 5231 441 5286 Ill
468 5231 601 5287 KAL.
635 5230 823 5288 Natale
850 5235 1031 5289 domui
1068 5235 1445 5307 Philippopoli,
1481 5247 1536 5293 et
1558 5239 1759 5295 Jacaici
1780 5282 1795 5309 ,
1822 5250 1877 5297 et

304 5318 573 5388 depositio
598 5319 833 5375 Austasii
862 5322 1072 5376 abbatis
1099 5332 1154 5377 et
1178 5323 1341 5379 Nicaei
1364 5327 1622 5398 episcopi.

375 5409 418 5464 ll
440 5409 573 5465 ΚΜ..
602 5411 660 5466 In
685 5410 869 5468 Africa
891 5412 1067 5468 natale
1092 5414 1242 5469 Anisi
1272 5414 1498 5489 [Anesii]
1530 5427 1585 5473 et
1611 5420 1875 5491 depositio

305 5501 574 5556 Ambrosii
608 5502 864 5573 episcopi,
893 5511 949 5558 et
983 5504 1164 5561 natale
1193 5514 1396 5576 septem
1421 5508 1710 5579 virginum,
1743 5526 1877 5582 qua-

309 5606 426 5649 rum
455 5591 667 5647 nomina
693 5592 833 5653 Deus
864 5595 983 5651 scit.
1295 5584 1313 5595 ’

968 362 973 369 .
1590 317 2215 378 MARTYROLOGIUM.

363 446 435 503 IX
458 444 592 501 ΚΑΙ..
630 439 690 497 In
712 440 873 513 Syria
903 437 1080 494 natale
1113 436 1351 494 Seleucis
1377 430 1635 506 [Seleuci]
1662 446 1677 495 ;
1716 439 1771 486 et
1809 430 1861 485 in
1891 437 1940 491 Α

1907 4488 1959 4549 D

3393 325 3528 385 “58

2544 451 2961 531 APRILIS.
3586 397 3597 409 ι

2034 605 2166 661 ΚΑι..
2210 604 2449 661 Aratus.
2498 605 2555 660 In
2601 606 2982 663 Thessalonica
3031 606 3207 662 natale
3253 608 3451 679 Agapis
3485 616 3541 664 et

1966 697 2205 755 Chionia:
2232 700 2333 754 sub
2358 697 2712 763 Diocletiano,
2735 713 2856 767 qua:
2884 699 3058 767 primo
3098 700 3150 753 in
3178 713 3400 755 carcere
3426 713 3542 754 mao

1966 796 2183 851 ceratas,
2212 795 2335 855 post
2380 787 2435 841 in
2481 787 2659 858 ignem
2701 787 2882 843 missa:
2923 797 3075 852 sunt,
3126 788 3219 843 sed
3265 788 3477 843 intacta:
3509 802 3541 842 a

1967 875 2218 944 ﬂammis,
2244 888 2369 949 post
2389 879 2686 936 orationem
2709 881 2776 936 ad
2799 880 3084 937 Dominum
3111 881 3303 948 fusam,
3328 882 3540 940 animas

1969 968 2337 1025 reddiderunt.
3526 1012 3531 1017 ι

2038 1056 2106 1113 IV
2130 1056 2266 1114 Non.
2299 1058 2534 1116 Aratus.
2573 1060 2633 1117 In
2680 1060 2860 1119 Africa
2888 1062 3197 1133 Amphiani,
3230 1065 3465 1120 Victoris
3488 1071 3544 1120 et

1972 1147 2205 1230 aliorum
2221 1152 2668 1220 quatuordccim;
2705 1163 2761 1209 et
2789 1154 2916 1209 alibi
2949 1154 3266 1221 Marcellini,
3295 1155 3541 1222 Saturni,

1972 1239 2232 1309 Quiriaci,
2260 1242 2501 1313 Regium,
2528 1244 2793 1310 Proculas,
2816 1254 2872 1300 et
2894 1245 3123 1301 aliorum
3150 1255 3405 1316 quatuor.

2040 1333 2105 1388 Ill
2133 1333 2266 1389 Nos.
2299 1334 2537 1392 Aratus.
2567 1335 2758 1392 Natale
2788 1336 3105 1393 Theodosia:
3141 1340 3398 1409 virginis,
3426 1355 3547 1410 qua:

1970 1443 2132 1498 passa
2180 1437 2268 1482 est
2312 1429 2647 1498 temporibus
2688 1430 3076 1499 imperatorum
3129 1430 3447 1487 Diocletiani
3492 1439 3549 1486 et

1973 1515 2306 1581 Maximiani,
2332 1517 2384 1571 in
2411 1519 2631 1574 civitate
2657 1517 2924 1585 Caesarea,
2968 1520 3069 1575 sub
3096 1521 3313 1577 Urbano
3350 1520 3547 1591 przefe-

1970 1614 2064 1663 cto
2098 1625 2112 1661 :
2151 1623 2278 1662 nam
2306 1607 2425 1664 hare
2450 1623 2594 1674 cum,
2624 1609 2827 1666 relictis
2858 1610 3188 1681 parentibus,
3217 1609 3551 1681 confugisset

1975 1698 2042 1753 ad
2068 1713 2343 1754 carcerem
2364 1739 2379 1766 ,
2421 1700 2511 1755 ubi
2546 1699 2748 1755 Christi
2776 1700 3115 1757 confessorcs
3154 1702 3323 1757 clausi
3354 1710 3545 1770 erant,

1901 1789 1950 1851 Β
1978 1796 2125 1844 tenta
2155 1797 2239 1844 est
2260 1805 2289 1845 a
2315 1790 2573 1846 militibus
2600 1798 2655 1845 et
2680 1790 2839 1846 ducta
2865 1791 2930 1846 ad
2956 1791 3186 1846 tribunal
3219 1791 3415 1860 indicis
3442 1793 3549 1848 Ur-

1973 1879 2121 1945 bani,
2149 1895 2270 1950 quae
2298 1894 2483 1936 coram
2504 1868 2626 1951 ipso
2649 1892 2856 1947 astans,
2887 1895 2986 1936 nec
3010 1882 3405 1938 adulationibus
3433 1880 3550 1950 ejus

1971 1982 2058 2029 est
2080 1972 2303 2042 decepta
2332 1987 2431 2029 nec
2462 1972 2621 2028 minis
2656 1973 2868 2038 territa,
2913 1973 3008 2028 sed
3057 1973 3317 2043 sapientia
3347 1973 3441 2028 Dei
3467 1988 3551 2027 re-

1976 2065 2117 2136 pleta
2141 2064 2304 2120 falsos
2325 2064 2453 2120 deos
2477 2065 2754 2134 gentilium
2780 2065 3098 2135 disputando
3119 2080 3301 2121 coram
3325 2066 3553 2136 prmside

1978 2154 2309 2211 confutabat.
2339 2154 2491 2211 Unde
2520 2164 2575 2210 et
2613 2171 2643 2209 a
2687 2163 2914 2226 tyranno
2938 2156 3121 2212 nervis
3164 2156 3347 2225 ligata,
3378 2165 3435 2213 et
3461 2156 3554 2211 lla-

1975 2245 2129 2316 gellis
2153 2261 2288 2302 cmsa
2316 2261 2424 2301 non
2450 2246 2627 2317 potuit
2653 2246 2793 2302 vinci
2819 2264 2833 2300 :
2874 2254 3059 2317 postea
3086 2247 3135 2303 ei
3161 2247 3400 2302 adhibita
3425 2255 3555 2302 sunt

1978 2336 2127 2392 varia
2157 2345 2446 2404 tormenta,
2487 2338 2590 2394 hoc
2614 2347 2698 2393 est
2725 2338 3026 2408 sartagines
3055 2339 3262 2409 iguitm,
3294 2338 3480 2396 leones
3501 2348 3553 2393 et

1979 2430 2186 2496 bestiae,
2212 2446 2276 2486 ex
2304 2431 2501 2501 quibus
2526 2431 2725 2487 nullam
2751 2431 3019 2488 maculam
3046 2446 3203 2502 passa
3227 2441 3331 2488 est.
3356 2432 3557 2488 Deinde

1981 2524 2035 2578 in
2064 2538 2215 2578 mare
2242 2523 2507 2588 demersa,
2551 2523 2644 2579 sed
2670 2537 2767 2592 per
2794 2523 2888 2578 Dei
2923 2522 3178 2578 auxilium
3227 2522 3387 2578 citius
3432 2523 3556 2577 inde

1982 2614 2235 2679 liberata,
2265 2615 2558 2670 novissime
2586 2612 2761 2684 gladio
2783 2614 2962 2683 capite
2991 2613 3251 2679 abscisso,
3283 2613 3556 2669 obdormi-

1982 2707 2062 2762 vit
2087 2707 2140 2761 iu
2164 2721 2317 2776 pace,
2341 2714 2396 2761 et
2415 2705 2700 2776 complevit
2725 2705 3040 2777 martyrium
3066 2720 3243 2771 suum,
3261 2703 3558 2765 honorifice

1984 2812 2015 2853 a
2042 2795 2365 2853 Christianis
2388 2796 2678 2866 sepulturae
2709 2796 2924 2850 tradita.

2053 2888 2097 2944 Il
2122 2887 2255 2945 Nox.
2295 2887 2594 2943 Mediolano
2635 2886 2899 2956 depositio
2944 2887 3087 2942 beati
3131 2887 3399 2941 Ambrosii
3444 2886 3558 2955 epi-

1987 2979 2134 3050 scopi
2162 2986 2219 3035 et
2245 2977 2603 3042 confessoris,
2642 2977 2797 3049 cujus
2824 2977 2932 3032 vita
2958 2985 3016 3033 et
3050 2977 3291 3032 doctrina
3332 2975 3558 3047 insignis

1986 3070 2315 3140 prmdicatur
2336 3070 2387 3124 in
2414 3068 2674 3124 Ecclesia.

2054 3161 2240 3218 NONIS.
2271 3160 2327 3216 lu
2357 3159 2736 3216 Thessalonica
2783 3157 2978 3214 natalis
3023 3158 3252 3230 Hyrenis
3296 3156 3519 3229 [[rcnes]

1982 3266 2103 3323 qua:
2125 3260 2248 3322 post
2270 3249 2605 3306 tolerantiam
2636 3249 2872 3305 carceris
2902 3248 3045 3304 inter
3070 3234 3344 3311 orationes
3363 3249 3558 3320 sagitta

1982 3360 2241 3416 percussa
2276 3353 2363 3401 est
2403 3359 2432 3399 a
2472 3342 2708 3399 Sisinnio
2737 3343 2966 3409 comite,
2995 3344 3095 3399 sub
3133 3354 3241 3412 quo
3266 3351 3319 3397 ct
3345 3357 3560 3411 sorores

1982 3436 2118 3507 ejus,
2167 3436 2351 3509 Agape
2393 3443 2448 3492 et
2494 3434 2753 3500 Chiouia,
2803 3435 3325 3506 martyrizaveruut:
3368 3448 3489 3504 qure
3527 3450 3558 3487 a

1981 3528 2240 3600 przedicto
2267 3526 2521 3599 praefecto
2549 3527 2674 3583 licet
2708 3526 2760 3581 in
2792 3527 2969 3597 ignem
2988 3526 3353 3591 mitterentur,
3380 3534 3558 3579 tamen

1982 3618 2163 3674 illaesa:
2192 3619 2260 3674 ab
2302 3632 2368 3674 eo
2389 3658 2405 3684 ,
2434 3624 2723 3674 exorautes
2761 3616 3077 3681 Dominum,
3109 3615 3353 3686 spiritum
3385 3614 3560 3671 reddi-

1986 3708 2198 3764 derunt.

2055 3797 2166 3855 VIII
2192 3798 2268 3855 In.
2311 3797 2368 3854 In
2415 3799 2627 3869 Syrmio
2663 3797 2840 3855 natale
2882 3797 3114 3870 IIyreuei
3152 3795 3408 3870 [Ireuzei]
3441 3797 3558 3866 epi-

1983 3891 2132 3959 scopi
2160 3889 2398 3959 ejusdem
2430 3890 2554 3947 loci.

2054 3976 2142 4032 Vll
2170 3978 2245 4033 In.
2278 3978 2333 4033 In
2366 3978 2686 4034 Alexandria
2712 3979 2888 4034 natale
2916 3979 3090 4035 Pelosi
3117 3978 3390 4051 [Peleusii]
3416 3993 3559 4048 pres.

1981 4066 2195 4136 byteri;
2230 4073 2286 4121 et
2322 4066 2374 4120 in
2411 4065 2722 4122 Nicomedia
2775 4067 2968 4125 natalis
3005 4066 3217 4140 Cyriaci
3265 4083 3388 4123 cum
3432 4067 3555 4123 aliis

1983 4156 2193 4213 decem.

2053 4244 2120 4301 Vl
2146 4245 2221 4301 Io.
2255 4245 2312 4302 In
2335 4245 2516 4302 Africa
2549 4246 2743 4303 natalis
2766 4245 3029 4314 Januarii,
3063 4246 3317 4302 Macharii
3355 4245 3554 4320 [Macac

1983 4337 2098 4411 riae]
2129 4347 2182 4394 et
2211 4337 2492 4404 Maximre;
2532 4348 2589 4395 et
2616 4340 2669 4393 in
2697 4338 3044 4411 Carthagine,
3073 4338 3396 4407 Concessm.

2040 4428 2182 4485 VIo.
2210 4428 2269 4483 In
2301 4428 2517 4501 Syrmio
2546 4430 2742 4486 natalis
2782 4440 2986 4502 septem
3021 4431 3285 4503 virginum
3306 4472 3321 4495 ,
3346 4447 3465 4502 qua:
3499 4435 3554 4495 iu

1983 4536 2149 4576 unum
2173 4528 2487 4577 meruerunt
2507 4522 2777 4577 coronari.

2051 4614 2118 4669 IV
2148 4613 2224 4668 In.
2256 4614 2556 4670 Ezechielis
2575 4615 2866 4685 prophetae.

2049 4703 2115 4759 IlI
2147 4703 2223 4758 In.
2251 4704 2435 4759 Romze
2464 4704 2659 4760 Leonis
2681 4719 2851 4774 pap:e,
2876 4704 2966 4773 qui
2995 4704 3441 4775 quadragesimus
3466 4720 3550 4761 se-

1979 4791 2178 4861 ptimus
2200 4799 2324 4859 post
2343 4791 2555 4846 beatum
2579 4791 2798 4847 Petrum
2822 4792 3143 4863 apostolum,
3183 4794 3321 4849 sedit
3349 4794 3403 4849 in
3435 4794 3552 4864 epi-

1980 4888 2203 4952 scopatu
2222 4882 2378 4938 annis
2402 4883 2591 4954 viginti
2617 4899 2743 4940 uno.
2760 4883 2857 4939 llic
2883 4884 3087 4940 invenit
3116 4881 3300 4957 [Forte
3332 4883 3551 4957 evertit]

1981 4973 2211 5028 haereses
2230 4972 2387 5038 duas,
2417 4983 2470 5028 et
2497 4974 2660 5030 missa
2682 4974 2947 5047 legatione
2972 4976 3037 5031 ad
3057 4975 3387 5031 Marcianum
3406 4975 3556 5046 prin-

1979 5064 2151 5134 cipem
2186 5064 2546 5132 catholicum,
2591 5077 2913 5138 congregata
2961 5066 3163 5137 synodo
3201 5066 3554 5135 ducentorum

1978 5155 2366 5226 quinquaginta
2394 5165 2448 5210 et
2479 5172 2571 5212 sex
2602 5157 2977 5226 episcoporum
3009 5157 3062 5211 in
3093 5155 3462 5221 Chalcedone,
3495 5157 3553 5212 in

1977 5246 2241 5315 martyrio
2295 5255 2498 5300 sanctae
2545 5246 2801 5303 Eufemia:
2848 5247 3136 5317 martyris,
3190 5257 3553 5317 exposuerunt

1971 5329 2123 5400 juxta
2152 5333 2310 5390 ﬁdem
2341 5335 2662 5390 catholicam
2692 5336 2825 5390 duas
2844 5344 3075 5391 naturas
3114 5336 3168 5390 in
3198 5349 3306 5390 uno
3336 5334 3555 5394 Christo

1978 5421 2227 5488 Domino,
2254 5423 2354 5479 hoc
2375 5432 2463 5479 est
2479 5423 2714 5479 divinam
2740 5432 2794 5478 et
2815 5425 3126 5489 humanam,
3150 5433 3207 5479 et
3227 5424 3556 5480 condemna-

1976 5520 2170 5568 verunt
2195 5512 2522 5577 Euthicium,
2563 5522 2617 5567 et
2643 5512 2947 5569 Nestorium
2978 5512 3278 5569 haereticos.

2048 5602 2089 5655 Il
2118 5602 2193 5656 In.
2224 5603 2407 5658 Roma:
2434 5604 2667 5673 episcopi
2698 5602 2821 5657 Julii
2845 5618 2993 5674 papze
3019 5613 3072 5659 et
3097 5604 3440 5666 confessoris,
3459 5603 3553 5672 qui

1979 5693 2078 5748 sub
2108 5692 2419 5749 Constantio
2441 5693 2659 5761 Ariapo,
2689 5695 2793 5752 filio
2816 5696 3170 5767 Constantini,
3192 5699 3377 5753 decem
3400 5711 3554 5755 men:
