4112 6364
723 230 770 296 q

622 313 787 392 uasa

1256 310 1318 366 Β.
1358 310 1612 366 RABANI
1652 310 1871 370 MAURI
1904 311 2221 370 ARCHIEP.
2265 313 2573 372 MOGUNT.
2615 314 2898 374 OPERUM
2938 317 3117 375 PARS
3153 318 3218 374 Il.
3277 323 3290 332 '

3743 322 3888 382 11ιο

621 426 773 482 sibus
797 421 1173 479 tribulationes
1209 429 1266 476 et
1292 421 1482 477 exsilia
1502 437 1722 493 passus,
1759 429 1880 492 post
1903 424 2020 496 ejus
2048 440 2196 482 mor-
2224 431 2274 492 Α
2301 427 2537 496 Callisti,
2583 431 2786 487 Carissl
2827 431 3158 507 [Charisii],
3198 433 3480 505 Leonidis,
3520 437 3890 511 Christianae,

624 525 734 572 tem
763 530 884 570 cum
911 527 1102 585 magna
1129 511 1297 584 gloria
1322 512 1389 566 ad
1415 512 1597 568 sedem
1637 527 1789 568 suam
1817 527 2066 568 reversus
2093 522 2196 570 est.

619 607 691 664 Et
714 606 902 662 eodem
929 605 1038 669 die,
1068 603 1285 659 civitate
1313 601 1540 666 Verona,
1571 602 1753 672 passio
1790 603 1966 659 sancti
1997 602 2200 659 Zenoni

619 697 898 770 martyris,
940 695 1008 752 de
1033 710 1142 767 quo
1181 695 1374 751 beatus
1410 693 1702 766 Gregorius
1733 694 1903 750 refert
1945 696 2002 750 in
2045 695 2199 752 libris

621 789 987 860 Dialogorum,
1015 787 1161 858 quod
1195 784 1370 841 Atisin
1413 783 1675 859 [Athesis]
1711 783 1907 842 ﬂuvius
1932 785 2201 844 inundans

619 881 677 936 in
697 879 925 936 ecclesia
952 879 1042 935 ubi
1085 893 1282 949 corpus
1318 875 1436 948 ejus
1460 877 1678 951 iacebat
1699 878 2002 946 humatum,
2027 893 2201 950 usque

621 973 690 1029 ad
728 972 1036 1043 superiores
1079 971 1207 1028 tecti
1247 970 1515 1028 fenestras
1549 971 1884 1038 exoleverit,
1929 973 2024 1028 sed
2058 972 2200 1028 intra

619 1067 907 1124 ecclesiam
943 1065 1036 1122 ubi
1070 1065 1247 1122 fuerat
1285 1073 1610 1138 congregata
1651 1063 1890 1121 fidelium
1922 1064 2078 1120 turba
2115 1064 2200 1121 in-

618 1169 771 1215 trare
801 1173 910 1214 non
935 1165 1168 1229 poterat.

689 1249 766 1304 in.
793 1250 982 1306 Αιηιιι.
997 1249 1055 1305 ln
1076 1249 1298 1306 civitate
1316 1248 1677 1308 Chalcedonia
1701 1249 1898 1307 natalis
1919 1249 2194 1315 Eufemia),

619 1351 677 1398 et
701 1341 888 1398 Romae
913 1341 967 1397 in
1001 1341 1314 1398 cmmeterio
1343 1341 1626 1398 translatio
1649 1341 1891 1398 Januarii
1919 1341 2196 1413 martyris.

688 1432 854 1490 XVIII
879 1432 1013 1490 ΚΑι..
1047 1433 1197 1489 Man.
1229 1433 1436 1502 Romae,
1463 1434 1730 1507 Tyburtii,
1759 1441 1814 1491 et
1834 1431 2202 1497 Valeriani,et

619 1523 861 1591 Maximi,
885 1523 986 1580 sub
1004 1523 1285 1581 Almachio
1308 1524 1472 1582 Urbis
1493 1524 1770 1596 praefecto,
1787 1539 2015 1594 quorum
2036 1521 2198 1594 primi

616 1613 850 1670 fustibus
883 1614 1006 1670 cesi
1028 1622 1084 1670 et
1110 1614 1287 1686 gladio
1316 1623 1443 1670 sunt
1466 1615 1730 1686 percussi,
1757 1614 1978 1669 ultimus
2009 1612 2196 1668 tandiu

613 1705 909 1777 plumbatis
937 1706 1255 1763 verberatus
1288 1707 1459 1764 donec
1495 1708 1742 1780 spiritum
1774 1707 2041 1763 redderet.
2087 1705 2193 1760 Eo-

2301 517 2482 584 Callxe,
2510 517 2805 577 Theodorze
2833 533 2888 579 et
2911 523 3140 580 aliorum
3165 524 3517 596 plurimorum
3544 536 3884 587 sanctorum.

2373 609 2468 666 XV
2493 611 2626 668 Kac.
2653 611 2711 667 ln
2741 612 3030 670 Antiochia
3049 616 3244 672 natalis
3261 617 3407 674 Petri
3432 619 3646 676 diaconi
3669 629 3726 678 et
3746 619 3890 679 Her-

2300 702 2576 773 mogenis;
2607 712 2664 759 et
2687 703 2743 759 i'n
2765 703 2968 771 Africa,
2989 705 3273 763 Fortunati
3302 716 3357 764 et
3383 707 3664 766 Marciani.
3904 709 3926 736 "

2370 794 2487 851 XIV
2513 794 2647 851 Kac.
2680 793 2886 852 Natalis
2919 796 3242 862 Eleutheriig
3259 801 3495 871 episcopi
3520 809 3576 856 et
3599 803 3887 874 martyris,

2298 894 2356 943 et
2395 886 2569 942 Antia:
2612 887 2969 974 matris.ejus.
3002 888 3102 946 Hic
3144 890 3488 947 Eleutherius
3530 893 3586 948 in
3629 892 3892 963 Aquileia

2299 977 2586 1050 episcopus
2611 978 2920 1045 ordinatur,
2943 979 3044 1036 sub
3066 978 3305 1037 Adriano
3330 983 3663 1053 imperatore
3685 997 3891 1054 passus

2299 1078 2404 1128 est.
2435 1071 2535 1127 llic
2563 1071 2800 1142 primum
2827 1070 3066 1128 Felicem
3089 1114 3104 1140 ,
3139 1081 3192 1128 et
3220 1071 3514 1130 Correvum
3544 1072 3892 1149 [Corebnm]

2299 1160 2524 1218 comites
2542 1162 2812 1218 convertit
2838 1161 2907 1217 ad
2936 1162 3094 1220 fidem
3119 1161 3342 1232 Christi,
3366 1179 3466 1235 pro
3485 1181 3592 1236 quo
3614 1165 3736 1237 ipse
3753 1165 3895 1221 Cor-

2299 1267 2462 1309 revus
2499 1250 2788 1326 [Corebus]
2826 1268 3016 1325 passus
3054 1264 3138 1311 est
3167 1270 3457 1325 percussus
3499 1255 3699 1327 gladio.
3746 1254 3895 1311 Nam

2299 1343 2645 1400 Eleutherius
2670 1344 2850 1415 primo
2869 1345 3001 1401 vicit
3022 1345 3219 1402 lectum
3251 1345 3507 1413 ferreum,
3536 1346 3736 1402 deinde
3764 1361 3892 1402 cra-

2299 1435 2520 1492 ticulam
2540 1441 2595 1491 et
2619 1435 2795 1506 ignem
2823 1437 3178 1507 suppositum,
3195 1445 3383 1506 postea
3404 1436 3735 1507 sartaginem
3759 1453 3894 1492 curn

2297 1529 2418 1598 pice
2439 1536 2494 1582 et
2521 1526 2677 1597 adipe
2720 1527 2980 1582 fervente.
3013 1527 3221 1584 Dehinc
3266 1527 3470 1582 bestias
3495 1527 3794 1599 mitigavit,
3821 1529 3894 1583 ad

2297 1627 2602 1674 extremum
2628 1632 2760 1673 vero
2783 1617 3077 1674 decollatus
3100 1625 3184 1674 est
3209 1632 3330 1674 cum
3354 1617 3515 1674 Antia
3535 1627 3712 1675 matre
3742 1619 3892 1690 ejus,

2300 1717 2357 1765 et
2379 1708 2459 1764 sic
2486 1706 2810 1780 martyrium
2836 1709 3030 1764 finivit.

615 1799 740 1855 dem
775 1800 861 1855 die
899 1799 954 1854 in
991 1798 1165 1856 Nitria
1206 1799 1496 1856 Frontonis
1535 1799 1819 1866 monachi,
1859 1798 1949 1869 qui
1979 1807 2192 1869 septua-
2217 1791 2267 1852 Β
2367 1800 2485 1856 Xlll
2509 1801 2644 1857 KAL.
2676 1800 2733 1856 In
2761 1799 2943 1857 Africa
2981 1799 3263 1857 Calasrani
3303 1801 3533 1867 abbatis,
3561 1808 3618 1856 et
3651 1799 3894 1858 Hermo-

616 1891 767 1963 ginta
793 1891 1089 1947 monachos
1114 1892 1168 1946 in
1189 1905 1430 1947 eremum
1451 1906 1633 1948 secum
1659 1891 1899 1956 adduxit,
1927 1898 1987 1945 ut
2008 1903 2199 1961 seque-

616 1983 775 2038 strati
803 1983 872 2039 ab
899 1983 1209 2039 hominibus
1233 1983 1427 2040 divina:
1447 1983 1882 2054 contemplationi
1905 1991 2194 2039 vacarent:

617 2075 715 2131 sed
752 2090 874 2132 cum
915 2083 1058 2132 esset
1083 2075 1192 2142 ibi,
1221 2075 1432 2134 diabolo
1476 2076 1785 2149 instigante,
1817 2077 1918 2148 ipsi
1947 2077 2196 2134 monachi

617 2177 809 2223 contra
848 2166 1097 2224 abbatem
1143 2182 1300 2224 suum
1345 2177 1856 2235 murmuraverunt,
1905 2168 2047 2239 quod
2090 2183 2199 2224 non

615 2265 841 2326 possent
867 2273 980 2329 pra:
1003 2257 1147 2315 fame
1172 2258 1225 2314 in
1247 2273 1432 2316 eremo
1458 2260 1708 2317 habitare
1732 2277 1748 2327 ;
1788 2260 1882 2317 sed
1910 2260 2198 2317 consolans

615 2359 713 2404 eos
745 2347 914 2405 abbas
963 2364 1114 2416 suus,
1166 2365 1196 2406 a
1226 2350 1455 2406 Domino
1482 2351 1614 2422 ipsis
1643 2351 1893 2422 promisit
1921 2351 2194 2417 solatium,

617 2440 764 2509 quod
788 2448 845 2496 et
878 2440 952 2496 ita
998 2443 1194 2498 evenit.
1222 2441 1358 2498 Nam
1388 2443 1648 2501 Dominus
1682 2458 1781 2516 per
1806 2444 2068 2500 visionem
2095 2459 2196 2499 an-

618 2531 843 2602 gelicam
874 2535 1160 2604 quemdam
1196 2535 1419 2591 divitem
1465 2537 1756 2607 corripuit,
1803 2537 1944 2606 quod
1985 2536 2099 2607 ipse
2141 2536 2197 2592 in

619 2621 828 2679 deliciis
846 2624 1055 2690 vivens,
1082 2626 1254 2680 servis
1275 2627 1388 2681 suis
1416 2626 1471 2680 in
1501 2639 1684 2682 eremo
1708 2626 2080 2683 habitantibus
2100 2627 2199 2683 ali-

616 2721 862 2769 mentum
898 2729 1003 2770 non
1036 2715 1334 2785 praeberet:
1367 2717 1458 2788 qui
1497 2731 1619 2773 cum
1647 2731 1754 2774 non
1795 2717 1963 2774 sciret
1998 2718 2090 2774 ubi
2117 2718 2195 2776 illi

617 2807 944 2874 habitarent,
968 2809 1191 2866 consilio
1209 2819 1429 2882 accepto
1451 2811 1790 2883 septuaginta
1812 2810 2045 2868 camelos
2066 2827 2196 2869 one-

617 2901 776 2957 rabat
816 2900 1118 2968 alimentis,
1163 2910 1218 2958 et
1245 2902 1452 2958 dimisit
1492 2903 1613 2959 illos
1641 2918 1748 2975 quo
1797 2903 2060 2959 Dominus
2101 2917 2195 2960 eos

616 2992 781 3049 vellet
805 2993 1120 3066 perducere.
1149 2994 1221 3050 At
1261 2994 1336 3051 illi
1363 3010 1394 3050 a
1424 2995 1642 3052 domino
1671 3011 1770 3052 suo
1798 2996 2038 3063 dimissi,
2072 3012 2196 3068 per-

616 3085 815 3156 gebant
839 3084 894 3140 in
934 3085 1278 3142 solitudinem
1317 3087 1407 3142 ubi
1439 3087 1578 3143 servi
1619 3088 1714 3143 Dei
1762 3088 2110 3155 habitabant,
2139 3096 2197 3144 et

615 3176 695 3231 eis
723 3175 978 3232 alimenta
1004 3177 1134 3233 satis
1161 3177 1467 3248 portabant.
1495 3176 1601 3233 Sed
1624 3185 1842 3234 sanctus
1867 3177 2072 3234 Fronto
2091 3179 2194 3236 hoc

609 3265 825 3335 videns,
853 3281 1048 3324 cavens
1081 3268 1385 3333 avaritiam,
1412 3269 1583 3326 noluit
1602 3269 1782 3325 omnia
1808 3270 2076 3342 accipere,
2098 3273 2194 3327 sed

615 3356 959 3414 medietatem
1003 3358 1162 3413 tulit:
1205 3358 1431 3416 alteram
1473 3374 1604 3416 vero
1649 3361 1994 3416 medietatem
2032 3377 2194 3433 super

613 3445 852 3502 camelos
878 3447 1108 3518 positam
1135 3449 1344 3504 remisit
1369 3448 1436 3504 ad
1462 3449 1740 3504 dominum
1760 3465 1939 3516 suum,
1961 3451 2052 3520 qui
2075 3452 2194 3508 sani

616 3536 685 3592 ad
719 3538 994 3608 proprium
1034 3537 1311 3594 dominum
1351 3541 1555 3596 reversi
1599 3549 1744 3596 sunt.
1777 3540 1857 3596 Ex
1900 3541 1995 3598 illo
2031 3541 2195 3613 igitur

614 3640 759 3681 anno
785 3641 954 3697 usque
984 3627 1052 3683 ad
1079 3626 1244 3683 vitam
1275 3627 1567 3685 Frontonis
1595 3629 1743 3686 misit
1773 3630 1924 3686 dives
1959 3631 2072 3702 ipse
2097 3645 2194 3688 no-

612 3725 728 3773 tato
755 3725 1012 3788 tempore,
1047 3734 1153 3789 quo
1181 3735 1324 3776 anno
1375 3719 1562 3793 [Forte
1587 3721 1736 3795 ante]
1767 3723 2011 3789 miserat,
2039 3738 2192 3780 escas

613 3810 952 3865 necessarias
994 3809 1252 3867 fratribus
1294 3811 1601 3884 dirigebat:
1653 3812 1774 3869 aliis
1816 3813 1896 3868 sic
1939 3814 2193 3872 divitibus

614 3899 877 3957 Dominus
901 3902 1222 3974 imperabat,
1252 3911 1308 3960 et
1326 3919 1393 3960 ex
1414 3904 1666 3961 omnibus
1691 3905 1920 3978 dapibus
1951 3907 2156 3980 irrigati
2173 3948 2191 3975 ,

611 3992 748 4049 nihil
771 3993 868 4050 Dei
887 3995 1030 4050 servi
1052 4011 1173 4052 cum
1195 4005 1383 4052 sancto
1401 3995 1678 4053 Frontone
1701 3998 1880 4054 minus
1899 3997 2189 4066 habebant,

2299 1893 2472 1966 genis,
2503 1901 2559 1948 et
2591 1891 2841 1965 Expediti
2861 1932 2877 1960 ,
2919 1901 2975 1949 et
3007 1893 3062 1947 in
3100 1891 3406 1964 Hispaniis,
3439 1892 3495 1948 in
3531 1891 3896 1950 Calcoliveris

2299 1985 2735 2059 [Caucoliberis],
2771 1984 3066 2042 Vincentii.

2367 2074 2460 2130 ΧΠ
2489 2074 2624 2131 Kac.
2656 2075 2842 2131 Romae
2864 2074 3075 2131 Aniceti
3102 2089 3254 2147 papa:
3275 2085 3331 2134 et
3350 2077 3628 2149 martyris,
3642 2078 3738 2149 qui
3763 2091 3896 2134 con-

2297 2167 2474 2224 stituit
2501 2167 2557 2222 in
2589 2167 2834 2224 Ecclesia
2866 2175 2928 2223 ut
2957 2167 3135 2224 clerus
3159 2183 3372 2225 comam
3404 2185 3510 2226 non
3539 2169 3808 2238 nutriret,
3837 2179 3895 2227 et

2297 2257 2540 2329 sepultus
2561 2266 2644 2315 est
2669 2257 2724 2314 in
2746 2258 3061 2314 coemeterio
3083 2257 3314 2314 Callisti.

2367 2347 2438 2404 Xl
2462 2347 2596 2404 Kac.
2621 2347 2682 2404 In
2707 2347 2834 2404 Asia
2856 2346 3124 2404 Nativitas
3151 2347 3428 2406 Maximini
3458 2348 3750 2421 martyris,
3796 2352 3893 2420 qui

2296 2447 2543 2510 tempore
2570 2437 2719 2495 Decii
2746 2438 3092 2510 imperatoris
3108 2438 3325 2494 oblatus
3339 2447 3424 2495 est
3444 2439 3766 2510 proconsuli
3789 2454 3894 2494 no-

2296 2531 2445 2588 mine
2468 2529 2707 2602 Optimo,
2731 2531 2970 2601 quicum
2994 2530 3062 2586 ab
3085 2544 3152 2585 eo
3181 2531 3463 2586 tormentis
3489 2539 3798 2602 cogeretur
3821 2531 3894 2585 ad

2297 2622 2710 2680 sacrificandum
2733 2621 2910 2690 idolis,
2939 2631 2996 2680 et
3016 2621 3202 2690 nollet,
3223 2622 3318 2678 diu
3344 2622 3399 2678 in
3421 2621 3653 2696 equuleo
3687 2629 3890 2687 tortus,

2298 2714 2367 2770 ad
2397 2723 2700 2770 extremum
2718 2711 2988 2785 lapidibus
3012 2727 3304 2786 oppressus
3326 2722 3430 2769 est.

2367 2804 2417 2860 Χ
2442 2803 2578 2861 Κλι.
2608 2803 2795 2860 Romae
2824 2805 3087 2876 depositio
3107 2805 3280 2862 sancti
3303 2803 3422 2861 Gaii
3445 2819 3618 2878 papa,
3641 2807 3736 2878 qui
3757 2822 3890 2862 cum

2297 2897 2592 2956 Ecclesiam
2637 2897 2889 2954 undecim
2931 2913 3136 2965 annos,
3180 2911 3397 2954 menses
3442 2905 3714 2968 quatuor,
3769 2899 3894 2954 dies

2297 2988 2580 3046 duodecim
2609 2988 2861 3056 rexisset,
2890 2990 3150 3062 martyrio
3188 2997 3484 3047 coronatur
3525 2991 3626 3046 sub
3667 2990 3890 3046 Diocle-

2297 3083 2445 3139 tiano
2463 3081 2706 3155 principe
2731 3096 2854 3138 cum
2882 3082 3110 3138 Gabinio
3145 3080 3401 3156 {Gabino}
3448 3080 3637 3136 fratre.
3671 3081 3885 3143 Eodem

2296 3174 2384 3231 die
2421 3175 2477 3230 in
2517 3173 2765 3230 Corduba
2792 3173 3012 3230 civitate
3039 3173 3294 3230 nativitas
3317 3171 3612 3240 Parmenii,
3642 3173 3893 3244 llelymze

2296 3263 2635 3342 [Helimenae]
2657 3275 2712 3322 et
2738 3265 3078 3338 Chrysotheli
3108 3266 3572 3339 presbyterorum,
3609 3273 3664 3320 et
3690 3265 3891 3333 Luca,

2294 3367 2350 3414 et
2376 3358 2534 3414 Mucii
2565 3358 2912 3414 diaconorum
2944 3359 3011 3414 de
3036 3357 3355 3429 Babylonia,
3387 3371 3608 3428 quorum
3631 3357 3886 3426 primus,

2294 3449 2520 3522 praecisa
2551 3449 2713 3505 etiam
2740 3449 2943 3522 lingua,
2976 3447 3325 3521 loquebatur:
3349 3463 3538 3504 omnes
3563 3448 3619 3504 in
3645 3449 3890 3519 equuleo

2293 3541 2562 3611 suspensi,
2591 3549 2645 3596 et
2677 3542 2904 3598 nexibus
2927 3541 3091 3596 artati
3121 3549 3276 3608 sunt;
3317 3539 3512 3596 deinde
3552 3538 3770 3596 laminis
3795 3555 3892 3594 ar.

2293 3633 2546 3689 dentibus
2573 3633 2777 3688 circum
2803 3633 2972 3688 latera
3001 3632 3282 3704 appositis,
3309 3630 3528 3687 ustulati
3545 3672 3562 3698 ,
3589 3639 3646 3686 et
3667 3631 3887 3701 ungulis

2291 3724 2536 3791 lacerati,
2561 3726 2628 3781 ad
2657 3725 2904 3780 ultimum
2942 3725 3118 3797 gladio
3151 3723 3401 3780 trucidati
3430 3732 3579 3790 sunt,
3611 3732 3882 3795 prasente

2291 3825 2641 3888 persecutore
2670 3817 2853 3872 Decio.
2879 3815 2936 3871 In
2967 3815 3223 3886 passione
3249 3813 3553 3871 Laurentii.

2360 3909 2432 3964 1x
2458 3909 2591 3965 Kac.
2623 3907 2770 3964 Man.
2811 3908 3076 3964 Nativitas
3094 3908 3264 3963 sancti
3292 3918 3318 3948 ι
3339 3906 3555 3976 Georgii
3585 3906 3879 3978 martyris,

2289 4001 2382 4072 qui
2409 4002 2508 4057 sub
2539 3999 2794 4066 Daciano,
2841 4013 2969 4068 rege
3008 3996 3300 4054 Persarum
3342 3996 3755 4069 potentissimo,
3783 3997 3879 4066 qui

611 4080 909 4153 vigilabant
937 4083 991 4139 bi
1020 4085 1273 4156 operibus
1299 4084 1416 4152 Dei,
1449 4085 1543 4142 filii
1571 4101 1694 4142 cum
1719 4095 1911 4159 patre;
1941 4087 2191 4157 spiritua-

2292 4095 2670 4152 dominabatur
2695 4107 2857 4164 super
2886 4091 3227 4163 septuaginta
3270 4105 3454 4162 reges,
3499 4089 3683 4145 multis
3713 4090 3880 4144 mira—

604 4172 757 4231 libus
793 4189 889 4232 eos
933 4175 1228 4234 admovens
1273 4177 1532 4249 dapibus,
1581 4179 1909 4250 adimplebat
1945 4167 2192 4250 quotidie
2289 4186 2425 4242 culis
2457 4185 2651 4241 claruit
2673 4184 3040 4254 plurimosque
3066 4181 3335 4238 convertit
3364 4181 3432 4236 ad
3457 4179 3617 4234 fidem
3646 4179 3875 4244 Christi,

609 4281 861 4324 sermone
884 4268 1110 4330 ccelesti.
1137 4268 1414 4324 exsultans
1437 4269 1722 4325 lzetabatur
1748 4269 1800 4325 in
1826 4270 2075 4337 Domino,
2098 4270 2190 4341 qui

2292 4277 2450 4333 simul
2478 4286 2532 4332 et
2553 4275 2936 4341 Alexandram,
2966 4289 3190 4329 uxorem
3225 4273 3394 4344 ipsius
3418 4271 3672 4334 Daciani,
3703 4285 3877 4340 usque

612 4357 716 4412 sibi
760 4359 924 4414 talem
955 4359 1173 4415 dederat
1212 4360 1576 4430 intellectum,
1619 4370 1680 4418 ut
1718 4361 1851 4418 avia:
1883 4361 2191 4434 solitudinis
2291 4371 2358 4426 ad
2382 4371 2700 4442 martyrium
2737 4366 3102 4424 confortavit:
3141 4366 3255 4436 ipse
3293 4379 3424 4419 vero
3460 4362 3752 4418 novissime
3780 4363 3875 4415 de-

612 4446 1111 4552 Ῐοεέἰξὶιξίξξίνῑεξϐίο
2211 4492 2266 4552 D
2291 4461 2536 4526 collatus,
2564 4461 2881 4531 martyrium
2913 4456 3163 4529 explevit;
3197 4453 3350 4524 cujus
3383 4455 3556 4510 Vitam
3578 4461 3632 4508 et
3658 4453 3874 4522 passio-

684 4534 825 4592 XVII
845 4537 979 4593 ΚΑι.
1017 4537 1075 4592 In
1119 4539 1335 4594 civitate
1361 4540 1608 4596 Corduba
1636 4541 1815 4598 natale
1859 4541 2190 4614 Olympiadis
2213 4534 2264 4552 υ
2291 4567 2414 4608 nem
2438 4552 2694 4622 scriptam
2730 4549 2852 4621 legi.

604 4639 668 4709 et
695 4627 912 4685 Maximi
939 4631 1216 4698 nobilium,
1235 4633 1348 4703 qui,
1365 4631 1590 4701 iubente
1611 4633 1795 4700 Decio,
1811 4633 2042 4690 fustibus
2065 4636 2188 4691 caesi
2360 4642 2474 4698 VIII
2509 4642 2642 4697 ΚΑΙ..
2671 4641 2943 4712 Depositio
2977 4638 3160 4694 Melliti
3191 4635 3424 4708 episcopi
3473 4636 3526 4690 in
3553 4634 3859 4690 Britannia.

610 4731 668 4776 et
695 4722 886 4779 deinde
911 4721 1222 4794 plumbatis,
1253 4724 1322 4779 ad
1353 4723 1540 4780 ultima
1567 4725 1741 4797 capita
1763 4741 1951 4782 eorum
1980 4727 2186 4782 securi-
2288 4733 2402 4789 llac
2427 4733 2514 4788 die
2536 4731 2794 4796 Ananias,
2832 4731 3076 4797 Azarias,
3125 4727 3349 4784 Misabel
3395 4728 3462 4782 de
3486 4725 3700 4782 camino
3729 4725 3867 4797 ignis

609 4812 712 4868 bus
737 4823 918 4880 tunsa,
948 4814 1120 4870 donec
1143 4815 1456 4872 emitterent
1480 4815 1748 4886 spiritum.
2287 4823 2526 4879 ardentis
2549 4831 2674 4878 sunt
2701 4822 2936 4878 liberati.

678 4903 799 4962 XVI
825 4905 957 4962 Kac.
989 4905 1046 4962 in
1074 4905 1581 4973 Achaia,Corintbo
1601 4907 1840 4974 civitate,
1873 4915 2183 4964 sanctorum
2311 4912 2446 4990 ,ΥΠ
2483 4911 2616 4966 ΚΑι.
2657 4910 2924 4967 Nativitas
2971 4912 3145 4966 sancti
3200 4909 3366 4966 Marci
3415 4908 3764 4981 evangelista:
3811 4909 3865 4963 in

2282 5032 2502 5104 gmenta_
2527 5031 2775 5104 supcrat-3
2797 5031 2866 5104 et_
2889 5037 3076 5104 revera
3097 5031 3326 5104 exeunte
3353 5021 3650 5104 Februario
3670 5035 3863 5090 passus

2281 5092 2366 5149 est
2411 5094 2502 5162 qui
2552 5092 2868 5162 Diocletiani
2913 5093 3146 5147 edictum
3181 5092 3546 5162 idilaeeravit;
3587 5106 3694 5145 non
3724 5105 3863 5162 ergo

2282 5163 2336 5218 in
2365 5159 2566 5232 mensis
2605 5161 2806 5232 Aprilis
2835 5163 2976 5217 diem
3011 5163 3082 5232 25
3112 5161 3195 5215 vel
3222 5161 3294 5232 25
3323 5161 3470 5228 rejici
3509 5159 3861 5232 potes_t_illius

2281 5234 2480 5315 passio.
2508 5229 2670 5286 Plura
2699 5233 2882 5313 itidem
2913 5233 2981 5286 de
3003 5231 3235 5312 Georgio
3255 5230 3667 5354 legunturapud
3692 5229 3862 5309 Baro:

2282 5317 2430 5354 mum
2458 5303 2524 5354 ad
2557 5301 2629 5354 25
2650 5302 2848 5354 Anrilis
2874 5319 2888 5354 :
2931 5301 3024 5354 sed
3050 5318 3096 5354 s1
3119 5316 3183 5354 ea
3211 5316 3310 5354 con
3337 5316 3460 5354 eras
3487 5315 3613 5354 cum
3639 5296 3859 5354 Georgii

2282 5296 2430 5377 nium
2458 5303 2524 5377 ad
2554 5301 2629 5377 25
2650 5301 3024 5377 ᾼρτίιίβ-ςηεθά
3050 5302 3096 5356 si
3119 5296 3183 5377 ea
3211 5296 3460 5377 conferas
3487 5296 3613 5377 cuin

2279 5372 2566 5426 Alexandri
2592 5369 2826 5442 episcopi
2848 5369 2997 5442 iVita,
3027 5385 3095 5424 ex
3134 5369 3455 5442 Arianorum
3493 5369 3712 5442 scriptis
3737 5382 3860 5422 esse

2281 5443 2559 5522 desumpta
2593 5436 2750 5495 facile
2772 5436 3189 5522 animhadvertas.
3211 5439 3478 5522 .R_abanus
3508 5445 3562 5492 et
3592 5436 3862 5522 Notkerus

2279 5511 2346 5565 de
2375 5508 2602 5565 Datiano
2621 5552 2634 5575 ,
2663 5525 2768 5565 non
2802 5512 2870 5565 de
2897 5510 3228 5564 Diocletiano
3256 5508 3549 5577 loquuntur
3573 5525 3587 5560 :
3631 5516 3864 5573 uterque

2277 5580 2410 5632 Acta
2456 5581 2723 5650 passionis
2766 5579 2989 5650 legerat.
3036 5577 3234 5645 Adjicit
3284 5577 3550 5650 Notkerus
3603 5591 3666 5631 ea
3718 5577 3864 5650 inter

2279 5644 2611 5719 apocryphas
2645 5651 2726 5704 sui
2758 5644 3013 5719 temporis
3046 5644 3318 5703 numerari
3349 5648 3679 5719 scripturas,
3710 5644 3859 5716 quod

2280 5718 2533 5802 liabanus
2558 5720 2758 5776 omisit.
2785 5718 2941 5775 Basx.

678 5036 705 5064 ι
735 5020 921 5096 Varia
942 5031 1066 5078 sunt
1096 5038 1215 5095 qua:
1259 5024 1565 5096 referuntur
1589 5027 1656 5096 de
1679 5033 1881 5096 sancto
1911 5025 2142 5096 Georgio
2161 5065 2178 5090 ,

606 5107 780 5162 eaque
807 5093 878 5165 ita
909 5093 1139 5159 incerta,
1166 5104 1241 5165 ut
1252 5095 1344 5165 vix
1383 5095 1537 5165 ﬁdem
1565 5095 1824 5150 adhibere
1848 5096 2042 5165 possis.
2060 5093 2181 5165 'Au-f

607 5161 782 5245 turbat
810 5161 1178 5245 Henschenius
1196 5163 1358 5245 illum
1376 5163 1682 5245 plebeium,
1729 5165 1822 5245 qui
1848 5161 2179 5245 Diocletiani

607 5230 840 5302 edictum
866 5234 933 5288 de
961 5233 1335 5302 persecutione
1359 5230 1672 5288 dilaceravit
1689 5274 1704 5298 ,
1743 5230 1910 5291 fuisse
1933 5244 2179 5288 sanctum

607 5298 919 5373 georgium,
948 5298 1039 5373 qui
1065 5308 1206 5358 a‘nno
1230 5302 1363 5373 503,
1405 5317 1604 5373 mense,
1633 5303 1831 5373 Aprili,
1863 5304 2178 5373 martyrium

605 5365 930 5442 Nicomediae
959 5365 1150 5442 passus
1176 5381 1275 5428 est.
1307 5365 1383 5426 lbi
1413 5373 1567 5441 plura
1594 5365 1760 5427 habes
1782 5365 1847 5426 de
1872 5365 2176 5427 Alexandra

606 5439 676 5492 ab
720 5438 837 5509 ipso
866 5438 1194 5498 Diocletiano
1233 5438 1524 5505 damnata;
1564 5445 1630 5497 de
1659 5456 1762 5509 qua
1795 5443 1883 5496 hic
1927 5442 2179 5497 Rabanus

602 5523 714 5581 non
736 5508 928 5581 solum
948 5552 961 5575 ,
993 5514 1086 5567 sed
1115 5521 1168 5568 et
1198 5511 1446 5568 Baluzius
1491 5508 1749 5581 loquitur.
1786 5513 1919 5566 Acta
1966 5511 2053 5565 illa
2100 5519 2178 5566 tot

602 5578 802 5664 fabulis
846 5595 909 5634 ac
931 5583 1348 5664 narra-tionibus
1380 5578 1708 5664 porten'tosis
1737 5583 1890 5664 plena
1923 5589 2078 5645 sunt,
2120 5589 2176 5664 ut

605 5651 764 5772 plane
793 5659 1018 5711 constet,
1053 5652 1183 5704 nihil
1222 5649 1616 5723 boni.’sanique
1645 5667 1710 5707 ex
1737 5649 1846 5706 illis
1880 5666 2038 5721 posse
2066 5649 2176 5704 col-

627 5721 716 5772 ici.
775 5721 886 5772 Una
933 5719 1251 5772 Alexandra:
1295 5722 1516 5772 historia
1564 5723 1740 5772 omnia
1785 5731 2064 5772 metarum
2115 5719 2172 5772 ii-

627 5721 716 5791 igi.
775 5721 886 5778 Una
933 5719 1251 5777 Alexandra:
1295 5719 1740 5779 liistoria'omnia
1785 5719 2064 5799 poetarum
2115 5719 2172 5773 ti-
