4112 6364
320 321 450 378 ΜΗ

1615 315 2234 374 MARTYBOLOGIUM.

3411 313 3550 371 1N2

319 433 660 499 Alexandria,
685 431 798 504 qui,
829 430 1133 488 constitutis
1159 439 1214 486 et
1236 428 1584 486 conformatis
1621 429 1878 484 Ecclesiis
1908 436 1954 493 Α
1983 440 2105 500 post
2164 431 2328 486 nimia
2381 439 2647 487 tormenta
2695 433 3058 498 decollandus,
3088 445 3211 488 cum
3247 430 3456 488 veniret
3482 431 3551 487 ad

319 543 418 600 per
457 525 704 599 Libyam,
750 525 1109 589 Armaricam,
1150 521 1575 586 Ammoniacam,
1618 521 1882 590 Pentapo-

319 618 418 683 lin,
445 616 822 673 Alexandriam
852 622 1013 684 atque
1040 612 1330 683 Egyptum
1361 612 1688 673 universam,
1719 609 1785 664 ad
1808 609 1884 662 ul-

319 707 510 762 tinuum
538 715 716 762 tentus
741 714 822 761 cst
847 719 875 758 a
899 702 1123 773 paganis
1141 701 1236 771 qui
1262 710 1632 756 remanserant
1654 700 1883 754 Alexan-

318 798 471 864 drire,
495 797 587 868 qui
609 797 849 851 videntes
875 809 999 850 eum
1028 793 1114 849 die
1143 800 1329 847 sancto
1357 791 1600 856 Pascha},
1622 805 1720 845 vui
1763 788 1880 844 Kal.

320 886 465 953 Maii,
525 886 714 941 missas
760 883 1065 945 facientem,
1097 883 1363 936 miserunt
1406 879 1588 935 funem
1635 881 1692 935 in
1737 878 1882 935 collo

320 979 462 1049 ejus,
488 988 544 1033 et
587 976 872 1032 trahebant
911 989 1037 1031 eum
1091 973 1162 1029 ad
1201 973 1318 1029 loca
1347 971 1548 1036 bucuti,
1580 985 1699 1040 qua:
1732 978 1886 1026 erant

315 1069 470 1140 juxta
511 1082 662 1123 mare
715 1068 816 1122 sub
863 1065 1102 1135 rupibus,
1133 1064 1225 1120 ubi
1247 1071 1368 1119 erat
1385 1062 1616 1118 ecclesia
1641 1069 1886 1117 constru-

319 1167 433 1225 cta,
465 1166 524 1215 et
561 1156 865 1216 deﬂuebant
893 1171 1090 1213 carnes
1132 1155 1252 1225 ejus
1291 1154 1346 1208 in
1379 1163 1615 1218 terram,
1651 1166 1715 1208 ac
1753 1165 1884 1206 saxa

322 1250 697 1306 inliciebantur
724 1248 982 1316 sanguine
1017 1261 1283 1316 uespere
1309 1254 1485 1300 autem
1529 1245 1691 1309 facto,
1727 1243 1887 1299 misc«

322 1349 591 1395 runteum
619 1340 674 1394 in
712 1353 1010 1402 carcerem,
1061 1336 1154 1392 ubi
1201 1336 1347 1391 circa
1393 1334 1625 1390 mediam
1675 1341 1895 1388 noctem.

319 1433 497 1502 primo
538 1431 778 1502 angelica
827 1429 1132 1485 visitatione
1184 1426 1520 1484 confortatus
1547 1434 1661 1490 est,
1696 1423 1887 1480 deinde

322 1524 441 1592 ipso
468 1523 693 1578 Domino
715 1523 815 1578 sibi
864 1531 1154 1592 apparente
1173 1521 1242 1576 ad
1281 1520 1520 1576 coelestia
1546 1533 1708 1588 regna
1733 1533 1887 1573 voca-

321 1621 433 1679 tus,
474 1627 541 1668 ac
568 1627 724 1668 mane
746 1627 869 1668 cum
907 1612 1216 1667 traheretur
1254 1611 1324 1665 ad
1367 1609 1482 1664 loca
1513 1609 1714 1674 bueuli,
1759 1622 1886 1679 gra-

321 1701 428 1756 tias
452 1715 636 1771 agens,
680 1710 737 1758 et
757 1701 938 1756 dicens
964 1719 992 1753 :.
1015 1699 1256 1766 Domine,
1279 1698 1336 1752 in
1372 1714 1555 1752 manus
1597 1707 1714 1751 tuas
1741 1713 1882 1751 com-

1983 519 2244 584 Palmam,
2268 521 2501 590 expavit,
2547 529 2602 575 et
2647 520 2771 576 dum
2799 521 2957 576 vellet
2995 521 3134 575 malo
3161 521 3412 586 evadere,
3453 535 3551 576 ex-

1983 611 2234 668 clamavit
2270 627 2402 668 voce
2443 628 2634 684 magna
2664 612 2857 668 Vitatis
2899 613 3082 668 dicens
3103 634 3130 667 .;
3160 632 3180 665 ι
3210 611 3349 678 Noli,
3409 610 3549 677 Noli,

1985 707 2233 764 Ursicino
2277 706 2506 770 medice,
2536 705 2629 776 qui
2656 706 2795 762 alios
2837 721 3032 760 curare
3080 704 3428 768 consuevisti,
3477 712 3553 759 te-

1985 797 2158 868 ipsum
2183 805 2398 851 aeterna:
2439 796 2628 850 mortis
2652 793 2832 862 jaculo
2882 795 3164 850 vulnerare
3197 793 3322 849 vis?
3359 800 3414 846 et
3459 793 3552 862 qui

1983 902 2080 958 per
2119 885 2400 956 passiones
2442 885 2638 939 nimias
2676 884 2867 938 venisti
2902 884 2969 938 ad
2999 898 3254 954 pugnam,
3293 895 3550 936 coronam

1983 979 2212 1050 perdere
2250 979 2330 1032 vis
2354 993 2386 1032 a
2415 977 2643 1032 Domino
2685 977 2782 1031 tibi
2821 975 3216 1046 praeparatam?
3270 994 3288 1026 ι
3317 973 3553 1028 Audiens

1984 1068 2101 1124 hinc
2144 1066 2423 1123 Ursicinus
2465 1081 2601 1137 genu
2635 1067 2832 1134 posuit,
2859 1073 2914 1121 et
2959 1066 3338 1134 spiculatorem
3377 1076 3440 1122 ut
3481 1064 3556 1120 fc-

1985 1159 2117 1215 n'ret
2169 1159 2503 1223 hortabatur,
2562 1172 2726 1228 agens
2771 1156 3142 1226 paenitentiam
3189 1157 3332 1226 quod
3381 1171 3548 1226 expa-

1983 1248 2170 1311 visset,
2200 1247 2400 1302 Christi
2427 1257 2723 1318 martyrem
2761 1261 2818 1301 se
2847 1244 2994 1300 fecit.
3028 1245 3226 1318 Eodem
3249 1247 3336 1302 die
3360 1244 3555 1301 natalis

1985 1336 2158 1391 sancti
2193 1333 2566 1404 Christophori
2595 1335 2889 1406 martyris..
3045 1323 3048 1326 ’

2055 1427 2120 1482 ιιι
2157 1427 2292 1482 Kac.
2361 1427 2549 1491 Romae
2599 1427 2778 1498 passio
2819 1427 2847 1466 ι)
2894 1425 3033 1481 Cleti
3087 1440 3260 1496 papm,
3299 1425 3415 1497 qui'
3440 1433 3581 1480 ter‘-<

1987 1517 2094 1573 tius
2127 1525 2246 1588 post
2265 1517 2482 1574 Petrum
2504 1518 2756 1573 Romamn
2779 1517 2927 1572 urbis
2973 1517 3338 1587 episcopatum
3385 1531 3580 1571 annos-

1985 1608 2268 1664 duodecim
2293 1609 2494 1669 habuit,
2529 1616 2582 1663 et
2611 1609 2804 1662 ibidem
2843 1609 3105 1679 martyrio
3134 1614 3423 1662 coronatus
3472 1613 3557 1662 est

1989 1702 2088 1756 sub
2113 1700 2417 1756 Domitiano
2455 1701 2797 1770 imperatore.

319 1791 509 1846 mendo
537 1792 778 1861 spiritum
805 1807 995 1856 meum,
1031 1790 1315 1846 defunctus
1349 1797 1456 1854 est,
1511 1799 1622 1844 (ἒιό
1654 1788 1786 1843 viris
1808 1799 1889 1840 ΓΒ·
1921 1778 1964 1838 Β
2062 1792 2104 1847 u
2134 1791 2264 1847 Κλι,
2288 1793 2344 1847 In
2373 1792 2696 1848 Alexandria
2725 1793 2921 1849 natalis
2947 1793 3198 1848 Afmdisii
3233 1792 3556 1863 presbyteri,
3585 1840 3587 1843 ,

321 1880 529 1952 ligiosis
553 1881 813 1952 sepultus,
832 1881 886 1937 in
913 1881 1032 1936 loco
1075 1879 1270 1950 lapidis
1298 1880 1488 1944 excisi,
1519 1894 1642 1934 cum
1694 1878 1884 1950 gloria.

317 1969 679 2028 Ordinaverat
716 1979 896 2028 autem
948 1987 1048 2043 pro
1085 1987 1143 2028 se
1189 1969 1530 2026 Alexandria:
1580 1969 1887 2039 episcopum

320 2065 652 2132 Annianum,
682 2065 804 2121 aliis
833 2080 1047 2136 quoque
1071 2064 1229 2136 longe
1255 2065 1467 2134 lateque
1494 2064 1749 2120 Ecclesiis
1776 2063 1888 2134 epi-

321 2170 534 2224 scopos,
556 2156 902 2227 presbyteros
929 2163 986 2212 et
1031 2156 1286 2211 diaconos
1313 2153 1552 2210 dederat.
1581 2150 1780 2209 Eodem
1804 2153 1888 2209 die

320 2246 507 2301 Romae
547 2247 745 2303 lctania
787 2245 960 2315 major
1001 2247 1069 2303 ad
1110 2246 1369 2302 Sanctum
1404 2245 1643 2301 Petrum.
1703 2243 1892 2300 Natale

320 2338 496 2394 sancti
524 2337 740 2395 Maximi
763 2339 1037 2409 martyris,
1083 2338 1176 2408 qui
1217 2338 1551 2407 temporibus
1571 2336 1718 2392 Decii
1744 2352 1890 2392 eom-

319 2428 620 2496 prehensus
666 2428 840 2485 estin
881 2428 1028 2493 Asia,
1083 2436 1140 2484 et
1179 2427 1392 2484 oblatus
1433 2436 1519 2484 est
1557 2427 1887 2498 proconsuli,

317 2517 412 2586 qui
442 2517 606 2588 jussit
633 2532 757 2574 eum
775 2519 833 2575 in
862 2518 1091 2589 equuleo
1116 2519 1389 2588 suspendi,
1419 2527 1474 2574 et
1504 2519 1732 2574 diversis
1759 2533 1887 2590 sup-

321 2606 498 2676 pliciis
533 2608 794 2677 torqueri,
839 2608 885 2663 si
924 2623 1128 2678 magna:
1163 2609 1344 2663 Diana:
1376 2623 1484 2663 non
1536 2609 1890 2674 sacriﬁcaret,

316 2703 379 2751 et
401 2697 472 2753 ob
508 2698 610 2752 hoc
630 2697 756 2768 quia
796 2712 930 2753 eam
949 2713 1056 2752 non
1099 2697 1324 2764 coleret,
1355 2697 1519 2768 jussit
1539 2712 1662 2752 eum
1691 2702 1895 2769 capita-

319 2782 429 2844 lem
455 2787 637 2842 subire
666 2787 1006 2852 sententiam,
1032 2787 1136 2842 hoc
1157 2788 1322 2842 estin
1342 2803 1417 2841 vn
1443 2786 1560 2842 Kal.
1591 2786 1734 2842 Maii.

393 2875 461 2930 Vl
497 2874 628 2932 KAL.
688 2875 958 2947 Depositio
982 2877 1157 2932 sancti
1185 2890 1212 2920 α
1255 2875 1545 2933 Marcellini
1581 2891 1754 2948 papae.
1799 2879 1891 2948 qui

321 2981 449 3022 eum
495 2966 788 3022 Ecclesiam
837 2982 1028 3023 novem
1076 2981 1246 3023 annos
1291 2976 1346 3023 et
1390 2983 1604 3023 menses
1661 2975 1892 3038 quatuor

322 3057 575 3122 rexisset,
612 3065 669 3113 et
716 3058 1045 3128 temporibus
1091 3058 1410 3119 Diocletiani
1465 3065 1521 3114 et
1563 3056 1892 3124 Maximiani,

322 3149 393 3206 ab
412 3150 602 3207 eodem
629 3149 1082 3223 Diocletianopro
1114 3153 1220 3208 fide
1268 3152 1469 3210 Chrlsti
1498 3168 1623 3210 cum
1663 3152 1887 3211 Claudio
1915 3132 1958 3196 C

319 3256 380 3305 et
404 3248 622 3319 Cyrino,
657 3256 715 3304 et
741 3248 1034 3316 Antonino,
1059 3249 1236 3318 capite
1263 3257 1542 3304 truncatus
1561 3259 1666 3315 est,
1693 3257 1747 3304 et
1769 3259 1890 3320 post

319 3337 440 3393 dies
467 3337 683 3410 triginta
696 3338 932 3407 quinque
953 3337 1193 3408 sepultus
1205 3338 1292 3392 via
1322 3337 1530 3392 Salaria
1562 3337 1615 3393 in
1641 3337 1888 3394 cubiculo

321 3442 367 3483 a-
384 3427 632 3484 Marcello
657 3428 990 3500 presbytero,
1026 3436 1081 3484 et
1109 3428 1446 3494 diaconibus,
1491 3443 1613 3484 cum
1651 3427 1884 3500 hymnis,

323 3536 378 3577 Vt
407 3521 527 3576 Kal.
555 3521 699 3576 Maii.

393 3613 439 3667 γ
474 3611 608 3667 ΚΜ..
644 3611 907 3669 Nativitas
959 3612 1230 3668 Anastasii
1268 3627 1440 3684 papa,
1488 3613 1580 3684 qui
1609 3621 1731 3684 post
1761 3613 1889 3669 bea-

1987 1891 2043 1938 et
2065 1882 2292 1938 aliorum
2323 1883 2560 1952 triginta.
2597 1883 2663 1937 Et
2687 1883 2866 1938 Roma:
2895 1884 3158 1954 depositio
3189 1882 3398 1950 Quirini
3437 1881 3553 1943 cpis-

1991 1987 2160 2042 scopi.

2609 2098 2946 2178 MAIUS.

2061 2253 2193 2308 ΚΑι..
2233 2253 2381 2310 Mm.
2429 2253 2715 2312 Hieremiae
2753 2254 3132 2326 preplteue,.et
3181 2253 3237 2309 in
3291 2252 3568 2322 Hierapoli

1993 2353 2015 2382 ο
2050 2345 2278 2416 Philippi
2320 2345 2546 2415 apostoli
2593 2346 2684 2416 qui
2715 2345 3081 2402 Ebionitarum
3103 2343 3331 2400 haeresin
3353 2343 3557 2398 exstin-

1991 2437 2088 2499 xit,
2123 2446 2179 2492 et
2227 2437 2430 2507 quievit
2458 2437 2512 2491 in
2537 2451 2689 2507 pace.
2742 2436 2929 2492 Passio
2978 2435 3150 2492 sancti
3203 2432 3388 2490 Jacobi
3430 2448 3557 2503 apo-

1992 2525 2113 2581 stoli
2141 2526 2194 2580 in
2222 2525 2614 2597 Hierosolyma,
2658 2541 2817 2596 quem
2846 2525 3052 2582 Scriba:
3085 2534 3143 2582 et
3181 2523 3436 2580 Pliariszei
3465 2539 3562 2593 po-

1991 2626 2217 2673 suerunt
2246 2632 2408 2688 super
2428 2618 2648 2688 pinnam
2677 2617 2892 2688 templi;
2938 2617 3032 2672 sed
3077 2631 3196 2672 cum
3219 2616 3293 2670 ita
3322 2624 3562 2686 agerent,

1991 2718 2048 2764 et
2073 2709 2317 2765 viderent
2351 2725 2540 2764 omnes
2595 2710 2853 2781 gratulari
2909 2709 2962 2764 in
3008 2708 3386 2779 praedicatione
3418 2705 3555 2775 ejus,

1993 2802 2464 2872 priccipitavcrunt
2499 2818 2619 2858 eum
2668 2817 2733 2857 ex
2783 2803 2912 2866 alto,
2945 2812 2998 2857 et
3032 2817 3288 2858 corruens
3313 2799 3447 2856 nihil
3475 2800 3566 2855 la:-

1994 2909 2105 2957 sus,
2136 2894 2227 2948 sed
2272 2893 2443 2962 magis
2473 2893 2826 2964 prtedicabat;
2887 2903 3014 2948 tunc
3043 2894 3214 2948 iratus
3237 2893 3462 2964 quidam
3495 2909 3564 2948 ex

1994 2984 2280 3039 Pharisznis
2306 2984 2511 3054 pertica
2560 2983 2776 3040 fullonis
2815 2984 3008 3040 cecidit
3059 2984 3272 3039 fortiter
3301 2984 3354 3038 in
3402 2992 3565 3053 caput

1994 3075 2133 3144 ejus,
2159 3083 2213 3129 et
2234 3076 2428 3130 evertit
2455 3074 2758 3138 cerebrum,
2797 3081 2851 3128 et
2878 3074 2930 3128 in
2979 3071 3345 3143 Hierosolyma
3385 3071 3597 3142 passio,

1990 3167 2160 3221 sancti
2191 3164 2362 3230 Judze,
2416 3165 2530 3220 sive
2563 3163 2802 3231 Quiriaci
2832 3164 3094 3235 episcopi,
3148 3164 3236 3218 cui
3269 3163 3562 3218 revelatum

1988 3264 2070 3310 est
2091 3255 2292 3326 lignum
2337 3254 2629 3308 Dominicae
2666 3253 2866 3309 crucis.
2916 3253 3115 3310 Eodem
3141 3253 3226 3308 die
3249 3253 3302 3308 in
3329 3251 3564 3309 Acaurio

1986 3347 2167 3416 passio
2198 3346 2371 3402 sancti
2404 3344 2733 3417 Sigismuudi
2766 3345 2924 3416 regis.

2061 3437 2127 3494 Vl
2156 3437 2288 3493 Non.
2352 3436 2537 3492 Sancti
2587 3435 2763 3491 Patris
2806 3435 2977 3490 nostri
3009 3434 3282 3491 Athanasii
3324 3433 3561 3504 episc0pi

1988 3513 2355 3583 Alexandrini.

2067 3618 2105 3671 ν
2133 3617 2266 3674 Nos.
2301 3618 2356 3672 in
2392 3616 2757 3688 Hierosolyma
2795 3617 3034 3671 inventio
3057 3625 3257 3671 sanctae
3287 3616 3463 3672 crucis
3490 3618 3586 3672 ab.

324 3709 456 3758 tum
499 3701 718 3758 Petrum
788 3703 1230 3774 quadragesimus
1291 3704 1499 3774 primus
1560 3704 1718 3759 sedit.
1791 3703 1892 3759 llic
1991 3708 2190 3765 llelcua
2240 3709 2423 3782 regina
2473 3719 2593 3779 post
2635 3709 2937 3779 passionem
2968 3708 3199 3773 Domini,
3242 3723 3384 3762 anno
3433 3709 3558 3772 253,

324 3792 644 3850 Manichaeos
696 3793 752 3848 in
778 3794 910 3849 urbe
953 3794 1122 3850 Roma
1169 3793 1447 3850 inveniens
1497 3793 1794 3858 damnavit,
1835 3802 1887 3849 et

1992 3809 2249 3872 regnante
2270 3801 2623 3857 Constantino
2645 3801 2988 3870 imperatore,
3004 3799 3113 3855 filio
3133 3801 3300 3869 ipsius
3321 3799 3576 3856 Helenum.

321 3883 818 3946 constitutumfecit
837 3885 1082 3939 utnullus
1102 3885 1493 3940 transmarinus
1514 3884 1890 3940 inclericatum
1992 3889 2196 3955 Romae,
2235 3889 2526 3946 Alexandri
2575 3905 2745 3960 papae,
2805 3898 2859 3942 et
2915 3889 3146 3956 Eventii,
3204 3898 3258 3944 et
3303 3891 3582 3945 Thcodoli.

324 3977 712 4046 susciperetur,
767 3974 869 4029 nisi
910 3975 1146 4044 quinque
1167 3975 1542 4045 episcoporum
1584 3975 1904 4046 designaret.
1989 3981 2448 4051 presbyterorum,
2479 3995 2707 4048 quorum
2757 3981 2964 4048 primus
3007 3987 3130 4049 post
3184 3980 3417 4044 vincula,
3451 3995 3567 4036 car-

321 4063 763 4135 chirographum.
1993 4087 2166 4138 ceres,
2193 4071 2500 4142 equuleum,
2531 4070 2765 4141 virgulas
2792 4080 2846 4126 ct
2875 4072 3046 4140 ignes,
3101 4071 3315 4142 punctis
3342 4071 3560 4126 creber-

394 4158 464 4214 ιν
487 4158 618 4214 ΚΜ..
665 4157 852 4213 Sancti
879 4156 1088 4224 V'italis,
1119 4159 1208 4228 qui
1237 4159 1336 4213 fuit
1373 4168 1530 4231 pater
1573 4169 1886 4216 sanctorum
1994 4161 2147 4217 rimis
2192 4175 2288 4230 per
2323 4167 2434 4216 tota
2482 4160 2724 4215 membra
2770 4166 3082 4230 peremptus
3121 4167 3206 4214 est
3235 4177 3247 4212 :
3277 4167 3560 4229 sequentes

325 4261 624 4322 martyrum
659 4250 902 4307 Gervasii
936 4259 991 4306 et
1017 4251 1268 4307 Protasii.
1300 4251 1398 4307 llic
1425 4267 1554 4321 ergo
1599 4267 1722 4307 cum
1763 4252 1886 4308 fuis-
1992 4259 2048 4307 et
2090 4251 2192 4323 ipsi
2233 4259 2356 4321 post
2397 4249 2609 4322 longam
2667 4251 2908 4307 carceris
2969 4251 3345 4306 sustinentiam
3419 4251 3560 4322 igni-

327 4352 410 4398 sct
457 4342 690 4398 militans
714 4342 1034 4408 consularis,
1083 4351 1284 4399 etcum
1313 4343 1502 4400 fuisset
1529 4360 1650 4399 cum
1670 4344 1894 4401 Paulino
1993 4347 2093 4402 bus
2113 4344 2423 4410 examinati,
2461 4353 2516 4399 et
2559 4346 2626 4398 ad
2651 4344 2896 4399 ultimum
2931 4343 3174 4400 decollati
3197 4353 3322 4399 sunt
3352 4343 3420 4398 ab
3446 4344 3556 4398 Au.-

319 4433 501 4503 judice
545 4449 665 4498 suo,
696 4433 1006 4490 Ravennam
1037 4435 1309 4507 ingressus
1335 4447 1444 4501 est,
1487 4450 1540 4492 et
1569 4453 1690 4494 cum
1745 4439 1892 4494 vide-

324 4532 408 4579 ret
438 4525 490 4578 in
517 4533 805 4595 conspectu
821 4525 1016 4595 judicis
1043 4526 1123 4580 sui
1150 4524 1516 4581 Christianum
1539 4527 1755 4582 nomine
1787 4526 1890 4583 Ur-

324 4613 576 4678 sicinum,
614 4622 731 4669 arte
782 4614 1067 4680 medicum,
1090 4619 1309 4671 natione
1338 4615 1638 4686 Ligurium,
1665 4627 1786 4687 post
1807 4617 1889 4672 ni-

324 4706 431 4762 mia
463 4712 727 4760 tormenta
748 4705 1031 4775 capitalem
1057 4706 1327 4776 accepisse
1350 4708 1701 4772 sententiam;
1741 4708 1887 4764 locus

326 4802 504 4848 autem
535 4795 625 4850 ubi
648 4793 1382 4862 decollabanturChristiani,
1407 4797 1509 4852 hoc
1537 4797 1768 4851 habebat
1793 4813 1886 4852 vo-

323 4884 593 4952 cabulum,
620 4893 680 4940 ut
707 4885 980 4941 diceretur
999 4887 1067 4941 ad
1116 4885 1370 4956 palmam,
1399 4901 1464 4942 eo
1488 4886 1628 4957 quod
1666 4886 1887 4943 arbores

325 4977 558 5046 antiquae
582 4975 772 5044 palmae
793 4975 901 5032 illic
921 4984 1120 5032 essent.
1173 4976 1266 5032 llle
1295 4976 1478 5046 igitur,
1535 4983 1595 5029 ut
1634 4976 1888 5042 diximus,

395 5100 422 5160 fl
472 5089 704 5144 Diversae
727 5087 945 5160 fuerunt
985 5090 1051 5145 de
1078 5089 1385 5145 Marcellino
1418 5105 1552 5160 papa
1575 5087 1762 5160 eodem
1795 5104 1891 5160 sae-

323 5158 444 5214 culo
465 5160 741 5214 sententiae
771 5177 784 5213 :
823 5159 968 5214 illum
997 5160 1138 5215 inter
1182 5169 1396 5216 sanctos
1419 5158 1671 5214 recenset
1713 5158 1890 5213 Raba-

324 5244 448 5292 nus,
471 5243 629 5298 quem
670 5228 942 5294 Nicotaus,
973 5230 1246 5284 Romanus
1283 5230 1544 5299 pontifex,
1576 5229 1781 5298 lapsum
1836 5229 1887 5284 in

324 5299 677 5354 idololatriam
727 5301 828 5354 sub
857 5299 1182 5354 Diocletiano
1203 5301 1586 5362 conﬁtebatur;
1641 5301 1888 5366 idemque

323 5367 518 5437 legitur
550 5371 603 5424 in
642 5368 916 5424 Breviario
967 5370 1225 5424 Romano.
1277 5369 1492 5423 Falsum
1544 5378 1627 5423 est
1660 5369 1876 5423 Donati~

323 5444 434 5509 stas
475 5439 622 5494 illum
669 5439 960 5495 Marcellini
989 5440 1194 5509 lapsum
1231 5455 1335 5492 non
1360 5440 1658 5509 allegasse;
1721 5454 1877 5509 urge-

322 5507 452 5561 bant
478 5509 692 5577 quidem
735 5523 797 5563 ea
837 5507 1444 5578 ratione'Augustinum,
1473 5507 1563 5576 qui
1615 5507 1870 5563 Marcelli-

322 5591 451 5650 num
481 5579 816 5650 innocentem
839 5579 1248 5650 pronuntiavi_t_:
1280 5593 1403 5650 cum
1436 5586 1612 5650 tamen
1642 5579 1739 5647 ipsi
1776 5579 1877 5650 Do-

323 5646 532 5718 natista:
554 5646 882 5718 Melciadeni,
911 5649 1001 5718 qui
1032 5663 1152 5703 cum
1177 5646 1481 5718 Marcellino
1518 5648 1628 5718 iliis
1663 5646 1872 5718 sacrifi-

323 5730 476 5774 casse
504 5717 778 5783 debuerat,
801 5715 1032 5786 judicem
1076 5717 1406 5790 agnoverint.
1439 5715 1563 5772 lude
1594 5717 1876 5772 concludas

1995 4436 2198 4494 reliano
2236 4436 2418 4508 judice
2472 4443 2716 4506 tempore
2767 4433 2983 4503 Trajani
3027 4435 3302 4505 principis.
3361 4434 3561 4490 Eodem

1994 4530 2080 4587 die
2126 4529 2394 4601 depositio
2414 4530 2590 4585 sancti
2614 4529 2844 4600 Philippi
2869 4529 3211 4586 confessoris.

2063 4619 2131 4676 IV
2168 4619 2302 4677 Non.
2341 4620 2530 4676 Passio
2554 4620 2726 4676 sancti
2757 4620 2988 4675 Floriani
3017 4620 3268 4691 martyris
3319 4630 3557 4688 tempore

1996 4711 2313 4766 Diocletiani
2337 4721 2391 4765 et
2411 4710 2714 4765 Maximiani
2751 4711 3158 4782 imperatorum,
3185 4711 3433 4765 szcviente
3455 4711 3560 4764 ini-

1994 4799 2253 4868 quissimo
2276 4798 2501 4868 praeside
2530 4797 2782 4865 Aquilino
2810 4798 2948 4870 apud
2977 4797 3252 4852 Nutricum
3272 4796 3561 4868 Ripensem

1993 4888 2268 4960 [Noricum
2291 4887 2575 4959 Ripense];
2598 4888 2689 4956 qui
2721 4903 2922 4944 cumse
2949 4888 3155 4942 videret
3183 4895 3492 4958 superatum
3530 4902 3570 4942 a~

1996 4979 2266 5043 Floriauo,
2285 4979 2445 5049 jussit
2473 4993 2594 5034 eum
2620 4977 3111 5048 capitalem-subire
3141 4975 3482 5041 sententiam,
3505 4983 3566 5031 et

1994 5091 2185 5154 solmn,
2224 5090 2336 5160 jam
2368 5089 2696 5160 temporibus
2720 5087 3013 5160 AuguStiui.
3041 5087 3220 5160 varios
3243 5087 3310 5160 de
3340 5085 3561 5160 Marcel-

1994 5160 2102 5215 lino
2135 5155 2353 5230 spa'rsos
2405 5155 2523 5230 esse
2551 5155 2828 5230 maiores.w
2860 5157 3125 5230 Quidquid
3171 5157 3242 5211 sit
3270 5157 3336 5213 de
3383 5155 3558 5224 lapsu,

1993 5231 2124 5285 Acta
2167 5228 2388 5285 concilii
2416 5229 2750 5290 Sinuessani,
2799 5228 2852 5281 in
2911 5228 3109 5296 quibus
3144 5243 3230 5280 res
3281 5234 3559 5289 narratur,

1993 5300 2176 5368 spuria
2199 5307 2344 5353 sunt.
2380 5299 2450 5352 lbi
2488 5298 2548 5352 fit
2574 5299 2772 5353 mentio
2794 5297 2946 5368 libra;
2979 5296 3278 5368 occidentis,
3329 5296 3394 5350 ad
3423 5296 3560 5368 indi-

1987 5365 2189 5424 candos
2220 5385 2364 5422 Lxxu
2392 5377 2576 5431 testes,
2626 5383 2744 5436 quae
2790 5366 2988 5436 locutio
3017 5382 3124 5419 non
3168 5366 3273 5421 nisi
3305 5365 3559 5435 tempori-

1986 5439 2085 5493 bus
2110 5438 2443 5492 Constantini
2474 5435 2657 5492 fuerat
2674 5437 2727 5490 in
2756 5451 2874 5490 usu.
2899 5435 3055 5488 BASN.

2057 5509 2084 5548 δ
2111 5507 2256 5563 Obiit
2275 5508 2454 5562 Cletus
2476 5523 2565 5560 an.
2597 5507 2655 5562 9|
2684 5513 2775 5575 :rat
2795 5505 3098 5575 persecutio
3125 5504 3431 5568 Domitiani,
3457 5503 3556 5558 sub

2027 5593 2092 5632 uo
2114 5579 2223 5647 pati
2253 5577 2458 5639 debuit,
2493 5574 2717 5647 nonnisi
2748 5574 2887 5647 anno
2915 5574 2984 5629 95
3018 5576 3204 5645 οωιιίι,
3230 5575 3332 5641 vel,
3363 5589 3555 5628 secun-

2027 5595 2092 5632 uo
2114 5595 2223 5647 pati
2253 5595 2458 5639 uenuit,
2493 5595 2596 5630 non
2617 5595 2717 5629 IllSl
2748 5595 2887 5627 anno

1986 5595 2112 5702 ilum
2153 5647 2500 5706 Toinartlum,
2528 5662 2614 5698 an.
2643 5646 2730 5697 9i.
2761 5645 2914 5697 llisx.

2060 5729 2079 5755 ε
2122 5715 2247 5770 Vide
2276 5715 2560 5770 Baronium
2611 5715 2661 5768 in
2696 5713 3090 5781 Mat‘lvrulugio.
