4112 6364
602 307 742 363 1145

1233 305 1294 359 B.
1335 303 1586 360 RABANI
1622 303 1839 359 MAURI
1876 301 2190 360 ARClllEP.
2232 299 2537 360 uocum.
2581 302 2861 360 OPERUM
2899 303 3077 359 rans
3114 290 3200 358 ll.‘
3272 308 3287 321 ί

3710 300 3873 358 1144

602 418 727 473 duci
755 418 823 473 ad
843 415 1065 473 ﬂuvium
1088 415 1268 472 Aneso
1292 415 1586 489 [Anisum],
1637 424 1693 471 et
1715 416 1789 472 ibi
1841 415 2168 485 praecipitari
2195 417 2249 477 Α
2273 414 2494 471 nuarius
2540 415 2688 470 illum
2734 415 2909 486 magis
2946 414 3188 469 lucratus
3216 421 3301 469 est
3350 412 3592 477 Christo,
3638 418 3706 468 et
3751 412 3870 468 hac

603 522 727 564 eum
756 509 824 565 de
855 517 1037 579 ponte.

671 601 739 656 Ill
782 600 919 657 Non.
958 600 1017 654 in
1060 599 1284 655 Arelate
1312 598 1577 670 depositio
1619 598 1791 654 sancti
1837 597 2025 652 Hilarii
2055 596 2167 665 epi-

601 693 790 762 scopi,
857 691 948 761 qui
1016 690 1360 761 Pelagianam
1407 690 1635 744 lneresin
1700 689 1756 742 in
1823 686 2167 742 coliatoribus

602 781 955 854 deprehendit
1004 788 1062 835 et
1107 780 1381 850 corrigere
1417 778 1639 834 studuit.
1691 775 2036 830 Antisiodoro
2079 787 2168 829 eo-

601 874 723 928 dem
766 872 853 927 die
911 869 1091 941 passio
1139 869 1309 924 sancti
1360 866 1598 931 Juviani,
1655 864 1875 921 lectoris
1914 872 1971 918 et
2024 878 2169 917 mar-

604 975 661 1034 ty
669 964 763 1020 ris.

673 1052 718 1109 ll
737 1050 870 1109 Non.
897 1050 1085 1108 Passio
1112 1051 1389 1106 beatorum
1409 1055 1706 1120 martyrum
1736 1045 1958 1101 Mariani
1986 1052 2042 1100 et
2083 1042 2171 1099 Ja-

602 1143 748 1209 cobi,
793 1150 849 1199 et
888 1142 1113 1197 aliorum
1147 1140 1243 1209 qui
1293 1154 1416 1195 cum
1453 1139 1520 1194 iis
1559 1152 1660 1208 pro
1708 1135 1925 1191 nomine
1970 1133 2170 1190 Christi

603 1231 749 1303 passi
775 1240 918 1287 sunt.
963 1229 1096 1285 Nam
1120 1244 1218 1300 per
1244 1229 1624 1285 revelationem
1651 1228 1732 1283 eis
1756 1225 2015 1281 Dominus
2035 1241 2172 1295 prte-

606 1322 839 1392 signavit
870 1319 1103 1391 qualiter
1121 1320 1288 1375 vitam
1314 1326 1632 1389 praesentem
1655 1332 1754 1387 per
1778 1317 2002 1388 gloriam
2028 1331 2172 1371 mar-

604 1410 731 1481 tyrii
756 1399 913 1466 linire
934 1402 1250 1476 debuerunt,
1278 1409 1417 1465 sicut
1441 1409 1497 1463 in
1535 1407 1795 1478 martyrio
1824 1421 2012 1462 eorum
2039 1405 2174 1462 scri-

604 1509 754 1570 ptum
794 1501 1119 1558 continetur.
1936 1548 1943 1559 ι

676 1596 860 1653 Nom.
897 1597 954 1652 ln
1005 1595 1312 1657 Nicomedia
1345 1594 1542 1650 natalis
1577 1593 1747 1649 Flavii
1799 1592 2061 1662 episcopi,
2117 1599 2175 1648 et

604 1685 858 1752 Frodisii,
888 1685 1164 1752 Macrobii,
1214 1685 1501 1757 Augustinl
1544 1682 1816 1755 episcopi;
1864 1690 1918 1738 et
1947 1683 2002 1737 in
2026 1681 2169 1737 Con-

2266 505 2491 574 ptizavit
2531 505 2688 561 simul
2732 520 2856 561 cum
2897 504 3103 559 Marina
3144 517 3311 559 uxore
3360 518 3496 568 sua;
3551 501 3705 572 quod
3754 518 3871 555 au-

2266 591 2420 650 diens
2448 593 2649 650 factum
2689 593 2932 649 Julianus
2959 593 3215 662 praecepit
3256 591 3632 647 Clementiano
3666 590 3864 659 jndici

2267 691 2329 738 ut
2350 698 2496 749 eum,
2523 684 2568 739 si
2588 683 2754 738 nollet
2775 682 2930 737 idolis
2956 682 3284 745 sacrificare,
3309 680 3539 750 puniret.
3568 680 3714 735 Nam
3745 682 3869 735 ira-

2268 788 2357 835 tus
2387 777 2551 847 jussit
2578 778 3016 848 inscriptionibus
3045 775 3287 831 damnari
3339 783 3585 830 sanctum
3635 773 3865 828 Janua-

2270 869 2409 925 rium
2456 870 2824 940 presbyterum
2873 877 2930 924 et
2958 869 3179 923 beatum
3219 864 3573 933 Gordianum,
3612 881 3866 920 uxorem

2271 970 2450 1016 autem
2483 959 2600 1028 ejus
2626 960 2887 1015 Marinam
2934 958 2990 1015 in
3015 959 3249 1029 quadam
3285 957 3433 1023 villa,
3459 972 3583 1028 quae
3608 967 3867 1013 vocatur

2269 1053 2451 1123 Aquas
2476 1052 2705 1116 Salvias,
2738 1053 2792 1107 in
2817 1051 3040 1108 servitio
3067 1050 3394 1107 rusticorum
3420 1049 3680 1120 opprimi.
3716 1047 3870 1103 Cum

2271 1152 2451 1198 autem
2490 1142 2713 1197 vidisset
2738 1140 3140 1197 Clementianus
3169 1139 3313 1208 quod
3361 1146 3583 1194 sanctus
3609 1135 3867 1192 Gordia—

2270 1249 2373 1289 nus
2394 1233 2540 1289 nullo
2566 1233 2725 1289 modo
2746 1246 2776 1286 a
2803 1241 2946 1286 statu
2976 1230 3103 1286 ﬁdei
3130 1245 3243 1285 suae
3261 1228 3430 1284 averti
3450 1236 3659 1298 posset,
3685 1225 3874 1295 jussit

2271 1338 2395 1380 eum
2449 1324 2683 1395 primum
2708 1322 3001 1392 plumbatis
3037 1320 3190 1385 caedi,
3223 1318 3416 1373 deinde
3467 1319 3648 1387 capite
3700 1324 3875 1372 trun-

2273 1417 2424 1482 cari;
2476 1414 2619 1485 quod
2653 1427 2779 1468 cum
2822 1411 3027 1468 factum
3071 1409 3464 1480 comperissent
3511 1407 3864 1473 Christiani,

2274 1518 2539 1567 nocturno
2566 1506 2778 1563 silentio
2823 1510 3087 1559 venerunt
3120 1510 3175 1557 et
3198 1506 3494 1571 rapuerunt
3521 1513 3738 1569 corpus
3771 1514 3873 1554 ve-

2275 1600 2573 1657 nerandum
2624 1596 2794 1652 sancti
2842 1594 3097 1665 martyris
3138 1592 3418 1657 Gordiani,
3459 1598 3515 1645 et
3563 1589 3875 1644 venientes

2276 1691 2333 1745 in
2383 1690 2469 1744 via
2519 1703 2639 1758 qua:
2691 1685 2884 1741 Latina
2939 1689 3321 1751 nuncupatur,
3383 1694 3491 1734 non
3554 1678 3729 1749 longe
3800 1679 3878 1733 ab

608 1750 975 1848 stantinopoli,
1019 1750 1273 1843 Achaici;
1302 1750 1694 1848 iiugustodhno
1728 1750 1991 1844 depositio
2026 1772 2172 1830 beati
2201 1750 2247 1813 Β
2275 1779 2408 1835 urbe
2456 1750 2626 1832 Roma
2700 1774 2953 1830 milliario
3018 1750 3140 1841 plus
3198 1769 3383 1824 minus
3444 1783 3584 1835 uno,
3650 1782 3875 1837 posue—

607 1870 797 1925 I’laciti
828 1870 1151 1941 presbyteri.

661 1959 777 2014 Vlll
801 1960 876 2014 ln.
902 1959 1106 2016 Natalis
1132 1959 1302 2017 sancti
1336 1958 1567 2017 Victoris
1594 1958 1848 2030 martyris
1876 1958 1932 2013 in
1958 1956 2176 2012 civitate

609 2049 992 2105 Mediolanensi
1015 2050 1114 2105 sub
1131 2048 1454 2105 Maximiano
1486 2050 1827 2120 imperatore.
1865 2045 2001 2101 Nam
2032 2044 2175 2100 idem

607 2142 903 2211 imperator
923 2140 1086 2210 jussit
1110 2140 1328 2195 beatum
1362 2139 1656 2205 Victorem,
1686 2139 1778 2211 qui
1811 2128 1931 2194 erat
1956 2136 2173 2191 Maurus

606 2245 829 2303 genere,
854 2230 1041 2288 militis
1063 2229 1239 2288 ofﬁcio
1264 2230 1502 2296 functus,
1531 2238 1751 2301 propter
1780 2229 1939 2284 fidem
1968 2228 2171 2284 Christi

604 2328 666 2378 et
686 2319 1082 2377 confessionem
1109 2320 1293 2377 multis
1320 2321 1494 2377 modis
1515 2320 1769 2386 cruciari,
1793 2321 1895 2375 hoc
1946 2327 2029 2374 est
2054 2333 2173 2373 car-

605 2424 731 2468 cere
758 2410 979 2477 includi,
1010 2409 1102 2467 ubi
1130 2411 1244 2467 dies
1266 2426 1361 2467 sex
1387 2410 1587 2469 mansit
1610 2410 1726 2465 sine
1766 2409 1887 2465 cibo
1926 2418 1980 2464 et
2021 2417 2170 2479 potu,

606 2508 793 2573 postea
816 2499 947 2559 fecit
996 2515 1119 2556 eum
1153 2499 1382 2556 fustibus
1430 2508 1486 2556 et
1530 2498 1754 2570 ﬂagellis
1799 2500 2173 2570 frequentibus

604 2589 739 2646 exedi
762 2607 776 2644 :
803 2588 996 2645 deinde
1023 2589 1240 2659 plumbo
1288 2589 1490 2660 liquato
1516 2603 1712 2657 corpus
1738 2585 1852 2657 ejus
1878 2587 2126 2656 perfundi
2151 2604 2165 2654 ;

602 2681 701 2737 sed
727 2680 913 2736 statim
944 2678 1164 2751 angelus
1198 2679 1409 2735 Domini
1454 2677 1645 2744 adfuit,
1677 2684 1730 2733 et
1777 2676 2050 2748 plumbum
2097 2677 2171 2732 ita

603 2770 861 2841 frigidum
881 2770 1027 2834 fecit,
1051 2770 1190 2827 sicut
1218 2783 1412 2841 aquam
1434 2769 1499 2825 de
1530 2768 1677 2824 fonte
1702 2767 1956 2834 levatam,
1984 2776 2039 2823 et
2063 2783 2168 2822 non

605 2869 690 2917 est
709 2860 1047 2919 combustum
1084 2875 1281 2930 corpus
1308 2857 1424 2928 ejus
1453 2859 1508 2914 in
1536 2858 1643 2913 ulla
1671 2868 1843 2928 parte.
1870 2855 2169 2913 Novissime

603 2966 758 3017 vero,
800 2965 924 3007 cum
953 2949 1099 3008 nullo
1127 2950 1286 3005 modo
1312 2949 1380 3004 ad
1416 2948 1680 3005 idolorum
1735 2946 1998 3003 culturam
2044 2961 2169 3002 con-

604 3049 819 3097 vertere
865 3040 1058 3110 potuit,
1089 3040 1184 3096 sed
1227 3038 1413 3096 Victor
1440 3038 1497 3094 in
1545 3037 1650 3094 (ide
1682 3036 1883 3093 Christi
1915 3052 2169 3107 perseve-

606 3146 735 3187 rans
774 3130 970 3202 ubique
1011 3130 1292 3185 victoriam
1314 3129 1519 3194 habuit,
1560 3129 1724 3200 jussit
1777 3128 2065 3199 praedictus
2090 3136 2170 3199 ty-

607 3239 812 3281 rannus
854 3232 1014 3295 caput
1081 3225 1200 3294 ejus
1254 3223 1495 3282 abscindi
1520 3264 1535 3289 ,
1586 3223 1727 3293 quod
1786 3230 2004 3280 sanctus
2058 3222 2172 3277 Ma—

575 3326 583 3381 ;
641 3325 813 3371 emus
863 3316 1146 3386 episcopus
1195 3315 1416 3371 audiens
1452 3313 1672 3379 factum,
1732 3311 1944 3383 collegit
1981 3327 2174 3383 corpus

605 3403 767 3477 ejus,
826 3415 881 3462 et
940 3406 996 3462 in
1056 3406 1311 3477 praedicta
1381 3405 1597 3462 civitate
1655 3419 1779 3460 cum
1833 3404 2039 3461 honore
2087 3419 2172 3461 se-

603 3495 809 3566 pelivit.
2042 3494 2051 3503 ’

675 3575 767 3643 VII
792 3585 869 3641 In.
896 3585 954 3640 In
970 3585 1216 3656 Axiopoli
1241 3585 1435 3642 natalis
1459 3585 1690 3654 Quirilli,
1713 3584 1904 3642 Cindei
1925 3594 1980 3640 et
1998 3584 2172 3641 Ceno-

606 3676 725 3743 nis;
749 3683 806 3731 et
827 3676 884 3732 in
895 3676 1100 3732 Tharso
1113 3676 1338 3742 Ciliciae,
1351 3675 1687 3747 Aphrodisii;
1715 3686 1770 3733 et
1791 3676 1975 3733 Roma
1995 3676 2171 3732 natale

608 3766 782 3822 sancti
822 3765 975 3821 Beati
1010 3763 1353 3821 confessoris.
1908 3804 1911 3805 ν

676 3855 744 3911 VI
775 3856 851 3911 In.
883 3854 1206 3913 Sanctorum
1234 3855 1471 3923 Faltoni,
1493 3854 1685 3912 Pilioni
1698 3863 1753 3913 et
1776 3855 2002 3911 aliorum
2023 3871 2167 3912 mar-

604 3955 803 4018 tyrum.
861 3945 1067 4012 Romae,
1131 3945 1428 4017 Calepodii,
1476 3945 1632 4003 Senis
1682 3947 2011 4018 presbyteri,
2069 3948 2170 4004 sub

600 4038 909 4095 Alexandro
935 4038 1275 4109 imperatore,
1306 4039 1398 4110 qui
1428 4054 1551 4095 eum
1594 4038 1721 4095 fecit
1764 4039 1939 4095 occidi
1969 4053 1999 4093 a
2033 4039 2172 4094 Lao-

603 4129 765 4195 dicio,
824 4137 879 4185 et
907 4144 1102 4199 corpus
1138 4129 1283 4186 trahi
1308 4144 1406 4201 per
1442 4131 1738 4197 civitatem,
1774 4137 1937 4200 atque
1976 4129 2032 4184 in
2081 4128 2172 4184 Ti-

600 4219 775 4276 berim
790 4218 1011 4290 jactari,
1041 4220 1147 4275 die.
1181 4259 1194 4273 .
1227 4260 1241 4274 .
1277 4259 1293 4274 .
1322 4259 1336 4275 .
1382 4220 1666 4287 Maiarum,
1713 4221 1856 4291 quod
1893 4221 2170 4276 inventum

602 4307 905 4376 piscatores
929 4306 1263 4374 levaverunt,
1286 4316 1342 4364 et
1381 4318 1739 4364 narraverunt
1787 4308 2011 4365 Callisto
2057 4310 2172 4380 epi—

2274 1876 2402 1924 runt
2428 1883 2551 1924 eum
2572 1866 2626 1922 in
2649 1873 2861 1936 crypta,
2890 1870 3044 1919 sexto
3074 1862 3198 1917 Idus
3248 1858 3437 1926 Maias,
3468 1858 3559 1915 ubi
3601 1857 3732 1927 jam
3756 1860 3882 1931 pri-

2273 1957 2396 2013 dem
2425 1964 2670 2013 sanctum
2701 1953 3055 2024 Epimachum
3085 1948 3427 2021 sepelierant.

2345 2047 2389 2103 V
2432 2046 2508 2101 in.
2536 2044 2725 2102 Passio
2761 2042 2935 2099 sancti
2971 2040 3162 2096 Evellii
3189 2039 3461 2110 martyris,
3509 2039 3607 2110 qui
3664 2039 3878 2096 videns

2272 2139 2574 2211 passionem
2638 2135 2815 2190 sancti
2881 2131 3127 2202 Torpetis
3169 2131 3424 2201 martyris
3476 2139 3533 2185 et
3578 2130 3878 2185 mirabilia

2274 2244 2394 2300 qua:
2442 2227 2587 2291 fecit,
2644 2224 2872 2281 credidit
2900 2222 3137 2284 Christo,
3189 2220 3279 2290 qui
3305 2228 3463 2274 antea
3498 2219 3878 2275 consiliarius

2273 2315 2500 2372 Neronis
2530 2311 2872 2385 imperatoris
2900 2310 3024 2377 fuit,
3068 2307 3300 2380 qualiter
3330 2306 3628 2364 Christiani
3656 2317 3878 2378 marty—

2275 2407 2596 2462 rizarentur.

2341 2496 2409 2553 1V
2436 2496 2511 2552 In.
2545 2495 2730 2552 Sancti
2759 2493 2939 2550 Patris
2965 2492 3140 2550 nostri
3163 2490 3448 2562 Epiphanii
3474 2490 3726 2561 episcopi
3765 2491 3877 2563 Cy-

2270 2586 2377 2658 pri,
2398 2595 2452 2640 et
2474 2586 2657 2641 Roma:
2684 2584 2858 2640 sancti
2897 2582 3189 2647 Pancratii,
3237 2581 3479 2652 quicum
3509 2589 3658 2637 esset
3687 2597 3873 2636 anno-

2272 2691 2390 2733 rum
2420 2674 2846 2746 quatuordecim,
2868 2674 2968 2729 sub
2991 2672 3326 2728 Diocletiano
3352 2672 3684 2741 martyrium
3707 2673 3873 2744 capi-

2272 2768 2341 2823 tis
2368 2767 2773 2822 detruncatione
2800 2764 3107 2835 complevit.
3140 2763 3341 2818 Eodem
3378 2763 3475 2819 die
3506 2763 3698 2819 Roma:
3734 2781 3872 2836 pas-

2269 2855 2350 2912 sio
2380 2865 2688 2912 sanctorum
2710 2853 2871 2911 Nerei
2896 2861 2951 2909 et
2968 2851 3193 2908 Achillei
3218 2850 3470 2907 fratrum.
3529 2902 3535 2907 .

2342 2968 2407 3024 Ill
2418 2968 2493 3024 In.
2511 2968 2802 3025 Festivitas
2818 2967 2989 3023 sancti
3001 2966 3236 3023 Onesimi
3252 2963 3595 3020 confessoris.
3612 2963 3745 3034 Ipso
3774 2965 3868 3020 die

2272 3058 2453 3114 Maria:
2478 3059 2730 3130 martyris
2754 3056 3017 3113 festivitas
3051 3055 3353 3111 celebratur
3381 3071 3396 3108 :
3422 3069 3543 3123 quae
3563 3070 3694 3110 cum
3721 3055 3863 3111 fuis-

2276 3159 2358 3206 set
2370 3149 2594 3205 Tertulli
2623 3148 2902 3221 cujusdam
2918 3147 3019 3203 viri
3043 3145 3353 3216 principalis
3366 3144 3578 3209 ancilla,
3594 3145 3863 3201 nobilita-

2276 3250 2384 3298 tem
2413 3241 2614 3297 domini
2657 3240 2857 3296 mentis
2876 3237 3209 3309 benignitate
3235 3236 3504 3302 vincebat,
3546 3246 3601 3292 et
3631 3236 3862 3294 Christo

2276 3346 2333 3386 se
2358 3331 2603 3401 probavit
2644 3330 2951 3401 ingenuam.
2988 3326 3116 3383 Haec
3161 3341 3285 3382 cum
3308 3342 3341 3381 a
3366 3326 3587 3382 domina
3625 3342 3729 3382 sna
3757 3341 3863 3397 per

2276 3425 2542 3477 tormenta
2585 3434 2617 3474 a
2645 3417 2750 3474 fide
2789 3415 2990 3474 Christi
3041 3416 3296 3471 recedere
3335 3425 3644 3486 cogeretur,
3698 3415 3860 3471 nullo

2272 3509 2432 3565 modo
2474 3508 2767 3565 consensit.
2792 3506 3019 3577 Propter
3040 3505 3144 3561 hoc
3162 3505 3384 3575 praesidi
3431 3505 3633 3561 tradita
3667 3514 3756 3560 est
3786 3507 3861 3561 ad

2274 3596 2656 3664 cruciandum;
2683 3598 2778 3653 sed
2797 3610 2917 3651 eam
2943 3609 3045 3650 nec
3073 3593 3234 3648 minae
3260 3593 3448 3662 ipsius,
3476 3607 3578 3648 nec
3607 3600 3861 3650 tormen~

2273 3700 2327 3746 ta
2381 3706 2411 3744 a
2456 3690 2673 3746 Christo
2705 3702 2958 3760 separare
2993 3695 3284 3758 poterant;
3334 3686 3622 3741 novissime
3681 3701 3861 3755 super

2271 3787 2479 3848 petram
2534 3777 2789 3849 grandem
2835 3776 2901 3831 ad
2946 3772 3320 3831 decollandum
3357 3771 3602 3837 adducta,
3672 3772 3857 3841 ipsius

2271 3875 2441 3937 petra:
2477 3867 2741 3923 divisione
2776 3865 2938 3931 facta,
2981 3864 3183 3921 Christi
3209 3863 3409 3918 famula
3437 3862 3566 3918 illuc
3590 3862 3853 3930 intravit,

2271 3960 2556 4028 subitoque
2605 3967 2757 4028 petra
2784 3957 2979 4013 iterum
3028 3956 3372 4026 semetipsam
3406 3955 3700 4021 concludit,
3741 3971 3854 4012 nec

2271 4062 2594 4119 quemquam
2641 4053 3045 4118 persecutorum
3094 4044 3341 4100 ancillam
3365 4044 3567 4100 Christi
3593 4046 3854 4115 persequi

2272 4139 2498 4207 sinebat,
2526 4139 2621 4196 sed
2668 4154 2841 4210 usque
2876 4138 2945 4194 ad
2978 4138 3120 4194 diem
3156 4136 3347 4208 judicii
3400 4137 3479 4192 ita
3523 4136 3843 4192 conclusam

2272 4242 2471 4289 servat.
2539 4233 2738 4288 Eodem
2785 4232 2873 4288 die
2920 4232 2976 4286 in
3022 4231 3219 4301 oppido
3273 4229 3620 4300 Trajectense
3663 4228 3849 4284 natale

2271 4325 2442 4380 sancti
2499 4323 2729 4380 Servatii
2784 4322 3019 4393 episcopi
3061 4317 3118 4378 et
3162 4321 3512 4388 confessoris,
3576 4322 3669 4390 qui
3714 4336 3845 4377 cum

603 4412 770 4498 si“???
798 4414 812 4450 ε
844 4406 914 4497 δι’
929 4398 1018 4498 i119
1054 4400 1592 4498 ειεοέρῑιιωξοξιάξάίι
1636 4415 1760 4455 cum
1815 4399 2167 4498 iiI'OIflaliPUS,
2192 4436 2247 4498 Ι)
2274 4414 2640 4484 Tungrensem
2696 4420 2907 4483 regeret
2940 4412 3230 4469 Ecelesiam
3260 4421 3500 4482 tempore
3541 4425 3646 4479 quo
3686 4409 3841 4464 Huni

602 4494 660 4542 et
678 4486 1098 4550 linteaminibus,
1126 4496 1183 4542 et
1214 4489 1459 4557 sepelivit
1488 4489 1544 4543 in
1571 4491 1883 4546 coemeterio
1908 4489 2166 4559 ejusdem,

601 4577 689 4632 via
719 4575 956 4642 Aurelia,
984 4575 1233 4632 milliario
1266 4577 1333 4633 ab
1364 4576 1508 4634 Urbe
1543 4578 1724 4645 tertio,
1751 4579 1806 4633 in
1844 4587 2032 4649 crypta
2060 4579 2170 4634 Vil-

601 4666 810 4722 tlemari
852 4684 864 4719 :
897 4674 1021 4721 tunc
1054 4666 1345 4723 decollatus
1373 4675 1454 4722 est
1496 4668 1565 4723 ab
1600 4667 1908 4724 Alexandro
1958 4667 2168 4724 Palma-

600 4757 756 4812 chius
783 4756 992 4823 consul,
1016 4772 1139 4812 cum
1162 4772 1350 4823 uxore,
1384 4765 1439 4813 et
1464 4757 1609 4825 filiis,
1638 4765 1694 4814 et
1727 4758 1847 4814 aliis
1874 4757 2167 4829 promiscui

596 4861 761 4905 sexus
806 4850 1193 4921 quinquaginta
1214 4850 1448 4916 duobus;
1499 4867 1623 4907 cum
1654 4853 1848 4923 quibus
1871 4861 1924 4908 et
1947 4852 2164 4924 Simpli-

598 4939 716 4997 cius
761 4949 996 5007 senator,
1052 4942 1145 5012 qui
1195 4958 1292 5014 per
1325 4944 1631 5001 doctrinam
1678 4945 1884 5002 Callisti
1935 4962 2089 5017 papa:
2113 4954 2169 5002 et

598 5028 870 5100 Calepodii
900 5033 1197 5104 presbyteri
1240 5048 1410 5105 nuper
1453 5032 1669 5090 fuerant
1717 5035 1997 5104 baptizati.
2023 5035 2167 5092 Scri-

596 5128 749 5187 ptum
787 5120 842 5174 in
890 5119 1149 5176 Passione
1187 5122 1358 5179 sancti
1410 5122 1616 5180 Callisti
1640 5140 1812 5195 papae.
1855 5126 2058 5183 Eodem
2079 5126 2167 5183 die

599 5209 779 5264 natale
822 5209 1080 5266 Gordiani
1118 5211 1390 5284 martyris,
1431 5213 1525 5283 qui
1572 5213 1672 5269 sub
1710 5213 1921 5270 Juliano
1961 5215 2167 5285 impiis-

599 5296 737 5352 simo
796 5300 1124 5370 imperatore
1146 5316 1339 5372 passus
1366 5311 1468 5359 est.
1503 5302 1636 5357 Nam
1665 5304 1952 5373 praedictus
1978 5312 2163 5376 tyran-

596 5405 702 5445 nus
726 5406 848 5447 cum
900 5397 1244 5466 prtecepisset
1283 5404 1583 5452 memorato
1627 5394 1906 5452 Gordiano
1955 5398 2161 5453 vicario

598 5494 720 5545 suo,
769 5493 893 5537 cum
921 5485 1096 5540 adhuc
1124 5500 1364 5556 paganus
1383 5495 1544 5550 esset,
1575 5496 1636 5542 ut
1663 5485 1981 5541 Januarium
2011 5503 2162 5556 pres-

594 5572 843 5644 byterum
885 5572 1168 5645 diligenter
1205 5578 1533 5647 exquireret,
1566 5579 1610 5633 si
1657 5593 1763 5647 quo
1806 5577 1962 5632 modo
2011 5578 2159 5632 illum

595 5674 770 5736 posset
814 5672 1057 5719 avertere
1093 5680 1121 5718 a
1161 5666 1263 5723 ﬁde
1304 5667 1505 5725 Christi
1541 5690 1549 5722 :
1585 5678 1804 5725 sanctus
1850 5678 2025 5723 autem
2067 5667 2158 5723 Ja-

2272 4501 2483 4556 venturi
2511 4509 2665 4556 erant
2697 4500 2752 4555 in
2802 4499 3049 4566 Galliam,
3099 4500 3293 4555 timens
3318 4499 3511 4571 populo
3544 4497 3647 4553 sibi
3680 4513 3838 4553 eom-

2271 4590 2460 4656 misso,
2503 4604 2571 4645 ne
2626 4589 2694 4645 ab
2744 4587 2915 4644 Hunis
2955 4595 3281 4654 vastaretur,
3328 4588 3566 4660 perrexit
3606 4586 3839 4642 Romam

2271 4682 2675 4752 deprecaturus,
2730 4690 2996 4751 quatenus
3050 4696 3146 4751 per
3178 4681 3371 4736 merita
3397 4688 3454 4735 et
3501 4679 3842 4735 intercessio-

2270 4789 2394 4830 nem
2422 4781 2732 4830 sanctorum
2775 4772 3140 4842 apostolorum
3199 4773 3515 4843 impetraret
3570 4770 3835 4828 defensio-

2271 4878 2395 4918 nem
2444 4864 2625 4933 populi
2671 4864 2775 4921 sui.
2808 4863 3049 4934 Cumque
3079 4864 3277 4919 ibidem
3301 4861 3543 4932 jejuuiis,
3574 4871 3633 4919 et
3674 4862 3837 4916 obse-

2271 4954 2603 5010 crationibus
2643 4968 2740 5023 per
2771 4954 3062 5011 multorum
3091 4955 3301 5010 dierum
3335 4953 3509 5024 spatia
3532 4953 3591 5008 in
3634 4952 3729 5007 tali
3762 4951 3843 5007 af—

2270 5044 2505 5101 flictione
2556 5055 2881 5110 moraretur,
2924 5044 3097 5101 fertur
3140 5044 3245 5100 tale
3280 5046 3348 5100 ab
3390 5042 3638 5114 apostolo
3680 5041 3840 5097 Petro

2271 5133 2542 5203 accepisse
2569 5148 2887 5204 responsum
2920 5151 2934 5187 :
2979 5152 2999 5185 ί
3027 5123 3164 5201 Quid
3195 5148 3303 5199 me,
3348 5133 3433 5187 vir
3473 5131 3838 5193 sanctissime,

2268 5224 2576 5293 inquietas?
2601 5224 2740 5279 Ecce
2764 5224 2907 5279 enim
2933 5225 3075 5294 apud
3113 5222 3400 5278 Dominum
3446 5219 3839 5277 deliberatione

2266 5326 2487 5381 prorsus
2531 5311 2795 5366 sancitum
2831 5318 2935 5375 est,
2976 5309 3161 5364 llunos
3188 5310 3262 5363 ‘in
3320 5307 3524 5363 Gallias
3560 5307 3838 5371 advenire,

2265 5414 2466 5470 easque
2502 5400 2736 5454 maxima
2764 5407 3078 5468 tempestate
3107 5399 3303 5454 debere
3331 5397 3663 5468 depopulari.
3688 5395 3845 5453 Nunc

2266 5489 2430 5559 igitur
2483 5504 2635 5544 sume
2675 5488 2957 5543 consilium
3015 5504 3217 5554 meum,
3266 5488 3509 5544 accelera
3557 5486 3838 5549 velociter,

2265 5579 2449 5632 ordina
2464 5579 2677 5632 domum
2718 5585 2887 5642 tuam,
2925 5577 3251 5647 sepulturam
3276 5589 3557 5644 compone,
3590 5574 3841 5642 relinque

2264 5668 2573 5721 linteamina
2607 5668 2822 5723 nnnnla.
2858 5668 2993 5724 Ecce
3023 5669 3162 5724 enim
3192 5666 3507 5736 migraveris
3532 5681 3560 5719 a
3588 5678 3838 5734 corpore,
