4112 6364
311 330 453 389 11ιὸ

1615 310 2242 371 MARTYROLOGIUM.

3407 316 3550 377 1118

308 464 409 507 nec
434 444 690 503 videbunt
732 440 873 498 oculi
904 439 980 495 tui
1022 436 1161 493 mala
1193 449 1312 506 quae
1340 432 1532 488 facturi
1575 438 1703 486 sunt
1733 428 1873 483 Huni
1902 431 1952 489 Α
1980 427 2070 482 ubi
2101 425 2315 481 titulum
2358 440 2479 480 meo
2506 424 2712 479 nomini
2733 432 2890 495 pater
2918 440 3104 483 earum
3130 430 3283 486 bona:
3306 433 3528 487 recorda

309 543 365 597 in
395 540 603 605 Galliis,
631 538 768 594 sicut
806 535 1015 591 locutus
1056 538 1137 586 est
1188 528 1443 583 Dominus
1491 533 1691 579 noster.
1725 541 1743 574 ι
1770 522 1876 576 Ac-

310 640 465 702 cepto
514 644 644 700 ergo
689 628 794 683 hoc
847 636 1105 694 responso
1152 617 1413 675 remeavit
1450 615 1518 671 ad
1570 612 1871 669 Ecclesiam

312 723 415 779 sibi
471 722 834 784 commissam,
898 701 1151 769 nuntians
1197 711 1309 766 suis
1362 722 1677 778 responsum
1731 703 1874 759 beati

309 811 477 873 Petri,
519 817 728 880 etpost
782 821 888 863 non
916 803 1112 860 multos
1167 801 1283 857 dies
1348 800 1516 854 vitam
1554 802 1875 868 praesentem

312 901 527 966 ﬁniens,
583 896 833 969 migravit
874 895 942 949 ad
982 902 1240 949 aeternam
1287 889 1551 958 requiem.
1598 886 1698 941 Hic
1744 899 1877 955 quo—

312 1007 418 1061 que
459 988 698 1059 sepultus
743 987 798 1041 in
833 984 951 1039 loco
994 980 1357 1050 Trajectensi,
1400 992 1521 1032 cum
1573 973 1876 1044 sepulcrum

216 1102 225 1109 ο
313 1080 430 1151 ejus
444 1079 544 1135 sub
562 1078 685 1133 divo
713 1083 856 1131 esset
881 1073 1138 1144 positum,
1167 1084 1269 1124 nec
1291 1069 1408 1131 nix,
1439 1080 1540 1121 nec
1581 1064 1757 1135 pluvia
1784 1076 1876 1118 ce-

313 1170 440 1225 cidit
466 1181 628 1238 super
647 1179 789 1230 eum,
825 1162 995 1218 donec
1021 1175 1052 1215 a
1073 1171 1383 1215 successore
1405 1155 1522 1225 ejus
1537 1162 1725 1210 saneto
1763 1152 1880 1207 Mu-

274 1326 286 1338 .
314 1256 462 1312 nulfo
478 1256 729 1327 episcopo
752 1251 1005 1323 templum
1034 1262 1286 1320 magnum
1314 1247 1368 1301 in
1390 1247 1508 1327 ejus
1532 1247 1736 1300 honore
1755 1257 1879 1299 con-

315 1326 584 1402 structum
632 1353 736 1399 est.
1458 1326 1461 1327 ⁷

385 1435 425 1489 ll
472 1435 546 1489 In.
594 1432 779 1489 Sancti
833 1431 1012 1487 Patris
1058 1429 1337 1485 Pachumii
1390 1424 1735 1500 [Pachomii],
1785 1423 1878 1494 qui

315 1537 439 1578 cum
485 1531 627 1578 esset
667 1522 823 1577 factis
871 1520 1173 1590 apostolica:
1215 1518 1403 1590 gratiae
1455 1516 1702 1587 insignis,
1762 1514 1881 1569 fun-

316 1615 575 1691 datorque
618 1613 834 1688 Egypti
867 1613 1253 1676 camobiorum,
1282 1610 1502 1679 scripsit
1522 1607 1880 1663 monasterio-

318 1720 436 1760 rum
464 1704 714 1777 Regulas,
746 1720 882 1773 quas
931 1702 1119 1773 angelo
1144 1701 1381 1756 dictante
1407 1699 1667 1753 didicerat
1712 1696 1874 1751 simul

1976 518 2135 572 tionis
2166 516 2380 571 Pudens
2408 516 2697 582 dedicavit,
2737 526 2793 571 et
2822 518 2924 572 hoc
2952 519 3234 575 consilium
3284 522 3428 577 inter
3457 538 3545 578 me

1973 617 2028 663 et
2068 607 2295 662 famulas
2329 606 2528 662 Christi
2565 607 2862 663 Praxedem
2908 616 2963 663 et
3004 609 3377 667 Potentianam
3420 613 3550 686 [Pu-

1975 696 2309 769 dentianam]
2353 696 2492 751 ﬁlias
2516 706 2763 753 sacratas
2789 700 3058 767 convenit,
3108 709 3170 755 ut
3205 701 3258 756 in
3294 703 3381 758 die
3426 720 3550 759 san-

1974 796 2076 843 cta:
2098 788 2341 851 Paschae;
2369 787 2494 857 quia
2522 787 2788 842 desiderio
2815 802 3001 843 carum
3043 797 3098 843 et
3142 791 3308 847 nimio
3355 794 3551 849 ardore

1977 879 2100 934 ﬁdei
2163 878 2534 949 urgebantur,
2592 885 2810 948 propter
2876 876 3134 932 familiam
3182 895 3546 948 communem,

1974 984 2095 1039 qua:
2117 968 2329 1038 gentilis
2373 978 2511 1032 erat,
2562 967 2615 1020 in
2644 967 2834 1022 eodem
2863 967 3017 1023 titulo
3044 967 3246 1024 fontem
3294 970 3549 1040 baptismi

1977 1068 2288 1115 construere
2314 1058 2685 1123 studuissent;
2730 1072 2893 1128 quem
2934 1058 3150 1113 titulum
3179 1069 3398 1116 sanctus
3424 1062 3554 1118 Pius

1978 1165 2141 1204 manu
2181 1164 2277 1203 sua
2324 1148 2700 1212 consecravit;
2756 1146 2847 1201 ubi
2902 1147 3179 1217 baptizata
3241 1156 3325 1203 est
3375 1151 3554 1206 omnis

1977 1238 2181 1323 familia
2208 1253 2412 1301 eorum,
2458 1246 2513 1291 ct
2548 1237 2929 1309 ingenuitatem
2968 1245 3153 1307 postea
3197 1242 3498 1308 promeruit
3531 1259 3548 1296 :

1978 1338 2166 1384 saneta
2192 1328 2525 1383 Pudentiana
2550 1336 2729 1382 autem
2770 1327 3087 1382 duodecimo
3111 1342 3254 1382 anno
3287 1329 3411 1383 vitae
3442 1345 3552 1385 sum

1979 1421 2265 1493 emigravit
2297 1423 2363 1475 ad
2393 1419 2698 1475 Dominum.
2741 1418 2941 1473 Eodem
2980 1417 3066 1472 die
3112 1418 3286 1472 natale
3335 1427 3550 1474 sancto-

1982 1528 2099 1568 rum
2154 1510 2417 1566 Calocerii
2468 1507 2752 1581 [Caloceri]
2810 1516 2865 1562 et
2910 1506 3223 1573 Parthenii,
3280 1510 3554 1565 eunucho-

1979 1618 2100 1658 rum
2149 1601 2336 1656 uxoris
2380 1599 2526 1654 Decii
2566 1599 2922 1668 imperatoris,
2980 1613 3210 1667 quorum
3251 1614 3389 1654 unus
3426 1613 3552 1654 cum

1978 1702 2122 1749 esset
2140 1691 2454 1762 praepositus
2479 1688 2729 1752 cubiculi,
2754 1688 2890 1742 alter
2924 1703 3052 1742 vero
3078 1688 3435 1758 primicerius,
3457 1703 3554 1744 no-

316 1804 372 1851 et
397 1795 464 1850 de
487 1767 724 1866 tempore
748 1767 1030 1851 Paschali:
1041 1793 1160 1862 Ipso
1191 1792 1281 1847 die
1301 1792 1356 1845 in
1386 1788 1543 1861 Syria
1570 1788 1764 1844 natalis
1792 1786 1881 1843 Vi—
1907 1767 1954 1826 Β
1982 1785 2152 1839 lentes
2169 1781 2477 1838 sacriﬁcare
2489 1779 2665 1845 idolis,
2689 1794 2720 1833 a
2740 1778 2902 1834 Decio
2923 1778 3090 1835 occisi
3109 1788 3253 1834 sunt.
3277 1779 3554 1850 Depositio

315 1885 483 1940 ctoris
532 1893 587 1941 et
625 1885 871 1951 Coronea,
909 1884 1008 1940 sub
1058 1882 1328 1937 Antonino
1360 1881 1701 1951 imperatore,
1749 1879 1885 1934 duce

315 1975 653 2033 Alexandria
678 1976 1015 2032 Sebastiano.
1057 1975 1190 2029 Erat
1233 1980 1413 2028 autem
1452 1971 1637 2026 Victor
1671 1971 1822 2025 miles
1850 1986 1883 2026 a

318 2065 525 2133 Cilicia,
567 2067 653 2122 cui
697 2066 1043 2123 Sebastianus
1104 2065 1158 2119 in
1209 2061 1546 2119 confessione
1592 2060 1716 2115 ﬁdei
1756 2074 1886 2116 con-

317 2157 480 2228 fringi
519 2159 712 2229 digitos
742 2167 797 2216 et
821 2159 976 2216 evelli
1002 2159 1162 2229 jussit
1182 2173 1213 2212 a
1234 2167 1394 2223 cute;
1425 2156 1618 2212 deinde
1657 2155 1803 2210 illum
1826 2156 1883 2209 in

320 2249 587 2305 caminum
616 2251 754 2322 ignis
780 2250 940 2317 mitti,
970 2250 1059 2305 ubi
1103 2248 1281 2304 triduo
1300 2260 1619 2318 permanens
1648 2261 1756 2301 non
1801 2255 1886 2300 est

319 2338 509 2405 laesus;
540 2340 731 2396 deinde
752 2354 1019 2396 venenum
1060 2339 1246 2394 bibere
1275 2336 1476 2404 jussus,
1506 2350 1613 2389 non
1638 2344 1721 2390 est
1742 2349 1886 2388 mor-

323 2436 464 2493 tuus,
490 2430 583 2485 sed
607 2429 903 2484 veneﬁcum
926 2429 1106 2498 potius
1129 2428 1197 2482 ad
1217 2426 1377 2481 ﬁdem
1407 2425 1709 2490 convertit;
1737 2424 1887 2480 dein-

321 2515 387 2571 de
424 2515 632 2583 iussum
678 2524 763 2573 est
796 2531 991 2573 nervos
1036 2515 1278 2586 corporis
1319 2515 1437 2586 ejus
1492 2514 1634 2577 tolli;
1692 2512 1888 2568 deinde

321 2604 499 2661 oleum
524 2605 754 2661 bulliens
788 2606 928 2660 mitti
958 2607 1010 2660 in
1033 2604 1296 2675 pudendis
1312 2604 1448 2674 ejus.
1490 2602 1620 2657 Post
1646 2600 1888 2670 hzecjus-

323 2696 395 2753 sit
420 2694 692 2769 lampades
714 2695 960 2754 ardentes
989 2708 1252 2766 suspenso
1298 2694 1366 2750 ad
1399 2693 1568 2749 latera
1597 2690 1885 2766 applicari;

324 2798 447 2858 post
494 2788 598 2844 hoc
649 2797 860 2843 acetum
910 2796 966 2842 et
990 2786 1191 2841 calcem
1217 2785 1377 2841 simul
1411 2784 1648 2849 misceri,
1689 2792 1744 2839 et
1772 2783 1889 2839 dari

325 2882 375 2936 ei
420 2880 478 2936 in
516 2895 628 2937 ore.
660 2880 860 2936 Deinde
889 2880 1074 2936 oculos
1098 2880 1253 2945 erui;
1287 2879 1409 2934 dein
1437 2879 1612 2933 triduo
1640 2880 1890 2933 deorsum

328 2971 502 3041 capite
535 2970 884 3042 suspendi,et
930 2971 1058 3025 dum
1103 2971 1280 3025 adhuc
1306 2970 1558 3039 spiraret,
1579 2969 1745 3040 jussit
1766 2980 1890 3024 eum

1981 1874 2184 1932 domini
2207 1872 2444 1927 Alcuini.

2048 1986 2163 2043 XIII
2215 1986 2346 2042 ΚΑι.
2399 1983 2586 2039 Passio
2639 1991 2944 2038 sanctorum
2990 1989 3284 2053 martyrum
3324 1993 3351 2022 ι
3382 1980 3557 2037 Cono-

1981 2078 2083 2143 nis,
2111 2085 2165 2134 et
2188 2077 2282 2131 ﬁlii
2306 2074 2442 2143 ejus,
2469 2075 2523 2128 in
2545 2074 2761 2129 civitate
2787 2072 2963 2127 lconia
3002 2072 3288 2141 provincia:
3314 2072 3549 2138 lsauritn,

1981 2178 2237 2244 regnante
2272 2167 2564 2223 Aureliano
2600 2174 2850 2232 tyranno,
2886 2163 2986 2219 sub
3006 2163 3310 2220 Domitiano
3336 2163 3551 2218 comite.

1981 2266 2117 2321 Nam
2139 2266 2251 2334 ipse
2294 2269 2510 2317 sanctus
2549 2258 2733 2315 Conon
2765 2256 2952 2311 habuit
2975 2269 3220 2321 uxorem,
3252 2261 3307 2309 et
3354 2254 3555 2308 disces-

1980 2358 2075 2423 sit,
2110 2362 2395 2423 castusque
2418 2348 2734 2421 permansit,
2761 2346 2966 2401 habens
2992 2344 3179 2409 ﬁlium,
3209 2352 3265 2398 et
3284 2342 3555 2412 accipiens

1983 2461 2105 2502 eum
2146 2441 2345 2499 mansit
2377 2443 2432 2496 in
2474 2439 2780 2495 solitudine.
2811 2436 3120 2491 Ambulavit
3177 2435 3319 2489 enim
3350 2435 3405 2489 in
3458 2433 3555 2489 riis

1984 2537 2172 2610 Moysi,
2202 2537 2482 2603 increpans
2509 2530 2721 2593 ﬂuctus,
2756 2529 2957 2583 faciens
2982 2529 3234 2581 mandata
3273 2526 3388 2581 Dei.
3424 2525 3555 2579 Erat

1985 2627 2128 2682 enim
2179 2637 2346 2693 prope
2374 2622 2488 2690 ipso
2514 2619 2631 2673 loco
2672 2616 2866 2671 ﬂuvius
2897 2625 3128 2678 torrens,
3172 2627 3334 2683 quem
3377 2611 3557 2666 nullus

1984 2724 2196 2793 poterat
2224 2716 2287 2773 de
2315 2715 2489 2771 "vicino
2516 2712 2634 2769 loco
2655 2725 2684 2767 a
2711 2708 3054 2767 multitudine
3079 2720 3232 2778 aqum
3280 2702 3511 2760 transire
3538 2718 3553 2756 :

1989 2811 2478 2884 appropiantevero
2507 2804 2699 2876 p0pulo
2730 2803 2989 2873 rogabant
3009 2809 3256 2854 sanctum
3284 2797 3559 2851 Cononem

1988 2911 2051 2957 ut
2077 2916 2141 2956 eo
2167 2895 2571 2959 transfretaret;
2602 2893 2888 2960 increpans
2909 2897 3128 2943 sanctus
3147 2884 3333 2940 Conon
3359 2896 3556 2951 aquam

1991 2993 2179 3050 statuit
2223 3005 2360 3052 eam,
2410 2995 2466 3042 ct
2503 2986 2709 3041 faciens
2745 2982 2885 3036 viam
2917 2980 3102 3036 eduxit
3129 2993 3270 3033 eam.
3326 2976 3563 3031 Descen-

327 3062 796 3178 il‘ffffri-‘Igﬂc
818 3060 1188 3178 I‘i‘iﬁgra‘cum
1218 3070 1362 3117 esset
1412 3076 1550 3178 “‘3?
1574 3061 1760 3118 mimis
1802 3076 1894 3116 ου’
1919 3115 1964 3178 C
1994 3083 2154 3138 dente
2201 3092 2332 3134 vero
2375 3070 2561 3131 sancto
2593 3072 2810 3127 Conone
2855 3070 2909 3123 in
2959 3066 3345 3123 monasterium
3382 3072 3583 3127 suum,‘

1068 3168 1127 3178 ..Α
1191 3159 1430 3178 Annal-Im
1526 3159 1745 3178 ,ΛΙΛ-Λ-νι
1794 3166 1890 3178 σι’-η
1998 3173 2008 3178 -
2051 3171 2065 3178 -
2326 3166 2338 3178 ι
2463 3172 2473 3178 .
2778 3167 2943 3178 ,-_-,-A
2986 3171 3152 3178 ---..---
3190 3155 3254 3178 -J
3297 3162 3506 3178 .-.αι-...ιι
3544 3166 3563 3178 ο

323 3152 558 3225 jusdam,
606 3153 770 3223 cmpit
817 3153 1129 3208 beatiﬁcare
1189 3159 1433 3207 sanctum
1477 3153 1746 3207 Victorem
1794 3166 1893 3222 pro

328 3244 499 3316 gloria
526 3244 790 3317 martyrii,
833 3251 888 3299 et
911 3245 1036 3300 dum
1072 3244 1175 3300 hoc
1210 3243 1431 3309 faceret,
1465 3242 1599 3298 vidit
1633 3242 1771 3297 duas
1800 3257 1894 3297 co-

331 3352 494 3393 ronas
516 3339 657 3394 casio
687 3337 949 3408 delapsas,
994 3351 1154 3391 unam
1200 3335 1425 3400 Victori,
1451 3343 1506 3389 et
1549 3334 1773 3389 alteram
1796 3333 1896 3389 sibi

334 3429 585 3496 missam;
642 3444 869 3499 cumque
891 3438 946 3484 et
964 3430 1067 3484 hoc
1094 3429 1301 3484 cunctis
1330 3428 1672 3483 audientibus
1709 3436 1896 3498 prote-

332 3526 589 3585 staretur,
611 3525 761 3573 tenta
790 3526 874 3573 est
918 3534 949 3573 a
973 3518 1126 3583 duce,
1160 3519 1476 3590 jussumque
1498 3518 1633 3573 duas
1678 3518 1898 3574 arbores

331 3607 525 3676 palmae
555 3608 766 3662 curvari
803 3608 871 3663 ad
916 3608 1166 3673 invicem,
1222 3616 1277 3662 et
1315 3607 1633 3663 cannabinis
1684 3606 1900 3662 funibus

332 3699 492 3770 ligari
519 3713 773 3754 coronam
818 3699 872 3755 in
895 3708 1147 3768 utraque,
1199 3699 1448 3753 manibus
1483 3707 1539 3753 et
1565 3698 1808 3767 pedibus,
1846 3707 1900 3754 et

334 3790 410 3845 sic
428 3789 649 3845 arbores
676 3790 890 3855 dimitti,
912 3790 1053 3858 quod
1072 3790 1198 3844 dum
1218 3789 1388 3853 ﬁeret,
1415 3789 1583 3843 divisa
1596 3788 1901 3844 estCorona

335 3879 389 3934 in
428 3879 562 3933 duas
587 3886 785 3947 partes.
817 3878 947 3931 Erat
985 3886 1164 3933 autem
1190 3891 1452 3931 annorum
1474 3876 1728 3932 sedecim.
1765 3875 1901 3930 Tum

335 3986 548 4043 quoque
583 3972 769 4028 Victor
795 3970 1113 4037 decollatus,
1138 3976 1194 4025 et
1235 3969 1349 4039 ipse
1372 3968 1614 4025 victoriae
1646 3968 1903 4037 perennis

337 4061 665 4130 triumphum
683 4060 900 4116 meruit.

406 4151 689 4207 101308.111
723 4150 937 4222 Syrmio
958 4150 1151 4205 natalis
1190 4146 1459 4204 Timothei
1499 4154 1555 4201 et
1603 4160 1698 4200 sex
1741 4144 1908 4216 virgi-

340 4257 486 4297 num.
521 4242 588 4297 Et
609 4243 663 4297 in
683 4243 933 4298 Sardinia
971 4242 1154 4297 natale
1184 4239 1447 4311 Simplicii
1472 4238 1815 4310 presbyteri;
1850 4245 1906 4294 et

258 4340 263 4345 ‘
339 4333 393 4387 in
416 4333 634 4389 civitate
673 4333 962 4399 Filasiana,
993 4331 1227 4388 Rosulze.

1989 3171 2186 3244 jubens
2216 3166 2373 3236 aquis
2420 3172 2482 3220 ut
2513 3178 2621 3218 non
2663 3167 2945 3216 currerent
2985 3171 3156 3226 usque
3189 3155 3257 3210 ad
3297 3162 3510 3223 tempus
3544 3166 3563 3205 :

1995 3241 2188 3320 deinde
2230 3257 2459 3328 implens
2504 3268 2563 3310 se
2608 3268 2747 3322 aqua
2791 3248 3071 3305 inundavit
3106 3244 3418 3316 plurimum.
3462 3241 3569 3298 Co-

1995 3364 2257 3424 gnoscens
2284 3354 2501 3403 sanctus
2542 3342 2726 3398 Conon
2783 3338 2925 3410 quod
2952 3335 3152 3391 factum
3198 3334 3409 3395 fuisset,
3438 3344 3566 3401 per-

1996 3422 2128 3514 gens
2156 3438 2274 3494 veni
2353 3436 2421 3491 ad
2460 3433 2676 3498 flumen,
2693 3430 2887 3501 jubens
2916 3428 2966 3483 ei
2996 3434 3056 3482 ut
3084 3426 3154 3480 ita
3186 3429 3429 3479 curreret
3456 3422 3563 3475 sic—
3613 3461 3625 3472 .

1996 3511 2057 3587 ut
2095 3544 2287 3586 cursus
2338 3525 2454 3595 ejus
2493 3532 2611 3579 erat
2646 3521 2940 3577 secundum
2972 3514 3397 3573 misericordiam
3425 3511 3520 3566 Dei
3553 3528 3569 3565 :

1998 3621 2140 3676 unde
2187 3620 2451 3674 hactenus
2474 3629 2660 3670 omnes
2685 3612 2990 3667 habitantes
3017 3610 3265 3663 hetantur
3285 3607 3353 3660 ab
3382 3619 3465 3668 eo,
3509 3612 3563 3657 et

2000 3712 2253 3782 subjecta:
2284 3715 2407 3762 sunt
2433 3706 2482 3760 ei
2510 3721 2613 3760 non
2642 3703 2812 3758 solum
2843 3716 3017 3770 aquae,
3046 3698 3139 3754 sed
3159 3705 3214 3753 et
3239 3695 3414 3751 omnis
3449 3695 3565 3763 ipsa

2000 3814 2165 3860 terra.
2208 3799 2541 3871 Completum
2589 3804 2672 3852 est
2717 3794 2884 3856 enim,
2930 3791 3073 3861 quod
3136 3788 3395 3858 scriptum
3444 3793 3568 3838 est:

2003 3893 2157 3962 Quod
2193 3893 2238 3947 si
2267 3889 2551 3945 habueritis
2600 3887 2758 3956 ﬁdem
2798 3896 3044 3953 tanquam
3084 3894 3304 3951 granum
3345 3875 3566 3945 sinapis,

2003 3985 2154 4040 dicite
2178 3983 2298 4037 huic
2324 3981 2484 4034 monti
2512 3994 2530 4032 :
2562 3976 2750 4030 Transi
2785 3973 2997 4045 (Matth.
3029 3970 3194 4041 xvtt);
3248 3976 3303 4022 et
3338 3981 3441 4020 non
3474 3979 3568 4019 so-

2003 4076 2114 4130 lum
2154 4072 2305 4143 aquis
2332 4072 2583 4140 imperat,
2605 4065 2696 4123 sed
2727 4074 2778 4120 et
2804 4064 3050 4119 fluctibus
3068 4062 3241 4132 jubet.
3272 4057 3406 4112 Nam
3437 4071 3571 4125 pne.

2006 4167 2180 4223 dictus
2221 4163 2577 4226 Domitianus,
2624 4171 2923 4226 agnoscens
2949 4156 3204 4209 virtutem
3231 4149 3406 4205 sancti
3450 4147 3571 4213 viri,

2006 4257 2196 4313 ascivit
2218 4269 2341 4310 eum
2368 4253 2434 4307 ad
2462 4266 2520 4307 se
2545 4257 2600 4305 et
2626 4249 2793 4303 lilium
2819 4247 2954 4318 ejus,
2983 4252 3039 4300 et
3063 4252 3315 4312 torquere
3334 4254 3429 4295 eos
3463 4236 3581 4307 jus-

2007 4348 2080 4403 sit
2124 4346 2177 4400 in
2219 4342 2476 4400 craticula
2525 4355 2685 4410 super
2737 4338 3000 4394 carbones
3066 4332 3315 4388 ardentes
3382 4329 3576 4400 posita,

411 4423 934 4480 XVIIKALJUMAS.
986 4423 1045 4477 ln
1091 4422 1310 4479 civitate
1334 4419 1521 4476 Picine
1543 4418 1764 4474 Ausimo
1807 4432 1904 4472 na-
1930 4438 2123 4511 Doleo
2168 4438 2221 4492 ίη
2269 4437 2446 4507 ignem
2499 4431 2638 4497 fuso,
2687 4429 2782 4485 sed
2828 4429 3043 4483 vincere
3091 4439 3184 4479 eos
3233 4438 3338 4477 ιιυη
3381 4420 3577 4489 potuit,

339 4515 446 4571 tale
492 4516 809 4572 Diocletiani
855 4523 912 4571 et
944 4514 1261 4570 Florentini.
1308 4514 1366 4567 lu
1412 4511 1755 4566 Antisiodoro
1781 4524 1906 4579 pas-

341 4606 422 4660 sio
467 4606 641 4661 sancti
677 4604 997 4675 Peregrini,
1050 4605 1209 4674 primi
1272 4603 1507 4673 episcopi
1564 4602 1731 4671 ipsius
1777 4599 1911 4654 civi-

344 4695 488 4749 tatis.
532 4693 590 4747 In
640 4694 934 4749 Trecasine
982 4693 1243 4764 depositio
1280 4691 1473 4756 Fidoli,
1515 4689 1815 4761 presbyteri
1855 4694 1911 4741 et

343 4782 688 4838 confessoris.

413 4873 530 4929 XVI
550 4874 683 4930 KAL.
719 4873 779 4929 In
801 4873 1123 4931 Alexandria
1146 4870 1325 4928 natale
1348 4869 1621 4934 Adrionis,
1676 4867 1911 4925 Victoris

344 4974 401 5020 et
441 4967 666 5022 Basillae.

416 5055 529 5111 XV.
574 5056 711 5111 ΚΑι..
780 5055 997 5113 Hortasi
1039 5062 1094 5111 et
1141 5051 1451 5125 Serapionis
1487 5046 1810 5121 presbyteri,
1855 5054 1912 5103 et

345 5145 511 5202 Marci
550 5162 719 5219 papae,
747 5155 803 5203 et
828 5145 1178 5202 Potamionis.

415 5236 533 5293 XIV
574 5236 945 5293 KAL.SanCtae
994 5236 1339 5291 Pudentianre
1383 5232 1629 5305 virginis,
1664 5243 1784 5299 qua:
1807 5227 1910 5282 fuit

349 5328 456 5384 ﬁlia
488 5329 744 5385 Pudentis
769 5337 824 5383 et
857 5342 1012 5383 soror
1036 5327 1293 5381 Praxcdis
1313 5324 1556 5397 virginis.
1588 5323 1703 5392 Ipsa
1732 5327 1911 5373 autem

349 5434 502 5474 soror
539 5420 796 5476 Praxedis
849 5428 903 5474 et
947 5417 1294 5481 Pudentiana,
1345 5430 1559 5471 omnem
1601 5411 1912 5468 facultatem

352 5511 648 5566 dividentes
675 5511 816 5566 inter
844 5524 926 5577 se,
968 5514 1247 5579 coeperunt
1294 5505 1527 5560 vendere
1562 5517 1721 5558 omne
1746 5499 1914 5571 patri-

354 5603 593 5657 monium
634 5609 689 5656 ct
708 5615 927 5671 erogare
951 5597 1290 5671 pauperibus.
1336 5596 1393 5650 ln
1425 5595 1612 5650 eodem
1643 5609 1769 5649 vero
1796 5592 1915 5647 loco

2010 4532 2134 4603 quia
2179 4530 2321 4585 Deus
2364 4528 2429 4582 de
2478 4525 2598 4596 igne
2648 4536 2742 4578 eos
2791 4517 3077 4583 liberavit;
3107 4522 3295 4585 postea
3327 4511 3577 4590 malleum

2011 4623 2245 4693 ligneum
2277 4615 2493 4681 aﬁ'crre,
2550 4623 2601 4668 ct
2649 4626 2841 4667 manus
2885 4622 3071 4663 eorum
3123 4612 3400 4659 conterere
3447 4615 3585 4669 prse-

2011 4684 2189 4780 cepit;
2228 4706 2321 4762 sed
2344 4706 2442 4774 ipsi
2475 4704 2526 4757 in
2556 4702 2658 4756 ﬁde
2681 4707 2854 4768 empta
2876 4698 3373 4766 perseveraverunt,
3399 4690 3583 4756 sicque
3640 4684 3643 4688 ’

2011 4799 2309 4855 orationem
2337 4794 2598 4848 facientes
2623 4790 2960 4845 tradiderunt
2989 4784 3257 4854 spiritum,
3288 4780 3581 4850 migrantes

2014 4890 2081 4944 ad
2108 4886 2343 4944 coelestia
2366 4897 2551 4955 regna.

2084 5020 2178 5076 ΧΠ
2216 5020 2352 5075 ΚΑι..
2423 5016 2483 5071 In
2551 5012 2872 5069 Mauritania
2935 5007 3116 5065 natale
3187 5001 3475 5065 Timothei,
3530 5006 3585 5055 et

2015 5114 2073 5169 in
2117 5113 2374 5167 Ravenna
2439 5106 2731 5178 Martyrize.
2781 5103 2841 5158 In
2893 5100 3109 5156 civitate
3156 5089 3583 5150 Antisiodorcnsi

2011 5201 2275 5272 depositio
2316 5198 2463 5255 beati
2502 5196 2650 5251 Vatis
2697 5187 2985 5266 [Valentis]
3016 5183 3319 5259 presbyteri
3358 5190 3414 5237 et
3458 5196 3584 5236 con-

2010 5294 2255 5353 fessoris.
2614 5334 2617 5339 .

2069 5402 2141 5458 XI
2165 5402 2297 5457 ΚΑι..
2328 5399 2386 5455 ln
2413 5398 2610 5459 Africa,
2635 5394 2782 5450 Casti
2806 5400 2862 5448 et
2883 5389 3039 5446 Emili
3068 5385 3342 5460 [Emilii],
3371 5383 3463 5453 qui
3489 5396 3585 5452 per

2012 5497 2191 5568 ignem
2220 5493 2524 5563 passionem
2553 5490 3060 5544 consummaverunt
3092 5499 3105 5534 :
3150 5478 3342 5536 scribit
3362 5474 3586 5547 Cypria-

2018 5601 2119 5640 nus
2138 5584 2278 5638 libro
2303 5582 2367 5636 de
2390 5579 2602 5663 Lapsis.

425 5727 448 5755 ιι
482 5715 553 5770 De
585 5711 686 5767 illis
716 5712 1035 5782 martyribus
1066 5725 1158 5765 nos
1188 5707 1302 5763 fuse
1324 5706 1673 5763 disseruimus
1717 5704 1769 5758 in
1800 5697 2032 5758 llistoria
2068 5692 2462 5751 Ecclesiastica.
2516 5690 2674 5744 Busa.
