4112 6364
585 270 722 329 1147

1212 264 1275 322 Β.
1311 263 1567 322 RABANI
1602 260 1822 352 Μᾼυίὶί
1859 210 2179 317 A‘RCIIIEP.
2221 258 2527 319 MOGUNT.
2566 259 2850 322 OPERUM
2886 262 3066 323 PARS
3102 264 3167 323 ll.

3716 273 3909 330 1148

654 384 700 441 Χ
720 380 854 441 ΚΑι..
898 381 1084 441 Passio
1111 380 1285 439 sancti
1319 378 1583 436 Desiderii
1635 375 1872 449 episcopi
1900 383 1957 433 ct
2006 388 2153 433 mar-
2178 375 2228 437 A
2256 371 2420 447 [Syci
2440 374 2460 447 ]
2482 383 2537 432 et
2552 376 2779 450 Palatini
2798 418 2813 445 ,
2839 381 2931 450 qui
2971 382 3139 438 multa
3179 391 3446 442 tormenta
3475 395 3733 459 propter
3762 404 3866 446 no
3890 423 3903 434 -

579 475 736 533 tvris.

603 491 881 620 Kac.
921 561 981 618 In
1001 561 1187 618 Galliae
1213 561 1432 617 civitate
1457 558 1759 615 Mammetis
1827 557 2008 613 natale
2029 571 2152 613 sau-

575 664 791 714 ctorum
815 653 1098 726 Rogatiani
1118 662 1175 709 et
1194 652 1501 717 Donatiani,
1526 665 1904 724 germanorum
1930 656 1985 704 et
2014 663 2149 703 mar-

577 753 782 819 tyrum.

654 840 760 895 Vill
788 838 920 895 ΚΜ..
947 838 1133 894 [tenue
1158 836 1330 894 sancti
1360 835 1593 893 Urbana:
1625 851 1775 905 papae
1796 844 1851 889 et
1880 836 2152 891 confesso-

578 931 656 987 ris
682 928 1003 1003 [martyris],
1031 929 1185 1000 cujus
1206 926 1451 985 doctrina
1489 925 1643 981 multi
1695 928 1958 997 martyrio
1997 942 2152 984 coro-

576 1023 692 1077 nati
719 1030 865 1077 sunt.

652 1113 738 1168 Vll
759 1112 893 1168 ΚΑι..
931 1112 988 1168 In
1025 1111 1302 1167 Britannia
1337 1109 1595 1181 depositio
1615 1108 1916 1181 Augustini,
1986 1108 2152 1179 primi

574 1202 871 1274 Anglorum
897 1201 1151 1271 episcopi.
1185 1199 1387 1254 Eodem
1432 1197 1520 1253 die
1545 1197 1733 1255 Romae
1780 1199 1963 1270 passio
2013 1197 2151 1253 Mar-

572 1290 751 1346 cellini
782 1306 953 1361 papa),
997 1289 1092 1360 qui
1118 1287 1450 1360 temporibus
1470 1286 1783 1343 Diocletiani
1821 1302 2013 1357 passus
2040 1295 2145 1354 est,

574 1395 683 1450 quo
729 1388 970 1451 tempore
1000 1377 1103 1434 fuit
1134 1378 1440 1451 persecutio
1474 1394 1693 1449 magna,
1753 1387 1811 1434 ut
1859 1379 2004 1434 intra
2043 1379 2146 1434 tri-

570 1471 720 1542 ginta
764 1470 880 1527 dies
902 1469 1287 1541 septemdecim
1328 1468 1495 1524 millia
1537 1468 1815 1524 hominum
1852 1469 2145 1542 promiscui

569 1577 732 1618 sexus
776 1577 875 1632 per
918 1561 1162 1616 diversas
1182 1561 1490 1632 provincias
1520 1561 1781 1633 martyrio
1819 1577 2145 1618 coronaren-

2249 479 2372 521 mcn
2400 465 2601 523 Christi
2635 470 2775 539 passi
2798 480 2944 528 sunt.

2316 555 2361 612 ll
2387 557 2518 613 KAL.
2552 559 2735 616 Romae
2775 564 3029 619 nativitas
3065 564 3385 624 Petronellat
3410 568 3678 640 virginis,
3725 570 3893 631 ﬁrm

2249 648 2422 703 sancti
2447 647 2588 704 Petri
2618 652 2869 720 apostoli,
2894 669 3056 723 quam
3082 657 3273 712 beatus
3295 660 3602 729 apostolus,
3635 678 3883 734 rogan-

2250 738 2393 794 tibus
2416 739 2684 807 ﬁdelibus,
2714 758 2745 797 a
2765 744 2999 816 paralysi
3026 748 3265 814 sanavit;
3293 750 3388 805 sed
3412 751 3607 806 statim
3636 761 3701 806 ut
3724 769 3881 808 sur-

2248 832 2388 885 rexit
2424 846 2573 896 saua,
2628 839 2682 889 ct
2730 835 3093 892 ministerium
3134 839 3390 908 explevit,
3441 840 3653 895 iterum
3678 843 3882 912 jussit

2248 936 2369 977 eam
2393 924 2460 978 ad
2493 925 2774 995 grabatum
2806 927 3003 984 redire.
3031 929 3103 983 At
3134 930 3225 986 ubi
3264 931 3319 985 iu
3354 932 3451 987 Dei
3490 933 3702 989 timore
3738 949 3877 991 cce-

2249 1014 2325 1085 pit
2364 1031 2484 1071 esse
2516 1015 2793 1087 perfecta,
2827 1035 2932 1075 non
2965 1021 3135 1076 solum
3181 1023 3295 1092 ipsa
3335 1024 3545 1080 salvata
3580 1034 3703 1091 est,
3755 1030 3877 1083 sed

2248 1106 2412 1162 etiam
2458 1106 2704 1176 plurimis
2734 1112 3069 1179 recuperavit
3109 1112 3164 1167 in
3195 1113 3389 1169 melius
3422 1115 3539 1171 suis
3565 1118 3877 1172 orationi-

2245 1197 2349 1253 bus
2381 1199 2688 1254 sanitatem.
2729 1200 2796 1255 Et
2817 1202 3073 1271 quoniam
3095 1204 3259 1259 nimis
3278 1207 3523 1276 speciosa
3559 1216 3720 1272 erat,
3748 1224 3871 1264 vre-

2246 1288 2328 1342 nit
2360 1289 2429 1344 ad
2471 1304 2590 1344 eam
2639 1289 2863 1348 Flaccus
2899 1308 3085 1350 comes
3128 1310 3249 1350 cum
3292 1297 3553 1353 militibus
3604 1308 3677 1354 ut
3719 1314 3871 1356 ean

2245 1381 2346 1437 sibi
2389 1397 2613 1438 uxorem
2659 1384 2962 1453 acciperet;
3011 1387 3097 1441 cui
3135 1386 3438 1443 Petronella
3484 1390 3620 1444 ait:
3682 1408 3705 1442 ι
3758 1390 3873 1446 Ad

2244 1474 2476 1545 puellam
2512 1474 2776 1530 inermem
2800 1490 2924 1531 cum
2963 1477 3224 1534 militibus
3251 1480 3476 1535 armatis
3510 1481 3767 1548 venisti;
3806 1483 3881 1539 εἰ

2243 1578 2469 1619 uxorem
2496 1579 2582 1619 me
2613 1564 2813 1622 habere
2852 1566 2968 1633 vis,
3018 1567 3105 1624 l’ac
3132 1579 3407 1625 matronas
3448 1571 3711 1642 virgines
3739 1574 3859 1628 ho-

572 1660 665 1707 tur
720 1649 1029 1708 Christiani.
1078 1650 1155 1707 De
1201 1667 1309 1721 qua
1357 1666 1418 1707 re
1445 1660 1501 1708 et
1546 1652 1663 1721 ipse
1698 1651 2044 1733 Marcellinus
2072 1652 2142 1707 ad
2245 1665 2430 1715 aestas
2454 1656 2524 1713 ad
2549 1671 2635 1713 me
2664 1665 2787 1727 post
2820 1664 2931 1715 tres
2956 1659 3074 1716 dies
3098 1661 3300 1726 venire,
3325 1670 3385 1717 ut
3410 1677 3539 1717 cum
3562 1662 3715 1732 ipsis
3746 1679 3859 1719 ve-

568 1741 893 1798 sacriﬁcium
922 1742 1115 1798 ductus
1133 1749 1301 1798 estut
1333 1742 1691 1809 tlmrilicarct,
1720 1743 1862 1813 quod
1888 1752 1944 1798 et
1968 1743 2096 1800 fecit
2123 1761 2140 1811 ;
2170 1733 2220 1795 Β
2246 1749 2391 1804 niam
2411 1749 2480 1805 ad
2503 1749 2721 1807 domum
2743 1759 2909 1806 tuam.
2943 1771 2963 1806 ι
2993 1751 3218 1807 Factum
3242 1760 3325 1808 est
3353 1763 3537 1809 autem
3569 1763 3636 1808 ut
3669 1756 3859 1810 trium

564 1842 625 1889 et
661 1841 780 1904 post
831 1848 1034 1904 paucos
1080 1834 1215 1899 dies,
1248 1835 1568 1904 poenitentia
1592 1835 1803 1900 ductus,
1849 1836 1918 1891 ab
1951 1836 2142 1891 eodem

567 1920 898 1977 Diocletiano
937 1937 1036 1993 pro
1095 1922 1200 1979 ﬁde
1256 1922 1459 1980 Christi
1498 1938 1621 1978 cum
1650 1922 1909 1988 Claudio,
1957 1932 2012 1978 et
2045 1923 2148 1995 Cy-

567 2016 708 2084 rino,
757 2025 812 2073 et
841 2016 1097 2085 Antonio,
1125 2018 1303 2090 capite
1343 2025 1428 2075 est
1449 2026 1731 2074 truncatus
1763 2025 1818 2074 et
1850 2026 2145 2078 coronatus

566 2107 850 2179 martyrio.

638 2194 857 2252 VIKAL.
881 2195 936 2253 in
971 2194 1245 2254 Parisiaca
1268 2198 1486 2257 civitate
1521 2199 1775 2257 nativitas
1804 2198 1977 2254 sancti
2009 2196 2143 2253 Ger-

564 2289 713 2344 mani
732 2289 969 2360 episcopi
994 2299 1049 2346 et
1092 2289 1442 2358 confessoris,
1492 2292 1584 2362 qui
1625 2308 1693 2347 ex
1737 2290 2011 2346 nobilibus
2038 2305 2136 2361 pa-

562 2380 809 2438 rentibus
873 2391 1031 2439 natus
1071 2382 1201 2451 fuit;
1256 2385 1350 2441 sed
1397 2385 1526 2442 licet
1572 2402 1696 2441 eum
1749 2384 1980 2456 genitrix
2025 2384 2143 2455 ejus

564 2470 836 2529 malitiosa
875 2482 1058 2530 mente
1088 2473 1393 2531 interﬁcere
1434 2474 1716 2540 voluisset,
1749 2483 1928 2529 tamen
1958 2474 2142 2529 divino

565 2566 767 2625 auxilio
811 2583 843 2625 a
879 2566 1120 2640 periculo
1149 2567 1340 2623 mortis
1387 2567 1668 2630 liberatus,
1698 2566 1752 2621 in
1793 2566 2020 2637 pueritia
2040 2580 2138 2621 sua

565 2660 774 2718 sanctis
807 2659 940 2715 viris
965 2659 1032 2713 ad
1055 2658 1151 2713 Dei
1173 2659 1452 2713 servitium
1485 2657 1829 2713 nutriendum
1862 2672 2143 2712 commen-

566 2751 728 2806 datus
764 2748 1082 2820 proﬁciebat
1120 2749 1175 2804 in
1227 2749 1398 2820 gratia
1430 2747 1544 2803 Dei.
1589 2746 1878 2820 Presbyter
1922 2747 2140 2804 ordina-

565 2851 654 2903 tus
699 2859 729 2898 a
780 2841 1035 2915 pontiﬁce
1064 2841 1341 2905 Nectario,
1377 2840 1542 2897 abbas
1584 2840 1649 2895 ad
1701 2850 1945 2895 sanctum
1978 2839 2138 2910 Sym-

566 2934 882 3006 phorianum
920 2933 1116 3006 dignus
1140 2932 1412 2988 assistitur
1440 2950 1453 2986 :
1488 2931 1541 2985 in
1569 2946 1675 3000 quo
1697 2928 1872 2985 olﬁeio
1898 2946 2002 2985 non
2048 2945 2137 2986 so-

562 3025 678 3083 ιω
718 3024 1028 3090 virtutibus,
1077 3023 1171 3079 sed
1192 3023 1356 3078 etiam
1396 3021 1563 3091 signis
1614 3021 1724 3076 Deo
1762 3020 1990 3092 placitus
2015 3035 2135 3076 esse

565 3118 986 3174 demonstratur.
1023 3113 1217 3170 Postea
1242 3128 1371 3167 vero
1404 3113 1688 3181 cpiscopus
1732 3111 2016 3168 ordinatus
2040 3127 2135 3167 uo-

567 3207 745 3263 uiliter
784 3205 1115 3262 Parisiacam
1147 3203 1289 3258 rexit
1316 3201 1634 3268 Ecclesium,
1686 3201 1975 3272 multisque
2016 3216 2140 3271 pro-

568 3296 666 3351 fuit
720 3311 828 3353 non
901 3294 1075 3351 solum
1128 3294 1182 3349 iu
1255 3293 1542 3357 doctrina,
1598 3293 1699 3348 sed
1742 3294 1906 3349 etiam
1972 3300 2027 3348 et
2083 3292 2143 3347 in

566 3385 901 3441 inﬁmorum
950 3384 1249 3441 curatione.
1290 3383 1371 3439 Ad
1413 3391 1715 3439 extremum
1751 3399 1881 3439 vero
1910 3384 1966 3440 in
2023 3399 2141 3439 om-

564 3477 622 3535 ni
685 3476 828 3533 bono
873 3474 1145 3547 perfectus
1188 3473 1564 3545 octogenarius
1609 3472 1861 3543 migravit
1910 3474 1979 3529 ad
2036 3472 2142 3529 Do-

572 3568 792 3623 minum.

636 3656 680 3712 ν
702 3655 834 3712 ΚΜ..
864 3652 1137 3726 Depositio
1167 3652 1339 3709 sancti
1366 3650 1592 3707 Joannis
1615 3666 1788 3723 papae,
1824 3667 1984 3723 quem
2011 3653 2140 3723 quia

565 3746 899 3802 orthodoxns
925 3753 1063 3811 erat,
1095 3752 1151 3800 et
1178 3759 1208 3798 a
1237 3742 1450 3797 Iustino
1479 3742 1805 3812 imperatore
1840 3742 2140 3800 orthodoxe

574 3834 1082 3906 Joustantinopolim
1133 3827 1358 3890 veniens
1402 3831 1634 3903 gloriose
1662 3840 1948 3902 susceptus
1999 3840 2139 3900 erat,

577 3925 933 3982 l‘heodoricus
972 3938 1064 3979 rex
1120 3922 1354 3978 Arianus
1402 3929 1758 3977 revertentem
1801 3921 1854 3976 in
1884 3920 2141 3977 Ravenna

567 4016 622 4072 in
668 4014 911 4071 custodia
984 4020 1193 4068 tcutum
1237 4012 1307 4067 ad
1346 4020 1577 4068 mortem
1630 4025 1802 4081 usque
1848 4026 1972 4067 cum
2023 4011 2141 4068 aliis

574 4120 718 4176 nque
737 4104 1015 4160 catholicis
1059 4103 1190 4159 viris
1213 4103 1463 4175 perduxit
1490 4119 1559 4157 xv
1585 4102 1703 4157 Kal.
1735 4102 1942 4158 Junius.
1969 4101 2141 4172 Hujus

572 4195 812 4251 meminit
850 4204 1068 4251 sanctus
1127 4194 1421 4267 Gregorius
1480 4194 1533 4249 in
1583 4194 1723 4249 libro
1773 4195 2138 4266 Dialogorum,

572 4284 726 4355 cujus
773 4302 991 4358 corpus,
1022 4286 1340 4342 translatum
1366 4287 1433 4343 de
1456 4286 1734 4353 Ravenna,
1763 4288 2031 4357 sepultum
2058 4297 2143 4344 est

573 4394 626 4433 tu
651 4378 874 4434 basilica
894 4379 1063 4434 sancti
1079 4379 1223 4434 Petri
1250 4380 1478 4450 apostoli
1497 4396 1530 4435 v
1554 4379 1672 4435 Kal.
1698 4379 1903 4446 Junius,
1920 4379 2141 4452 Olybrio

573 4467 814 4523 consule.

640 4558 710 4614 IV
739 4555 875 4613 ΚΜ..
916 4556 972 4613 In
1001 4556 1240 4613 Treviris
1290 4557 1554 4629 depositio
1593 4559 1868 4616 Maximini
1905 4560 2140 4631 episcopi

572 4658 628 4708 et
651 4649 991 4707 confessoris.
1017 4649 1217 4705 Eodem
1240 4649 1325 4705 die
1355 4650 1408 4704 in
1436 4651 1653 4720 regione
1676 4651 1914 4723 Anagnia
1940 4650 2144 4724 [Anau-

573 4740 688 4815 nia]
733 4740 890 4810 juxta
951 4739 1322 4795 Tridentinam
1370 4741 1558 4797 urbem
1612 4741 1791 4813 passio
1831 4752 2140 4799 sanctorum

573 4840 874 4904 martyrum
922 4830 1145 4887 Sisinnii
1202 4830 1435 4899 diaconi,
1503 4840 1558 4887 et
1616 4830 1859 4903 Martyrii
1897 4831 2139 4900 lectoris,

577 4929 740 4993 atque
783 4920 1072 4977 Alexandri
1094 4920 1324 4987 ostiarii,
1351 4921 1443 4991 qui
1489 4920 1590 4977 sub
1646 4919 1903 4977 Stilicone
1924 4923 2143 4978 consule

572 5012 738 5080 passi,
784 5025 1037 5067 coronam
1077 5020 1511 5081 promeruerunt.
1552 5009 1687 5067 Nam
1710 5021 1930 5069 sanctus
1970 5013 2145 5069 Sisin—

575 5102 699 5157 nius
731 5103 904 5174 capite
948 5102 1073 5157 tuba
1119 5116 1420 5172 percussus,
1473 5111 1634 5175 atque
1673 5105 1958 5160 securibus
2014 5120 2144 5161 eon-

578 5191 755 5247 t‘ossus
817 5201 918 5249 est.
976 5192 1264 5265 llartyrius
1318 5192 1550 5251 fustibus
1598 5210 1786 5262 ausus,
1840 5195 2143 5253 Alexander

578 5282 732 5337 vivus
784 5283 978 5339 vinctis
1046 5284 1271 5354 pedibus
1338 5283 1631 5338 trahendus
1686 5285 2010 5355 apponitur,
2082 5292 2143 5341 ut

577 5386 681 5446 per
721 5373 1057 5443 scopulorum
1109 5374 1303 5430 itinera
1344 5374 1719 5444 palpitantium
1776 5376 2138 5432 membrorum

576 5470 761 5537 partes
803 5464 1113 5532 amitteret,
1165 5466 1336 5522 donec
1385 5467 1451 5522 al
1499 5468 1622 5522 vitae
1672 5467 1965 5523 terminum
2014 5483 2140 5537 pcr-

576 5551 809 5608 veniret.

650 5641 717 5698 lll
748 5643 879 5699 KAL.
917 5643 974 5698 in
1006 5644 1284 5702 Antiochia
1315 5656 1624 5705 sanctorum
1667 5654 1959 5720 martyrum
2009 5647 2141 5706 Sicii

2246 1839 2455 1896 dierum
2500 1849 2782 1910 acceptum
2824 1842 3058 1911 spatium
3102 1843 3254 1914 virgo
3295 1851 3483 1900 sancta
3517 1843 3765 1914 jejuniis
3792 1856 3860 1901 et

2244 1931 2579 1988 orationibus
2604 1942 2919 2004 occuparet,
2963 1934 3168 1991 habens
3210 1949 3393 1992 secum
3433 1945 3697 1992 sanctam
3728 1938 3857 1994 vir-

2244 2020 2424 2091 ginem
2465 2020 2779 2089 Feliculam,
2802 2023 3189 2081 collaetaueam
3214 2027 3473 2093 suam,_iu
3492 2027 3597 2085 Dei
3626 2029 3881 2085 timore-

2242 2107 2562 2179 perl'e'ctam.
2584 2108 2768 2167 Tertio
2784 2112 2967 2184 itaque
2996 2113 3085 2169 die
3109 2115 3339 2172 veniens,
3351 2118 3417 2171 ad
3442 2131 3569 2173 eam
3586 2128 3871 2177 sanctus.

2242 2200 2559 2259 Nicomedes
2600 2205 2904 2276 presbyter,
2948 2206 3239 2263 celebravit
3276 2210 3531 2280 mysteria
3584 2211 3850 2277 Christi;

2240 2292 2394 2363 virgo
2417 2301 2599 2351 autem
2627 2296 2992 2354 sacratissima
3021 2314 3161 2356 mox.
3177 2308 3236 2356 ut
3269 2298 3471 2357 Christi
3510 2315 3852 2359 sacramen—

2243 2390 2357 2438 tum
2401 2385 2629 2454 accepit,
2677 2386 2947 2448 reclinans
2973 2402 3035 2443 se
3061 2388 3119 2443 in
3141 2388 3414 2455 lectulum,
3459 2391 3648 2446 emisit
3671 2394 3851 2461 spis-i9

2242 2481 2387 2531 tum.
2404 2474 2608 2531 Eodem
2632 2475 2719 2531 die
2744 2478 3079 2548 martyrizati
3107 2488 3235 2534 sunt
3269 2480 3571 2537 beatissimi
3618 2493 3849 2555 marty-

2241 2582 2332 2623 res
2380 2566 2639 2635 Cautius,
2674 2569 2969 2626 Cantianus
3016 2578 3072 2625 et
3122 2570 3463 2638 Cantianilla,
3512 2573 3848 2643 imperante

2240 2656 2598 2725 Diocletiano,
2643 2667 2700 2716 et
2725 2669 2985 2731 regnante
3017 2660 3248 2719 Domino
3276 2673 3463 2721 nostro
3499 2662 3842 2723 JesuChri:

2238 2754 2343 2805 διο.

2814 2878 3214 2958 JUNIUS.

2307 3008 2441 3065 ΚΑι..
2468 3009 2587 3067 Jun.
2620 3013 2805 3069 Sancti
2837 3014 3143 3072 Nicomedis
3171 3018 3428 3089 martyris
3453 3020 3710 3077 ecclesiae
3739 3024 3837 3078 dc-

2237 3098 2457 3166 dicatio,
2489 3109 2545 3156 ct
2567 3101 2622 3155 in
2647 3102 3029 3161 Thessalonica
3062 3106 3243 3162 natale
3275 3107 3501 3177 Octavi,
3538 3119 3596 3164 et
3628 3112 3682 3166 in
3711 3113 3835 3167 Au-

2246 3189 2465 3255 tiochia,
2497 3191 2717 3247 Zosimi.

2306 3278 2377 3336 IV
2408 3279 2543 3337 Non.
2591 3281 2776 3339 Romre
2830 3283 3124 3340 Marcellini
3181 3288 3505 3359 presbyteri,
3558 3299 3619 3346 et
3674 3291 3845 3348 Petri.

2238 3376 2539 3440 exoreistzc,
2589 3376 2680 3445 qui
2710 3375 2906 3433 multos
2935 3378 2988 3433 in
3021 3395 3242 3435 carcere
3267 3380 3336 3435 ad
3369 3381 3529 3437 ﬁdem
3562 3384 3828 3440 erudien-

2240 3473 2342 3529 tes,
2369 3474 2489 3535 post
2518 3465 2652 3521 dura
2679 3466 2890 3522 vincula
2929 3477 2984 3524 et
3018 3468 3247 3538 plurima
3276 3479 3537 3525 tormenta
3566 3472 3846 3530 decollati‘

2238 3557 2484 3613 suntsub
2513 3558 2696 3628 judice
2725 3559 2964 3626 Sereno;
3019 3569 3076 3617 et
3103 3561 3195 3632 qui
3226 3576 3319 3618 cos
3349 3562 3652 3629 decollavit,
3683 3565 3843 3620 vidit-

2239 3647 2448 3703 animas
2475 3662 2660 3704 eorum
2691 3649 2968 3719 splendide
2995 3660 3216 3707 ornatas
3240 3654 3310 3707 ab
3349 3653 3547 3723 angelis
3575 3652 3717 3708 ferri
3748 3657 3825 3711 ad

2239 3736 2428 3802 caelos,
2457 3746 2506 3793 et
2540 3739 2909 3807 paenitentiam
2932 3755 3092 3811 agens
3120 3742 3219 3798 sub
3246 3742 3381 3797 Julio
3406 3757 3539 3813 papa
3563 3743 3829 3814 baptiza-

2242 3832 2328 3881 tus
2351 3836 2437 3881 est
2462 3826 2515 3881 in
2538 3836 2814 3884 senectute
2846 3844 2940 3885 sua
2974 3830 3192 3887 nomine
3232 3831 3544 3888 Dorothcus.
3575 3831 3704 3903 Ipso
3726 3835 3841 3890 die.

2240 3914 2296 3970 in
2338 3914 2596 3987 Lugdune
2635 3924 2836 3972 sancta:
2876 3917 3153 3975 Blandina:
3196 3934 3318 3975 cum
3361 3921 3642 3992 sexaginta
3690 3933 3833 3980 octo.

2240 4006 2590 4076 martyribus,
2641 4006 2727 4062 cui
2766 4021 2796 4061 a
2822 3998 2999 4077 prima
3040 4008 3160 4065 luce
3199 4025 3371 4081 usque
3413 4011 3480 4065 ad
3528 4026 3814 4082 vesperam

2241 4101 2507 4151 tormenta
2537 4111 2750 4167 semper
2783 4097 3122 4167 iunovantes,
3162 4102 3230 4156 ad
3271 4102 3520 4158 ultimum
3546 4105 3720 4161 victos
3751 4123 3821 4163 se

2242 4194 2474 4242 tortores
2516 4187 2845 4243 conﬁtentur
2880 4207 2893 4244 :
2923 4204 3044 4260 qum
3081 4199 3137 4246 et
3177 4194 3410 4248 secundo
3444 4195 3653 4264 pulsata
3688 4212 3823 4251 επις

2241 4275 2473 4332 ciatibus
2498 4292 2604 4332 non
2639 4288 2942 4348 superatur.
2993 4280 3177 4338 Tertio
3206 4298 3419 4353 quoque
3450 4286 3558 4352 die,
3584 4287 3817 4357 religata

2243 4369 2311 4424 ad
2340 4370 2574 4440 stipitem
2607 4379 2769 4440 atque
2794 4371 2848 4425 in
2874 4373 3052 4445 crucis
3090 4375 3305 4430 modum
3336 4376 3591 4440 distenta,
3619 4378 3805 4432 bestiis

2244 4457 2497 4529 pabulum
2547 4470 2901 4531 prteparatur.
2955 4461 3127 4530 Quam
3174 4479 3293 4519 cum
3324 4466 3470 4521 nulla
3511 4483 3579 4523 ex
3620 4467 3805 4523 bestiis

2245 4551 2466 4605 auderet
2490 4551 2776 4621 attingere,
2826 4568 3041 4608 rursum
3079 4564 3364 4611 revocatur
3397 4557 3463 4611 ad
3489 4572 3761 4615 carcerem
3788 4579 3824 4616 :.

2245 4647 2439 4712 quarto
2472 4640 2635 4696 etiam
2663 4641 2979 4698 verberibus
3014 4650 3164 4710 acta,
3193 4645 3468 4699 craticulis
3506 4658 3719 4713 exusta,
3755 4657 3811 4702 ct

2245 4728 2415 4783 multa
2463 4728 2566 4784 alia
2613 4744 2889 4800 perpessa,
2934 4730 3001 4787 ad
3029 4731 3274 4787 ultimum
3306 4733 3480 4804 gladio
3511 4734 3821 4806 jugulatur..

2246 4817 2398 4874 Tunc
2426 4827 2484 4874 et
2513 4819 2765 4875 Ponticus
2791 4836 2925 4893 puer
2952 4836 3215 4878 annorum
3242 4825 3544 4894 quindecim
3568 4841 3668 4896 per
3692 4843 3807 4882 om-

2247 4910 2335 4965 nia
2381 4919 2768 4967 tormentorum
2813 4927 3009 4983 genera
3038 4929 3162 4969 cum
3203 4916 3319 4986 ipsa
3346 4916 3727 4985 circumactus,
3757 4928 3824 4975 et.

2246 5010 2488 5057 materna
2508 5000 2625 5070 ejus
2647 5002 3018 5059 cohortatione
3038 5006 3324 5063 roboratus
3342 5015 3467 5063 ante
3496 5008 3644 5065 illam
3664 5026 3804 5065 mar-

2247 5095 2448 5166 tyrium
2501 5096 2918 5152 consummavit.
2969 5095 3083 5154 Sub
3134 5097 3406 5156 Antonino
3458 5102 3796 5171 imperatore,

2245 5185 2504 5256 scriptum
2534 5186 2587 5240 in
2611 5185 2845 5243 Historia
2869 5188 3269 5257 Ecclesiastica,
3299 5191 3391 5246 lib.
3422 5207 3475 5245 v.
3499 5192 3698 5248 Eodem
3720 5191 3799 5247 die

2245 5275 2438 5331 natalis
2481 5284 2566 5332 est
2602 5276 2810 5332 Erasmi
2855 5279 3129 5348 martyris,
3165 5280 3256 5349 qui
3294 5279 3346 5334 in
3384 5278 3591 5336 Libano
3631 5290 3807 5335 monte

2244 5382 2483 5423 eremum
2507 5368 2716 5437 petivit,
2752 5367 2932 5439 ibique
2960 5370 3162 5424 mansit
3181 5370 3337 5425 annis
3373 5380 3599 5441 septem,
3634 5371 3721 5426 ubi
3754 5380 3803 5426 et

2245 5460 2410 5516 multa
2443 5460 2701 5515 miracula
2741 5460 2900 5527 fecit;
2923 5462 3011 5516 hic
3050 5477 3082 5516 a
3124 5461 3453 5517 Diocletiano
3486 5463 3803 5531 imperatore

2245 5553 2663 5622 comprehensus
2711 5560 2929 5624 preptcr
2973 5553 3131 5608 tidem
3173 5552 3375 5608 Christi
3414 5553 3582 5608 multa
3621 5568 3805 5624 passus

2244 5653 2325 5703 est
2351 5663 2361 5698 :
2388 5643 2511 5714 quia
2544 5643 2687 5699 illum
2711 5642 2863 5713 jussu
2891 5643 3229 5713 imperatoris
3257 5643 3569 5715 nequissimi
3592 5643 3797 5699 carniﬁ-
