4112 6364
50 629 109 648 Α,ςί

7 1816 69 1854 ηιτςπ
81 1822 90 1854 '.

4 2007 92 2042 ΜΕ

328 343 353 399 ῃ
371 340 468 399 μθ
1630 321 2260 382 MARTYROLOGIUM.
3454 321 3595 383 “50

327 468 419 511 ces
441 450 670 507 fustibus
689 457 744 505 et
773 443 1064 518 plumbatis
1082 442 1394 508 caedebant;
1424 437 1667 510 plumbo,
1689 444 1743 493 et
1766 435 1904 507 pice,
1937 435 1987 495 A
2013 436 2301 491 habentem
2345 434 2508 506 jussit
2548 436 2842 506 plumbatis
2868 437 2999 493 caedi
3031 455 3044 491 :
3079 445 3264 508 postea
3285 452 3416 495 vero
3445 439 3594 496 misit

329 554 383 602 ct
409 543 664 615 sulphure
691 556 815 596 cum
844 553 968 594 cera
997 545 1052 592 et
1077 535 1194 590 oleo
1222 533 1447 588 ferventi
1477 529 1901 601 perfundebaut;

327 644 515 706 postea
545 632 598 687 in
621 645 897 687 carcerem
921 629 1146 683 missum
1168 625 1406 696 pondere
1429 621 1557 678 ferri
1582 622 1904 693 gravabant,

329 725 473 796 quod
499 721 712 779 Domini
741 720 940 776 virtute
968 719 1022 772 in
1052 716 1291 772 cinerem
1317 729 1532 770 versum
1553 721 1666 779 est,
1690 720 1746 768 et
1776 711 1906 766 nihil

328 831 454 872 eum
483 815 652 881 laesit;
700 814 812 883 ipse
841 827 972 866 vero
1003 818 1242 864 mortuos
1283 807 1583 872 suscitavit,
1625 816 1678 862 et
1710 805 1907 861 multos

329 907 535 964 debiles
573 906 804 961 sanavit.
843 902 1044 958 Deinde
1072 915 1202 955 vero
1239 899 1308 953 ab
1337 898 1530 970 angelo
1558 898 1770 953 Domini
1813 897 1908 951 ad-

329 997 598 1059 monitus,
644 995 699 1048 in
737 991 943 1046 Italiam
977 989 1246 1060 perrexit,
1287 989 1379 1043 ubi
1418 996 1472 1043 et
1505 1003 1534 1041 a
1580 987 1906 1042 Maximiano

330 1089 656 1158 imperatore
707 1085 875 1152 multa
924 1092 1191 1139 tormenta
1230 1097 1439 1152 passus,
1488 1082 1556 1136 ad
1605 1088 1906 1136 extremum

327 1194 452 1235 cum
477 1177 654 1248 palma
677 1174 921 1246 martyrii
951 1175 1017 1229 ad
1037 1181 1293 1228 aeternam
1323 1173 1490 1226 vitam
1519 1171 1786 1242 migravit.
1822 1170 1906 1224 Si-

328 1267 530 1323 militer
567 1267 683 1337 ipsa
710 1265 844 1320 feria
870 1263 1017 1318 Junii
1047 1263 1248 1317 mensis
1277 1261 1545 1316 festivitas
1569 1268 1655 1315 est
1684 1259 1906 1315 Bonifa-

327 1361 399 1418 cii
446 1361 734 1431 martyris,
784 1359 876 1428 qui
925 1357 1257 1426 temporibus
1291 1355 1608 1411 Diocletiani
1647 1364 1703 1411 et
1737 1354 1910 1410 Maxi-

328 1452 494 1506 miani
535 1451 921 1521 imperatorum
955 1463 1054 1519 pro
1085 1448 1303 1504 nomine
1327 1447 1531 1503 Christi
1570 1462 1763 1518 passus
1799 1454 1904 1502 est.

327 1541 482 1598 Hunc
517 1555 648 1598 vero
684 1556 781 1596 sua
805 1541 1046 1606 domina,
1091 1541 1310 1596 nomine
1349 1539 1564 1610 Aglaes,
1608 1556 1637 1594 a
1664 1539 1907 1595 Romana

327 1637 480 1702 urbe,
514 1635 640 1690 licet
667 1649 788 1690 cum
820 1649 884 1690 ea
911 1634 1234 1688 adulterium
1263 1641 1690 1704 perpetraverat,
1725 1640 1907 1687 trans-

328 1729 473 1783 misit
513 1729 568 1783 in
610 1728 725 1784 loca
762 1728 852 1782 ubi
885 1726 1316 1782 Christianorum
1348 1725 1581 1780 maxima
1601 1725 1906 1795 persecutio

2006 541 2128 580 eum
2171 526 2223 579 in
2254 541 2547 593 carcerem,
2593 535 2646 582 et
2685 543 2858 598 neque
2887 529 3066 584 cibum
3110 544 3283 598 neque
3315 545 3508 600 aquam
3534 531 3585 586 ei

2007 617 2219 672 sinebat
2271 618 2533 688 praebere.
2591 617 2793 672 Deinde
2843 617 3083 674 Primum
3136 620 3386 674 similiter
3428 619 3592 691 jussit

2007 709 2238 764 fustibus
2281 708 2434 763 credi.
2482 708 2612 762 Dein
2647 723 2777 763 vero
2820 709 2873 762 in
2921 710 3318 780 amphitheatro
3371 717 3591 766 sanctos

2006 811 2274 872 martyres
2296 800 2541 856 leonibus
2570 802 2707 856 tradi
2732 802 3005 871 praecepit,
3038 801 3129 856 sed
3161 802 3307 856 nullo
3335 803 3494 857 modo
3520 801 3591 858 ab

2006 896 2086 950 eis
2127 895 2238 949 laesi
2278 904 2423 960 sunt,
2461 895 2604 964 quod
2641 894 2887 950 videntes
2929 895 3101 949 turba:
3144 895 3486 949 crediderunt
3534 895 3590 949 in

2006 986 2280 1042 Christum
2303 987 2422 1056 plus
2440 1002 2602 1057 quam
2625 987 2770 1041 mille
2797 986 3097 1058 quingenti.
3127 986 3428 1041 Novissime
3460 1002 3588 1042 vero

2008 1079 2180 1134 sancti
2217 1085 2482 1147 martyres
2511 1093 2542 1131 a
2571 1077 2827 1147 praedicto
2855 1077 3052 1132 comite
3076 1076 3323 1132 dccollati
3363 1085 3508 1142 sunt,
3534 1084 3591 1134 et

2009 1185 2040 1224 a
2065 1167 2362 1224 cultoribus
2398 1166 2596 1222 Christi
2629 1168 2683 1221 in
2715 1176 2838 1237 apto
2866 1166 2986 1222 loco
3026 1167 3242 1237 sepulti.
3277 1166 3476 1221 Eodem
3503 1167 3591 1222 die

2008 1258 2261 1313 nativitas
2288 1255 2486 1312 Gctulii
2517 1257 2790 1328 martyris,
2831 1257 2922 1325 qui
2953 1256 3051 1312 sub
3084 1255 3321 1310 Adriano
3351 1255 3586 1326 impera-

2008 1359 2128 1407 tore
2150 1365 2338 1421 passus
2367 1357 2470 1404 est.
2502 1349 2636 1404 Nam
2667 1365 2789 1404 cum
2812 1357 2957 1404 esset
2991 1347 3507 1413 Christianissimus,
3535 1354 3592 1403 et

2009 1442 2206 1498 multas
2235 1441 2604 1512 eleemosynas
2631 1447 2686 1494 et
2717 1439 2857 1494 bona
2900 1455 3061 1509 opera
3091 1437 3327 1503 fecisset,
3360 1437 3593 1493 traditus

2008 1540 2092 1588 est
2127 1532 2194 1586 ah
2243 1531 2568 1600 imperatore
2615 1529 2822 1585 Cereali
2868 1528 3072 1583 vicario
3118 1544 3215 1583 suo
3260 1527 3326 1582 ad
3365 1528 3594 1596 punien-

2007 1624 2156 1679 dum.
2194 1623 2300 1678 Sed
2337 1629 2557 1677 sanctus
2601 1620 2846 1676 Cetulius
2882 1635 3012 1675 sana
3054 1619 3434 1690 praedicatione
3462 1632 3592 1672 con-

2009 1715 2174 1770 vertit
2215 1729 2341 1769 eum
2383 1713 2451 1768 ad
2498 1712 2659 1766 fidem
2688 1710 2904 1765 Christi.
2945 1709 3098 1764 Sicut
3132 1717 3186 1764 et
3224 1707 3353 1763 fecit
3389 1706 3592 1760 Aman-

327 1818 450 1885 fuit,
481 1829 540 1874 ut
565 1818 791 1887 alicujus
817 1818 992 1873 sancti
1027 1833 1224 1888 corpus
1249 1817 1421 1888 pretio
1450 1791 1772 1888 acquisitum
1803 1815 1906 1871 sibi
1935 1791 1983 1851 Β
2007 1807 2143 1862 tium
2165 1807 2462 1871 tribunum,
2509 1803 2733 1858 fratrem
2772 1803 2960 1872 ipsius.
3001 1800 3232 1856 Sanctus
3259 1815 3383 1854 vero
3409 1798 3596 1855 Sixtus

325 1911 588 1968 afferret:
619 1912 733 1980 ipse
780 1920 958 1968 autem
1011 1911 1271 1967 obediens
1320 1911 1481 1967 dictis
1521 1910 1752 1966 dominae
1796 1925 1908 1966 sure

324 2001 565 2070 perrexit
609 2001 755 2066 illuc,
807 2010 864 2056 et
912 2002 1054 2056 inter
1096 2001 1431 2057 Christianos
1479 2001 1908 2070 comprehensus

324 2093 476 2152 iussu
501 2093 762 2162 principis
787 2093 1022 2163 primum
1063 2093 1167 2148 olla
1200 2091 1428 2147 ferventi
1474 2108 1598 2147 cum
1639 2092 1758 2162 pice
1784 2107 1912 2163 per-

321 2181 483 2241 fusus
499 2191 605 2247 est,
631 2184 726 2238 sed
753 2184 808 2238 in
837 2184 982 2239 nullo
1015 2184 1193 2250 laesus,
1227 2185 1296 2239 ab
1325 2183 1653 2253 spiculatore
1679 2199 1907 2254 percus-

323 2285 438 2337 sus,
482 2287 516 2328 ι
553 2275 838 2331 comitibus
879 2293 1012 2343 SUIS,
1057 2278 1148 2347 qui
1193 2291 1376 2332 secum
1414 2279 1734 2346 pergebant,
1787 2287 1912 2348 post

324 2369 570 2440 martyrii
609 2369 842 2438 palmam
882 2369 949 2422 ad
991 2369 1264 2424 dominam
1305 2383 1458 2422 suam
1498 2370 1754 2423 reductus
1802 2376 1905 2434 est,

325 2474 446 2529 qua:
493 2462 665 2531 ipsum
723 2461 994 2531 accipiens
1033 2461 1218 2516 Romae
1261 2461 1346 2514 via
1399 2459 1593 2515 Latina
1641 2459 1906 2530 sepelivit,

325 2550 507 2622 ibique
534 2551 818 2608 ecclesiam
845 2560 1184 2618 construens,
1222 2551 1450 2608 Domino
1487 2552 1757 2608 instanter
1790 2565 1907 2606 ser-

323 2641 478 2698 vivit.

394 2731 460 2788 III
507 2731 642 2788 Non.
696 2733 753 2788 In
795 2733 980 2789 Africa
1029 2733 1208 2789 natale
1250 2733 1481 2802 Quirini,
1515 2743 1571 2789 et
1611 2734 1662 2788 in
1714 2733 1910 2790 Tuscia

324 2823 625 2890 Laurentii,
668 2834 724 2881 et
753 2824 980 2880 aliorum
1013 2826 1390 2896 quadraginta.
1424 2825 1731 2881 Aurelianis
1775 2826 1911 2882 civi-

327 2923 438 2970 tate
483 2915 748 2987 depositio
800 2916 973 2972 sancti
1017 2916 1267 2972 Leofardi
1316 2915 1642 2990 [Lipbardi]
1690 2917 1914 2989 presby-

328 3007 448 3061 teri.

397 3094 440 3148 II
470 3094 605 3150 Non.
634 3095 691 3152 In
717 3096 910 3152 Ninive
953 3099 1154 3153 natalis
1194 3099 1405 3167 Dinoci,
1448 3099 1638 3169 Attali,
1671 3101 1906 3171 Camari,

328 3188 558 3259 Fyrinae,
585 3187 739 3246 Julize
769 3199 823 3245 et
849 3191 1104 3259 Saraciaa,
1129 3192 1370 3264 Cyprini.

398 3278 532 3335 Nox.
566 3279 685 3336 Jun.
718 3281 981 3338 Bonifacii
1012 3284 1427 3355 archiepiscopi,
1455 3283 1608 3356 cujus
1639 3285 1692 3340 in
1718 3284 1915 3340 Freso-

328 3371 412 3427 nis
441 3370 696 3444 [Frisia]
732 3375 978 3445 martyrii
1017 3377 1199 3444 passio
1238 3387 1459 3446 peracta
1485 3385 1587 3444 est,
1620 3385 1674 3433 et
1709 3377 1914 3434 Eobani

327 3464 634 3534 coepiscopi
677 3465 793 3536 ejus
822 3481 944 3520 cum
975 3467 1146 3522 servis
1177 3467 1272 3524 Dei
1301 3469 1642 3540 Wintrunge,
1680 3479 1735 3526 et
1767 3469 1917 3526 Wal-

330 3556 503 3621 there,
535 3555 833 3623 Scirbalde,
863 3566 917 3613 et
936 3557 1132 3624 Bosan,
1161 3558 1462 3625 llamunde,
1493 3569 1548 3616 et
1578 3561 1914 3630 Ethelhcre,

335 3647 621 3713 Wancare,
648 3657 703 3703 et
727 3647 1066 3715 Gundacare,
1095 3649 1409 3717 Willebere,
1435 3659 1491 3706 et
1512 3649 1824 3706 Hadavolfe.

399 3741 513 3798 VIII
546 3741 623 3797 Io.
641 3741 699 3797 In
722 3742 905 3799 Africa
929 3744 1102 3799 sancti
1125 3743 1385 3810 Amantii,
1410 3743 1582 3800 Lucii.
1609 3745 1663 3800 In
1689 3744 1918 3799 Alexan-

331 3833 467 3899 dria,
514 3834 765 3901 Andreae,
813 3822 1008 3891 Donati
1040 3844 1094 3891 et
1126 3836 1425 3909 Peregrini.
1468 3836 1743 3908 Depositio
1771 3835 1918 3892 beati

332 3926 539 3981 Claudii
568 3926 828 3996 episc0pi.

402 4015 494 4072 VII
549 4016 623 4072 Io.
682 4016 741 4070 In
803 4015 978 4072 Gallia
1028 4016 1336 4076 Suessionis
1388 4021 1609 4077 civitate
1654 4020 1920 4091 depositio

335 4108 507 4164 sancti
561 4105 799 4161 Medardi
843 4107 1080 4178 episcopi
1131 4117 1186 4164 et
1231 4109 1576 4175 confessoris,
1618 4108 1770 4178 cujus
1810 4111 1921 4165 vita

337 4198 492 4268 plena
520 4195 812 4253 virtutibus
847 4200 1155 4271 conscripta
1183 4209 1287 4256 est.
1325 4201 1460 4254 Nam
1505 4199 1687 4272 largus
1732 4201 1835 4255 fuit
1864 4201 1919 4256 in

337 4288 712 4361 elecmosynis,
762 4289 1050 4346 virtutibus
1088 4291 1266 4347 clarus
1295 4310 1308 4346 :
1338 4294 1634 4362 prophetitr
1667 4293 1918 4363 spiritum

338 4377 546 4445 habuit,
590 4386 673 4434 ter
691 4381 871 4450 quinis
897 4381 1052 4438 annis
1076 4381 1593 4438 Veromandensium
1623 4385 1774 4440 urbis
1802 4383 1921 4455 cpi-

2005 1914 2146 1970 papa
2199 1897 2496 1968 baptizavit
2531 1894 2829 1960 Cerealem,
2873 1902 2929 1948 et
2973 1892 3314 1948 confirmavit
3357 1891 3411 1945 in
3466 1889 3591 1945 fide.

2008 1989 2201 2047 Postea
2243 2004 2374 2046 vero
2422 2001 2546 2043 cum
2594 1986 2833 2042 audisset
2876 1985 2981 2040 hoc
3029 1984 3255 2049 factum,
3302 1983 3598 2052 imperator

2007 2081 2300 2154 praedictus
2345 2078 2568 2135 tradidit
2611 2085 2856 2133 sanctum
2902 2075 3172 2132 Getulium
3200 2073 3409 2128 Licinio
3450 2087 3593 2142 pra:-

2009 2179 2150 2231 tecto
2179 2189 2298 2239 suo,
2335 2180 2395 2229 ut
2422 2186 2549 2226 eum
2587 2185 2709 2225 cum
2737 2168 2900 2224 sociis
2928 2167 3071 2233 suis,
3107 2169 3154 2222 si
3183 2165 3350 2222 uollet
3388 2160 3598 2218 sacriﬁ-

2010 2282 2137 2324 care
2177 2265 2352 2331 idolis,
2405 2265 2644 2319 mitteret
2688 2261 2744 2315 in
2788 2259 3061 2316 caminum
3107 2258 3247 2330 ignis
3291 2255 3592 2319 ardentem,

2009 2358 2152 2428 quod
2194 2373 2318 2413 cum
2363 2355 2567 2412 factum
2608 2363 2771 2421 esset,
2818 2352 2961 2409 nullo
2998 2351 3159 2406 modo
3203 2347 3270 2403 ab
3315 2347 3439 2417 igne
3486 2343 3598 2398 laesi

2011 2456 2159 2504 sunt.

2081 2538 2148 2594 IV
2178 2538 2254 2593 In.
2303 2537 2361 2592 In
2402 2536 2589 2592 Africa
2611 2536 2766 2592 Aresi
2793 2532 3065 2608 [Aresii],
3111 2530 3327 2602 Rogati,
3359 2536 3414 2583 et
3461 2526 3598 2581 alio-

2012 2647 2133 2687 rum
2179 2631 2483 2686 duodecim.
2522 2629 2580 2684 In
2617 2628 2906 2699 Hispaniis,
2949 2625 3216 2695 Chrispoli
3271 2617 3596 2696 [Crispuli],

2013 2724 2292 2779 Restituti.
2343 2723 2400 2776 In
2428 2721 2739 2776 Nicomedia
2779 2719 2955 2775 natale
2996 2719 3169 2774 sancti
3203 2714 3499 2769 Zacharize.
3540 2709 3603 2766 In

2012 2815 2360 2872 Antisiodoro
2383 2813 2649 2884 depositio
2677 2811 2905 2866 Censuri
2933 2806 3251 2882 [Censurii]
3276 2802 3538 2875 episcopi.

2084 2927 2147 2982 III
2186 2927 2262 2982 Io.
2295 2927 2481 2980 Romae.
2510 2937 2536 2964 ιι
2573 2923 2814 2978 Anacleti
2837 2936 3008 2992 papre,
3059 2920 3149 2990 qui
3195 2919 3403 2990 primus
3446 2913 3597 2970 beati

2013 3023 2164 3078 Petri
2203 3019 2520 3076 memoriam
2550 3016 2856 3073 construxit
2876 3023 2930 3068 et
2949 3011 3268 3083 composuit,
3296 3024 3416 3064 cum
3440 3021 3599 3078 pres-

1941 3147 1986 3210 ο
2015 3114 2173 3185 byter
2214 3120 2362 3168 esset
2412 3110 2586 3166 factus
2626 3125 2656 3163 τι
2689 3111 2852 3164 beato
2903 3105 3089 3210 Petro,
3143 3111 3214 3210 e't‘
3239 3099 3479 3210 sepultus
3519 3104 3609 3154 est

2010 3203 2167 3274 juxta
2205 3219 2402 3274 corpus
2445 3201 2589 3260 beati
2630 3199 2778 3254 Petri
2817 3194 3045 3268 apostoli
3085 3204 3140 3250 et
3174 3191 3436 3247 Barnabae
3472 3205 3602 3262 apo-

2016 3295 2159 3350 stoli.

2087 3386 2131 3442 Il
2169 3385 2245 3440 In.
2281 3385 2464 3440 Romae
2498 3384 2583 3438 via
2618 3381 2856 3445 Aurelia,
2896 3377 3147 3433 milliario
3179 3374 3388 3444 quinto,
3424 3369 3606 3442 passio

2016 3477 2274 3548 martyris
2299 3475 2574 3541 Basilidis,
2603 3473 2809 3545 Cyrini,
2857 3471 3087 3526 Naboris
3115 3479 3172 3523 et
3202 3465 3441 3530 Nazarii,
3473 3476 3606 3533 quo-

2018 3585 2139 3623 rum
2196 3565 2465 3622 Naborem
2516 3574 2572 3620 et
2616 3563 2907 3618 Nazarium
2955 3560 3115 3616 simul
3184 3574 3306 3614 cum
3357 3556 3608 3624 Gorgone

2020 3659 2367 3733 [Gorgonio]
2408 3667 2649 3728 martyre
2675 3655 2952 3711 transtulit
2982 3669 3012 3707 a
3048 3653 3218 3706 Roma
3266 3652 3318 3704 in
3354 3647 3607 3713 Galliam,

2019 3752 2409 3824 IIruocgangus
2438 3749 2696 3806 Metcnsis
2724 3748 3030 3818 cpiscopus,
3064 3743 3414 3816 permittente
3436 3737 3605 3792 Paulo

2017 3858 2158 3914 papa
2205 3842 2469 3908 Romano,
2529 3856 2670 3895 anno
2713 3838 3006 3894 Dominicm
3047 3830 3435 3890 incarnationis
3481 3828 3606 3892 765,

2020 3942 2076 3988 et
2121 3933 2403 3988 collecavit
2450 3931 2742 4002 praedictus
2788 3929 3072 3998 episcopus
3113 3932 3359 3980 sanctum
3402 3921 3610 3989 Gorgo-

2021 4039 2144 4078 nem
2181 4019 2590 4094 [Gorgonium]
2630 4019 2684 4074 in
2715 4017 3050 4074 monasterio
3073 4014 3217 4084 quod
3244 4011 3443 4066 dicitur
3470 4008 3609 4064 Gor-

2024 4113 2127 4178 zia,
2159 4121 2405 4166 sanctum
2437 4125 2566 4166 vero
2607 4107 2876 4165 Naborem
2907 4106 2962 4160 in
2993 4100 3322 4158 monasterio
3355 4097 3499 4169 quod
3528 4095 3612 4150 di-

2022 4204 2165 4258 citur
2193 4200 2497 4256 Novacella.
2531 4199 2793 4255 Sanctum
2824 4211 3039 4267 quoque
3079 4190 3368 4248 Nazarium
3401 4187 3456 4240 in
3494 4200 3609 4239 mo-

2024 4295 2262 4350 nasterio
2281 4293 2422 4364 quod
2449 4293 2647 4348 dicitur
2673 4290 3030 4355 Lauresham,
3062 4287 3152 4342 ubi
3179 4285 3330 4356 signa
3360 4289 3417 4337 et
3445 4279 3607 4336 mira.

2025 4385 2147 4441 cula
2203 4385 2256 4440 in
2311 4384 2544 4440 sanitate
2604 4383 2940 4438 infirmorum
2996 4387 3053 4438 et
3107 4376 3363 4435 debilium
3410 4373 3609 4443 saepius

338 4479 618 4540 scopatum
647 4473 818 4527 tenuit
841 4489 855 4540 ;
884 4473 951 4528 ad
973 4483 1274 4530 extremum
1295 4476 1363 4529 ad
1390 4475 1632 4531 cmlestia
1657 4477 1916 4548 migrans,
1946 4497 1998 4558 Ι)
2026 4475 2180 4531 fiunt.

341 4558 810 4618 Suessiouensium
854 4565 923 4619 ad
972 4567 1161 4621 urbem
1210 4581 1406 4638 corpus
1444 4566 1561 4636 ejus
1603 4568 1921 4624 translatum

339 4661 443 4721 est,
467 4653 648 4723 ibique
674 4656 980 4726 sepulcrum
1007 4658 1189 4712 multis
1210 4659 1471 4712 virtutum
1501 4659 1671 4715 titulis
1700 4660 1916 4715 claruit.

338 4742 541 4798 Eodem
560 4743 645 4799 die
666 4743 932 4800 festivitas
958 4746 1132 4801 sancti
1156 4745 1388 4802 Naboris
1418 4748 1766 4804 confessoris.

413 4833 456 4889 V
492 4835 568 4890 In.
611 4835 820 4904 Romae,
870 4836 1037 4893 Primi
1084 4845 1138 4894 et
1173 4837 1436 4894 Feliciani
1479 4848 1798 4910 martyrum,
1828 4843 1921 4912 qui

342 4925 443 4981 sub
471 4925 802 4983 Diocletiano
849 4935 904 4983 et
944 4927 1327 4985 Maximiniano
1373 4930 1537 5001 impp.
1579 4946 1677 5001 pro
1720 4931 1925 4988 Christi

344 5018 564 5074 nomine
611 5018 778 5074 multa
821 5027 1089 5075 tormenta
1127 5021 1274 5090 passi
1321 5029 1466 5078 sunt.
1498 5021 1635 5077 Nam
1669 5021 1926 5080 Promoto

343 5109 560 5179 praesidi
603 5109 706 5180 ipsi
738 5110 1052 5180 nequissimi
1096 5111 1451 5180 imperatores
1493 5113 1560 5166 ad
1597 5113 1926 5182 puniendum

346 5215 439 5254 eos
475 5200 848 5266 tradiderunt;
895 5201 986 5270 qui
1031 5217 1154 5256 eum
1193 5201 1400 5257 videret
1445 5217 1539 5258 eos
1573 5203 1719 5257 nullo
1769 5204 1928 5259 modo

347 5307 506 5360 posse
535 5307 566 5345 a
592 5290 792 5348 Christi
824 5292 1163 5348 confessione
1205 5293 1397 5359 averti,
1440 5294 1711 5363 separavit
1738 5310 1833 5349 eos
1859 5295 1928 5351 ab

350 5379 603 5449 invicem,
655 5393 712 5440 et
762 5387 1014 5456 primitus
1061 5387 1392 5442 Felicianum
1440 5389 1710 5460 octoginta
1756 5406 1929 5448 annos

422 5502 447 5528 ιι
475 5491 828 5573 Distinguilur
866 5497 956 5573 hic
991 5495 1165 5573 ϐιαίῳ
1201 5498 1270 5552 ab
1313 5499 1564 5573 Anaclelo
1589 5517 1606 5564 ;
1636 5501 1726 5573 sic
1759 5502 1924 5556 etiam

351 5558 676 5644 [ia-roniust:
690 5573 866 5644 tamen
895 5569 938 5622 si
966 5569 1237 5644 veteribus
1269 5567 1478 5644 credas,
1508 5558 1926 5644 unus‘idemque

351 5630 452 5712 fuit
483 5633 740 5700 pontifex.
765 5637 1030 5712 Δ1ι·(ξης(ξυε,
1063 5639 1154 5708 qui
1181 5638 1382 5693 certius
1412 5630 1701 5712 neotericis
1739 5630 1922 5696 vetera

352 5701 448 5782 illa.
465 5713 705 5782 noverat,
722 5775 732 5782 ι
750 5701 1065 5782 Anaclctum
1080 5701 1095 5708 ”
1108 5717 1372 5773 recenset,
1403 5709 1611 5782 Cletum
1647 5712 1918 5766 omittcns.

352 5774 602 5838 Quinimo
643 5774 804 5829 Caius
850 5778 962 5846 ipse
1011 5778 1282 5835 Ilomanus
1333 5780 1613 5851 presbyter
1666 5783 1920 5835 tredecim

2097 4571 2173 4625 Io.
2223 4569 2280 4624 In
2329 4567 2534 4636 Africa,
2579 4567 2803 4622 Luciani
2829 4574 2883 4622 et
2920 4564 3225 4620 Fortunati.
3275 4562 3477 4616 Eadem
3520 4559 3612 4614 die

2026 4661 2281 4716 nativitas
2326 4670 2528 4716 sancta:
2568 4658 2817 4714 Felicula:
2845 4656 3103 4726 virginis,
3134 4662 3190 4710 et
3229 4669 3259 4706 a
3289 4651 3483 4706 Flacco
3513 4664 3610 4704 co-

2027 4752 2180 4815 mite,
2219 4751 2310 4820 qui
2359 4751 2528 4805 voluit
2571 4751 2788 4804 beatam
2837 4745 3196 4802 Petronellam
3241 4758 3466 4798 uxorem
3513 4742 3613 4796 du-

2028 4855 2173 4907 eere,
2226 4849 2348 4910 post
2389 4841 2596 4894 obitum
2644 4847 2844 4894 sancta:
2890 4836 3226 4901 Petronellze,
3273 4833 3441 4889 voluit
3488 4846 3611 4886 eam

2028 4934 2278 5005 accipere
2315 4947 2561 4998 uxorem,
2609 4933 2703 4988 sed
2744 4931 2860 5003 ipsa
2896 4933 2998 4988 hoc
3043 4937 3338 4996 renuente,
3387 4924 3614 4980 tradidit

2033 5041 2154 5082 eam
2188 5025 2391 5080 vicario
2419 5039 2516 5080 suo
2550 5023 2604 5078 in
2643 5023 2941 5080 custodiam
2975 5022 3338 5085 tenebrosam,
3370 5017 3460 5073 ubi
3495 5015 3615 5071 sine

2035 5115 2157 5171 cibo
2186 5125 2242 5170 et
2280 5123 2406 5185 potu
2444 5130 2543 5184 per
2571 5123 2782 5184 septem
2829 5114 2946 5169 dies
2994 5111 3232 5167 mansit:
3259 5116 3446 5179 postea
3483 5119 3613 5160 vero

2035 5207 2235 5262 levavit
2272 5222 2393 5260 eam
2443 5206 2496 5260 in
2537 5206 2857 5275 equuleum,
2912 5214 2966 5260 et
3007 5203 3080 5258 ibi
3127 5210 3377 5270 torquere
3428 5197 3609 5270 jussit,

2035 5298 2208 5352 donec
2233 5299 2506 5352 emitteret
2535 5297 2804 5366 spiritum,
2841 5304 2898 5350 ct
2928 5295 3007 5350 sic
3035 5290 3388 5364 precipitavit
3409 5303 3528 5344 eam
3557 5286 3613 5340 in

2036 5387 2295 5454 cloacam,
2327 5403 2488 5457 quam
2536 5395 2754 5442 sanctus
2798 5385 3119 5440 Nicomedes
3162 5383 3441 5453 presbyter
3471 5377 3613 5443 tulit,

2030 5516 2379 5557 successores
2401 5517 2429 5555 a
2456 5501 2618 5556 Petro
2657 5501 2722 5554 ad
2755 5502 3023 5555 Victorem
3052 5514 3361 5557 recensens.
3390 5497 3474 5552 vel
3499 5495 3615 5551 Cle-

2030 5581 2144 5626 tum
2183 5571 2267 5626 vel
2307 5571 2626 5626 Auaeletum
2672 5571 2859 5626 debuit
2899 5573 3167 5626 omittere.
3220 5570 3295 5624 De
3348 5566 3615 5622 Anaclcto

2027 5642 2170 5695 nulla
2195 5642 2397 5695 mentio
2428 5641 2478 5694 in
2518 5641 2737 5696 Canone
2774 5642 2970 5696 misse.
3016 5640 3142 5695 Sive
3187 5640 3548 5709 distinguatur
3575 5650 3607 5688 a

2023 5711 2197 5773 Cleto,
2228 5711 2339 5764 sive
2365 5726 2525 5764 unum
2549 5713 2902 5779 eumdeuique
2934 5711 3098 5766 facias
3121 5727 3242 5765 cum
3273 5709 3382 5772 illo,
3413 5713 3602 5761 neuter

2025 5781 2198 5845 attigit
2229 5781 2653 5850 persecutionem
2686 5780 2990 5836 Domitiani.
3019 5781 3179 5835 Ilisu.
