4112 6364
519 266 691 324 il5l'

1178 262 1241 317 Β.
1281 261 1534 318 RABANI
1574 247 1792 317 MAURI
1826 256 2141 314 ARCHIEP.
2178 254 2481 312 MOGUNT.
2518 255 2800 314 OPERUM
2836 255 3015 312 PARS
3052 254 3114 310 ll.

3616 256 3763 314 1152

516 387 571 434 et
608 377 851 448 sepelivit
887 391 1007 433 eam
1048 376 1276 446 septimo
1320 373 1571 429 milliaria
1599 374 1668 428 ab
1711 372 1843 426 urbe
1884 369 2074 424 Roma.
2104 383 2157 439 Α
2180 365 2392 431 sistitis,
2445 380 2553 421 non
2582 365 2932 422 dissimulabo
2970 364 3362 420 fabricandum.
3392 365 3530 421 Nam
3557 383 3766 439 corpus

519 468 671 537 Quod
699 468 922 523 audiens
956 466 1247 537 praedictus
1284 479 1487 531 comes,
1527 463 1691 534 jussit
1733 460 2086 531 comprehen-

517 559 644 616 dere
687 560 865 629 ipsum
917 558 1259 615 Nicomedem
1307 558 1699 628 presbyterum,
1760 562 1814 610 et
1848 553 1972 607 duci
2018 550 2085 606 ad

516 649 964 716 sacriﬁcandum;
995 651 1136 719 quod
1164 664 1287 704 cum
1323 647 1504 703 facere
1550 646 1739 710 nollet,
1778 644 1940 714 jussit
1962 658 2086 698 eum

518 739 809 810 plumbatis
852 740 1006 806 caedi,
1051 740 1221 794 donec
1263 738 1534 793 emitteret
1572 736 1839 806 spiritum.
1879 732 2087 803 Corpus

518 846 647 886 vero
699 830 815 900 ejus
870 832 927 886 in
975 831 1214 887 Tiberim
1265 828 1656 900 przecipitatum
1698 833 1811 892 est,
1859 825 2089 880 clericus

518 935 651 977 vero
702 920 943 991 ejusdem
985 922 1307 992 presbyteri,
1346 920 1560 975 nomine
1599 926 1655 973 et
1688 931 1850 987 opere
1883 916 2084 980 Justus,

519 1012 735 1084 collegit
776 1028 971 1083 corpus
991 1012 1126 1082 ejus,
1167 1021 1223 1067 et
1254 1011 1499 1083 sepelivit
1542 1024 1665 1067 eum
1698 1009 1853 1079 juxta
1880 1024 2089 1078 muros,

520 1102 608 1157 via
639 1102 993 1158 Nomentana.

592 1190 756 1246 XVlll
788 1192 920 1247 th.
947 1192 1091 1247 Julii.
1145 1192 1307 1248 Elisei
1355 1193 1660 1263 propheta},
1691 1198 1745 1247 et
1785 1190 2092 1248 Suessio'nis

525 1280 741 1337 civitate
787 1282 969 1351 passio
1013 1291 1323 1338 sanctorum
1348 1281 1546 1338 Valerii
1575 1290 1629 1338 et
1661 1280 1841 1338 Ruﬁni
1880 1290 2089 1353 marty-

527 1385 668 1426 rum.
2086 1406 2087 1409 η

596 1459 737 1515 XVII
762 1460 897 1516 ΚΑΙ..
941 1460 1201 1518 Nativitas
1239 1463 1411 1519 sancti
1437 1463 1542 1519 Viti
1565 1461 1839 1532 martyris,
1867 1462 1958 1532 qui
1992 1462 2092 1520 sub

526 1551 858 1607 Diocletiano
885 1562 940 1607 et
971 1552 1079 1625 (F.
1104 1554 1405 1625 redundat)
1434 1554 1706 1609 Antonino
1749 1553 2091 1623 imperatori-

526 1640 629 1695 bus
664 1640 860 1695 multas
899 1642 1124 1697 virtutes
1166 1652 1418 1713 operatus
1450 1652 1551 1698 est.
1597 1643 1721 1699 Fuit
1756 1644 1899 1698 enim
1938 1651 2095 1713 pater

2184 467 2363 508 meum
2382 450 2536 521 juxta
2565 453 3007 509 Aurelianensem
3036 454 3222 509 urbem
3252 469 3285 508 a
3314 455 3540 511 Domino
3568 458 3765 514 decre-

2184 552 2300 598 tum
2342 552 2426 599 est
2446 544 2835 600 collocandum.
2868 565 2887 597 ι
2914 543 3013 600 Hic
3041 555 3220 601 autem
3249 556 3468 601 sanctus
3504 548 3600 603 Dei
3628 549 3763 604 dum

2188 634 2538 704 temporalem
2568 635 2734 689 vitam
2768 634 2964 701 ﬁnivit,
3001 636 3128 690 licet
3158 636 3337 706 populi
3365 637 3505 690 inter
3538 652 3599 692 se
3628 654 3766 693 con—

2185 722 2430 794 ﬂigerent
2457 724 2525 779 de
2567 725 2810 793 corporis
2845 723 2961 793 ejus
3002 726 3300 796 sepultura,
3340 726 3768 783 Aurelianenses

2188 821 2368 867 tamen
2413 813 2645 869 victores
2686 814 2740 868 id
2785 827 2969 868 secum
3016 823 3345 884 rapuerunt;
3397 830 3559 884 super
3607 815 3770 885 cujus

2189 901 2452 956 tumulum
2498 900 2794 956 Hiltiberus
2823 917 2919 955 rex
2943 900 3276 956 Francorum
3301 902 3588 980 ecclesiam
3631 905 3772 959 tedi-

2187 991 2387 1058 ficavit,
2421 999 2476 1047 et
2512 991 2817 1062 sepulcrum
2856 991 3026 1061 ipsius
3056 992 3307 1062 pretiosis
3334 992 3568 1052 metallis
3606 994 3775 1051 ador-

2189 1084 2358 1139 navit.

2262 1175 2380 1232 XIV
2404 1175 2538 1232 KAL.
2567 1175 2772 1243 Romae,
2804 1176 2969 1232 Marci
2996 1185 3051 1234 et
3076 1177 3404 1234 Marcelliani
3432 1187 3771 1251 martyrum,

2192 1269 2301 1338 qui,
2342 1268 2675 1339 temporibus
2716 1268 3033 1324 Diocletiani
3069 1278 3126 1324 et
3171 1269 3500 1336 Maximiani,
3535 1287 3636 1341 per
3668 1272 3783 1328 Sc-

2190 1362 2495 1419 bastianum
2521 1362 2749 1418 militem
2773 1362 2972 1419 Christi
3001 1379 3033 1417 a
3061 1362 3425 1418 blandimento
3454 1379 3598 1418 vano
3640 1378 3783 1418 mu-

2192 1454 2385 1511 lierum
2421 1455 2679 1521 revocati,
2732 1470 2797 1509 ac
2838 1470 2971 1510 sano
3008 1456 3255 1526 dogmate
3299 1455 3617 1521 confortati,
3666 1470 3793 1527 pro

2193 1553 2410 1609 nomine
2435 1552 2635 1608 Christi
2680 1551 2823 1621 passi
2861 1559 3006 1606 sunt.
3043 1550 3242 1605 Eodem
3269 1551 3357 1606 die
3395 1551 3450 1604 in
3479 1551 3782 1605 Antiochia

2197 1644 2499 1700 celebratur
2543 1643 2722 1712 passio
2772 1641 2991 1697 Marium
3036 1641 3279 1712 virginis,
3323 1656 3443 1711 qua:
3490 1657 3593 1712 per
3643 1640 3785 1712 Oly-

526 1727 642 1797 cjus
665 1727 828 1799 Hylas
868 1731 1102 1798 nomine,
1143 1732 1438 1803 sacrilegus
1465 1740 1519 1787 et
1563 1733 1777 1803 impius,
1811 1732 1904 1803 qui
1940 1732 2095 1802 jussu
2123 1728 2171 1789 B
2197 1737 2373 1793 brium
2401 1734 2711 1806 pnefectum
2747 1733 2912 1788 multa
2944 1740 3208 1788 tormenta
3248 1748 3409 1802 passa
3436 1742 3522 1787 est
3543 1748 3646 1803 pro
3674 1749 3787 1788 no-

528 1820 828 1890 principum
860 1821 1026 1877 voluit
1054 1837 1179 1877 eum
1208 1831 1452 1877 avertere
1477 1839 1508 1876 a
1539 1823 1747 1879 cultura
1776 1839 1918 1879 verte
1961 1824 2097 1880 divi-

528 1908 732 1974 nitatis,
781 1911 877 1966 sed
923 1926 1058 1982 puer
1101 1920 1322 1968 sanctus
1347 1915 1641 1982 permansit
1678 1915 1732 1969 in
1762 1913 2099 1970 confessione

530 2010 673 2051 verae
692 1996 836 2064 ﬁdei,
858 2010 975 2053 erat
996 2000 1139 2053 enim
1164 2016 1428 2055 annorum
1449 2002 1750 2057 duodecim.
1776 2002 1911 2057 Nam
1931 2003 2098 2059 multa

495 2093 504 2105 ‘
530 2092 800 2140 tormenta
824 2102 923 2156 pro
943 2087 1160 2144 Christo
1187 2105 1379 2161 passus
1403 2099 1487 2147 est
1513 2108 1635 2147 cum
1665 2091 1903 2148 Modesto
1923 2094 2102 2163 paeda-

531 2191 668 2248 gogo
713 2191 828 2241 suo,
876 2188 932 2234 et
958 2178 1269 2236 Crescentia
1307 2183 1576 2253 papatissa
1611 2198 1729 2238 sua.
1776 2182 1913 2238 Nam
1954 2185 2102 2240 misit

531 2282 627 2324 eos
671 2279 985 2339 persecutor
1018 2273 1073 2327 in
1102 2288 1396 2341 carcerem,
1429 2284 1484 2331 et
1522 2276 1578 2331 in
1609 2276 1879 2331 clibanum
1910 2277 2107 2333 arden-

533 2368 644 2415 tem
677 2376 800 2417 cum
843 2363 1082 2433 plumbo,
1121 2367 1299 2421 resina
1345 2376 1402 2421 et
1443 2368 1583 2438 pice,
1632 2370 1729 2423 sed
1766 2384 1872 2424 non
1920 2370 2105 2424 nocuit

534 2468 630 2508 eos
664 2454 822 2524 ignis,
869 2471 969 2512 nec
1003 2455 1188 2513 leones
1217 2458 1272 2512 in
1302 2458 1409 2512 ullo
1432 2473 1528 2513 eos
1556 2474 1753 2515 nocere
1790 2467 2099 2529 potuerunt.

535 2540 835 2598 Novissime
871 2560 998 2600 vero
1019 2544 1171 2614 juxta
1201 2546 1419 2601 ﬂuvium
1446 2548 1539 2616 qui
1569 2549 1763 2603 dicitur
1792 2549 1930 2605 Siler
1956 2550 2105 2618 quie-

536 2642 750 2690 scentes
789 2636 889 2693 sub
930 2637 1124 2693 arbore
1169 2639 1377 2694 animas
1422 2654 1549 2696 suas
1592 2639 1817 2696 Domino
1856 2640 2102 2698 reddide-

538 2734 684 2779 l'lllll.

606 2815 725 2873 XVI
761 2815 896 2872 ΚΑΙ..
930 2817 1168 2876 Ferreoli
1207 2821 1504 2893 presbyteri
1533 2829 1587 2877 et
1624 2820 1959 2878 Ferrutionis
1986 2822 2104 2878 dia-

536 2906 661 2961 coni
712 2907 767 2963 in
814 2906 1033 2963 civitate
1078 2909 1395 2966 Visoncensi
1442 2909 1958 2983 [Vesontionensi],
2013 2911 2107 2981 qui

536 2997 638 3051 sub
664 2995 887 3052 Claudio
915 2995 1099 3067 judice
1131 2999 1199 3054 ad
1231 3000 1457 3057 trocleas
1501 3001 1707 3057 extenti
1746 3009 1801 3056 et
1834 2999 2101 3073 tlagellati,

535 3090 727 3147 deinde
753 3092 807 3146 in
837 3108 1115 3149 carcerem
1156 3094 1371 3162 seclusi,
1399 3103 1453 3152 et
1480 3112 1639 3152 mane
1684 3097 1976 3169 amputatis
2004 3095 2106 3151 lin-
2130 3068 2176 3132 ο

535 3184 654 3250 guis
678 3184 1044 3253 praedicabant
1062 3185 1286 3241 verbum
1318 3187 1414 3242 Dei
1442 3204 1455 3241 :
1484 3196 1604 3258 post
1639 3188 1754 3244 haec
1778 3187 1981 3243 subulae
2009 3188 2106 3242 tri-

534 3273 684 3343 ginta
724 3275 937 3345 utrique
983 3276 1161 3332 inﬁxae
1201 3278 1256 3331 in
1298 3278 1547 3333 manibus
1584 3286 1637 3334 et
1676 3279 1903 3349 pedibus
1930 3287 1987 3334 et
2012 3293 2106 3350 pe-

534 3370 684 3416 ctore
711 3376 725 3415 :
756 3362 825 3417 ad
860 3362 1105 3419 ultimum
1137 3364 1311 3435 gladio
1347 3365 1636 3421 feriuntur.
1676 3365 1745 3421 Et
1792 3366 1847 3421 in
1885 3366 2106 3423 civitate

537 3449 875 3522 Moguntiaco
924 3454 1104 3523 passio
1149 3462 1461 3510 sanctorum
1516 3455 1679 3510 Aurei
1731 3456 2007 3527 episcopi,
2050 3463 2106 3512 et

534 3540 761 3598 Justina:
781 3545 982 3599 sororis
1012 3545 1150 3615 ejus,
1177 3545 1268 3615 qui
1294 3546 1361 3601 ab
1384 3544 1593 3602 Hunnis
1614 3546 1949 3603 vastantibus
1970 3562 2107 3618 pra:-

536 3634 736 3690 dictam
764 3635 1035 3691 civitatem
1062 3637 1116 3691 in
1145 3636 1371 3694 ecclesia
1390 3638 1555 3693 occisi
1585 3646 1731 3695 sunt.

608 3724 703 3780 XV
724 3725 858 3781 ΚΑι..
891 3726 949 3780 In
971 3726 1274 3782 Aurelianis
1295 3728 1510 3782 civitate
1529 3729 1702 3783 sancti
1727 3727 1870 3783 Aviti
1892 3729 2110 3801 presby-

541 3814 659 3878 teri,
692 3814 845 3883 cujus
864 3816 975 3870 vita
1000 3816 1275 3872 miraculis
1299 3819 1637 3873 coruscabat.
1666 3817 1800 3873 Nam
1822 3819 1943 3875 ideo
1968 3820 2105 3874 scri-

535 3912 688 3972 ptum
732 3912 817 3959 est
862 3904 1004 3975 quod
1053 3907 1107 3961 in
1145 3907 1423 3963 nativitate
1465 3908 1581 3980 ejus
1628 3909 1808 3964 lumen
1858 3910 1923 3965 de
1969 3910 2107 3965 coelo

537 3995 793 4050 emissum
821 4004 987 4063 esset,
1012 4004 1073 4053 ut
1101 4005 1347 4053 sanctum
1387 4012 1510 4052 eum
1540 3998 1953 4054 demonstraret.
1984 3998 2105 4065 Hic,

538 4086 833 4141 monachus
871 4086 1062 4151 factus,
1114 4087 1454 4143 solitudinem
1486 4089 1775 4159 expetivit;
1817 4088 1891 4143 ibi
1938 4089 2108 4143 mira-

537 4175 675 4231 culis
725 4176 883 4233 factis
935 4178 1145 4250 populis
1197 4193 1357 4233 verus
1405 4178 1500 4234 Dei
1555 4177 1787 4234 famulus
1838 4178 2104 4245 innotuit,

539 4276 723 4336 postea
770 4283 896 4324 vero
931 4270 1317 4325 monasterium
1343 4270 1415 4325 ibi
1449 4270 1750 4324 construxit
1781 4287 1795 4324 :
1826 4270 1929 4325 iste
1969 4285 2107 4339 quo-

540 4372 644 4427 que
688 4361 973 4427 quemdam
1026 4361 1346 4416 monachum
1392 4361 1703 4418 defunctum
1743 4362 1797 4416 in
1843 4361 2105 4427 ecclesia,

540 4446 749 4500 caneris
783 4446 1040 4501 fratribus
1079 4461 1267 4502 somno
1313 4450 1568 4517 gravatis,
1614 4450 1855 4503 oratione
1893 4448 2010 4503 fusa
2038 4449 2107 4504 ad

541 4535 825 4590 Dominum
871 4551 902 4589 a
949 4544 1124 4591 morte
1170 4538 1466 4593 suscitavit.
1514 4539 1728 4593 Interea
1772 4539 1991 4607 quidam
2039 4553 2108 4593 ex

541 4625 786 4681 Turiensi
830 4636 1029 4694 castro,
1074 4644 1174 4698 pro
1200 4627 1315 4698 ejus
1355 4629 1634 4700 plebiculae
1661 4628 1853 4694 salute,
1895 4644 2109 4684 corum-

538 4730 642 4787 que
667 4716 932 4789 legatione
972 4717 1199 4789 fungens
1235 4720 1303 4775 ad
1339 4728 1585 4775 sanctum
1623 4720 1840 4775 Avitum
1885 4720 2108 4775 devotus

539 4809 787 4874 accessit,
822 4809 1115 4864 obsecrans
1142 4823 1265 4864 eum
1289 4818 1350 4866 ut
1373 4826 1568 4881 corpus
1599 4827 1755 4866 suum
1782 4813 1850 4867 ob
1886 4796 2107 4865 tutelam

537 4897 643 4953 loci
673 4897 841 4967 ipsius
879 4899 1045 4953 castri
1074 4899 1184 4954 illic
1227 4901 1545 4956 concederet
1573 4901 1944 4956 tumulandum
1980 4902 2107 4957 :cui

538 4990 753 5060 dignam
778 4990 1039 5046 fabricam
1072 4993 1248 5049 modis
1271 4993 1519 5048 onmibus
1546 4994 1749 5049 nomini
1778 5008 1877 5048 suo
1904 4994 2108 5063 promi-

539 5077 611 5133 sit
649 5081 1085 5137 construendam.
1125 5081 1198 5137 At
1224 5082 1314 5137 ille
1337 5083 1613 5153 indignum
1638 5097 1758 5138 esse
1786 5083 1985 5138 fatetur
2012 5084 2110 5138 ho-

540 5168 741 5225 minem
793 5181 1157 5242 peccatorcm,
1209 5188 1275 5230 ac
1318 5174 1500 5229 multis
1540 5174 1861 5229 criminibus
1901 5173 2109 5230 involu-

544 5264 680 5323 tum,
731 5262 830 5316 sub
870 5263 1189 5334 templorum
1239 5264 1472 5335 tegmine
1513 5265 1932 5329 recondendum,
1980 5265 2111 5333 quin

540 5348 720 5420 potius
747 5352 948 5421 campis
970 5354 1276 5422 patentibus
1305 5355 1372 5409 ad
1399 5352 1635 5409 futuram
1659 5354 2110 5409 examinationem

541 5454 665 5498 ossa
697 5440 973 5495 humiliata
1006 5443 1194 5498 tellure
1228 5443 1330 5500 sub
1357 5443 1502 5499 fossa
1543 5444 1731 5499 deceat
1766 5444 2106 5512 reponenda;

545 5531 785 5601 dixitque
826 5531 901 5585 illi
930 5549 943 5585 :
977 5551 994 5582 ‹
1025 5533 1229 5587 Tamen
1264 5544 1325 5589 ut
1363 5535 1544 5590 cordis
1572 5534 1739 5589 vestri
1782 5533 1925 5604 quod
1962 5541 2115 5604 optat

546 5620 790 5677 voluntas
819 5620 1080 5687 obtineat,
1129 5625 1381 5693 templum
1420 5625 1470 5678 in
1509 5625 1600 5680 Dei
1646 5624 1882 5691 uomiuc,
1916 5624 1958 5680 si
1990 5640 2112 5695 pcr-

2197 1828 2341 1883 mine
2367 1826 2586 1891 Christi,
2619 1824 2852 1889 vincula,
2887 1838 3155 1889 carceres,
3180 1823 3407 1893 ﬂagella,
3436 1824 3734 1893 equuleum
3762 1842 3780 1878 :

2198 1934 2360 1989 quam
2396 1928 2452 1972 et
2481 1916 2724 1972 diabolus
2764 1917 2817 1970 in
2855 1914 3102 1971 draconis
3132 1913 3311 1983 specie
3341 1913 3592 1968 similiter
3631 1921 3689 1967 et
3721 1915 3786 1967 in

2198 2007 2472 2078 Ethiopis
2511 2006 2737 2062 tentavit
2775 1993 2830 2060 et
2871 2005 3187 2060 subvertere
3212 2003 3399 2069 voluit,
3446 2002 3544 2057 sed
3569 2017 3671 2072 per
3695 2004 3790 2058 si-

2199 2113 2365 2171 gnum
2395 2105 2594 2153 sancta:
2622 2096 2799 2152 crucis
2836 2094 3105 2166 eﬂ‘ugatus
3127 2102 3183 2150 et
3208 2101 3494 2165 superatus
3527 2103 3635 2149 est.
3660 2093 3784 2148 No-

2200 2188 2418 2245 vissime
2468 2201 2601 2242 vero
2637 2201 2736 2257 per
2777 2186 3095 2256 prazdictum
3138 2182 3449 2254 praefectum
3484 2182 3790 2251 decollata,

2201 2293 2323 2336 cum
2353 2293 2508 2334 sacro
2542 2276 2804 2347 martyrio
2828 2276 2995 2330 vitam
3023 2273 3218 2328 ﬁnivit.

2272 2368 2388 2425 XIII
2435 2368 2569 2425 ΚΑι..
2609 2367 2931 2424 Sanctorum
2959 2366 3202 2423 Gervasii
3237 2377 3290 2421 et
3319 2365 3548 2422 Protasii
3578 2367 3639 2422 in
3666 2367 3795 2425 Me-

2202 2460 2434 2526 diolano,
2483 2473 2711 2529 quorum
2756 2456 3004 2527 sepulcra
3047 2456 3385 2522 Ambrosius,
3433 2455 3664 2519 Domino
3692 2472 3795 2514 re-

2201 2549 2436 2615 velante,
2468 2548 2695 2619 reperit,
2752 2562 2815 2602 ac
2856 2546 2931 2601 ita
2965 2546 3277 2616 incorrupta
3313 2561 3500 2601 eorum
3544 2560 3810 2616 corpora.

2204 2655 2269 2697 ac
2308 2640 2356 2696 si
2395 2640 2587 2697 eodem
2619 2639 2706 2694 die
2745 2637 2971 2694 fuissent
3015 2637 3505 2707 intereinpti:qu:e
3550 2652 3675 2694 cum
3722 2639 3790 2693 in

2201 2732 2393 2788 urbem
2444 2732 2933 2796 introducerentur,
2978 2729 3197 2800 quidam
3238 2729 3331 2784 diu
3368 2744 3544 2786 cacus
3587 2729 3793 2787 feretri

2205 2826 2351 2876 tactu
2385 2819 2564 2875 lumen
2594 2819 2827 2888 recepit;
2871 2817 3015 2888 passi
3053 2826 3180 2873 sunt
3209 2827 3389 2874 autem
3415 2820 3589 2873 sancti
3627 2834 3791 2874 mar-

2206 2915 2351 2981 tyres
2373 2908 2682 2974 Gervasius,
2714 2917 2769 2963 et
2791 2906 3068 2963 Protasius
3090 2908 3190 2962 sub
3227 2906 3483 2963 Astacbio
3511 2905 3799 2980 [Astasio].

2205 3000 2420 3066 comite,
2446 3000 2538 3070 qui
2561 2998 2875 3055 Genesium
2895 2998 3059 3069 jussit
3078 2997 3264 3053 tandiu
3284 2997 3575 3069 plumbatis
3598 3000 3784 3064 tundi,

2207 3104 2486 3159 quousque
2531 3088 2779 3159 spiritum
2806 3086 3117 3153 exhalaret,
3163 3094 3220 3141 et
3251 3086 3558 3143 Protasium
3594 3089 3815 3159 capite;

2207 3178 2371 3245 caadi;
2404 3192 2632 3247 quorum
2676 3185 2829 3247 pater
2856 3176 3049 3233 Vitalis
3091 3176 3211 3243 fuit,
3239 3185 3294 3232 et
3336 3187 3511 3233 mater
3536 3178 3782 3235 Valeria.

2205 3267 2481 3334 Paulinus,
2530 3266 2829 3323 consularis
2853 3267 2958 3333 vir,
2980 3265 3145 3338 jussit
3185 3275 3434 3323 sanctum
3465 3267 3694 3324 Vitalem
3721 3272 3807 3325 in.

2205 3360 2435 3433 equuieo
2456 3361 2709 3431 suspendi
2731 3370 2785 3416 et
2821 3361 2876 3415 in
2905 3370 3131 3432 puteum
3154 3360 3371 3432 projici,
3417 3369 3474 3417 et
3516 3362 3599 3418 sic
3634 3363 3793 3419 Deus

2206 3450 2437 3508 Vitalem
2461 3459 2753 3522 martyrem
2780 3452 3136 3507 consecravit.
3183 3451 3393 3507 Valeria
3416 3462 3594 3507 autem
3629 3461 3792 3511 tenta

2206 3549 2291 3598 est
2317 3557 2346 3596 a
2372 3541 2619 3612 paganis,
2645 3548 2700 3596 et
2744 3542 2926 3597 tandiu
2960 3542 3030 3597 ah
3070 3543 3176 3597 illis
3212 3556 3350 3598 caesa
3378 3552 3491 3609 est,
3535 3543 3608 3597 ita
3635 3552 3699 3597 ut
3727 3544 3793 3599 in

2207 3634 2387 3688 triduo
2412 3634 2672 3705 migraret
2695 3632 2764 3687 ad
2788 3630 3083 3688 Christum.
3115 3631 3301 3688 Roma:
3331 3633 3579 3689 nativitas
3624 3632 3793 3695 Ursio

2207 3724 2314 3780 cini
2342 3725 2616 3795 martyris.

2277 3813 2368 3868 Xll
2396 3813 2529 3869 KAL.
2562 3813 2868 3871 Translatio
2897 3814 3070 3870 sancti
3099 3815 3331 3871 Zenonis
3360 3815 3635 3887 martyris.

2277 3905 2346 3960 XI
2371 3905 2504 3961 ΚΜ..
2552 3906 2610 3961 ln
2632 3906 2902 3981 Moguntia
2938 3908 3136 3965 nataﬁs
3165 3908 3355 3964 Albani
3386 3908 3661 3979 martyris,
3687 3908 3801 3978 qui‘

2207 3996 2309 4052 sub
2333 3995 2637 4052 Theodosio
2663 3999 2989 4068 imperatore
3015 3998 3080 4053 de
3106 3998 3274 4053 insula
3301 3996 3516 4053 Namsia
3547 4013 3784 4068 pergens

2207 4101 2331 4141 cum
2371 4095 2555 4142 sancto
2581 4086 2883 4143 Theonesto
2928 4095 2982 4142 et
3034 4087 3174 4143 Urso
3212 4085 3571 4142 Mediolanum
3609 4087 3785 4153 venit,

2205 4176 2440 4246 indeque
2465 4176 2672 4241 exiens,
2694 4177 2988 4232 auxiliante
3014 4177 3265 4242 Domino,
3288 4177 3536 4249 pervenit
3563 4178 3630 4230 ad
3652 4176 3785 4231 Gal-

2206 4252 2327 4335 lias,
2356 4275 2413 4322 et
2445 4266 2498 4320 in
2534 4267 2756 4322 servitio
2798 4268 2895 4322 Dei
2942 4283 3164 4323 manens
3206 4268 3275 4322 ad
3319 4268 3639 4338 martyrium
3683 4282 3787 4336 pro

2209 4358 2427 4412 nomine
2471 4356 2767 4413 Salvatoris
2812 4366 3112 4430 promptus.
3160 4357 3456 4429 Postquam
3504 4367 3679 4411 autem
3724 4358 3782 4411 in

2208 4449 2447 4518 Augusta
2487 4448 2706 4503 civitate
2752 4450 2945 4505 beatus
2982 4450 3150 4505 Ursus
3193 4450 3513 4520 martyrium
3549 4450 3785 4518 accepit,

2210 4537 2546 4594 Thconcstus
2607 4553 2729 4593 cum
2779 4538 2986 4595 Albano
3039 4540 3437 4611 Mogontiacum
3496 4540 3786 4609 pervenit,

2208 4626 2443 4698 dumque
2482 4628 2552 4683 ibi
2580 4627 2898 4697 praedicaret
2924 4631 3148 4684 verbum
3176 4630 3290 4694 Dei,
3323 4630 3585 4693 Albanus,
3625 4630 3790 4685 disci-

2208 4715 2366 4784 pulus
2410 4714 2548 4783 ejus,
2587 4717 2910 4788 martyrium
2929 4717 3184 4788 explevit,
3234 4726 3292 4774 et
3315 4718 3554 4789 sepultus
3588 4728 3674 4773 est
3712 4719 3789 4772 ibi

2203 4803 2359 4875 juxta
2389 4805 2684 4859 civitatem.

2283 4892 2332 4947 Χ
2362 4894 2493 4949 ΚΑΙ..
2540 4893 2726 4950 Jacobi
2774 4894 2978 4965 Alpinaei
3020 4897 3267 4967 apostoli,
3311 4909 3365 4953 et
3415 4900 3469 4952 in
3509 4897 3788 4951 Britannia

2211 4985 2384 5042 sancti
2436 4984 2628 5041 Albani
2681 4986 2968 5058 martyris,
3030 4987 3123 5056 qui
3174 4996 3412 5058 tempore
3468 4986 3787 5041 Diocletiani

2211 5080 2268 5134 in
2313 5077 2619 5133 Verolamio
2665 5077 2915 5144 civitate,
2970 5086 3093 5149 post
3142 5080 3369 5134 verbera
3416 5087 3471 5133 et
3517 5086 3785 5133 tormenta

2212 5167 2427 5234 acerba,
2473 5168 2649 5237 capite
2696 5167 2886 5239 plexus
2931 5176 3049 5223 est:
3079 5168 3174 5224 sed
3223 5168 3314 5223 illo
3356 5170 3409 5223 in
3460 5176 3663 5223 terram
3701 5181 3789 5222 ca-

2213 5259 2394 5326 dente,
2420 5258 2559 5315 oculi
2597 5257 2712 5327 ejus
2741 5259 2835 5329 qui
2866 5276 2988 5316 eum
3014 5261 3302 5330 percussit,
3344 5260 3547 5330 pariter
3581 5260 3792 5314 cecide-

2213 5360 2341 5406 runt
2368 5368 2380 5404 :
2413 5366 2605 5421 passus
2628 5358 2713 5405 est
2742 5366 2865 5406 cum
2917 5351 3008 5407 illo
3035 5350 3225 5406 etiam'
3242 5367 3380 5406 unus
3407 5352 3472 5406 de
3501 5350 3790 5410 militibus.

2213 5440 2441 5511 coquod
2479 5453 2603 5494 eum
2650 5438 2817 5495 ferire
2861 5439 3096 5495 noluerit
3136 5441 3339 5510 jussus,
3378 5440 3566 5495 divino
3605 5439 3791 5506 utique

2212 5530 2533 5602 perterritus
2555 5530 2833 5595 miraculo,
2863 5530 2986 5601 quia
3016 5531 3223 5586 viderat
3244 5532 3461 5585 beatum
3492 5540 3788 5598 martyrem

2216 5621 2339 5687 sibi,
2368 5623 2493 5676 dum
2534 5620 2598 5675 ad
2628 5635 2883 5676 coronam
2929 5619 3173 5690 martyrii
3214 5626 3549 5691 properaret,
3582 5616 3793 5671 alveum
