4112 6364
302 377 444 437 1153

1616 358 1809 415 MART
1819 358 1859 413 ἵ
1869 353 2225 412 llOLOGlUM

3420 348 3562 407 ΗΒΑ»

307 492 479 548 minis
523 483 824 556 interpositi
851 484 1063 541 orando
1102 475 1536 535 transmeabi‘lem
1565 471 1881 527 reddidisse.
1912 472 1959 530 Α
1990 475 2229 537 tempore
2259 464 2603 536 pontificatus
2646 464 2728 519 sui
2762 463 2927 519 multa
2959 463 3208 534 dogmata
3233 461 3383 519 utilia
3413 461 3565 531 fecit,

305 578 365 640 ΙΑ
391 581 608 636 civitate
629 593 757 632 vero
782 575 919 633 Nola
949 574 1143 629 natalis
1168 569 1374 626 Paulini
1393 564 1627 637 episcopi
1660 570 1716 616 et
1749 575 1880 615 con-

306 672 567 738 sessoris,
618 671 684 725 de
736 682 842 738 quo
899 665 1191 738 Gregorius
1238 663 1294 717 in
1344 660 1485 715 libro
1540 655 1886 726 Dialogorum

348 773 512 819 arrat.

310 776 619 911 Ὡὲίωίίλι.
646 850 861 907 Sancta:
908 850 1209 921 Edildrydae
1259 841 1632 919 [Edildrudis]
1663 838 1891 908 virginis

311 953 361 1000 et
388 943 588 1013 reginae
634 942 686 995 in
719 939 1025 1006 Britannia,
1072 936 1225 1008 cujus
1255 951 1474 1004 corpus,
1504 947 1626 988 cum
1656 928 1889 986 sedecim

313 1037 463 1091 mnis
510 1040 651 1089 esset
684 1034 997 1103 'sepultum,
1050 1031 1420 1098 incorruptum
1464 1035 1548 1086 est
1593 1024 1909 1078 inventum.’

196 1134 216 1146 °
313 1129 502 1201 Vigilia
532 1128 712 1182 sancti
743 1124 967 1180 Joannis
991 1122 1269 1192 Baptistae.

378 1236 515 1292 V’lll.
566 1238 701 1292 ΚΜ..
752 1234 1017 1291 Nativitas
1061 1229 1413 1303 praecursoris
1462 1224 1695 1289 Domini,
1741 1232 1796 1280 et
1839 1222 1896 1278 in

314 1327 534 1397 Epheso
576 1325 886 1382 dormitatio
925 1322 1101 1379 sancti
1143 1319 1364 1376 Joannis
1394 1316 1619 1389 apostoli
1643 1324 1699 1371 et
1727 1329 1897 1370 evan-

314 1418 542 1489 gelistaz.
577 1418 783 1482 Romm,
814 1414 1000 1480 Fusci,
1027 1411 1220 1469 Lucete
1249 1425 1374 1467 cum
1404 1410 1525 1463 aliis
1550 1406 1738 1479 viginti
1767 1404 1893 1460 duo.

269 1561 273 1564 .
317 1511 374 1564 ln
414 1508 633 1563 civitate
677 1506 1066 1576 Augustoduno
1090 1500 1352 1570 depositio
1375 1497 1546 1553 sancti
1575 1493 1859 1565 Simplicii.

386 1598 478 1653 Vll
524 1596 659 1652 KAL.
709 1593 1132 1658 Thessalonicze,
1166 1589 1359 1662 Bigati,
1399 1587 1648 1644 Cantani.
1689 1585 1896 1653 Romae,

317 1688 497 1744 aniae
522 1686 749 1759 virginis
778 1693 834 1741 et
852 1685 1031 1741 Aceize
1056 1683 1218 1753 regis.

392 1800 463 1858 VI
508 1800 642 1856 Ean.
678 1796 904 1856 Joannis
926 1805 980 1853 et
1007 1796 1160 1897 Pauli
1190 1794 1664 1897 Itomae,.quo:um
1692 1791 1900 1896 primus
1931 1815 1978 1877 Β

321 1892 664 1967 praepositus,
710 1891 981 1948 secundus
1007 1889 1112 1945 fuit
1145 1887 1511 1959 primicerius,
1539 1884 1906 1942 Constantina:

322 1985 549 2057 virginis
605 1982 728 2038 filia:
777 1979 1139 2045 Constantini,
1185 1978 1274 2048 qui
1314 1985 1501 2048 postea
1547 1974 1649 2031 sub
1692 1973 1906 2028 Juliano

326 2075 648 2146 martyrium
684 2072 878 2143 capitis
923 2070 1256 2127 abscissione
1303 2076 1638 2132 meruerunt,
1680 2080 1780 2136 per
1806 2064 1909 2120 Te-

325 2163 633 2219 rentianum
679 2161 1162 2233 campiductorem,
1209 2158 1303 2229 qui
1339 2155 1533 2214 deinde
1566 2154 1909 2212 Christianus

328 2253 509 2310 factus
536 2260 639 2309 est.
880 2254 883 2257 ’

401 2363 443 2415 V
474 2358 606 2419 ΚΑι..
640 2363 883 2419 Iuventio
912 2376 1199 2432 corporum
1229 2366 1544 2417 sanctorum
1573 2356 1826 2414 Fusciani
1853 2363 1910 2411 et

335 2451 606 2515 Victorici,
652 2459 816 2521 atque
851 2450 1104 2506 Gentiani
1143 2457 1469 2519 martyrum,
1508 2462 1628 2518 quae
1671 2446 1910 2502 revelata

331 2549 456 2596 sunt
495 2539 755 2610 Lupicino
797 2540 1243 2596 Ambianensium
1288 2539 1626 2610 presbytero,
1653 2537 1746 2608 qui
1786 2552 1911 2592 cum

331 2641 523 2688 sancto
570 2632 882 2697 Honoratio,
925 2630 1167 2700 ejusdem
1195 2630 1432 2686 civitatis
1457 2628 1731 2700 episcopo,
1767 2628 1913 2697 ipsas

335 2721 593 2790 reliquias
621 2721 836 2792 collegit
861 2728 917 2776 et
959 2722 1011 2776 in
1050 2721 1170 2776 loco
1202 2730 1330 2792 apto
1358 2719 1536 2790 posuit
1574 2734 1746 2787 :quas
1788 2719 1914 2774 licet

335 2815 520 2871 Hilder
543 2816 564 2889 [
584 2815 945 2888 Hildericus],
965 2830 1065 2871 rex
1088 2814 1421 2869 Francorum
1447 2814 1511 2867 ad
1534 2828 1593 2868 se
1618 2810 1915 2867 transferre

336 2904 519 2972 vellet,
562 2915 744 2962 tamen
785 2908 910 2977 quia
940 2922 1046 2962 non
1074 2906 1268 2977 potuit,
1315 2913 1598 2975 propterea
1642 2905 1694 2958 in
1725 2904 1915 2959 eodem

264 3065 271 3069 ρ
337 2993 457 3052 loco
485 2996 747 3081 aedjticata
772 2997 1019 3060 basilica,
1044 2997 1160 3065 ipsa
1189 2995 1485 3050 honorifice
1510 2993 1774 3063 sepelivit.
1806 2992 1915 3049 Eo-

340 3087 464 3143 dem
491 3087 576 3143 die
604 3088 658 3142 in
690 3088 922 3159 Ephesio
952 3086 973 3160 [
997 3085 1247 3159 Epheso]
1286 3087 1504 3142 civitate
1530 3083 1798 3141 festivitas
1824 3098 1914 3140 ce-

1985 570 2041 616 et
2064 575 2280 616 errores
2306 560 2496 614 noxios
2531 561 2598 614 ab
2623 558 2862 613 Ecclesia
2886 557 2980 612 Dei
3007 556 3231 626 expulit.

2051 651 2117 706 lll
2148 651 2285 705 ΚΑΙ..
2314 650 2498 705 Roma:
2533 649 2714 719 passio
2743 657 3052 703 sanctorum
3078 644 3438 715 apostolorum
3459 643 3564 699 Pe-

1986 741 2054 798 tri
2084 752 2138 797 et
2170 740 2345 806 Pauli,
2372 739 2485 809 qui,
2537 740 2635 794 sub
2670 738 2882 793 Nerone
2926 739 3250 807 imperatore
3290 735 3569 791 Simonem

1988 832 2198 905 Magum
2240 832 2536 896 vincentes,
2576 846 2683 885 uno
2726 828 3146 897 eodemque~die
3191 841 3290 897 pro
3346 825 3566 880 nomine

1988 925 2187 982 Christi
2209 924 2355 995 passi
2382 931 2525 978 sunt.
2553 922 2667 976 Hoc
2695 928 2780 977 est
2816 920 2970 990 jussu
3008 919 3247 989 prtedicti
3284 919 3570 988 imperato-

1991 1020 2067 1074 ris
2106 1016 2456 1089 nequissimi,
2495 1014 2689 1070 Petrus
2729 1013 2876 1069 cruci
2911 1011 3100 1067 afﬁxus
3137 1019 3252 1077 est,
3282 1018 3338 1065 et
3370 1008 3571 1065 Paulus

1991 1113 2167 1182 capite
2198 1110 2409 1181 plexus.

2061 1204 2105 1259 ll
2133 1203 2266 1257 KAL.
2296 1201 2357 1257 In
2382 1199 2698 1271 Agrippina,
2741 1197 2996 1268 Asclepii,
3033 1194 3340 1266 Pamphili;
3389 1205 3445 1251 et
3469 1196 3575 1251 Le-

1994 1294 2236 1352 modieas
2270 1286 2644 1365 [Lemovieis]
2670 1288 2936 1360 depositio
2976 1288 3149 1344 sancti
3175 1286 3434 1344 Martialis
3460 1288 3578 1358 epi—

1996 1385 2145 1456 scopi
2171 1391 2226 1439 et
2248 1381 2593 1439 confessoris.

2575 1513 2974 1593 JULIUS.

2068 1650 2204 1707 KAL.
2235 1650 2398 1708 Juur.
2434 1651 2491 1706 In
2517 1659 2703 1706 monte
2744 1649 2857 1704 llor
2881 1649 3151 1720 depositio
3180 1647 3357 1703 Aaron
3398 1661 3580 1703 sacer-

2002 1740 2163 1796 dotis.
2211 1740 2414 1796 Eodem
2459 1741 2545 1796 die
2594 1740 2779 1794 Romae
2827 1747 3018 1795 octava
3075 1738 3288 1794 Luccia:
3334 1736 3578 1806 virginis,

2497 1845 2621 1886 cum
2645 1830 2843 1885 Auceia
2874 1843 3000 1900 rege
3034 1844 3232 1899 sponso
3261 1843 3378 1894 suo,
3407 1835 3461 1882 et
3487 1841 3581 1881 na-

2009 1920 2116 1975 tale
2142 1919 2337 1975 Arelefi
2377 1918 2730 1985 confessoris,
2770 1919 2895 1990 qui,
2940 1919 3010 1973 ab
3035 1919 3258 1973 infantia
3290 1918 3402 1973 Deo
3430 1916 3584 1972 dedi-

2009 2016 2116 2074 tus,
2152 2009 2507 2065 monasticam
2547 2010 2714 2065 vitam
2746 2010 3023 2079 expetivit,
3064 2017 3119 2064 et
3147 2024 3175 2063 a
3197 2016 3386 2064 sancto
3413 2005 3585 2062 Maxi-

2008 2099 2156 2153 mino
2190 2097 2567 2154 Aurelianensi
2608 2100 2864 2170 episcopo
2900 2098 3061 2155 simul
3103 2115 3224 2155 eum
3253 2098 3412 2153 Avito
3439 2096 3586 2155 socio

2009 2188 2293 2259 presbyter
2334 2189 2615 2245 ordinatus
2658 2193 2828 2245 vitam
2880 2189 3179 2246 solitariam
3232 2188 3586 2254 desiderans,

2010 2281 2340 2336 monasteria
2368 2281 2425 2335 in
2454 2281 2682 2338 diversis
2707 2281 2840 2337 locis
2882 2281 3178 2345 :editicans,
3206 2279 3388 2335 multis
3414 2280 3584 2334 virtu:

2012 2370 2157 2425 tibus
2200 2379 2328 2425 ante
2353 2370 2563 2426 obitum
2588 2378 2643 2427 et
2669 2379 2793 2442 post
2830 2372 3038 2427 obitum
3085 2385 3241 2427 suum
3278 2368 3493 2435 claruit,
3535 2376 3593 2424 et

2013 2462 2276 2516 sanctitas
2298 2459 2414 2529 ejus
2432 2461 2681 2531 plurimis
2705 2461 2928 2532 profuit.

2083 2550 2151 2606 IV
2174 2550 2306 2606 Non.
2334 2551 2542 2617 Romae,
2565 2552 2816 2607 Processi
2841 2561 2896 2608 et
2916 2552 3243 2617 Martiniani,
3263 2551 3356 2622 qui
3381 2560 3589 2622 tempo-

2013 2641 2168 2695 ribus
2194 2639 2425 2695 Neronis
2459 2641 2800 2712 imperatoris
2830 2644 2975 2712 passi
3019 2652 3164 2698 sunt.
3210 2642 3343 2698 Nam
3381 2643 3508 2697 dum
3540 2642 3595 2696 in

2014 2731 2259 2786 custodia
2299 2730 2443 2786 beati
2487 2732 2683 2787 Petrus
2719 2742 2775 2788 et
2808 2733 3005 2787 Paulus
3043 2733 3272 2804 apostoli
3307 2748 3337 2786 a
3366 2731 3596 2786 Paulino

2016 2820 2271 2892 praefecto
2307 2822 2685 2887 servabantur,
2727 2822 2913 2878 biduo
2950 2823 3054 2878 viri
3091 2825 3336 2880 videntes
3366 2823 3599 2878 mirabi-

2018 2913 2087 2967 lia
2114 2928 2235 2983 quae
2270 2911 2497 2982 apostoli
2536 2911 2739 2967 Christi
2786 2911 3050 2977 fecerunt,
3083 2913 3332 2968 conversi
3369 2919 3497 2967 sunt
3526 2911 3596 2966 ad

2019 3005 2177 3060 fidem
2206 3005 2426 3069 Christi,
2454 3014 2510 3061 et
2534 3021 2566 3061 a
2593 3006 2751 3062 beato
2777 3006 2940 3061 Petro
2979 3007 3223 3077 apostolo
3260 3016 3387 3063 sunt
3422 3008 3600 3078 bapti-

2021 3096 2148 3151 zati.
2201 3095 2312 3152 Hos
2355 3111 2567 3167 quoque
2602 3096 2731 3151 dum
2770 3074 3057 3168 praedictus
3102 3098 3362 3154 Paulinus
3407 3114 3440 3154 a
3492 3074 3601 3155 fide
3704 3074 3708 3079 ⁴

337 3178 581 3234 uibrat“?
632 3187 836 3248 septem
889 3177 1119 3235 [Palmm
1170 3178 1550 3235 dormientium
1574 3218 1588 3242 ς
1641 3177 1743 3231 1³00
1793 3184 1877 3230 εει
1900 3216 1915 3242 9
1944 3161 1989 3224 C
2020 3203 2150 3244 vera
2193 3161 2439 3243 avertere
2466 3161 2742 3251 voluisset,
2770 3161 2844 3241 'et
2882 3203 2989 3242 non
3027 3196 3234 3257 posset,
3275 3187 3402 3242 licet
3432 3188 3601 3243 multa

337 3260 652 3324 Maximiani
682 3277 736 3324 et
764 3268 955 3326 Malehi
975 3310 990 3335 ,
1042 3267 1291 3323 Martiani
1336 3266 1356 3339 [
1384 3265 1763 3337 Martiniani],
1794 3265 1919 3319 Dio-

338 3363 501 3432 nysii,
535 3360 779 3428 Joannis,
831 3361 1163 3432 Serapionis,
1212 3357 1573 3423 Constantini,
1613 3357 1702 3426 qui
1736 3355 1920 3410 Decia-

338 3468 466 3507 nam
507 3452 937 3522 persecutionem
979 3450 1243 3522 fugientes
1275 3458 1397 3520 post
1440 3447 1609 3503 multa
1654 3452 1920 3501 tormenta

339 3541 593 3614 fugerunt
635 3542 688 3597 in
719 3543 1029 3612 Speluncam
1070 3542 1327 3614 grandem
1355 3541 1409 3596 in
1449 3549 1628 3596 monte
1654 3538 1836 3604 Celeo,
1867 3544 1922 3591 et

280 3620 283 3623 ⁷
339 3631 413 3689 ibi
451 3632 507 3686 in
556 3633 800 3689 oratione
844 3634 1059 3689 assidua
1111 3644 1454 3700 manserunt;
1506 3631 1651 3702 quod
1699 3632 1923 3687 audiens

340 3724 537 3780 Decius
564 3724 870 3795 imperator,
913 3725 1075 3796 jussit
1097 3724 1305 3781 obstrui
1330 3740 1393 3781 os
1427 3725 1718 3795 speluncae,
1760 3732 1820 3778 ut
1848 3724 1922 3779 ibi

340 3813 642 3869 interirent.
686 3816 926 3871 Mortuus
971 3824 1055 3871 est
1095 3817 1287 3872 Decius
1329 3816 1623 3886 imperator
1658 3821 1713 3871 et
1746 3814 1925 3870 omnis

341 3906 616 3977 generatio
644 3905 757 3970 illa,
789 3914 843 3960 et
870 3916 1233 3975 regnaverunt
1272 3907 1361 3961 alii
1389 3909 1763 3977 imperatores.
1796 3905 1925 3962 Post

343 4002 615 4051 trecentos
643 4010 770 4066 ergo
801 3995 1141 4066 septuaginta
1167 4005 1222 4050 et
1262 3997 1397 4051 duos
1442 4012 1632 4062 annos,
1667 3997 1774 4051 hoc
1815 4002 1921 4061 est,

342 4086 620 4142 tricesimo
665 4093 857 4140 octavo
900 4100 1040 4139 anno
1077 4084 1287 4155 imperii
1326 4083 1639 4149 Theodosii,
1688 4084 1784 4139 filii
1822 4082 1927 4138 Ar-

343 4178 484 4233 cadii
515 4177 877 4247 imperatoris,
920 4178 1134 4246 quando
1162 4177 1442 4247 pullulavit
1470 4176 1712 4243 haeresis,
1740 4176 1925 4232 volens

345 4284 609 4325 evacuare
654 4284 803 4338 spem
845 4267 966 4325 fidei
1003 4276 1057 4323 et
1098 4269 1512 4325 resurrectionis
1554 4277 1921 4334 mortuorum,

346 4361 447 4433 ipsi
475 4368 679 4431 septem
709 4360 920 4424 fratres,
962 4360 1053 4430 qui
1087 4361 1139 4415 in
1174 4361 1432 4430 praedicta
1463 4359 1716 4431 spelunca
1754 4374 1924 4430 usque

346 4454 416 4509 ad
469 4452 599 4508 illud
661 4464 870 4524 tempus
927 4452 1315 4522 quiescebant,
1370 4451 1619 4507 suscitati
1674 4460 1801 4505 sunt
1857 4450 1925 4505 de

2021 3288 2285 3336 tormenta
2306 3280 2385 3336 eis
2408 3280 2649 3345 fecisset,
2672 3279 2738 3334 ad
2763 3288 3064 3334 extremum
3092 3279 3270 3349 gladio
3294 3287 3469 3349 capita
3489 3279 3598 3348 jus-

2021 3372 2092 3428 sit
2122 3371 2411 3442 amputari.
2447 3371 2515 3426 Et
2554 3371 2611 3426 in
2638 3369 2875 3425 Turonis
2901 3370 3168 3441 depositio
3196 3378 3399 3425 sanctae
3428 3368 3606 3425 Mone-

2020 3465 2212 3536 gundaa
2241 3464 2485 3536 virginis.

2095 3554 2138 3610 V
2166 3553 2299 3608 Non.
2348 3553 2653 3610 Translatio
2690 3554 2911 3623 'ljhomae
2952 3553 3179 3624 apostoli
3224 3553 3277 3608 in
3324 3552 3605 3609 Edessam.

2022 3645 2222 3701 Passus
2240 3660 2369 3701 vero
2403 3646 2457 3699 in
2489 3645 2634 3700 India
2663 3653 2766 3701 est.

2093 3733 2160 3788 IV
2190 3732 2325 3790 Non.
2348 3733 2403 3788 in
2436 3732 2627 3798 Gallia,
2655 3732 2885 3789 Turonis
2908 3733 3149 3799 civitate,
3189 3733 3460 3787 ordinatio
3492 3734 3608 3803 epi-

2024 3836 2279 3898 scopatus
2310 3835 2368 3883 et
2407 3826 2690 3882 translatio
2730 3826 2974 3896 corporis
3021 3826 3194 3881 sancti
3234 3825 3450 3880 Martini
3488 3825 3606 3895 epi-

2024 3918 2170 3987 scopi
2197 3926 2253 3971 et
2270 3916 2620 3981 confessoris,
2652 3924 2707 3971 et
2730 3916 3000 3971 dedicatio
3022 3916 3258 3970 basilicae
3286 3914 3475 3984 ipsius.

2095 4008 2160 4062 lll
2189 4006 2324 4062 Non.
2371 4006 2430 4061 ln
2457 4004 2640 4062 Sicilia
2667 4005 2863 4059 natalis
2897 4004 3198 4073 Agathonis
3230 4012 3287 4058 et
3326 4002 3612 4072 Triphenm

2026 4096 2482 4173 [Triphinae];et
2520 4098 2574 4152 in
2616 4090 2823 4162 Tomis,
2875 4094 3088 4161 Marini,
3136 4093 3400 4150 Theodoti
3425 4100 3482 4150 et
3510 4092 3613 4151 So-
3662 4164 3663 4167 η

2024 4190 2214 4259 dephae
2242 4187 2539 4260 [Sedophze
2559 4186 2601 4259 }.

2094 4278 2136 4334 ll
2176 4278 2312 4333 Nox.
2351 4277 2502 4333 Isaia:
2546 4278 2849 4347 prophetae,
2893 4283 2949 4332 et
2987 4283 3179 4331 octava
3215 4273 3606 4345 apostolorum.

2024 4370 2226 4427 Eodem
2251 4368 2340 4425 die
2365 4370 2629 4440 depositio
2650 4377 2735 4425 est
2757 4369 2901 4424 beati
2924 4368 3117 4424 Goaris
3136 4357 3483 4431 confessoris,
3508 4367 3603 4439 qui

2030 4462 2084 4516 in
2114 4461 2389 4532 provincia
2419 4461 2724 4531 Aquitania:
2751 4469 2905 4516 ortus
2945 4459 3277 4530 temporibus
3316 4458 3614 4514 Hildeberti

347 4557 540 4600 somno
563 4523 899 4614 longissimo,
944 4552 1000 4599 et
1036 4558 1157 4597 cum
1191 4543 1243 4597 in
1277 4542 1619 4612 prtescntiam
1646 4540 1927 4596 hominum
1951 4523 2005 4583 Ῑ)
2031 4523 2173 4623 regis
2195 4523 2551 4616 Ετοηοοι-ηίῃ,
2579 4551 2762 4607 statim
2790 4550 2859 4605 ab
2886 4523 3112 4605 infant-ia
3131 4564 3292 4603 verus
3313 4548 3410 4603 Dei
3438 4546 3615 4602 ευὶιοτ

348 4634 494 4690 illius
517 4634 613 4690 :evi
655 4633 872 4689 adducti
917 4644 1076 4699 sunt,
1107 4634 1425 4703 apprehensi
1454 4649 1485 4687 a
1515 4634 1834 4703 quibusdam
1863 4648 1928 4688 eo

349 4726 492 4794 quod
514 4724 797 4795 pecuniam
835 4723 1263 4793 antiquissimam
1293 4725 1345 4777 in
1374 4731 1672 4778 mercatum
1696 4723 1929 4778 adduxe-

352 4826 478 4871 runt
503 4816 571 4871 ad
607 4814 1029 4886 comparandum
1062 4815 1260 4870 victum
1290 4814 1421 4882 sibi,
1471 4815 1620 4885 quasi
1647 4829 1927 4886 possesso-

351 4923 440 4963 res
497 4907 787 4962 multorum
847 4908 1264 4973 thesaurorum,
1313 4906 1645 4978 cogebantur
1704 4906 1929 4961 reddere

351 4996 496 5068 quod
524 4997 934 5067 suspicabantur
964 5006 1167 5053 tenere.
1198 4995 1307 5053 Sed
1334 4997 1562 5053 veritate
1602 4996 1804 5068 agnita,
1834 4997 1928 5051 ad-

351 5086 601 5144 veniente
629 5087 836 5143 Marino
859 5087 1111 5158 episcopo
1141 5087 1520 5158 Ephesiorum,
1562 5086 1775 5143 liberati
1801 5096 1928 5143 sunt

355 5182 421 5237 de
454 5179 704 5236 manibus
748 5179 1104 5236 violentorum
1129 5221 1144 5247 ,
1184 5190 1238 5235 et
1276 5178 1577 5236 Theodosio
1615 5180 1927 5252 imperatori

355 5269 698 5342 praesentati,
743 5269 812 5325 ob
851 5269 1216 5324 testimonium
1254 5269 1666 5326 resurrectionis
1711 5268 1928 5336 futuraa,

358 5359 553 5415 iterum
602 5359 852 5415 redibant
898 5359 953 5413 in
996 5358 1173 5414 locum
1210 5359 1519 5429 pristinum,
1561 5358 1651 5413 ubi
1692 5360 1932 5430 requies-

359 5458 483 5506 cent
502 5465 672 5521 usque
703 5449 770 5505 ad
799 5450 941 5504 diem
965 5447 1281 5504 universalis
1299 5449 1506 5520 judicii.

428 5563 493 5617 1V
515 5562 650 5618 ΚΜ..
677 5563 874 5620 Leonis
898 5577 1072 5633 papte,
1115 5561 1207 5632 qui
1236 5570 1358 5631 post
1381 5560 1600 5617 Petrum
1628 5560 1931 5633 apostolum

365 5651 803 5724 quadragesimus
844 5654 1103 5723 septimus
1130 5652 1187 5708 in
1231 5650 1365 5707 urbe
1390 5651 1631 5707 Romana
1674 5652 1813 5708 sedit
1839 5667 1936 5706 an-

372 5760 471 5801 nos
497 5744 682 5816 viginti
711 5760 874 5800 unum
909 5760 1148 5802 mensem
1184 5760 1350 5801 unum
1380 5743 1495 5801 dies
1525 5743 1799 5801 tredecim.
1839 5742 1937 5800 llic

2030 4646 2151 4701 fuit.
2185 4644 2284 4700 Hic
2308 4646 2651 4715 postmodum
2682 4644 2752 4698 ibi
2782 4643 3068 4713 presbyter
3105 4647 3484 4703 consecratus,
3514 4654 3613 4708 pa-

2031 4737 2188 4790 triam
2218 4743 2575 4803 parentesque
2600 4733 2857 4797 deseruit,
2884 4731 3015 4786 etin
3039 4730 3260 4785 ultimos
3279 4728 3464 4784 Galliae
3482 4727 3616 4784 fines

2029 4825 2351 4896 peregrinus
2377 4823 2574 4879 saeculo
2613 4830 2670 4877 et
2706 4820 2945 4877 cmlestis
2973 4818 3162 4889 patria:
3186 4818 3320 4872 civis
3349 4817 3609 4872 excessit.

2030 4915 2267 4970 Veniens
2283 4929 2413 4983 ergo
2439 4914 2493 4967 in
2525 4910 2857 4983 provinciam
2873 4925 2993 4981 qute
3013 4909 3146 4980 ripis
3172 4908 3348 4963 Rheni
3378 4905 3616 4962 ﬂuminis

2032 5007 2287 5078 contigua
2322 5006 2567 5078 Trigoria
2609 5011 2983 5073 nuncupatur,
3029 5010 3193 5071 atque
3242 4999 3313 5055 ad
3353 4997 3616 5054 dimeesin

2034 5100 2268 5172 pertinet
2296 5099 2676 5161 Treverorum,
2709 5095 2849 5152 infra
2886 5094 3146 5150 terminos
3162 5087 3612 5155 Wasaliaeenses,

2036 5192 2091 5247 in
2120 5206 2183 5247 ea
2215 5192 2325 5245 Deo
2348 5189 2517 5245 libere
2546 5189 2752 5244 servire
2778 5187 2994 5257 delegit.
3027 5185 3125 5241 [lic
3151 5184 3298 5240 enim
3335 5181 3616 5253 hospitalis

2037 5285 2264 5342 multum
2296 5284 2416 5352 fuit,
2445 5292 2501 5339 et
2532 5283 2715 5354 largus
2741 5279 3104 5352 pauperibus,
3135 5285 3191 5333 et
3214 5277 3326 5333 Deo
3356 5275 3410 5331 in
3444 5275 3617 5331 sacris

2036 5379 2219 5434 missis
2264 5384 2320 5433 et
2359 5374 2678 5447 psalmodiis
2724 5374 2990 5428 instanter
3034 5368 3273 5441 quotidie
3315 5368 3614 5424 serviebat.

2037 5467 2192 5524 Fecit
2239 5467 2385 5523 enim
2427 5464 2692 5521 mirabilia
2734 5463 2902 5519 multa
2951 5463 3007 5518 in
3053 5462 3165 5516 vita
3203 5476 3333 5526 sua,
3363 5460 3468 5515 hoc
3498 5467 3616 5526 est,

2040 5573 2256 5615 cervam
2280 5558 2504 5626 imperio
2519 5571 2617 5612 suo
2638 5562 2784 5610 stare
2799 5552 2950 5617 fecit,
2972 5560 3031 5607 ut
3048 5550 3264 5607 cuidam
3292 5550 3441 5606 lasso
3459 5548 3527 5603 ab
3549 5560 3619 5603 eo

2042 5647 2197 5704 lactis
2222 5657 2408 5717 potum
2437 5646 2725 5714 acciperet.
2756 5643 2959 5698 Dehinc
2996 5642 3065 5697 ad
3096 5639 3377 5697 Rusticum
3412 5637 3603 5706 episco

2046 5739 2567 5811 pttanrevirensem
2596 5737 2889 5811 advocatus
2913 5735 3081 5804 venit,
3103 5733 3286 5804 ibique
3307 5743 3466 5800 super
3491 5728 3618 5787 solis
