4112 6364
532 282 661 341 1151
700 284 705 289 ”

1192 279 1255 334 Β.
1295 278 1547 335 RABANI
1587 264 1805 334 MAURI
1840 272 2154 331 ABCHIEP.
2190 271 2494 329 MOGUNT.
2532 272 2812 331 OPERUM
2850 272 3028 328 PARS
3065 271 3127 326 II.

3638 271 3783 330 ηεξ

530 404 585 451 et
622 394 864 465 sepelivit
901 408 1020 450 eam
1062 392 1290 463 septimo
1335 390 1585 446 milliario
1612 390 1681 445 ab
1724 388 1857 443 urbe
1898 386 2087 441 Roma.
2117 399 2170 455 Α
2194 381 2406 447 sistitis,
2459 397 2566 437 non
2595 382 2946 439 dissimulabo
2983 381 3375 437 fabricandum.
3406 381 3547 437 Nam
3573 399 3784 455 corpus

532 486 685 553 Quod
713 485 935 540 audiens
969 483 1260 554 praedictus
1298 495 1501 548 comes,
1541 480 1704 551 jussit
1747 477 2099 547 comprehen-

531 576 658 633 dere
701 577 878 646 ipsum
930 575 1273 631 Nicomedem
1322 575 1712 644 presbyterum,
1773 580 1829 626 et
1863 569 1986 624 duci
2032 567 2099 622 ad

530 666 978 732 sacriﬁcandum;
1008 667 1151 736 quod
1177 680 1301 720 cum
1338 663 1519 719 facere
1565 662 1752 727 nollet,
1792 660 1953 730 jussit
1976 674 2100 714 eum

531 756 821 827 plumbatis
866 757 1019 822 cmdi,
1064 756 1235 810 donec
1277 754 1548 809 emitteret
1586 752 1853 822 spiritum.
1893 748 2100 819 Corpus

531 863 660 902 vero
712 847 829 916 ejus
885 848 939 903 in
989 847 1227 903 Tiberim
1280 845 1669 916 praecipitatum
1712 850 1824 908 est,
1873 841 2102 896 clericus

532 952 665 993 vero
716 936 956 1007 ejusdem
998 938 1321 1009 presbyteri,
1359 936 1574 991 nomine
1613 943 1669 989 et
1702 947 1864 1003 opere
1897 932 2097 997 Justus,

533 1028 749 1100 collegit
790 1044 985 1098 corpus
1005 1028 1140 1098 ejus,
1181 1037 1237 1084 et
1267 1027 1513 1099 sepelivit
1555 1040 1679 1083 eum
1712 1026 1867 1096 juxta
1894 1040 2102 1095 muros,

536 1118 622 1173 via
653 1119 1007 1174 Nomentana.

607 1206 771 1263 XVIII
802 1208 933 1263 KAL.
960 1208 1105 1263 Julii.
1158 1207 1322 1264 Elisei
1368 1209 1674 1279 propheta,
1704 1214 1759 1263 et
1798 1206 2106 1264 Suessio'nis

538 1296 755 1352 civitate
800 1298 982 1367 passio
1027 1307 1337 1354 sanctorum
1362 1297 1560 1355 Valerii
1588 1306 1643 1354 et
1676 1296 1855 1354 Ruﬁni
1894 1305 2102 1369 marty-

541 1401 682 1442 rum.

610 1475 751 1532 XVII
776 1476 910 1532 ΚΑΙ..
954 1476 1214 1534 Nativitas
1253 1479 1426 1535 sancti
1451 1478 1556 1535 Viti
1580 1477 1853 1547 martyris,
1880 1478 1973 1548 qui
2006 1478 2106 1536 sub

539 1567 872 1623 Diocletiano
899 1578 953 1623 et
984 1567 1093 1642 (F.
1118 1569 1419 1641 redundat)
1448 1570 1720 1625 Antonino
1762 1569 2105 1639 imperatori-

539 1656 642 1711 bus
678 1656 874 1711 multas
912 1658 1137 1714 virtutes
1180 1667 1432 1730 operatus
1464 1668 1565 1715 est.
1612 1659 1735 1715 Fuit
1770 1660 1914 1714 enim
1952 1667 2108 1729 pater

2198 483 2376 524 meum
2396 466 2550 536 juxta
2578 469 3019 525 Aurelianensem
3049 470 3236 525 urbem
3266 485 3299 524 a
3327 471 3557 527 Domino
3584 474 3784 530 decre-

2198 568 2314 614 tum
2355 568 2440 615 est
2461 560 2848 616 collocandum.
2881 581 2900 613 ›
2926 560 3024 616 Hic
3054 570 3235 617 autem
3263 572 3482 617 sanctus
3520 565 3618 619 Dei
3649 565 3782 619 dum

2201 651 2552 720 temporalem
2581 651 2747 705 vitam
2781 650 2978 717 finivit,
3014 652 3142 706 licet
3172 652 3352 721 populi
3378 654 3522 706 inter
3556 669 3617 708 se
3649 670 3784 708 cono

2199 737 2443 810 ﬂigerent
2471 741 2539 794 de
2580 741 2823 809 corporis
2859 740 2974 809 ejus
3015 742 3314 812 sepultura,
3355 743 3787 799 Aurelianenses

2201 837 2383 883 tamen
2427 830 2659 884 victores
2700 830 2753 884 id
2799 843 2980 883 secum
3029 839 3359 900 rapuerunt;
3411 847 3576 901 super
3624 832 3787 901 cujus

2203 917 2466 972 tumulum
2511 916 2808 972 Hiltiberus
2836 932 2932 971 rex
2956 916 3291 973 Francorum
3315 918 3602 974 ecclesiam
3651 922 3787 975 tedi-

2201 1006 2400 1073 ticavit,
2434 1015 2490 1063 et
2525 1006 2830 1078 sepulcrum
2870 1007 3039 1077 ipsius
3070 1009 3321 1078 pretiosis
3348 1009 3584 1068 metallis
3623 1009 3790 1066 ador-

2202 1100 2371 1155 navit.

2276 1191 2393 1248 XIV
2417 1191 2551 1247 KAL.
2580 1191 2786 1258 Romae,
2818 1192 2982 1248 Marci
3009 1200 3065 1250 et
3090 1192 3418 1249 Marcelliani
3447 1203 3785 1266 martyrum,

2205 1285 2314 1354 qui,
2356 1284 2688 1355 temporibus
2729 1284 3046 1340 Diocletiani
3083 1294 3139 1341 et
3184 1284 3516 1352 Maximiani,
3552 1302 3655 1356 per
3689 1288 3797 1344 δε.

2204 1378 2509 1435 bastianum
2534 1379 2763 1434 militem
2785 1377 2986 1434 Christi
3015 1395 3047 1433 a
3074 1377 3441 1433 blandimento
3469 1394 3612 1433 vano
3660 1394 3793 1434 mu-

2205 1470 2398 1527 lierum
2435 1470 2692 1537 revocati,
2746 1486 2811 1525 ac
2851 1485 2984 1526 sano
3021 1471 3270 1542 dogmate
3313 1471 3633 1538 confortati,
3688 1486 3799 1542 pro

2207 1568 2424 1624 nomine
2448 1567 2649 1623 Christi
2693 1568 2837 1637 passi
2875 1574 3020 1622 sunt.
3056 1566 3256 1621 Eodem
3284 1566 3371 1621 die
3411 1567 3466 1620 in
3494 1566 3791 1621 Antiochia

2210 1660 2512 1716 celebratur
2555 1658 2737 1728 passio
2786 1657 3006 1713 Marium
3050 1657 3293 1728 virginis,
3338 1672 3459 1727 quae
3505 1673 3609 1727 per
3659 1656 3794 1728 Oly-

539 1743 655 1813 ejus
678 1743 842 1816 Hylas
881 1748 1116 1814 nomine,
1157 1748 1452 1819 sacrilegus
1479 1756 1534 1803 et
1577 1749 1792 1819 impius,
1825 1748 1919 1819 qui
1953 1748 2110 1817 jussu
2137 1745 2184 1805 B
2210 1753 2386 1809 brium
2414 1750 2725 1822 praefectum
2761 1748 2927 1804 multa
2959 1756 3223 1804 tormenta
3263 1763 3424 1818 passa
3451 1757 3537 1802 est
3559 1764 3664 1818 pro
3696 1764 3795 1803 no-

541 1836 841 1906 principum
872 1838 1040 1893 voluit
1068 1854 1192 1893 eum
1222 1847 1466 1894 avertere
1492 1855 1523 1893 a
1553 1838 1761 1894 cultura
1790 1855 1933 1895 VERE
1974 1840 2111 1896 divi-

541 1925 745 1990 nitatis,
795 1927 891 1982 sed
937 1943 1071 1998 puer
1115 1936 1335 1984 sanctus
1360 1930 1655 1999 permansit
1691 1931 1746 1985 in
1776 1929 2112 1987 confessione

544 2026 687 2067 verte
706 2012 850 2080 ﬁdei,
872 2026 989 2069 erat
1010 2016 1153 2069 enim
1178 2031 1441 2071 annorum
1463 2018 1764 2073 duodecim.
1789 2017 1924 2074 Nam
1946 2019 2112 2075 multa

509 2109 518 2120 '
544 2107 814 2157 tormenta
838 2118 937 2172 pro
957 2103 1174 2160 Christo
1201 2122 1393 2177 passus
1417 2115 1501 2163 est
1526 2123 1649 2163 cum
1679 2107 1917 2164 Modesto
1936 2110 2115 2179 pmda-

544 2206 682 2264 gogo
727 2206 842 2257 suo,
890 2202 945 2249 et
971 2193 1283 2252 Crescentia
1322 2199 1590 2269 papatissa
1625 2213 1743 2254 sua.
1790 2198 1926 2254 Nam
1968 2200 2116 2256 misit

545 2298 641 2339 eos
686 2295 1000 2354 persecutor
1032 2288 1087 2343 in
1116 2304 1410 2357 carcerem,
1442 2299 1498 2346 et
1537 2292 1592 2346 in
1623 2291 1893 2347 clibanum
1924 2293 2115 2349 arden-

547 2383 660 2431 tem
690 2393 813 2432 cum
856 2378 1097 2448 plumbo,
1134 2381 1313 2436 resina
1359 2391 1415 2437 et
1456 2383 1597 2453 pice,
1646 2385 1742 2438 sed
1781 2400 1886 2439 non
1933 2385 2119 2439 nocuit

547 2483 643 2524 eos
680 2470 837 2539 ignis,
882 2486 983 2528 nec
1016 2471 1202 2528 leones
1230 2474 1285 2528 in
1316 2473 1423 2528 ullo
1447 2489 1542 2529 eos
1570 2490 1768 2530 nocere
1805 2483 2113 2545 potuerunt.

549 2556 849 2615 Novissime
884 2576 1011 2617 vero
1033 2559 1185 2630 juxta
1215 2561 1434 2616 ﬂuvium
1460 2564 1554 2632 qui
1583 2565 1778 2618 dicitur
1806 2564 1945 2620 Siler
1970 2566 2119 2634 quie-

551 2658 764 2705 scentes
803 2651 903 2708 sub
944 2652 1138 2709 arbore
1184 2654 1392 2709 animas
1437 2669 1563 2711 suas
1606 2655 1831 2711 Domino
1869 2655 2116 2713 reddide-

552 2749 698 2794 runt.

621 2830 740 2888 XVI
776 2830 910 2887 ΚΑΙ..
944 2833 1182 2890 Ferreoli
1220 2836 1518 2908 presbyteri
1546 2845 1601 2893 et
1637 2835 1972 2893 Ferrutionis
2001 2837 2119 2893 dia-

551 2921 675 2976 coni
727 2922 782 2977 in
829 2922 1048 2979 civitate
1091 2925 1409 2981 Visoncensi
1456 2924 1972 2999 [Vesontionensi],
2027 2925 2121 2997 qui

551 3011 652 3066 sub
679 3010 901 3067 Claudio
930 3010 1113 3082 judice
1144 3014 1214 3070 ad
1245 3015 1471 3072 trocleas
1515 3017 1722 3072 extenti
1759 3024 1815 3072 et
1848 3015 2115 3088 ﬂagellati,

2211 1844 2355 1899 mine
2380 1842 2600 1908 Christi,
2633 1840 2865 1905 vincula,
2901 1854 3169 1905 carceres,
3195 1840 3421 1909 flagella,
3451 1840 3749 1908 equuleum
3775 1858 3789 1893 :

2211 1949 2374 2005 quam
2410 1944 2464 1987 et
2494 1932 2738 1988 diabolus
2777 1932 2831 1986 in
2868 1930 3117 1986 draconis
3146 1929 3326 1998 specie
3356 1928 3609 1984 similiter
3646 1936 3709 1983 et
3737 1929 3795 1982 in

2212 2023 2485 2094 Ethiopis
2526 2021 2752 2077 tentavit
2789 2009 2844 2076 et
2885 2021 3202 2076 subvertere
3226 2018 3413 2083 voluit,
3461 2017 3560 2073 sed
3587 2032 3692 2088 per
3716 2019 3799 2072 si-

2213 2130 2379 2187 gnum
2408 2120 2608 2169 sanctae
2635 2111 2813 2168 erucis
2849 2110 3119 2181 eli'ugatus
3141 2119 3197 2165 et
3223 2117 3509 2180 superatus
3542 2119 3651 2164 est.
3678 2109 3796 2164 No-

2214 2204 2432 2261 vissime
2482 2217 2614 2257 vero
2650 2217 2750 2272 per
2790 2201 3109 2272 praedictum
3151 2197 3463 2270 praefectum
3499 2199 3800 2266 decollata,

2215 2309 2336 2352 cum
2366 2309 2522 2350 sacro
2556 2292 2817 2363 martyrio
2842 2292 3008 2346 vitam
3038 2289 3232 2344 finivit.

2286 2384 2402 2440 XIII
2448 2384 2583 2441 KAL.
2623 2383 2945 2440 Sanctorum
2973 2382 3215 2439 Gervasii
3250 2393 3303 2436 et
3333 2380 3565 2437 Protasii
3597 2381 3658 2437 in
3684 2381 3807 2440 Me-

2215 2475 2447 2541 diolano,
2496 2489 2725 2545 quorum
2770 2472 3018 2543 sepulcra
3061 2471 3398 2538 Ambrosius,
3445 2471 3682 2533 Domino
3712 2488 3807 2529 re-

2214 2564 2449 2631 velante,
2482 2564 2708 2634 reperit,
2766 2578 2830 2618 ac
2871 2563 2945 2617 ita
2979 2562 3290 2631 incorrupta
3326 2576 3515 2616 eorum
3559 2576 3819 2631 corpora.

2217 2671 2283 2712 ac
2322 2656 2370 2711 si
2409 2655 2600 2712 eodem
2633 2655 2719 2710 die
2759 2653 2985 2709 fuissent
3029 2652 3335 2722 interempti
3361 2670 3375 2705 :
3398 2667 3520 2721 qum
3565 2667 3693 2708 cum
3741 2654 3803 2708 in

2215 2747 2407 2803 urbem
2457 2747 2947 2812 introducerentur,
2992 2745 3211 2815 quidam
3251 2744 3343 2799 diu
3382 2760 3558 2801 caecus
3606 2744 3809 2801 feretri

2218 2841 2365 2890 tactu
2399 2834 2578 2890 lumen
2607 2834 2841 2904 recepit;
2884 2833 3028 2903 passi
3066 2841 3194 2888 sunt
3222 2842 3404 2889 autem
3428 2835 3607 2889 sancti
3645 2849 3805 2889 mar-

2219 2930 2365 2996 tyres
2386 2922 2696 2989 Gervasius,
2728 2933 2784 2978 et
2805 2921 3082 2979 Protasius
3103 2923 3204 2977 sub
3240 2921 3497 2977 Astacbio
3525 2920 3809 2995 [Astasiol

2219 3015 2433 3080 comite,
2459 3015 2550 3084 qui
2573 3013 2888 3069 Gervasium
2908 3013 3071 3084 jussit
3092 3012 3276 3068 tandiu
3297 3011 3590 3083 plumbatis
3617 3015 3798 3079 tundi,

551 3106 742 3162 deinde
768 3107 821 3161 in
851 3122 1130 3164 carcerem
1170 3109 1385 3177 seclusi,
1412 3119 1467 3167 et
1494 3127 1653 3167 mane
1697 3083 1990 3183 amputatis
2018 3111 2119 3166 lin-
2144 3083 2190 3148 C
2221 3083 2499 3174 quousque
2544 3102 2792 3173 Spiritum
2820 3083 3130 3167 exbalal‘et.
3177 3110 3233 3156 el
3263 3100 3571 3157 Prolasium
3612 3104 3817 3175 capita

549 3199 668 3265 guis
692 3198 1058 3267 praedicabant
1076 3200 1300 3256 verbum
1333 3202 1427 3256 Dei
1457 3219 1469 3257 :
1498 3211 1619 3273 post
1653 3204 1768 3258 haec
1793 3202 1994 3258 subulae
2024 3203 2119 3257 tri-

548 3289 699 3358 ginta
737 3290 951 3360 utrique
997 3291 1176 3347 infixa:
1215 3293 1270 3347 in
1313 3293 1561 3349 manibus
1597 3301 1651 3349 et
1691 3294 1917 3364 pedibus
1944 3302 2001 3349 et
2024 3308 2119 3364 pe-

549 3385 698 3431 ctore
724 3391 739 3430 :
770 3378 839 3432 ad
875 3377 1119 3434 ultimum
1151 3379 1325 3450 gladio
1360 3380 1651 3435 feriuntur.
1690 3381 1759 3435 Et
1806 3381 1861 3436 in
1899 3381 2120 3438 civitate

552 3464 889 3536 Moguntiaco
938 3469 1118 3537 passio
1163 3478 1474 3525 sanctorum
1530 3469 1694 3525 Aurei
1745 3470 2021 3541 episcopi,
2064 3476 2120 3525 et

548 3555 775 3613 Iustina:
795 3560 996 3614 sororis
1027 3559 1164 3630 ejus,
1191 3560 1283 3630 qui
1308 3561 1375 3616 ab
1398 3559 1606 3616 Hunnis
1628 3560 1963 3617 vastantibus
1984 3576 2120 3632 prte-

551 3648 750 3704 dictam
778 3649 1049 3706 civitatem
1076 3652 1130 3706 in
1159 3651 1385 3707 ecclesia
1403 3652 1569 3708 occisi
1598 3660 1746 3709 sunt.

621 3738 718 3795 XV
738 3739 872 3795 KAL.
905 3741 963 3795 In
986 3741 1288 3797 Aurelianis
1309 3742 1524 3797 civitate
1543 3743 1716 3798 sancti
1741 3741 1885 3797 Aviti
1906 3743 2123 3815 presby-

555 3829 674 3893 teri,
707 3828 859 3898 cujus
879 3830 988 3885 vita
1015 3830 1289 3887 miraculis
1312 3833 1651 3888 coruscabat.
1679 3832 1814 3887 Nam
1836 3832 1957 3888 ideo
1982 3835 2118 3888 scri-

550 3926 703 3987 ptum
746 3926 831 3973 est
876 3918 1018 3990 quod
1066 3921 1122 3975 in
1159 3921 1437 3978 nativitate
1478 3922 1595 3994 ejus
1641 3923 1821 3978 lumen
1871 3923 1938 3980 de
1983 3924 2120 3980 coelo

551 4010 807 4064 emissum
835 4017 1001 4076 esset,
1027 4019 1087 4067 ut
1115 4020 1361 4067 sanetum
1401 4026 1523 4067 eum
1553 4012 1967 4068 demonstraret.
1997 4011 2119 4079 Hic,

553 4100 847 4155 monachus
884 4101 1075 4167 factus,
1128 4102 1467 4158 solitudinem
1500 4103 1789 4174 expetivit;
1831 4102 1904 4157 ibi
1952 4103 2121 4157 mira-

552 4190 689 4245 culis
739 4189 898 4248 factis
949 4192 1160 4264 populis
1211 4207 1371 4248 verus
1418 4192 1513 4249 Dei
1568 4192 1801 4249 famulus
1851 4193 2118 4260 innotuit,

552 4291 737 4351 postea
784 4297 910 4338 vero
946 4285 1330 4339 monasterium
1357 4284 1429 4339 ibi
1463 4285 1764 4339 construxit
1796 4301 1808 4339 :
1839 4284 1942 4339 iste
1982 4300 2120 4354 quo-

554 4386 658 4441 que
702 4375 988 4442 quemdam
1040 4376 1360 4430 monachum
1406 4376 1717 4432 defunctum
1757 4377 1810 4430 in
1856 4375 2119 4442 ecclesia,

554 4460 763 4515 caneris
798 4460 1054 4516 fratribus
1093 4476 1281 4515 somno
1326 4464 1582 4531 gravatis,
1628 4464 1869 4517 oratione
1908 4463 2024 4518 fusa
2052 4464 2121 4518 ad

555 4549 839 4604 Dominum
886 4565 917 4604 a
964 4558 1137 4606 morte
1183 4551 1480 4607 suscitavit.
1528 4552 1742 4607 Interea
1786 4553 2004 4622 quidam
2053 4568 2122 4609 ex

555 4639 800 4696 Turiensi
844 4650 1043 4708 castro,
1088 4658 1187 4713 pro
1213 4641 1328 4712 ejus
1369 4643 1648 4714 plebiculae
1675 4642 1867 4708 salute,
1908 4659 2123 4699 eorum-

553 4744 656 4801 que
681 4731 946 4803 legatione
986 4731 1212 4804 I‘ungens
1248 4734 1316 4790 ad
1352 4742 1599 4789 sanctum
1638 4734 1854 4789 Avitum
1899 4735 2122 4790 devotus

553 4824 801 4888 accessit,
836 4824 1129 4879 obsecrans
1155 4838 1279 4879 eum
1303 4833 1363 4879 ut
1386 4841 1582 4895 corpus
1614 4841 1770 4881 suum
1796 4827 1865 4881 ob
1901 4811 2121 4880 tutelam

552 4912 657 4968 loci
688 4913 855 4982 ipsius
893 4914 1059 4968 castri
1088 4913 1197 4969 illic
1240 4915 1559 4970 concederet
1588 4915 1958 4970 tumulandum
1994 4917 2121 4971 :cui

553 5005 768 5076 dignam
790 5004 1053 5061 fabricam
1086 5008 1261 5063 modis
1284 5008 1534 5062 omnibus
1560 5008 1763 5063 nomini
1793 5022 1891 5063 suo
1918 5008 2122 5077 promi-

554 5093 626 5147 sit
663 5095 1099 5151 construendam.
1139 5095 1211 5152 At
1237 5096 1326 5151 ille
1350 5097 1627 5166 indignum
1652 5112 1773 5153 esse
1800 5097 1999 5153 fatetur
2027 5099 2124 5152 ho-

554 5183 754 5240 minem
806 5196 1171 5257 peccatorem,
1223 5203 1288 5244 ac
1332 5188 1515 5243 multis
1556 5189 1874 5244 criminibus
1915 5188 2124 5245 involu-

558 5278 695 5337 tum,
745 5276 844 5332 sub
884 5278 1202 5349 templorum
1253 5279 1486 5350 tegmine
1528 5280 1945 5344 recondendum,
1994 5279 2125 5348 quin

555 5362 735 5434 potius
761 5367 961 5435 campis
984 5368 1290 5436 patentibus
1319 5369 1386 5424 ad
1414 5367 1648 5422 futuram
1672 5368 2125 5423 examinationem

556 5468 680 5512 ossa
711 5454 986 5510 humiliata
1019 5457 1208 5513 tellure
1242 5457 1344 5514 sub
1372 5458 1516 5514 fossa
1557 5459 1746 5513 deceat
1780 5459 2120 5526 reponenda;

559 5546 798 5615 dixitque
841 5545 915 5599 illi
945 5563 958 5600 :
990 5565 1008 5597 ι
1038 5548 1239 5602 Tamen
1278 5558 1340 5603 ut
1378 5550 1557 5604 cordis
1587 5549 1752 5603 vestri
1797 5548 1940 5619 quod
1977 5556 2129 5618 Optat

560 5635 804 5692 voluntas
833 5636 1093 5701 obtineat,
1143 5639 1394 5707 templum
1434 5640 1484 5692 in
1522 5639 1614 5694 Dei
1660 5639 1897 5707 nomine,
1931 5639 1973 5694 si
2005 5654 2127 5710 per-

2221 3194 2384 3260 ctedi;
2417 3207 2645 3263 quorum
2690 3200 2843 3263 pater
2870 3191 3062 3247 Vitalis
3104 3191 3225 3257 fuit,
3253 3199 3308 3246 et
3349 3203 3525 3248 mater
3552 3192 3796 3250 Valeria.

2218 3282 2494 3349 Paulinus,
2544 3282 2843 3338 consularis
2866 3282 2971 3347 vir,
2993 3280 3158 3352 jussit
3198 3290 3447 3337 sanctum
3477 3282 3711 3339 Vitalem
3739 3286 3817 3341 in

2219 3375 2449 3447 equuleo
2470 3376 2722 3446 suSpendi
2744 3384 2798 3431 et
2834 3375 2889 3430 in
2920 3384 3145 3447 puteum
3169 3374 3383 3447 projici,
3431 3385 3487 3432 et
3530 3377 3615 3433 sic
3653 3378 3807 3435 Deus

2219 3464 2451 3522 Vitalem
2475 3474 2766 3536 martyrem
2793 3467 3150 3523 consecravit.
3196 3466 3407 3523 Valeria
3430 3478 3609 3523 autem
3646 3477 3805 3525 tenta

2219 3564 2304 3612 est
2331 3572 2360 3611 a
2385 3555 2633 3627 paganis,
2659 3562 2714 3611 et
2757 3558 2940 3612 tandiu
2973 3557 3043 3611 ab
3084 3558 3190 3613 illis
3225 3572 3364 3614 caesa
3393 3568 3505 3625 est,
3550 3559 3623 3612 ita
3652 3568 3713 3613 ut
3740 3560 3807 3614 in

2220 3647 2401 3703 triduo
2426 3648 2685 3719 migraret
2709 3647 2779 3702 ad
2802 3645 3096 3703 Christum.
3129 3647 3314 3704 Romae
3345 3649 3594 3705 nativitas
3642 3648 3806 3709 Ursi-

2220 3739 2327 3795 cini
2356 3740 2630 3809 martyris.

2290 3827 2382 3882 XII
2409 3827 2543 3884 KAL.
2576 3827 2882 3885 Translatio
2911 3829 3084 3885 sancti
3113 3830 3345 3886 Zenonis
3374 3830 3651 3902 martyris.

2290 3918 2359 3974 XI
2385 3920 2517 3976 ΚΑι..
2566 3920 2623 3976 In
2646 3921 2917 3995 Moguntia
2952 3923 3149 3981 natalis
3179 3922 3369 3980 Albani
3400 3924 3676 3994 martyris,
3703 3924 3815 3994 qui

2221 4010 2322 4066 sub
2347 4009 2650 4067 Theodosio
2678 4013 3002 4082 imperatore
3028 4012 3095 4067 de
3119 4013 3288 4068 insula
3314 4012 3530 4067 Namsia
3561 4028 3800 4083 pergens

2221 4115 2345 4156 cum
2384 4109 2569 4157 sancto
2594 4101 2897 4157 Tbeouesto
2942 4110 2996 4156 et
3048 4101 3188 4157 Urso
3228 4101 3585 4156 Mediolanum
3623 4103 3800 4168 venit,

2220 4190 2454 4261 indeque
2479 4191 2686 4256 exiens,
2708 4192 3002 4247 auxiliante
3029 4192 3279 4257 Domino,
3302 4192 3551 4263 pervenit
3578 4192 3644 4246 ad
3667 4191 3801 4246 Gal.

2220 4267 2341 4349 lias,
2371 4290 2427 4337 et
2458 4280 2512 4335 in
2548 4282 2770 4337 servitio
2810 4282 2909 4337 Dei
2956 4297 3179 4337 manens
3221 4283 3291 4337 ad
3333 4283 3654 4354 martyrium
3697 4297 3803 4351 pro

2223 4372 2441 4427 nomine
2485 4371 2781 4428 Salvatoris
2825 4381 3126 4445 promptus.
3175 4372 3470 4444 Postquam
3519 4382 3695 4427 autem
3739 4373 3796 4426 in

2222 4464 2462 4533 Augusta
2501 4463 2720 4519 civitate
2766 4465 2959 4520 beatus
2994 4465 3164 4520 Ursus
3208 4464 3527 4535 martyrium
3564 4465 3797 4533 accepit,

2223 4551 2560 4608 Tbeonestus
2621 4568 2743 4608 cum
2793 4553 3000 4610 Albano
3052 4555 3451 4627 Moguntiacum
3511 4556 3798 4624 pervenit,

2222 4641 2457 4712 dumque
2495 4642 2567 4697 ibi
2594 4642 2911 4711 praedicaret
2938 4645 3163 4699 verbum
3191 4645 3304 4709 Dei,
3336 4644 3599 4708 Albanus,
3639 4645 3803 4699 disci-

2222 4730 2380 4800 pulus
2424 4728 2562 4798 ejus,
2602 4731 2924 4802 martyrium
2943 4732 3198 4803 explevit,
3248 4741 3305 4789 et
3329 4732 3570 4804 sepultus
3603 4744 3689 4787 est
3726 4734 3801 4787 ibi

2217 4819 2373 4890 juxta
2403 4819 2699 4873 civitatem.

2297 4907 2345 4962 Χ
2375 4908 2507 4964 Κλι.
2555 4908 2741 4964 Jacobi
2788 4910 2992 4980 Alphaai
3034 4912 3280 4982 apostoli,
3323 4923 3378 4968 et
3428 4913 3483 4967 in
3522 4912 3804 4966 Britannia

2225 5000 2398 5056 sancti
2449 4999 2642 5056 Albani
2695 5000 2982 5072 martyris,
3044 5002 3137 5071 qui
3188 5012 3425 5072 tempore
3481 5001 3801 5056 Diocletiani

2225 5094 2281 5148 in
2328 5091 2633 5148 Verolamio
2679 5092 2928 5159 civitate,
2984 5101 3106 5163 post
3156 5094 3383 5148 verbera
3429 5101 3485 5147 et
3530 5101 3800 5147 tormenta

2226 5182 2441 5249 acerba,
2487 5182 2663 5251 capite
2711 5181 2900 5254 plexus
2945 5191 3063 5237 est:
3092 5182 3188 5238 sed
3236 5183 3328 5239 illo
3369 5183 3422 5238 in
3472 5191 3677 5237 terram
3715 5197 3805 5237 ca-

2227 5274 2408 5340 dente,
2434 5273 2574 5329 oculi
2612 5272 2727 5342 ejus
2756 5274 2848 5344 qui
2880 5290 3002 5330 eum
3027 5275 3316 5344 percussit,
3357 5275 3561 5345 pariter
3594 5275 3808 5329 cecide-

2228 5375 2355 5421 runt
2382 5383 2394 5419 :
2427 5380 2619 5436 passus
2643 5372 2728 5419 est
2756 5380 2879 5420 cum
2931 5365 3021 5421 illo
3048 5366 3238 5420 etiam'
3256 5382 3393 5421 unus
3421 5367 3486 5421 de
3515 5365 3803 5425 militibus,

2228 5455 2456 5525 ecquod
2493 5468 2618 5508 eum
2665 5452 2831 5509 ferire
2876 5454 3109 5510 noluerit
3149 5455 3351 5524 jussus,
3392 5454 3579 5510 divino
3617 5453 3803 5521 utique

2227 5544 2547 5616 perterritus
2570 5545 2848 5611 miraculo,
2876 5544 3000 5615 quia
3030 5545 3237 5600 viderat
3256 5547 3475 5600 beatum
3506 5553 3803 5613 martyrem

2231 5635 2353 5702 sibi,
2382 5637 2507 5690 dum
2549 5634 2613 5690 ad
2642 5649 2896 5690 coronam
2942 5634 3186 5704 martyrii
3227 5640 3561 5705 projwrarct,
3594 5631 3807 5684 alveum
