  <div class='ocr_page' id='page_1' title='image "/cluster/home/n/w/nwhite01/storage/ocr_20150623/110/hvd.32044015466865/626.png"; bbox 0 0 4112 6364; ppageno 0'>
   <div class='ocr_carea' id='block_1_1' title="bbox 280 385 431 446">
    <p class='ocr_par' dir='ltr' id='par_1_1' title="bbox 280 385 431 446">
     <span class='ocr_line' id='line_1_1' title="bbox 280 385 431 446; baseline -0.007 0"><span class='ocrx_word' id='word_1_1' title='bbox 280 385 431 446; x_wconf 63' lang='lat'><strong>“53</strong></span> 
     </span>
    </p>
   </div>
   <div class='ocr_carea' id='block_1_2' title="bbox 1611 355 2221 418">
    <p class='ocr_par' dir='ltr' id='par_1_2' title="bbox 1611 355 2221 418">
     <span class='ocr_line' id='line_1_2' title="bbox 1611 355 2221 418; baseline -0.013 0"><span class='ocrx_word' id='word_1_2' title='bbox 1611 355 2221 418; x_wconf 73' lang='lat' dir='ltr'><strong>MARTYIlOLOGlUM</strong></span> 
     </span>
    </p>
   </div>
   <div class='ocr_carea' id='block_1_3' title="bbox 3417 350 3557 408">
    <p class='ocr_par' dir='ltr' id='par_1_3' title="bbox 3417 350 3557 408">
     <span class='ocr_line' id='line_1_3' title="bbox 3417 350 3557 408; baseline -0.007 0"><span class='ocrx_word' id='word_1_3' title='bbox 3417 350 3557 408; x_wconf 61' lang='grc'><strong>1154</strong></span> 
     </span>
    </p>
   </div>
   <div class='ocr_carea' id='block_1_4' title="bbox 285 462 3560 561">
    <p class='ocr_par' dir='ltr' id='par_1_4' title="bbox 285 462 3560 561">
     <span class='ocr_line' id='line_1_4' title="bbox 285 462 3560 561; baseline -0.01 -8"><span class='ocrx_word' id='word_1_4' title='bbox 285 499 467 557; x_wconf 72' lang='lat' dir='ltr'><strong>rmnis</strong></span> <span class='ocrx_word' id='word_1_5' title='bbox 513 486 820 561; x_wconf 67' lang='lat' dir='ltr'><strong>interpositi</strong></span> <span class='ocrx_word' id='word_1_6' title='bbox 847 487 1059 545; x_wconf 84' lang='lat' dir='ltr'><strong>orando</strong></span> <span class='ocrx_word' id='word_1_7' title='bbox 1098 478 1531 539; x_wconf 84' lang='lat' dir='ltr'><strong>transmeabilcm</strong></span> <span class='ocrx_word' id='word_1_8' title='bbox 1561 474 1876 531; x_wconf 88' lang='lat' dir='ltr'><strong>reddidisse.</strong></span> <span class='ocrx_word' id='word_1_9' title='bbox 1908 475 1955 533; x_wconf 83' lang='grc' dir='ltr'>Α</span> <span class='ocrx_word' id='word_1_10' title='bbox 1986 478 2225 539; x_wconf 88' lang='lat' dir='ltr'><strong>tempore</strong></span> <span class='ocrx_word' id='word_1_11' title='bbox 2255 467 2598 538; x_wconf 82' lang='lat' dir='ltr'><strong>pontificatus</strong></span> <span class='ocrx_word' id='word_1_12' title='bbox 2642 466 2723 522; x_wconf 91' lang='lat' dir='ltr'><strong>sui</strong></span> <span class='ocrx_word' id='word_1_13' title='bbox 2758 464 2922 520; x_wconf 88' lang='lat' dir='ltr'><strong>multa</strong></span> <span class='ocrx_word' id='word_1_14' title='bbox 2954 464 3204 536; x_wconf 77' lang='lat' dir='ltr'><strong>dogmata</strong></span> <span class='ocrx_word' id='word_1_15' title='bbox 3229 462 3379 519; x_wconf 85' lang='lat' dir='ltr'><strong>utilia</strong></span> <span class='ocrx_word' id='word_1_16' title='bbox 3408 462 3560 533; x_wconf 78' lang='lat' dir='ltr'><strong>fecit,</strong></span> 
     </span>
    </p>
   </div>
   <div class='ocr_carea' id='block_1_5' title="bbox 284 567 1876 648">
    <p class='ocr_par' dir='ltr' id='par_1_5' title="bbox 284 567 1876 648">
     <span class='ocr_line' id='line_1_5' title="bbox 284 567 1876 648; baseline -0.021 0"><span class='ocrx_word' id='word_1_17' title='bbox 284 592 346 648; x_wconf 65' lang='grc' dir='ltr'><strong>ιιι</strong></span> <span class='ocrx_word' id='word_1_18' title='bbox 374 587 603 643; x_wconf 82' lang='lat' dir='ltr'><strong>civitate</strong></span> <span class='ocrx_word' id='word_1_19' title='bbox 625 598 753 636; x_wconf 83' lang='lat' dir='ltr'><strong>vero</strong></span> <span class='ocrx_word' id='word_1_20' title='bbox 779 578 915 635; x_wconf 85' lang='lat' dir='ltr'><strong>Nola</strong></span> <span class='ocrx_word' id='word_1_21' title='bbox 944 577 1139 633; x_wconf 84' lang='lat' dir='ltr'><strong>natalis</strong></span> <span class='ocrx_word' id='word_1_22' title='bbox 1164 573 1369 630; x_wconf 78' lang='lat' dir='ltr'><strong>Paulini</strong></span> <span class='ocrx_word' id='word_1_23' title='bbox 1389 567 1623 640; x_wconf 90' lang='lat' dir='ltr'><strong>episcopi</strong></span> <span class='ocrx_word' id='word_1_24' title='bbox 1656 573 1712 620; x_wconf 92' lang='lat' dir='ltr'><strong>et</strong></span> <span class='ocrx_word' id='word_1_25' title='bbox 1745 578 1876 617; x_wconf 90' lang='lat' dir='ltr'><strong>con-</strong></span> 
     </span>
    </p>
   </div>
   <div class='ocr_carea' id='block_1_6' title="bbox 285 658 1881 742">
    <p class='ocr_par' dir='ltr' id='par_1_6' title="bbox 285 658 1881 742">
     <span class='ocr_line' id='line_1_6' title="bbox 285 658 1881 742; baseline -0.017 -6"><span class='ocrx_word' id='word_1_26' title='bbox 285 679 561 742; x_wconf 69' lang='lat' dir='ltr'><strong>.essoris,</strong></span> <span class='ocrx_word' id='word_1_27' title='bbox 614 675 679 729; x_wconf 90' lang='lat' dir='ltr'><strong>de</strong></span> <span class='ocrx_word' id='word_1_28' title='bbox 732 686 838 742; x_wconf 85' lang='lat' dir='ltr'><strong>quc</strong></span> <span class='ocrx_word' id='word_1_29' title='bbox 895 668 1186 742; x_wconf 79' lang='lat' dir='ltr'><strong>Gregorius</strong></span> <span class='ocrx_word' id='word_1_30' title='bbox 1235 667 1291 721; x_wconf 89' lang='lat' dir='ltr'><strong>in</strong></span> <span class='ocrx_word' id='word_1_31' title='bbox 1339 664 1481 719; x_wconf 89' lang='lat' dir='ltr'><strong>libro</strong></span> <span class='ocrx_word' id='word_1_32' title='bbox 1536 658 1881 729; x_wconf 78' lang='lat' dir='ltr'><strong>Dialogorum</strong></span> 
     </span>
    </p>
   </div>
   <div class='ocr_carea' id='block_1_7' title="bbox 288 778 1886 924">
    <p class='ocr_par' dir='ltr' id='par_1_7' title="bbox 288 778 1886 924">
     <span class='ocr_line' id='line_1_7' title="bbox 288 778 1886 924; baseline -0.013 -6"><span class='ocrx_word' id='word_1_33' title='bbox 288 778 614 917; x_wconf 50' lang='grc' dir='ltr'><strong>νὲἓῒῑῐὶλι.</strong></span> <span class='ocrx_word' id='word_1_34' title='bbox 641 855 856 911; x_wconf 76' lang='lat' dir='ltr'><strong>Sancta:</strong></span> <span class='ocrx_word' id='word_1_35' title='bbox 905 854 1206 924; x_wconf 65' lang='lat' dir='ltr'><strong>Edildrydte</strong></span> <span class='ocrx_word' id='word_1_36' title='bbox 1254 845 1628 923; x_wconf 86' lang='lat' dir='ltr'><strong>[Edildrudis]</strong></span> <span class='ocrx_word' id='word_1_37' title='bbox 1660 842 1886 911; x_wconf 80' lang='lat' dir='ltr'><strong>virginis</strong></span> 
     </span>
    </p>
   </div>
   <div class='ocr_carea' id='block_1_8' title="bbox 291 931 1887 1018">
    <p class='ocr_par' dir='ltr' id='par_1_8' title="bbox 291 931 1887 1018">
     <span class='ocr_line' id='line_1_8' title="bbox 291 931 1887 1018; baseline -0.014 -13"><span class='ocrx_word' id='word_1_38' title='bbox 291 959 344 1006; x_wconf 72' lang='lat' dir='ltr'><strong>et</strong></span> <span class='ocrx_word' id='word_1_39' title='bbox 372 948 584 1018; x_wconf 73' lang='lat' dir='ltr'><strong>regina:</strong></span> <span class='ocrx_word' id='word_1_40' title='bbox 629 946 681 999; x_wconf 92' lang='lat' dir='ltr'><strong>in</strong></span> <span class='ocrx_word' id='word_1_41' title='bbox 715 943 1021 1010; x_wconf 85' lang='lat' dir='ltr'><strong>Britannia,</strong></span> <span class='ocrx_word' id='word_1_42' title='bbox 1068 940 1222 1011; x_wconf 88' lang='lat' dir='ltr'><strong>cujus</strong></span> <span class='ocrx_word' id='word_1_43' title='bbox 1252 954 1471 1007; x_wconf 89' lang='lat' dir='ltr'><strong>corpus,</strong></span> <span class='ocrx_word' id='word_1_44' title='bbox 1500 950 1622 991; x_wconf 89' lang='lat' dir='ltr'><strong>cum</strong></span> <span class='ocrx_word' id='word_1_45' title='bbox 1652 931 1887 989; x_wconf 82' lang='lat' dir='ltr'><strong>sedecim</strong></span> 
     </span>
    </p>
   </div>
   <div class='ocr_carea' id='block_1_9' title="bbox 293 1028 1905 1107">
    <p class='ocr_par' dir='ltr' id='par_1_9' title="bbox 293 1028 1905 1107">
     <span class='ocr_line' id='line_1_9' title="bbox 293 1028 1905 1107; baseline -0.014 -9"><span class='ocrx_word' id='word_1_46' title='bbox 293 1042 453 1098; x_wconf 70' lang='lat' dir='ltr'><strong>annis</strong></span> <span class='ocrx_word' id='word_1_47' title='bbox 502 1045 647 1093; x_wconf 88' lang='lat' dir='ltr'><strong>esset</strong></span> <span class='ocrx_word' id='word_1_48' title='bbox 680 1038 994 1107; x_wconf 81' lang='lat' dir='ltr'><strong>&#39;sepultum,</strong></span> <span class='ocrx_word' id='word_1_49' title='bbox 1046 1035 1417 1102; x_wconf 88' lang='lat' dir='ltr'><strong>incorruptum</strong></span> <span class='ocrx_word' id='word_1_50' title='bbox 1460 1038 1545 1085; x_wconf 84' lang='lat' dir='ltr'><strong>est</strong></span> <span class='ocrx_word' id='word_1_51' title='bbox 1591 1028 1905 1081; x_wconf 75' lang='lat' dir='ltr'><strong>inventum.‘</strong></span> 
     </span>
    </p>
   </div>
   <div class='ocr_carea' id='block_1_10' title="bbox 172 1126 1265 1205">
    <p class='ocr_par' dir='ltr' id='par_1_10' title="bbox 172 1126 1265 1205">
     <span class='ocr_line' id='line_1_10' title="bbox 172 1126 1265 1205; baseline -0.012 -14"><span class='ocrx_word' id='word_1_52' title='bbox 172 1141 192 1152; x_wconf 84' lang='lat'><strong>&#39;</strong></span> <span class='ocrx_word' id='word_1_53' title='bbox 293 1134 494 1205; x_wconf 84' lang='lat' dir='ltr'><strong>Vigilia</strong></span> <span class='ocrx_word' id='word_1_54' title='bbox 526 1133 707 1187; x_wconf 82' lang='lat' dir='ltr'><strong>sancti</strong></span> <span class='ocrx_word' id='word_1_55' title='bbox 739 1129 963 1185; x_wconf 81' lang='lat' dir='ltr'><strong>Joannis</strong></span> <span class='ocrx_word' id='word_1_56' title='bbox 987 1126 1265 1196; x_wconf 68' lang='lat' dir='ltr'><strong>Baptistae.</strong></span> 
     </span>
    </p>
   </div>
   <div class='ocr_carea' id='block_1_11' title="bbox 362 1225 1892 1306">
    <p class='ocr_par' dir='ltr' id='par_1_11' title="bbox 362 1225 1892 1306">
     <span class='ocr_line' id='line_1_11' title="bbox 362 1225 1892 1306; baseline -0.01 -10"><span class='ocrx_word' id='word_1_57' title='bbox 362 1241 508 1296; x_wconf 76' lang='lat' dir='ltr'><strong>V’lll.</strong></span> <span class='ocrx_word' id='word_1_58' title='bbox 563 1242 698 1297; x_wconf 68' lang='grc' dir='ltr'><strong>ΚΜ..</strong></span> <span class='ocrx_word' id='word_1_59' title='bbox 749 1238 1013 1295; x_wconf 85' lang='lat' dir='ltr'><strong>Nativilas</strong></span> <span class='ocrx_word' id='word_1_60' title='bbox 1057 1233 1410 1306; x_wconf 64' lang='lat' dir='ltr'><strong>praecursoris</strong></span> <span class='ocrx_word' id='word_1_61' title='bbox 1459 1228 1691 1293; x_wconf 88' lang='lat' dir='ltr'><strong>Domini,</strong></span> <span class='ocrx_word' id='word_1_62' title='bbox 1737 1235 1793 1283; x_wconf 91' lang='lat' dir='ltr'><strong>et</strong></span> <span class='ocrx_word' id='word_1_63' title='bbox 1836 1225 1892 1280; x_wconf 88' lang='lat' dir='ltr'><strong>in</strong></span> 
     </span>
    </p>
   </div>
   <div class='ocr_carea' id='block_1_12' title="bbox 295 1319 1893 1401">
    <p class='ocr_par' dir='ltr' id='par_1_12' title="bbox 295 1319 1893 1401">
     <span class='ocr_line' id='line_1_12' title="bbox 295 1319 1893 1401; baseline -0.01 -15"><span class='ocrx_word' id='word_1_64' title='bbox 295 1332 529 1401; x_wconf 74' lang='lat' dir='ltr'><strong>Epheso</strong></span> <span class='ocrx_word' id='word_1_65' title='bbox 572 1328 882 1387; x_wconf 89' lang='lat' dir='ltr'><strong>dormitatio</strong></span> <span class='ocrx_word' id='word_1_66' title='bbox 921 1326 1098 1382; x_wconf 86' lang='lat' dir='ltr'><strong>sancti</strong></span> <span class='ocrx_word' id='word_1_67' title='bbox 1140 1322 1362 1378; x_wconf 82' lang='lat' dir='ltr'><strong>Joannis</strong></span> <span class='ocrx_word' id='word_1_68' title='bbox 1391 1319 1616 1392; x_wconf 88' lang='lat' dir='ltr'><strong>apostoli</strong></span> <span class='ocrx_word' id='word_1_69' title='bbox 1640 1327 1695 1374; x_wconf 92' lang='lat' dir='ltr'><strong>et</strong></span> <span class='ocrx_word' id='word_1_70' title='bbox 1723 1332 1893 1372; x_wconf 83' lang='lat' dir='ltr'><strong>evan-</strong></span> 
     </span>
    </p>
   </div>
   <div class='ocr_carea' id='block_1_13' title="bbox 296 1407 1890 1494">
    <p class='ocr_par' dir='ltr' id='par_1_13' title="bbox 296 1407 1890 1494">
     <span class='ocr_line' id='line_1_13' title="bbox 296 1407 1890 1494; baseline -0.01 -18"><span class='ocrx_word' id='word_1_71' title='bbox 296 1422 538 1494; x_wconf 66' lang='lat' dir='ltr'><strong>gelistaz.</strong></span> <span class='ocrx_word' id='word_1_72' title='bbox 574 1423 780 1486; x_wconf 78' lang='lat' dir='ltr'><strong>Romae,</strong></span> <span class='ocrx_word' id='word_1_73' title='bbox 810 1418 997 1483; x_wconf 87' lang='lat' dir='ltr'><strong>Fusci,</strong></span> <span class='ocrx_word' id='word_1_74' title='bbox 1024 1415 1217 1472; x_wconf 80' lang='lat' dir='ltr'><strong>Luceae</strong></span> <span class='ocrx_word' id='word_1_75' title='bbox 1246 1429 1371 1471; x_wconf 93' lang='lat' dir='ltr'><strong>cum</strong></span> <span class='ocrx_word' id='word_1_76' title='bbox 1401 1413 1522 1467; x_wconf 90' lang='lat' dir='ltr'><strong>aliis</strong></span> <span class='ocrx_word' id='word_1_77' title='bbox 1548 1409 1735 1481; x_wconf 78' lang='lat' dir='ltr'><strong>viginti</strong></span> <span class='ocrx_word' id='word_1_78' title='bbox 1763 1407 1890 1463; x_wconf 91' lang='lat' dir='ltr'><strong>duo.</strong></span> 
     </span>
    </p>
   </div>
   <div class='ocr_carea' id='block_1_14' title="bbox 249 1496 1857 1580">
    <p class='ocr_par' dir='ltr' id='par_1_14' title="bbox 249 1496 1857 1580">
     <span class='ocr_line' id='line_1_14' title="bbox 249 1496 1857 1580; baseline -0.011 -13"><span class='ocrx_word' id='word_1_79' title='bbox 249 1565 252 1567; x_wconf 16' lang='grc' dir='ltr'><strong>Α</strong></span> <span class='ocrx_word' id='word_1_80' title='bbox 299 1515 360 1568; x_wconf 90' lang='lat' dir='ltr'><strong>ln</strong></span> <span class='ocrx_word' id='word_1_81' title='bbox 402 1512 629 1567; x_wconf 84' lang='lat' dir='ltr'><strong>civitate</strong></span> <span class='ocrx_word' id='word_1_82' title='bbox 673 1509 1063 1580; x_wconf 88' lang='lat' dir='ltr'><strong>Augustoduno</strong></span> <span class='ocrx_word' id='word_1_83' title='bbox 1086 1503 1349 1574; x_wconf 87' lang='lat' dir='ltr'><strong>depositio</strong></span> <span class='ocrx_word' id='word_1_84' title='bbox 1372 1501 1543 1556; x_wconf 90' lang='lat' dir='ltr'><strong>sancti</strong></span> <span class='ocrx_word' id='word_1_85' title='bbox 1573 1496 1857 1568; x_wconf 82' lang='lat' dir='ltr'><strong>Simplicii.</strong></span> 
     </span>
    </p>
   </div>
   <div class='ocr_carea' id='block_1_15' title="bbox 373 1589 1893 1665">
    <p class='ocr_par' dir='ltr' id='par_1_15' title="bbox 373 1589 1893 1665">
     <span class='ocr_line' id='line_1_15' title="bbox 373 1589 1893 1665; baseline -0.01 -8"><span class='ocrx_word' id='word_1_86' title='bbox 373 1602 471 1657; x_wconf 71' lang='lat' dir='ltr'><strong>Vll</strong></span> <span class='ocrx_word' id='word_1_87' title='bbox 520 1601 656 1656; x_wconf 66' lang='grc' dir='ltr'><strong>ΚΜ..</strong></span> <span class='ocrx_word' id='word_1_88' title='bbox 706 1597 1129 1661; x_wconf 62' lang='lat' dir='ltr'><strong>Thessalonicae,</strong></span> <span class='ocrx_word' id='word_1_89' title='bbox 1163 1594 1356 1665; x_wconf 89' lang='lat' dir='ltr'><strong>Bigati,</strong></span> <span class='ocrx_word' id='word_1_90' title='bbox 1396 1590 1645 1647; x_wconf 91' lang='lat' dir='ltr'><strong>Cantani.</strong></span> <span class='ocrx_word' id='word_1_91' title='bbox 1687 1589 1893 1655; x_wconf 66' lang='lat' dir='ltr'><strong>Romae,</strong></span> 
     </span>
    </p>
   </div>
   <div class='ocr_carea' id='block_1_16' title="bbox 301 1687 1215 1763">
    <p class='ocr_par' dir='ltr' id='par_1_16' title="bbox 301 1687 1215 1763">
     <span class='ocr_line' id='line_1_16' title="bbox 301 1687 1215 1763; baseline -0.009 -15"><span class='ocrx_word' id='word_1_92' title='bbox 301 1691 492 1748; x_wconf 83' lang='lat' dir='ltr'><strong>Luciae</strong></span> <span class='ocrx_word' id='word_1_93' title='bbox 519 1691 746 1763; x_wconf 76' lang='lat' dir='ltr'><strong>virginis</strong></span> <span class='ocrx_word' id='word_1_94' title='bbox 775 1697 831 1745; x_wconf 88' lang='lat' dir='ltr'><strong>et</strong></span> <span class='ocrx_word' id='word_1_95' title='bbox 849 1689 1029 1745; x_wconf 72' lang='lat' dir='ltr'><strong>Aceia:</strong></span> <span class='ocrx_word' id='word_1_96' title='bbox 1052 1687 1215 1756; x_wconf 88' lang='lat' dir='ltr'><strong>regis.</strong></span> 
     </span>
    </p>
   </div>
   <div class='ocr_carea' id='block_1_17' title="bbox 380 1798 1394 1864">
    <p class='ocr_par' dir='ltr' id='par_1_17' title="bbox 380 1798 1394 1864">
     <span class='ocr_line' id='line_1_17' title="bbox 380 1798 1394 1864; baseline -0.009 -3"><span class='ocrx_word' id='word_1_97' title='bbox 380 1804 456 1861; x_wconf 79' lang='lat' dir='ltr'><strong>Vl</strong></span> <span class='ocrx_word' id='word_1_98' title='bbox 503 1804 639 1860; x_wconf 75' lang='lat' dir='ltr'><strong>KAL.</strong></span> <span class='ocrx_word' id='word_1_99' title='bbox 676 1800 902 1860; x_wconf 88' lang='lat' dir='ltr'><strong>Joannis</strong></span> <span class='ocrx_word' id='word_1_100' title='bbox 923 1809 978 1857; x_wconf 93' lang='lat' dir='ltr'><strong>et</strong></span> <span class='ocrx_word' id='word_1_101' title='bbox 1004 1800 1157 1857; x_wconf 84' lang='lat' dir='ltr'><strong>Pauli</strong></span> <span class='ocrx_word' id='word_1_102' title='bbox 1187 1798 1394 1864; x_wconf 84' lang='lat' dir='ltr'><strong>Romae,</strong></span> 
     </span>
    </p>
   </div>
   <div class='ocr_carea' id='block_1_18' title="bbox 306 1886 1903 1970">
    <p class='ocr_par' dir='ltr' id='par_1_18' title="bbox 306 1886 1903 1970">
     <span class='ocr_line' id='line_1_18' title="bbox 306 1886 1903 1970; baseline -0.006 -19"><span class='ocrx_word' id='word_1_103' title='bbox 306 1896 661 1970; x_wconf 77' lang='lat' dir='ltr'><strong>praepositus,</strong></span> <span class='ocrx_word' id='word_1_104' title='bbox 707 1895 978 1952; x_wconf 90' lang='lat' dir='ltr'><strong>secundus</strong></span> <span class='ocrx_word' id='word_1_105' title='bbox 1004 1893 1109 1948; x_wconf 86' lang='lat' dir='ltr'><strong>fuit</strong></span> <span class='ocrx_word' id='word_1_106' title='bbox 1143 1891 1508 1962; x_wconf 88' lang='lat' dir='ltr'><strong>primicerius,</strong></span> <span class='ocrx_word' id='word_1_107' title='bbox 1536 1886 1903 1945; x_wconf 70' lang='lat' dir='ltr'><strong>Constantina:</strong></span> 
     </span>
    </p>
   </div>
   <div class='ocr_carea' id='block_1_19' title="bbox 308 1975 1904 2060">
    <p class='ocr_par' dir='ltr' id='par_1_19' title="bbox 308 1975 1904 2060">
     <span class='ocr_line' id='line_1_19' title="bbox 308 1975 1904 2060; baseline -0.009 -16"><span class='ocrx_word' id='word_1_108' title='bbox 308 1989 547 2060; x_wconf 80' lang='lat' dir='ltr'><strong>virginis</strong></span> <span class='ocrx_word' id='word_1_109' title='bbox 602 1986 726 2042; x_wconf 66' lang='lat' dir='ltr'><strong>ﬁliae</strong></span> <span class='ocrx_word' id='word_1_110' title='bbox 775 1983 1136 2049; x_wconf 87' lang='lat' dir='ltr'><strong>Constantini,</strong></span> <span class='ocrx_word' id='word_1_111' title='bbox 1182 1981 1272 2051; x_wconf 89' lang='lat' dir='ltr'><strong>qui</strong></span> <span class='ocrx_word' id='word_1_112' title='bbox 1311 1988 1499 2051; x_wconf 89' lang='lat' dir='ltr'><strong>postea</strong></span> <span class='ocrx_word' id='word_1_113' title='bbox 1544 1976 1647 2034; x_wconf 92' lang='lat' dir='ltr'><strong>sub</strong></span> <span class='ocrx_word' id='word_1_114' title='bbox 1690 1975 1904 2031; x_wconf 92' lang='lat' dir='ltr'><strong>Juliano</strong></span> 
     </span>
    </p>
   </div>
   <div class='ocr_carea' id='block_1_20' title="bbox 313 2067 1907 2150">
    <p class='ocr_par' dir='ltr' id='par_1_20' title="bbox 313 2067 1907 2150">
     <span class='ocr_line' id='line_1_20' title="bbox 313 2067 1907 2150; baseline -0.007 -17"><span class='ocrx_word' id='word_1_115' title='bbox 313 2080 645 2150; x_wconf 70' lang='lat' dir='ltr'><strong>martyrium</strong></span> <span class='ocrx_word' id='word_1_116' title='bbox 681 2076 876 2146; x_wconf 87' lang='lat' dir='ltr'><strong>capitis</strong></span> <span class='ocrx_word' id='word_1_117' title='bbox 921 2074 1253 2131; x_wconf 82' lang='lat' dir='ltr'><strong>abscissione</strong></span> <span class='ocrx_word' id='word_1_118' title='bbox 1301 2079 1636 2134; x_wconf 89' lang='lat' dir='ltr'><strong>meruerunt,</strong></span> <span class='ocrx_word' id='word_1_119' title='bbox 1679 2083 1777 2139; x_wconf 90' lang='lat' dir='ltr'><strong>per</strong></span> <span class='ocrx_word' id='word_1_120' title='bbox 1803 2067 1907 2122; x_wconf 88' lang='lat' dir='ltr'><strong>Te-</strong></span> 
     </span>
    </p>
   </div>
   <div class='ocr_carea' id='block_1_21' title="bbox 313 2157 1907 2237">
    <p class='ocr_par' dir='ltr' id='par_1_21' title="bbox 313 2157 1907 2237">
     <span class='ocr_line' id='line_1_21' title="bbox 313 2157 1907 2237; baseline -0.007 -15"><span class='ocrx_word' id='word_1_121' title='bbox 313 2167 631 2222; x_wconf 88' lang='lat' dir='ltr'><strong>rentianum</strong></span> <span class='ocrx_word' id='word_1_122' title='bbox 677 2165 1159 2237; x_wconf 88' lang='lat' dir='ltr'><strong>campiductorem,</strong></span> <span class='ocrx_word' id='word_1_123' title='bbox 1207 2161 1301 2232; x_wconf 89' lang='lat' dir='ltr'><strong>qui</strong></span> <span class='ocrx_word' id='word_1_124' title='bbox 1336 2158 1531 2216; x_wconf 87' lang='lat' dir='ltr'><strong>deinde</strong></span> <span class='ocrx_word' id='word_1_125' title='bbox 1564 2157 1907 2214; x_wconf 87' lang='lat' dir='ltr'><strong>Christianus</strong></span> 
     </span>
    </p>
   </div>
   <div class='ocr_carea' id='block_1_22' title="bbox 318 2256 637 2313">
    <p class='ocr_par' dir='ltr' id='par_1_22' title="bbox 318 2256 637 2313">
     <span class='ocr_line' id='line_1_22' title="bbox 318 2256 637 2313; baseline 0 -2"><span class='ocrx_word' id='word_1_126' title='bbox 318 2256 506 2313; x_wconf 90' lang='lat' dir='ltr'><strong>factus</strong></span> <span class='ocrx_word' id='word_1_127' title='bbox 534 2264 637 2313; x_wconf 89' lang='lat' dir='ltr'><strong>est.</strong></span> 
     </span>
    </p>
   </div>
   <div class='ocr_carea' id='block_1_23' title="bbox 394 2359 1908 2436">
    <p class='ocr_par' dir='ltr' id='par_1_23' title="bbox 394 2359 1908 2436">
     <span class='ocr_line' id='line_1_23' title="bbox 394 2359 1908 2436; baseline -0.003 -17"><span class='ocrx_word' id='word_1_128' title='bbox 394 2366 439 2419; x_wconf 68' lang='grc' dir='ltr'><strong>ν</strong></span> <span class='ocrx_word' id='word_1_129' title='bbox 471 2363 605 2423; x_wconf 58' lang='lat' dir='ltr'><strong>Kac.</strong></span> <span class='ocrx_word' id='word_1_130' title='bbox 638 2366 882 2423; x_wconf 87' lang='lat' dir='ltr'><strong>Inventio</strong></span> <span class='ocrx_word' id='word_1_131' title='bbox 910 2380 1198 2436; x_wconf 88' lang='lat' dir='ltr'><strong>corporum</strong></span> <span class='ocrx_word' id='word_1_132' title='bbox 1227 2370 1542 2421; x_wconf 88' lang='lat' dir='ltr'><strong>sanctorum</strong></span> <span class='ocrx_word' id='word_1_133' title='bbox 1572 2359 1824 2417; x_wconf 85' lang='lat' dir='ltr'><strong>Fusciani</strong></span> <span class='ocrx_word' id='word_1_134' title='bbox 1851 2366 1908 2414; x_wconf 93' lang='lat' dir='ltr'><strong>et</strong></span> 
     </span>
    </p>
   </div>
   <div class='ocr_carea' id='block_1_24' title="bbox 325 2450 1908 2526">
    <p class='ocr_par' dir='ltr' id='par_1_24' title="bbox 325 2450 1908 2526">
     <span class='ocr_line' id='line_1_24' title="bbox 325 2450 1908 2526; baseline -0.003 -17"><span class='ocrx_word' id='word_1_135' title='bbox 325 2454 605 2520; x_wconf 80' lang='lat' dir='ltr'><strong>Victorlci,</strong></span> <span class='ocrx_word' id='word_1_136' title='bbox 651 2463 815 2526; x_wconf 90' lang='lat' dir='ltr'><strong>atque</strong></span> <span class='ocrx_word' id='word_1_137' title='bbox 850 2454 1103 2510; x_wconf 85' lang='lat' dir='ltr'><strong>Gentiani</strong></span> <span class='ocrx_word' id='word_1_138' title='bbox 1141 2462 1467 2523; x_wconf 88' lang='lat' dir='ltr'><strong>martyrum,</strong></span> <span class='ocrx_word' id='word_1_139' title='bbox 1507 2467 1627 2522; x_wconf 72' lang='lat' dir='ltr'><strong>qua:</strong></span> <span class='ocrx_word' id='word_1_140' title='bbox 1671 2450 1908 2506; x_wconf 88' lang='lat' dir='ltr'><strong>revelata</strong></span> 
     </span>
    </p>
   </div>
   <div class='ocr_carea' id='block_1_25' title="bbox 321 2540 1910 2614">
    <p class='ocr_par' dir='ltr' id='par_1_25' title="bbox 321 2540 1910 2614">
     <span class='ocr_line' id='line_1_25' title="bbox 321 2540 1910 2614; baseline -0.003 -15"><span class='ocrx_word' id='word_1_141' title='bbox 321 2553 452 2599; x_wconf 87' lang='lat' dir='ltr'><strong>sunt</strong></span> <span class='ocrx_word' id='word_1_142' title='bbox 492 2543 754 2614; x_wconf 84' lang='lat' dir='ltr'><strong>Lupicino</strong></span> <span class='ocrx_word' id='word_1_143' title='bbox 795 2544 1241 2600; x_wconf 83' lang='lat' dir='ltr'><strong>Ambianensium</strong></span> <span class='ocrx_word' id='word_1_144' title='bbox 1286 2543 1624 2614; x_wconf 85' lang='lat' dir='ltr'><strong>presbytero,</strong></span> <span class='ocrx_word' id='word_1_145' title='bbox 1651 2540 1745 2612; x_wconf 89' lang='lat' dir='ltr'><strong>qui</strong></span> <span class='ocrx_word' id='word_1_146' title='bbox 1785 2555 1910 2596; x_wconf 90' lang='lat' dir='ltr'><strong>cum</strong></span> 
     </span>
    </p>
   </div>
   <div class='ocr_carea' id='block_1_26' title="bbox 319 2632 1911 2705">
    <p class='ocr_par' dir='ltr' id='par_1_26' title="bbox 319 2632 1911 2705">
     <span class='ocr_line' id='line_1_26' title="bbox 319 2632 1911 2705; baseline -0.003 -14"><span class='ocrx_word' id='word_1_147' title='bbox 319 2645 520 2691; x_wconf 86' lang='lat' dir='ltr'><strong>sancto</strong></span> <span class='ocrx_word' id='word_1_148' title='bbox 567 2636 881 2702; x_wconf 83' lang='lat' dir='ltr'><strong>Honoratio,</strong></span> <span class='ocrx_word' id='word_1_149' title='bbox 924 2635 1165 2705; x_wconf 90' lang='lat' dir='ltr'><strong>ejusdem</strong></span> <span class='ocrx_word' id='word_1_150' title='bbox 1194 2634 1430 2691; x_wconf 84' lang='lat' dir='ltr'><strong>civitatis</strong></span> <span class='ocrx_word' id='word_1_151' title='bbox 1455 2633 1729 2704; x_wconf 88' lang='lat' dir='ltr'><strong>episcopo,</strong></span> <span class='ocrx_word' id='word_1_152' title='bbox 1766 2632 1911 2700; x_wconf 88' lang='lat' dir='ltr'><strong>ipsas</strong></span> 
     </span>
    </p>
   </div>
   <div class='ocr_carea' id='block_1_27' title="bbox 323 2723 1912 2797">
    <p class='ocr_par' dir='ltr' id='par_1_27' title="bbox 323 2723 1912 2797">
     <span class='ocr_line' id='line_1_27' title="bbox 323 2723 1912 2797; baseline -0.002 -18"><span class='ocrx_word' id='word_1_153' title='bbox 323 2725 592 2795; x_wconf 83' lang='lat' dir='ltr'><strong>reliquias</strong></span> <span class='ocrx_word' id='word_1_154' title='bbox 619 2726 835 2797; x_wconf 79' lang='lat' dir='ltr'><strong>collegit</strong></span> <span class='ocrx_word' id='word_1_155' title='bbox 860 2733 916 2780; x_wconf 89' lang='lat' dir='ltr'><strong>et</strong></span> <span class='ocrx_word' id='word_1_156' title='bbox 958 2727 1012 2780; x_wconf 88' lang='lat' dir='ltr'><strong>in</strong></span> <span class='ocrx_word' id='word_1_157' title='bbox 1048 2725 1168 2781; x_wconf 90' lang='lat' dir='ltr'><strong>loco</strong></span> <span class='ocrx_word' id='word_1_158' title='bbox 1201 2734 1328 2795; x_wconf 87' lang='lat' dir='ltr'><strong>apto</strong></span> <span class='ocrx_word' id='word_1_159' title='bbox 1355 2723 1535 2795; x_wconf 88' lang='lat' dir='ltr'><strong>posuit</strong></span> <span class='ocrx_word' id='word_1_160' title='bbox 1572 2738 1744 2791; x_wconf 90' lang='lat' dir='ltr'><strong>:quas</strong></span> <span class='ocrx_word' id='word_1_161' title='bbox 1787 2723 1912 2778; x_wconf 91' lang='lat' dir='ltr'><strong>licet</strong></span> 
     </span>
    </p>
   </div>
   <div class='ocr_carea' id='block_1_28' title="bbox 324 2815 1914 2894">
    <p class='ocr_par' dir='ltr' id='par_1_28' title="bbox 324 2815 1914 2894">
     <span class='ocr_line' id='line_1_28' title="bbox 324 2815 1914 2894; baseline -0.001 -21"><span class='ocrx_word' id='word_1_162' title='bbox 324 2819 519 2876; x_wconf 77' lang='lat' dir='ltr'><strong>Hilder</strong></span> <span class='ocrx_word' id='word_1_163' title='bbox 542 2819 943 2894; x_wconf 82' lang='lat' dir='ltr'><strong>[Hildericus],</strong></span> <span class='ocrx_word' id='word_1_164' title='bbox 965 2835 1064 2875; x_wconf 73' lang='lat' dir='ltr'><strong>rex</strong></span> <span class='ocrx_word' id='word_1_165' title='bbox 1086 2819 1419 2874; x_wconf 86' lang='lat' dir='ltr'><strong>Francorum</strong></span> <span class='ocrx_word' id='word_1_166' title='bbox 1445 2818 1510 2871; x_wconf 92' lang='lat' dir='ltr'><strong>ad</strong></span> <span class='ocrx_word' id='word_1_167' title='bbox 1532 2832 1592 2872; x_wconf 92' lang='lat' dir='ltr'><strong>se</strong></span> <span class='ocrx_word' id='word_1_168' title='bbox 1616 2815 1914 2871; x_wconf 83' lang='lat' dir='ltr'><strong>transferre</strong></span> 
     </span>
    </p>
   </div>
   <div class='ocr_carea' id='block_1_29' title="bbox 326 2908 1914 2981">
    <p class='ocr_par' dir='ltr' id='par_1_29' title="bbox 326 2908 1914 2981">
     <span class='ocr_line' id='line_1_29' title="bbox 326 2908 1914 2981; baseline -0.001 -17"><span class='ocrx_word' id='word_1_169' title='bbox 326 2909 518 2976; x_wconf 88' lang='lat' dir='ltr'><strong>vellet,</strong></span> <span class='ocrx_word' id='word_1_170' title='bbox 561 2920 743 2967; x_wconf 90' lang='lat' dir='ltr'><strong>tamen</strong></span> <span class='ocrx_word' id='word_1_171' title='bbox 783 2913 909 2981; x_wconf 88' lang='lat' dir='ltr'><strong>quia</strong></span> <span class='ocrx_word' id='word_1_172' title='bbox 939 2927 1045 2967; x_wconf 92' lang='lat' dir='ltr'><strong>non</strong></span> <span class='ocrx_word' id='word_1_173' title='bbox 1072 2911 1267 2981; x_wconf 90' lang='lat' dir='ltr'><strong>potuit,</strong></span> <span class='ocrx_word' id='word_1_174' title='bbox 1314 2918 1596 2980; x_wconf 88' lang='lat' dir='ltr'><strong>propterea</strong></span> <span class='ocrx_word' id='word_1_175' title='bbox 1640 2909 1693 2962; x_wconf 90' lang='lat' dir='ltr'><strong>in</strong></span> <span class='ocrx_word' id='word_1_176' title='bbox 1724 2908 1914 2963; x_wconf 89' lang='lat' dir='ltr'><strong>eodem</strong></span> 
     </span>
    </p>
   </div>
   <div class='ocr_carea' id='block_1_30' title="bbox 252 2997 1913 3085">
    <p class='ocr_par' dir='ltr' id='par_1_30' title="bbox 252 2997 1913 3085">
     <span class='ocr_line' id='line_1_30' title="bbox 252 2997 1913 3085; baseline -0.001 -31"><span class='ocrx_word' id='word_1_177' title='bbox 252 3067 259 3071; x_wconf 29' lang='lat'><em>‘</em></span> <span class='ocrx_word' id='word_1_178' title='bbox 328 2997 454 3057; x_wconf 89' lang='lat' dir='ltr'><strong>loco</strong></span> <span class='ocrx_word' id='word_1_179' title='bbox 485 3002 747 3085; x_wconf 68' lang='lat' dir='ltr'><strong>tedilicata</strong></span> <span class='ocrx_word' id='word_1_180' title='bbox 771 3001 1018 3064; x_wconf 88' lang='lat' dir='ltr'><strong>basilica,</strong></span> <span class='ocrx_word' id='word_1_181' title='bbox 1042 3001 1158 3070; x_wconf 88' lang='lat' dir='ltr'><strong>ipsa</strong></span> <span class='ocrx_word' id='word_1_182' title='bbox 1187 2999 1484 3055; x_wconf 85' lang='lat' dir='ltr'><strong>honorifice</strong></span> <span class='ocrx_word' id='word_1_183' title='bbox 1508 2998 1772 3067; x_wconf 89' lang='lat' dir='ltr'><strong>sepelivit.</strong></span> <span class='ocrx_word' id='word_1_184' title='bbox 1805 2997 1913 3052; x_wconf 83' lang='lat' dir='ltr'><strong>Eo-</strong></span> 
     </span>
    </p>
   </div>
   <div class='ocr_carea' id='block_1_31' title="bbox 331 3088 1912 3164">
    <p class='ocr_par' dir='ltr' id='par_1_31' title="bbox 331 3088 1912 3164">
     <span class='ocr_line' id='line_1_31' title="bbox 331 3088 1912 3164; baseline -0.002 -18"><span class='ocrx_word' id='word_1_185' title='bbox 331 3091 460 3146; x_wconf 91' lang='lat' dir='ltr'><strong>dem</strong></span> <span class='ocrx_word' id='word_1_186' title='bbox 490 3091 575 3147; x_wconf 91' lang='lat' dir='ltr'><strong>die</strong></span> <span class='ocrx_word' id='word_1_187' title='bbox 603 3093 657 3146; x_wconf 89' lang='lat' dir='ltr'><strong>in</strong></span> <span class='ocrx_word' id='word_1_188' title='bbox 688 3092 920 3162; x_wconf 84' lang='lat' dir='ltr'><strong>Ephesio</strong></span> <span class='ocrx_word' id='word_1_189' title='bbox 950 3089 1245 3164; x_wconf 88' lang='lat' dir='ltr'><strong>[Epheso]</strong></span> <span class='ocrx_word' id='word_1_190' title='bbox 1285 3090 1502 3146; x_wconf 88' lang='lat' dir='ltr'><strong>civitate</strong></span> <span class='ocrx_word' id='word_1_191' title='bbox 1529 3088 1796 3144; x_wconf 86' lang='lat' dir='ltr'><strong>festivitas</strong></span> <span class='ocrx_word' id='word_1_192' title='bbox 1822 3103 1912 3144; x_wconf 92' lang='lat' dir='ltr'><strong>ce-</strong></span> 
     </span>
    </p>
   </div>
   <div class='ocr_carea' id='block_1_32' title="bbox 330 3165 1988 3253">
    <p class='ocr_par' dir='ltr' id='par_1_32' title="bbox 330 3165 1988 3253">
     <span class='ocr_line' id='line_1_32' title="bbox 330 3165 1988 3253; baseline -0.001 -17"><span class='ocrx_word' id='word_1_193' title='bbox 330 3181 580 3238; x_wconf 86' lang='lat' dir='ltr'><strong>lebratur</strong></span> <span class='ocrx_word' id='word_1_194' title='bbox 631 3191 835 3253; x_wconf 88' lang='lat' dir='ltr'><strong>septem</strong></span> <span class='ocrx_word' id='word_1_195' title='bbox 887 3182 1116 3239; x_wconf 84' lang='lat' dir='ltr'><strong>fratrum</strong></span> <span class='ocrx_word' id='word_1_196' title='bbox 1169 3182 1587 3246; x_wconf 87' lang='lat' dir='ltr'><strong>dormientium,</strong></span> <span class='ocrx_word' id='word_1_197' title='bbox 1639 3181 1741 3235; x_wconf 89' lang='lat' dir='ltr'><strong>hoc</strong></span> <span class='ocrx_word' id='word_1_198' title='bbox 1791 3189 1914 3246; x_wconf 88' lang='lat' dir='ltr'><strong>est,</strong></span> <span class='ocrx_word' id='word_1_199' title='bbox 1943 3165 1988 3228; x_wconf 84' lang='lat' dir='ltr'><strong>C</strong></span> 
     </span>
    </p>
   </div>
   <div class='ocr_carea' id='block_1_33' title="bbox 330 3264 1917 3343">
    <p class='ocr_par' dir='ltr' id='par_1_33' title="bbox 330 3264 1917 3343">
     <span class='ocr_line' id='line_1_33' title="bbox 330 3264 1917 3343; baseline -0.003 -16"><span class='ocrx_word' id='word_1_200' title='bbox 330 3264 651 3329; x_wconf 74' lang='lat' dir='ltr'><strong>Maximiani</strong></span> <span class='ocrx_word' id='word_1_201' title='bbox 681 3281 735 3328; x_wconf 92' lang='lat' dir='ltr'><strong>et</strong></span> <span class='ocrx_word' id='word_1_202' title='bbox 763 3272 953 3329; x_wconf 79' lang='lat' dir='ltr'><strong>Malchi</strong></span> <span class='ocrx_word' id='word_1_203' title='bbox 973 3314 988 3339; x_wconf 96' lang='lat'><strong>,</strong></span> <span class='ocrx_word' id='word_1_204' title='bbox 1041 3270 1290 3327; x_wconf 85' lang='lat' dir='ltr'><strong>Martiani</strong></span> <span class='ocrx_word' id='word_1_205' title='bbox 1335 3270 1354 3343; x_wconf 93' lang='lat'>[</span> <span class='ocrx_word' id='word_1_206' title='bbox 1383 3268 1761 3341; x_wconf 83' lang='lat' dir='ltr'><strong>lllartiniaui],</strong></span> <span class='ocrx_word' id='word_1_207' title='bbox 1792 3269 1917 3323; x_wconf 89' lang='lat' dir='ltr'><strong>Dio—</strong></span> 
     </span>
    </p>
   </div>
   <div class='ocr_carea' id='block_1_34' title="bbox 331 3358 1918 3437">
    <p class='ocr_par' dir='ltr' id='par_1_34' title="bbox 331 3358 1918 3437">
     <span class='ocr_line' id='line_1_34' title="bbox 331 3358 1918 3437; baseline -0.005 -17"><span class='ocrx_word' id='word_1_208' title='bbox 331 3368 500 3437; x_wconf 85' lang='lat' dir='ltr'><strong>nysii,</strong></span> <span class='ocrx_word' id='word_1_209' title='bbox 534 3365 777 3432; x_wconf 87' lang='lat' dir='ltr'><strong>Joannis,</strong></span> <span class='ocrx_word' id='word_1_210' title='bbox 829 3365 1161 3436; x_wconf 90' lang='lat' dir='ltr'><strong>Serapionis,</strong></span> <span class='ocrx_word' id='word_1_211' title='bbox 1210 3361 1572 3427; x_wconf 86' lang='lat' dir='ltr'><strong>Constantini,</strong></span> <span class='ocrx_word' id='word_1_212' title='bbox 1613 3360 1702 3430; x_wconf 90' lang='lat' dir='ltr'><strong>qui</strong></span> <span class='ocrx_word' id='word_1_213' title='bbox 1735 3358 1918 3413; x_wconf 91' lang='lat' dir='ltr'><strong>Decia-</strong></span> 
     </span>
    </p>
   </div>
   <div class='ocr_carea' id='block_1_35' title="bbox 332 3451 1919 3526">
    <p class='ocr_par' dir='ltr' id='par_1_35' title="bbox 332 3451 1919 3526">
     <span class='ocr_line' id='line_1_35' title="bbox 332 3451 1919 3526; baseline -0.006 -15"><span class='ocrx_word' id='word_1_214' title='bbox 332 3473 464 3511; x_wconf 86' lang='lat' dir='ltr'><strong>nam</strong></span> <span class='ocrx_word' id='word_1_215' title='bbox 505 3457 936 3526; x_wconf 88' lang='lat' dir='ltr'><strong>persecutionem</strong></span> <span class='ocrx_word' id='word_1_216' title='bbox 977 3454 1241 3526; x_wconf 78' lang='lat' dir='ltr'><strong>fugientes</strong></span> <span class='ocrx_word' id='word_1_217' title='bbox 1273 3462 1396 3524; x_wconf 92' lang='lat' dir='ltr'><strong>post</strong></span> <span class='ocrx_word' id='word_1_218' title='bbox 1440 3451 1608 3507; x_wconf 89' lang='lat' dir='ltr'><strong>multa</strong></span> <span class='ocrx_word' id='word_1_219' title='bbox 1653 3455 1919 3505; x_wconf 81' lang='lat' dir='ltr'><strong>tormenta</strong></span> 
     </span>
    </p>
   </div>
   <div class='ocr_carea' id='block_1_36' title="bbox 334 3542 1921 3619">
    <p class='ocr_par' dir='ltr' id='par_1_36' title="bbox 334 3542 1921 3619">
     <span class='ocr_line' id='line_1_36' title="bbox 334 3542 1921 3619; baseline -0.003 -19"><span class='ocrx_word' id='word_1_220' title='bbox 334 3546 592 3619; x_wconf 84' lang='lat' dir='ltr'><strong>fugerunt</strong></span> <span class='ocrx_word' id='word_1_221' title='bbox 634 3547 687 3601; x_wconf 92' lang='lat' dir='ltr'><strong>in</strong></span> <span class='ocrx_word' id='word_1_222' title='bbox 717 3547 1028 3616; x_wconf 89' lang='lat' dir='ltr'><strong>speluncam</strong></span> <span class='ocrx_word' id='word_1_223' title='bbox 1070 3546 1326 3619; x_wconf 84' lang='lat' dir='ltr'><strong>grandem</strong></span> <span class='ocrx_word' id='word_1_224' title='bbox 1354 3545 1408 3600; x_wconf 91' lang='lat' dir='ltr'><strong>in</strong></span> <span class='ocrx_word' id='word_1_225' title='bbox 1447 3552 1628 3600; x_wconf 90' lang='lat' dir='ltr'><strong>monte</strong></span> <span class='ocrx_word' id='word_1_226' title='bbox 1653 3542 1835 3607; x_wconf 88' lang='lat' dir='ltr'><strong>Celeo,</strong></span> <span class='ocrx_word' id='word_1_227' title='bbox 1866 3547 1921 3595; x_wconf 88' lang='lat' dir='ltr'><strong>et</strong></span> 
     </span>
    </p>
   </div>
   <div class='ocr_carea' id='block_1_37' title="bbox 333 3634 1922 3706">
    <p class='ocr_par' dir='ltr' id='par_1_37' title="bbox 333 3634 1922 3706">
     <span class='ocr_line' id='line_1_37' title="bbox 333 3634 1922 3706; baseline 0 -15"><span class='ocrx_word' id='word_1_228' title='bbox 333 3635 410 3694; x_wconf 85' lang='lat' dir='ltr'><strong>ibi</strong></span> <span class='ocrx_word' id='word_1_229' title='bbox 450 3637 505 3691; x_wconf 86' lang='lat' dir='ltr'><strong>in</strong></span> <span class='ocrx_word' id='word_1_230' title='bbox 555 3638 798 3693; x_wconf 89' lang='lat' dir='ltr'><strong>oratione</strong></span> <span class='ocrx_word' id='word_1_231' title='bbox 842 3639 1058 3693; x_wconf 89' lang='lat' dir='ltr'><strong>assidua</strong></span> <span class='ocrx_word' id='word_1_232' title='bbox 1109 3648 1453 3704; x_wconf 86' lang='lat' dir='ltr'><strong>manserunt;</strong></span> <span class='ocrx_word' id='word_1_233' title='bbox 1505 3634 1650 3706; x_wconf 88' lang='lat' dir='ltr'><strong>quod</strong></span> <span class='ocrx_word' id='word_1_234' title='bbox 1698 3635 1922 3691; x_wconf 87' lang='lat' dir='ltr'><strong>audiens</strong></span> 
     </span>
    </p>
   </div>
   <div class='ocr_carea' id='block_1_38' title="bbox 336 3727 1921 3800">
    <p class='ocr_par' dir='ltr' id='par_1_38' title="bbox 336 3727 1921 3800">
     <span class='ocr_line' id='line_1_38' title="bbox 336 3727 1921 3800; baseline 0.001 -18"><span class='ocrx_word' id='word_1_235' title='bbox 336 3729 536 3784; x_wconf 87' lang='lat' dir='ltr'><strong>Decius</strong></span> <span class='ocrx_word' id='word_1_236' title='bbox 563 3728 869 3799; x_wconf 88' lang='lat' dir='ltr'><strong>imperator,</strong></span> <span class='ocrx_word' id='word_1_237' title='bbox 912 3729 1074 3800; x_wconf 87' lang='lat' dir='ltr'><strong>jussit</strong></span> <span class='ocrx_word' id='word_1_238' title='bbox 1096 3729 1303 3785; x_wconf 89' lang='lat' dir='ltr'><strong>obstrui</strong></span> <span class='ocrx_word' id='word_1_239' title='bbox 1329 3744 1392 3784; x_wconf 89' lang='lat' dir='ltr'><strong>os</strong></span> <span class='ocrx_word' id='word_1_240' title='bbox 1426 3729 1718 3799; x_wconf 64' lang='lat' dir='ltr'><strong>speluncae,</strong></span> <span class='ocrx_word' id='word_1_241' title='bbox 1759 3735 1819 3781; x_wconf 90' lang='lat' dir='ltr'><strong>ut</strong></span> <span class='ocrx_word' id='word_1_242' title='bbox 1846 3727 1921 3783; x_wconf 89' lang='lat' dir='ltr'><strong>ibi</strong></span> 
     </span>
    </p>
   </div>
   <div class='ocr_carea' id='block_1_39' title="bbox 337 3816 1924 3890">
    <p class='ocr_par' dir='ltr' id='par_1_39' title="bbox 337 3816 1924 3890">
     <span class='ocr_line' id='line_1_39' title="bbox 337 3816 1924 3890; baseline 0.001 -18"><span class='ocrx_word' id='word_1_243' title='bbox 337 3816 642 3873; x_wconf 86' lang='lat' dir='ltr'><strong>interirent.</strong></span> <span class='ocrx_word' id='word_1_244' title='bbox 686 3820 924 3875; x_wconf 80' lang='lat' dir='ltr'><strong>Mortuus</strong></span> <span class='ocrx_word' id='word_1_245' title='bbox 970 3828 1054 3875; x_wconf 89' lang='lat' dir='ltr'><strong>est</strong></span> <span class='ocrx_word' id='word_1_246' title='bbox 1094 3821 1286 3876; x_wconf 86' lang='lat' dir='ltr'><strong>Decius</strong></span> <span class='ocrx_word' id='word_1_247' title='bbox 1330 3820 1622 3890; x_wconf 89' lang='lat' dir='ltr'><strong>imperator</strong></span> <span class='ocrx_word' id='word_1_248' title='bbox 1657 3824 1713 3875; x_wconf 88' lang='lat' dir='ltr'><strong>et</strong></span> <span class='ocrx_word' id='word_1_249' title='bbox 1745 3817 1924 3873; x_wconf 89' lang='lat' dir='ltr'><strong>omnis</strong></span> 
     </span>
    </p>
   </div>
   <div class='ocr_carea' id='block_1_40' title="bbox 338 3908 1924 3980">
    <p class='ocr_par' dir='ltr' id='par_1_40' title="bbox 338 3908 1924 3980">
     <span class='ocr_line' id='line_1_40' title="bbox 338 3908 1924 3980; baseline -0.001 -16"><span class='ocrx_word' id='word_1_250' title='bbox 338 3910 615 3980; x_wconf 81' lang='lat' dir='ltr'><strong>generatio</strong></span> <span class='ocrx_word' id='word_1_251' title='bbox 644 3909 756 3975; x_wconf 90' lang='lat' dir='ltr'><strong>illa,</strong></span> <span class='ocrx_word' id='word_1_252' title='bbox 788 3918 841 3963; x_wconf 87' lang='lat' dir='ltr'><strong>et</strong></span> <span class='ocrx_word' id='word_1_253' title='bbox 869 3920 1232 3979; x_wconf 80' lang='lat' dir='ltr'><strong>regnaverunt</strong></span> <span class='ocrx_word' id='word_1_254' title='bbox 1271 3911 1359 3965; x_wconf 88' lang='lat' dir='ltr'><strong>alii</strong></span> <span class='ocrx_word' id='word_1_255' title='bbox 1388 3912 1762 3980; x_wconf 87' lang='lat' dir='ltr'><strong>imperatores.</strong></span> <span class='ocrx_word' id='word_1_256' title='bbox 1795 3908 1924 3965; x_wconf 85' lang='lat' dir='ltr'><strong>Post</strong></span> 
     </span>
    </p>
   </div>
   <div class='ocr_carea' id='block_1_41' title="bbox 341 3999 1920 4070">
    <p class='ocr_par' dir='ltr' id='par_1_41' title="bbox 341 3999 1920 4070">
     <span class='ocr_line' id='line_1_41' title="bbox 341 3999 1920 4070; baseline -0.001 -17"><span class='ocrx_word' id='word_1_257' title='bbox 341 4005 614 4055; x_wconf 76' lang='lat' dir='ltr'><strong>trecentos</strong></span> <span class='ocrx_word' id='word_1_258' title='bbox 642 4014 769 4069; x_wconf 82' lang='lat' dir='ltr'><strong>ergo</strong></span> <span class='ocrx_word' id='word_1_259' title='bbox 800 3999 1140 4070; x_wconf 86' lang='lat' dir='ltr'><strong>septuaginta</strong></span> <span class='ocrx_word' id='word_1_260' title='bbox 1166 4008 1221 4054; x_wconf 90' lang='lat' dir='ltr'><strong>et</strong></span> <span class='ocrx_word' id='word_1_261' title='bbox 1262 4001 1396 4055; x_wconf 92' lang='lat' dir='ltr'><strong>duos</strong></span> <span class='ocrx_word' id='word_1_262' title='bbox 1441 4015 1632 4065; x_wconf 89' lang='lat' dir='ltr'><strong>annos,</strong></span> <span class='ocrx_word' id='word_1_263' title='bbox 1667 4000 1772 4054; x_wconf 91' lang='lat' dir='ltr'><strong>hoc</strong></span> <span class='ocrx_word' id='word_1_264' title='bbox 1815 4005 1920 4065; x_wconf 91' lang='lat' dir='ltr'><strong>est,</strong></span> 
     </span>
    </p>
   </div>
   <div class='ocr_carea' id='block_1_42' title="bbox 340 4086 1926 4158">
    <p class='ocr_par' dir='ltr' id='par_1_42' title="bbox 340 4086 1926 4158">
     <span class='ocr_line' id='line_1_42' title="bbox 340 4086 1926 4158; baseline -0.003 -13"><span class='ocrx_word' id='word_1_265' title='bbox 340 4090 620 4145; x_wconf 86' lang='lat' dir='ltr'><strong>tricesimo</strong></span> <span class='ocrx_word' id='word_1_266' title='bbox 664 4098 856 4144; x_wconf 86' lang='lat' dir='ltr'><strong>octavo</strong></span> <span class='ocrx_word' id='word_1_267' title='bbox 899 4104 1039 4143; x_wconf 88' lang='lat' dir='ltr'><strong>anno</strong></span> <span class='ocrx_word' id='word_1_268' title='bbox 1076 4088 1287 4158; x_wconf 90' lang='lat' dir='ltr'><strong>imperii</strong></span> <span class='ocrx_word' id='word_1_269' title='bbox 1325 4086 1638 4152; x_wconf 82' lang='lat' dir='ltr'><strong>Theodosii,</strong></span> <span class='ocrx_word' id='word_1_270' title='bbox 1688 4087 1784 4142; x_wconf 84' lang='lat' dir='ltr'><strong>ﬁlii</strong></span> <span class='ocrx_word' id='word_1_271' title='bbox 1822 4086 1926 4140; x_wconf 83' lang='lat' dir='ltr'><strong>Ar-</strong></span> 
     </span>
    </p>
   </div>
   <div class='ocr_carea' id='block_1_43' title="bbox 341 4179 1924 4251">
    <p class='ocr_par' dir='ltr' id='par_1_43' title="bbox 341 4179 1924 4251">
     <span class='ocr_line' id='line_1_43' title="bbox 341 4179 1924 4251; baseline -0.001 -15"><span class='ocrx_word' id='word_1_272' title='bbox 341 4182 483 4237; x_wconf 90' lang='lat' dir='ltr'><strong>cadii</strong></span> <span class='ocrx_word' id='word_1_273' title='bbox 515 4180 876 4251; x_wconf 86' lang='lat' dir='ltr'><strong>imperatoris,</strong></span> <span class='ocrx_word' id='word_1_274' title='bbox 919 4181 1133 4250; x_wconf 87' lang='lat' dir='ltr'><strong>quando</strong></span> <span class='ocrx_word' id='word_1_275' title='bbox 1161 4180 1442 4250; x_wconf 78' lang='lat' dir='ltr'><strong>pullulavit</strong></span> <span class='ocrx_word' id='word_1_276' title='bbox 1468 4179 1711 4245; x_wconf 73' lang='lat' dir='ltr'><strong>hmresis,</strong></span> <span class='ocrx_word' id='word_1_277' title='bbox 1740 4179 1924 4235; x_wconf 86' lang='lat' dir='ltr'><strong>volens</strong></span> 
     </span>
    </p>
   </div>
   <div class='ocr_carea' id='block_1_44' title="bbox 343 4271 1921 4342">
    <p class='ocr_par' dir='ltr' id='par_1_44' title="bbox 343 4271 1921 4342">
     <span class='ocr_line' id='line_1_44' title="bbox 343 4271 1921 4342; baseline -0.002 -15"><span class='ocrx_word' id='word_1_278' title='bbox 343 4288 608 4328; x_wconf 89' lang='lat' dir='ltr'><strong>evacuare</strong></span> <span class='ocrx_word' id='word_1_279' title='bbox 653 4288 802 4342; x_wconf 89' lang='lat' dir='ltr'><strong>spem</strong></span> <span class='ocrx_word' id='word_1_280' title='bbox 844 4271 966 4328; x_wconf 84' lang='lat' dir='ltr'><strong>fidei</strong></span> <span class='ocrx_word' id='word_1_281' title='bbox 1002 4280 1057 4327; x_wconf 89' lang='lat' dir='ltr'><strong>et</strong></span> <span class='ocrx_word' id='word_1_282' title='bbox 1098 4272 1511 4328; x_wconf 89' lang='lat' dir='ltr'><strong>resurrectionis</strong></span> <span class='ocrx_word' id='word_1_283' title='bbox 1554 4280 1921 4337; x_wconf 88' lang='lat' dir='ltr'><strong>mortuorum,</strong></span> 
     </span>
    </p>
   </div>
   <div class='ocr_carea' id='block_1_45' title="bbox 344 4362 1924 4436">
    <p class='ocr_par' dir='ltr' id='par_1_45' title="bbox 344 4362 1924 4436">
     <span class='ocr_line' id='line_1_45' title="bbox 344 4362 1924 4436; baseline -0.002 -16"><span class='ocrx_word' id='word_1_284' title='bbox 344 4364 446 4436; x_wconf 89' lang='lat' dir='ltr'><strong>ipsi</strong></span> <span class='ocrx_word' id='word_1_285' title='bbox 475 4371 679 4435; x_wconf 89' lang='lat' dir='ltr'><strong>septem</strong></span> <span class='ocrx_word' id='word_1_286' title='bbox 709 4365 919 4429; x_wconf 87' lang='lat' dir='ltr'><strong>fratres,</strong></span> <span class='ocrx_word' id='word_1_287' title='bbox 962 4364 1053 4434; x_wconf 89' lang='lat' dir='ltr'><strong>qui</strong></span> <span class='ocrx_word' id='word_1_288' title='bbox 1086 4364 1138 4419; x_wconf 92' lang='lat' dir='ltr'><strong>in</strong></span> <span class='ocrx_word' id='word_1_289' title='bbox 1174 4364 1431 4433; x_wconf 68' lang='lat' dir='ltr'><strong>praedicta</strong></span> <span class='ocrx_word' id='word_1_290' title='bbox 1462 4362 1716 4434; x_wconf 88' lang='lat' dir='ltr'><strong>spelunca</strong></span> <span class='ocrx_word' id='word_1_291' title='bbox 1754 4376 1924 4432; x_wconf 89' lang='lat' dir='ltr'><strong>usque</strong></span> 
     </span>
    </p>
   </div>
   <div class='ocr_carea' id='block_1_46' title="bbox 345 4453 1925 4528">
    <p class='ocr_par' dir='ltr' id='par_1_46' title="bbox 345 4453 1925 4528">
     <span class='ocr_line' id='line_1_46' title="bbox 345 4453 1925 4528; baseline -0.003 -16"><span class='ocrx_word' id='word_1_292' title='bbox 345 4457 416 4512; x_wconf 86' lang='lat' dir='ltr'><strong>ad</strong></span> <span class='ocrx_word' id='word_1_293' title='bbox 468 4456 598 4512; x_wconf 89' lang='lat' dir='ltr'><strong>illud</strong></span> <span class='ocrx_word' id='word_1_294' title='bbox 662 4467 870 4528; x_wconf 90' lang='lat' dir='ltr'><strong>tempus</strong></span> <span class='ocrx_word' id='word_1_295' title='bbox 926 4456 1315 4526; x_wconf 88' lang='lat' dir='ltr'><strong>quiescebant,</strong></span> <span class='ocrx_word' id='word_1_296' title='bbox 1371 4455 1618 4510; x_wconf 90' lang='lat' dir='ltr'><strong>suscitati</strong></span> <span class='ocrx_word' id='word_1_297' title='bbox 1674 4462 1801 4509; x_wconf 89' lang='lat' dir='ltr'><strong>sunt</strong></span> <span class='ocrx_word' id='word_1_298' title='bbox 1857 4453 1925 4508; x_wconf 91' lang='lat' dir='ltr'><strong>de</strong></span> 
     </span>
    </p>
   </div>
   <div class='ocr_carea' id='block_1_47' title="bbox 346 4526 2004 4617">
    <p class='ocr_par' dir='ltr' id='par_1_47' title="bbox 346 4526 2004 4617">
     <span class='ocr_line' id='line_1_47' title="bbox 346 4526 2004 4617; baseline -0.004 -14"><span class='ocrx_word' id='word_1_299' title='bbox 346 4561 539 4603; x_wconf 86' lang='lat' dir='ltr'><strong>somno</strong></span> <span class='ocrx_word' id='word_1_300' title='bbox 563 4547 898 4617; x_wconf 84' lang='lat' dir='ltr'><strong>longissimo,</strong></span> <span class='ocrx_word' id='word_1_301' title='bbox 944 4556 999 4602; x_wconf 92' lang='lat' dir='ltr'><strong>et</strong></span> <span class='ocrx_word' id='word_1_302' title='bbox 1035 4562 1156 4601; x_wconf 89' lang='lat' dir='ltr'><strong>cum</strong></span> <span class='ocrx_word' id='word_1_303' title='bbox 1190 4547 1242 4601; x_wconf 91' lang='lat' dir='ltr'><strong>in</strong></span> <span class='ocrx_word' id='word_1_304' title='bbox 1277 4545 1619 4616; x_wconf 68' lang='lat' dir='ltr'><strong>prmsentiam</strong></span> <span class='ocrx_word' id='word_1_305' title='bbox 1646 4543 1926 4599; x_wconf 86' lang='lat' dir='ltr'><strong>hominum</strong></span> <span class='ocrx_word' id='word_1_306' title='bbox 1951 4526 2004 4586; x_wconf 83' lang='grc' dir='ltr'>Ῑ)</span> 
     </span>
    </p>
   </div>
   <div class='ocr_carea' id='block_1_48' title="bbox 348 4636 1928 4707">
    <p class='ocr_par' dir='ltr' id='par_1_48' title="bbox 348 4636 1928 4707">
     <span class='ocr_line' id='line_1_48' title="bbox 348 4636 1928 4707; baseline -0.003 -13"><span class='ocrx_word' id='word_1_307' title='bbox 348 4638 494 4694; x_wconf 91' lang='lat' dir='ltr'><strong>illius</strong></span> <span class='ocrx_word' id='word_1_308' title='bbox 517 4638 614 4693; x_wconf 66' lang='lat' dir='ltr'><strong>Levi</strong></span> <span class='ocrx_word' id='word_1_309' title='bbox 655 4636 871 4692; x_wconf 88' lang='lat' dir='ltr'><strong>adducti</strong></span> <span class='ocrx_word' id='word_1_310' title='bbox 917 4647 1074 4702; x_wconf 91' lang='lat' dir='ltr'><strong>sunt,</strong></span> <span class='ocrx_word' id='word_1_311' title='bbox 1106 4637 1426 4707; x_wconf 87' lang='lat' dir='ltr'><strong>apprehensi</strong></span> <span class='ocrx_word' id='word_1_312' title='bbox 1454 4652 1485 4690; x_wconf 93' lang='lat' dir='ltr'><strong>a</strong></span> <span class='ocrx_word' id='word_1_313' title='bbox 1516 4637 1833 4706; x_wconf 89' lang='lat' dir='ltr'><strong>quibusdam</strong></span> <span class='ocrx_word' id='word_1_314' title='bbox 1863 4650 1928 4690; x_wconf 89' lang='lat' dir='ltr'><strong>eo</strong></span> 
     </span>
    </p>
   </div>
   <div class='ocr_carea' id='block_1_49' title="bbox 349 4726 1929 4798">
    <p class='ocr_par' dir='ltr' id='par_1_49' title="bbox 349 4726 1929 4798">
     <span class='ocr_line' id='line_1_49' title="bbox 349 4726 1929 4798; baseline -0.001 -15"><span class='ocrx_word' id='word_1_315' title='bbox 349 4730 492 4798; x_wconf 84' lang='lat' dir='ltr'><strong>quod</strong></span> <span class='ocrx_word' id='word_1_316' title='bbox 514 4728 797 4798; x_wconf 89' lang='lat' dir='ltr'><strong>pecuniam</strong></span> <span class='ocrx_word' id='word_1_317' title='bbox 835 4726 1262 4796; x_wconf 86' lang='lat' dir='ltr'><strong>antiquissimam</strong></span> <span class='ocrx_word' id='word_1_318' title='bbox 1292 4729 1345 4781; x_wconf 90' lang='lat' dir='ltr'><strong>in</strong></span> <span class='ocrx_word' id='word_1_319' title='bbox 1374 4734 1672 4781; x_wconf 87' lang='lat' dir='ltr'><strong>mercatum</strong></span> <span class='ocrx_word' id='word_1_320' title='bbox 1695 4726 1929 4781; x_wconf 84' lang='lat' dir='ltr'><strong>adduxe-</strong></span> 
     </span>
    </p>
   </div>
   <div class='ocr_carea' id='block_1_50' title="bbox 351 4818 1927 4889">
    <p class='ocr_par' dir='ltr' id='par_1_50' title="bbox 351 4818 1927 4889">
     <span class='ocr_line' id='line_1_50' title="bbox 351 4818 1927 4889; baseline -0.001 -15"><span class='ocrx_word' id='word_1_321' title='bbox 351 4830 478 4875; x_wconf 86' lang='lat' dir='ltr'><strong>runt</strong></span> <span class='ocrx_word' id='word_1_322' title='bbox 503 4819 570 4875; x_wconf 89' lang='lat' dir='ltr'><strong>ad</strong></span> <span class='ocrx_word' id='word_1_323' title='bbox 607 4818 1029 4889; x_wconf 89' lang='lat' dir='ltr'><strong>comparandum</strong></span> <span class='ocrx_word' id='word_1_324' title='bbox 1062 4818 1259 4873; x_wconf 83' lang='lat' dir='ltr'><strong>vietum</strong></span> <span class='ocrx_word' id='word_1_325' title='bbox 1289 4818 1422 4885; x_wconf 89' lang='lat' dir='ltr'><strong>sibi,</strong></span> <span class='ocrx_word' id='word_1_326' title='bbox 1471 4818 1621 4887; x_wconf 91' lang='lat' dir='ltr'><strong>quasi</strong></span> <span class='ocrx_word' id='word_1_327' title='bbox 1647 4832 1927 4889; x_wconf 85' lang='lat' dir='ltr'><strong>possesso-</strong></span> 
     </span>
    </p>
   </div>
   <div class='ocr_carea' id='block_1_51' title="bbox 350 4909 1929 4981">
    <p class='ocr_par' dir='ltr' id='par_1_51' title="bbox 350 4909 1929 4981">
     <span class='ocr_line' id='line_1_51' title="bbox 350 4909 1929 4981; baseline -0.003 -14"><span class='ocrx_word' id='word_1_328' title='bbox 350 4927 440 4967; x_wconf 88' lang='lat' dir='ltr'><strong>res</strong></span> <span class='ocrx_word' id='word_1_329' title='bbox 497 4911 788 4965; x_wconf 89' lang='lat' dir='ltr'><strong>multorum</strong></span> <span class='ocrx_word' id='word_1_330' title='bbox 847 4911 1221 4966; x_wconf 88' lang='lat' dir='ltr'><strong>thesaurorum</strong></span> <span class='ocrx_word' id='word_1_331' title='bbox 1248 4950 1263 4976; x_wconf 93' lang='lat'><strong>,</strong></span> <span class='ocrx_word' id='word_1_332' title='bbox 1313 4910 1645 4981; x_wconf 82' lang='lat' dir='ltr'><strong>cogebantur</strong></span> <span class='ocrx_word' id='word_1_333' title='bbox 1704 4909 1929 4964; x_wconf 84' lang='lat' dir='ltr'><strong>reddere</strong></span> 
     </span>
    </p>
   </div>
   <div class='ocr_carea' id='block_1_52' title="bbox 350 4998 1928 5072">
    <p class='ocr_par' dir='ltr' id='par_1_52' title="bbox 350 4998 1928 5072">
     <span class='ocr_line' id='line_1_52' title="bbox 350 4998 1928 5072; baseline -0.001 -17"><span class='ocrx_word' id='word_1_334' title='bbox 350 5000 496 5072; x_wconf 84' lang='lat' dir='ltr'><strong>quod</strong></span> <span class='ocrx_word' id='word_1_335' title='bbox 524 5000 934 5070; x_wconf 86' lang='lat' dir='ltr'><strong>suspicabantur</strong></span> <span class='ocrx_word' id='word_1_336' title='bbox 964 5009 1167 5056; x_wconf 90' lang='lat' dir='ltr'><strong>tenere.</strong></span> <span class='ocrx_word' id='word_1_337' title='bbox 1197 4998 1307 5056; x_wconf 89' lang='lat' dir='ltr'><strong>Sed</strong></span> <span class='ocrx_word' id='word_1_338' title='bbox 1334 5000 1563 5056; x_wconf 86' lang='lat' dir='ltr'><strong>veritate</strong></span> <span class='ocrx_word' id='word_1_339' title='bbox 1602 4999 1804 5071; x_wconf 87' lang='lat' dir='ltr'><strong>agnita,</strong></span> <span class='ocrx_word' id='word_1_340' title='bbox 1834 5000 1928 5054; x_wconf 89' lang='lat' dir='ltr'><strong>ad-</strong></span> 
     </span>
    </p>
   </div>
   <div class='ocr_carea' id='block_1_53' title="bbox 350 5089 1928 5161">
    <p class='ocr_par' dir='ltr' id='par_1_53' title="bbox 350 5089 1928 5161">
     <span class='ocr_line' id='line_1_53' title="bbox 350 5089 1928 5161; baseline -0.002 -13"><span class='ocrx_word' id='word_1_341' title='bbox 350 5090 601 5148; x_wconf 88' lang='lat' dir='ltr'><strong>veniente</strong></span> <span class='ocrx_word' id='word_1_342' title='bbox 629 5091 836 5146; x_wconf 81' lang='lat' dir='ltr'><strong>Marino</strong></span> <span class='ocrx_word' id='word_1_343' title='bbox 859 5090 1111 5161; x_wconf 89' lang='lat' dir='ltr'><strong>episeopo</strong></span> <span class='ocrx_word' id='word_1_344' title='bbox 1142 5090 1521 5161; x_wconf 86' lang='lat' dir='ltr'><strong>Ephesiorum,</strong></span> <span class='ocrx_word' id='word_1_345' title='bbox 1563 5089 1774 5145; x_wconf 89' lang='lat' dir='ltr'><strong>liberati</strong></span> <span class='ocrx_word' id='word_1_346' title='bbox 1801 5098 1928 5146; x_wconf 91' lang='lat' dir='ltr'><strong>sunt</strong></span> 
     </span>
    </p>
   </div>
   <div class='ocr_carea' id='block_1_54' title="bbox 354 5176 1927 5254">
    <p class='ocr_par' dir='ltr' id='par_1_54' title="bbox 354 5176 1927 5254">
     <span class='ocr_line' id='line_1_54' title="bbox 354 5176 1927 5254; baseline -0.002 -13"><span class='ocrx_word' id='word_1_347' title='bbox 354 5186 421 5241; x_wconf 89' lang='lat' dir='ltr'><strong>de</strong></span> <span class='ocrx_word' id='word_1_348' title='bbox 453 5183 704 5240; x_wconf 89' lang='lat' dir='ltr'><strong>manibus</strong></span> <span class='ocrx_word' id='word_1_349' title='bbox 749 5183 1104 5239; x_wconf 89' lang='lat' dir='ltr'><strong>violentorum</strong></span> <span class='ocrx_word' id='word_1_350' title='bbox 1129 5224 1145 5250; x_wconf 93' lang='lat'><strong>,</strong></span> <span class='ocrx_word' id='word_1_351' title='bbox 1184 5193 1238 5238; x_wconf 89' lang='lat' dir='ltr'><strong>et</strong></span> <span class='ocrx_word' id='word_1_352' title='bbox 1275 5181 1577 5239; x_wconf 90' lang='lat' dir='ltr'><strong>Theodosio</strong></span> <span class='ocrx_word' id='word_1_353' title='bbox 1608 5176 1927 5254; x_wconf 84' lang='lat' dir='ltr'><strong>imperatori</strong></span> 
     </span>
    </p>
   </div>
   <div class='ocr_carea' id='block_1_55' title="bbox 355 5271 1929 5347">
    <p class='ocr_par' dir='ltr' id='par_1_55' title="bbox 355 5271 1929 5347">
     <span class='ocr_line' id='line_1_55' title="bbox 355 5271 1929 5347; baseline -0.001 -18"><span class='ocrx_word' id='word_1_354' title='bbox 355 5274 699 5347; x_wconf 74' lang='lat' dir='ltr'><strong>praesentati,</strong></span> <span class='ocrx_word' id='word_1_355' title='bbox 744 5273 813 5329; x_wconf 91' lang='lat' dir='ltr'><strong>ob</strong></span> <span class='ocrx_word' id='word_1_356' title='bbox 850 5272 1215 5328; x_wconf 88' lang='lat' dir='ltr'><strong>testimonium</strong></span> <span class='ocrx_word' id='word_1_357' title='bbox 1254 5271 1666 5328; x_wconf 88' lang='lat' dir='ltr'><strong>resurrectionis</strong></span> <span class='ocrx_word' id='word_1_358' title='bbox 1711 5271 1929 5339; x_wconf 69' lang='lat' dir='ltr'><strong>futuraz,</strong></span> 
     </span>
    </p>
   </div>
   <div class='ocr_carea' id='block_1_56' title="bbox 358 5361 1933 5433">
    <p class='ocr_par' dir='ltr' id='par_1_56' title="bbox 358 5361 1933 5433">
     <span class='ocr_line' id='line_1_56' title="bbox 358 5361 1933 5433; baseline -0.001 -14"><span class='ocrx_word' id='word_1_359' title='bbox 358 5363 554 5419; x_wconf 88' lang='lat' dir='ltr'><strong>iterum</strong></span> <span class='ocrx_word' id='word_1_360' title='bbox 603 5363 852 5419; x_wconf 85' lang='lat' dir='ltr'><strong>redibant</strong></span> <span class='ocrx_word' id='word_1_361' title='bbox 898 5363 953 5417; x_wconf 90' lang='lat' dir='ltr'><strong>in</strong></span> <span class='ocrx_word' id='word_1_362' title='bbox 997 5362 1174 5417; x_wconf 91' lang='lat' dir='ltr'><strong>locum</strong></span> <span class='ocrx_word' id='word_1_363' title='bbox 1210 5362 1519 5433; x_wconf 90' lang='lat' dir='ltr'><strong>pristinum,</strong></span> <span class='ocrx_word' id='word_1_364' title='bbox 1562 5361 1651 5417; x_wconf 93' lang='lat' dir='ltr'><strong>ubi</strong></span> <span class='ocrx_word' id='word_1_365' title='bbox 1692 5363 1933 5433; x_wconf 87' lang='lat' dir='ltr'><strong>requies-</strong></span> 
     </span>
    </p>
   </div>
   <div class='ocr_carea' id='block_1_57' title="bbox 360 5451 1506 5525">
    <p class='ocr_par' dir='ltr' id='par_1_57' title="bbox 360 5451 1506 5525">
     <span class='ocr_line' id='line_1_57' title="bbox 360 5451 1506 5525; baseline -0.003 -15"><span class='ocrx_word' id='word_1_366' title='bbox 360 5462 484 5510; x_wconf 89' lang='lat' dir='ltr'><strong>cent</strong></span> <span class='ocrx_word' id='word_1_367' title='bbox 502 5469 673 5525; x_wconf 83' lang='lat' dir='ltr'><strong>usque</strong></span> <span class='ocrx_word' id='word_1_368' title='bbox 703 5453 771 5509; x_wconf 86' lang='lat' dir='ltr'><strong>ad</strong></span> <span class='ocrx_word' id='word_1_369' title='bbox 799 5453 941 5508; x_wconf 89' lang='lat' dir='ltr'><strong>diem</strong></span> <span class='ocrx_word' id='word_1_370' title='bbox 965 5451 1282 5507; x_wconf 88' lang='lat' dir='ltr'><strong>universalis</strong></span> <span class='ocrx_word' id='word_1_371' title='bbox 1299 5452 1506 5523; x_wconf 87' lang='lat' dir='ltr'><strong>judicii.</strong></span> 
     </span>
    </p>
   </div>
   <div class='ocr_carea' id='block_1_58' title="bbox 429 5563 1931 5637">
    <p class='ocr_par' dir='ltr' id='par_1_58' title="bbox 429 5563 1931 5637">
     <span class='ocr_line' id='line_1_58' title="bbox 429 5563 1931 5637; baseline -0.002 -16"><span class='ocrx_word' id='word_1_372' title='bbox 429 5567 494 5622; x_wconf 82' lang='lat' dir='ltr'><strong>1V</strong></span> <span class='ocrx_word' id='word_1_373' title='bbox 515 5566 651 5622; x_wconf 68' lang='grc' dir='ltr'><strong>ΚΜ..</strong></span> <span class='ocrx_word' id='word_1_374' title='bbox 678 5567 875 5624; x_wconf 87' lang='lat' dir='ltr'><strong>Leonis</strong></span> <span class='ocrx_word' id='word_1_375' title='bbox 898 5581 1072 5637; x_wconf 76' lang='lat' dir='ltr'><strong>papze,</strong></span> <span class='ocrx_word' id='word_1_376' title='bbox 1116 5564 1207 5635; x_wconf 89' lang='lat' dir='ltr'><strong>qui</strong></span> <span class='ocrx_word' id='word_1_377' title='bbox 1237 5573 1358 5635; x_wconf 91' lang='lat' dir='ltr'><strong>post</strong></span> <span class='ocrx_word' id='word_1_378' title='bbox 1381 5564 1600 5619; x_wconf 88' lang='lat' dir='ltr'><strong>Petrum</strong></span> <span class='ocrx_word' id='word_1_379' title='bbox 1629 5563 1931 5635; x_wconf 87' lang='lat' dir='ltr'><strong>apostolum</strong></span> 
     </span>
    </p>
   </div>
   <div class='ocr_carea' id='block_1_59' title="bbox 365 5653 1937 5728">
    <p class='ocr_par' dir='ltr' id='par_1_59' title="bbox 365 5653 1937 5728">
     <span class='ocr_line' id='line_1_59' title="bbox 365 5653 1937 5728; baseline -0.001 -16"><span class='ocrx_word' id='word_1_380' title='bbox 365 5655 803 5728; x_wconf 80' lang='lat' dir='ltr'><strong>quadragesimus</strong></span> <span class='ocrx_word' id='word_1_381' title='bbox 845 5658 1104 5727; x_wconf 86' lang='lat' dir='ltr'><strong>septimus</strong></span> <span class='ocrx_word' id='word_1_382' title='bbox 1131 5656 1187 5711; x_wconf 92' lang='lat' dir='ltr'><strong>in</strong></span> <span class='ocrx_word' id='word_1_383' title='bbox 1231 5653 1365 5710; x_wconf 86' lang='lat' dir='ltr'><strong>urbe</strong></span> <span class='ocrx_word' id='word_1_384' title='bbox 1390 5655 1632 5710; x_wconf 85' lang='lat' dir='ltr'><strong>Romana</strong></span> <span class='ocrx_word' id='word_1_385' title='bbox 1675 5655 1815 5710; x_wconf 90' lang='lat' dir='ltr'><strong>sedit</strong></span> <span class='ocrx_word' id='word_1_386' title='bbox 1841 5670 1937 5710; x_wconf 86' lang='lat' dir='ltr'><strong>an-</strong></span> 
     </span>
    </p>
   </div>
   <div class='ocr_carea' id='block_1_60' title="bbox 372 5745 1938 5819">
    <p class='ocr_par' dir='ltr' id='par_1_60' title="bbox 372 5745 1938 5819">
     <span class='ocr_line' id='line_1_60' title="bbox 372 5745 1938 5819; baseline -0.001 -14"><span class='ocrx_word' id='word_1_387' title='bbox 372 5764 471 5806; x_wconf 86' lang='lat' dir='ltr'><strong>nos</strong></span> <span class='ocrx_word' id='word_1_388' title='bbox 499 5748 682 5819; x_wconf 79' lang='lat' dir='ltr'><strong>viginti</strong></span> <span class='ocrx_word' id='word_1_389' title='bbox 712 5764 874 5805; x_wconf 89' lang='lat' dir='ltr'><strong>unum</strong></span> <span class='ocrx_word' id='word_1_390' title='bbox 910 5764 1148 5806; x_wconf 88' lang='lat' dir='ltr'><strong>mensem</strong></span> <span class='ocrx_word' id='word_1_391' title='bbox 1185 5763 1350 5805; x_wconf 86' lang='lat' dir='ltr'><strong>unum</strong></span> <span class='ocrx_word' id='word_1_392' title='bbox 1380 5746 1495 5803; x_wconf 89' lang='lat' dir='ltr'><strong>dies</strong></span> <span class='ocrx_word' id='word_1_393' title='bbox 1526 5746 1800 5804; x_wconf 83' lang='lat' dir='ltr'><strong>tredecim.</strong></span> <span class='ocrx_word' id='word_1_394' title='bbox 1839 5745 1938 5803; x_wconf 88' lang='lat' dir='ltr'><strong>llic</strong></span> 
     </span>
    </p>
   </div>
   <div class='ocr_carea' id='block_1_61' title="bbox 1980 557 3227 628">
    <p class='ocr_par' dir='ltr' id='par_1_61' title="bbox 1980 557 3227 628">
     <span class='ocr_line' id='line_1_61' title="bbox 1980 557 3227 628; baseline -0.006 -9"><span class='ocrx_word' id='word_1_395' title='bbox 1980 574 2036 619; x_wconf 93' lang='lat' dir='ltr'><strong>et</strong></span> <span class='ocrx_word' id='word_1_396' title='bbox 2061 577 2276 619; x_wconf 90' lang='lat' dir='ltr'><strong>errores</strong></span> <span class='ocrx_word' id='word_1_397' title='bbox 2301 562 2491 617; x_wconf 80' lang='lat' dir='ltr'><strong>noxios</strong></span> <span class='ocrx_word' id='word_1_398' title='bbox 2527 563 2594 617; x_wconf 90' lang='lat' dir='ltr'><strong>ab</strong></span> <span class='ocrx_word' id='word_1_399' title='bbox 2618 560 2857 615; x_wconf 87' lang='lat' dir='ltr'><strong>Ecclesia</strong></span> <span class='ocrx_word' id='word_1_400' title='bbox 2884 559 2975 614; x_wconf 91' lang='lat' dir='ltr'><strong>Dei</strong></span> <span class='ocrx_word' id='word_1_401' title='bbox 3003 557 3227 628; x_wconf 78' lang='lat' dir='ltr'><strong>expulit.</strong></span> 
     </span>
    </p>
   </div>
   <div class='ocr_carea' id='block_1_62' title="bbox 2046 644 3560 721">
    <p class='ocr_par' dir='ltr' id='par_1_62' title="bbox 2046 644 3560 721">
     <span class='ocr_line' id='line_1_62' title="bbox 2046 644 3560 721; baseline -0.006 -12"><span class='ocrx_word' id='word_1_402' title='bbox 2046 654 2113 709; x_wconf 91' lang='lat' dir='ltr'><strong>lll</strong></span> <span class='ocrx_word' id='word_1_403' title='bbox 2144 654 2281 708; x_wconf 77' lang='lat' dir='ltr'><strong>KAL.</strong></span> <span class='ocrx_word' id='word_1_404' title='bbox 2309 653 2493 707; x_wconf 72' lang='lat' dir='ltr'><strong>Rom‘rc</strong></span> <span class='ocrx_word' id='word_1_405' title='bbox 2529 652 2710 721; x_wconf 88' lang='lat' dir='ltr'><strong>passio</strong></span> <span class='ocrx_word' id='word_1_406' title='bbox 2739 659 3048 705; x_wconf 89' lang='lat' dir='ltr'><strong>sanctorum</strong></span> <span class='ocrx_word' id='word_1_407' title='bbox 3074 646 3434 716; x_wconf 85' lang='lat' dir='ltr'><strong>apostolorum</strong></span> <span class='ocrx_word' id='word_1_408' title='bbox 3456 644 3560 700; x_wconf 88' lang='lat' dir='ltr'><strong>Pe-</strong></span> 
     </span>
    </p>
   </div>
   <div class='ocr_carea' id='block_1_63' title="bbox 1981 736 3565 811">
    <p class='ocr_par' dir='ltr' id='par_1_63' title="bbox 1981 736 3565 811">
     <span class='ocr_line' id='line_1_63' title="bbox 1981 736 3565 811; baseline -0.005 -11"><span class='ocrx_word' id='word_1_409' title='bbox 1981 744 2050 800; x_wconf 90' lang='lat' dir='ltr'><strong>tri</strong></span> <span class='ocrx_word' id='word_1_410' title='bbox 2081 755 2134 799; x_wconf 92' lang='lat' dir='ltr'><strong>et</strong></span> <span class='ocrx_word' id='word_1_411' title='bbox 2166 743 2341 808; x_wconf 90' lang='lat' dir='ltr'><strong>Pauli,</strong></span> <span class='ocrx_word' id='word_1_412' title='bbox 2368 742 2481 811; x_wconf 91' lang='lat' dir='ltr'><strong>qui,</strong></span> <span class='ocrx_word' id='word_1_413' title='bbox 2533 742 2632 797; x_wconf 89' lang='lat' dir='ltr'><strong>sub</strong></span> <span class='ocrx_word' id='word_1_414' title='bbox 2667 740 2878 795; x_wconf 84' lang='lat' dir='ltr'><strong>Nerone</strong></span> <span class='ocrx_word' id='word_1_415' title='bbox 2922 741 3246 809; x_wconf 89' lang='lat' dir='ltr'><strong>imperatore</strong></span> <span class='ocrx_word' id='word_1_416' title='bbox 3286 736 3565 792; x_wconf 86' lang='lat' dir='ltr'><strong>Simonem</strong></span> 
     </span>
    </p>
   </div>
   <div class='ocr_carea' id='block_1_64' title="bbox 1984 826 3562 908">
    <p class='ocr_par' dir='ltr' id='par_1_64' title="bbox 1984 826 3562 908">
     <span class='ocr_line' id='line_1_64' title="bbox 1984 826 3562 908; baseline -0.007 -17"><span class='ocrx_word' id='word_1_417' title='bbox 1984 835 2195 908; x_wconf 83' lang='lat' dir='ltr'><strong>Magum</strong></span> <span class='ocrx_word' id='word_1_418' title='bbox 2236 835 2532 898; x_wconf 88' lang='lat' dir='ltr'><strong>vincentes,</strong></span> <span class='ocrx_word' id='word_1_419' title='bbox 2571 847 2679 887; x_wconf 92' lang='lat' dir='ltr'><strong>uno</strong></span> <span class='ocrx_word' id='word_1_420' title='bbox 2722 829 3141 899; x_wconf 50' lang='lat' dir='ltr'><strong>eodemque&#39;die</strong></span> <span class='ocrx_word' id='word_1_421' title='bbox 3187 843 3286 898; x_wconf 89' lang='lat' dir='ltr'><strong>pro</strong></span> <span class='ocrx_word' id='word_1_422' title='bbox 3343 826 3562 881; x_wconf 84' lang='lat' dir='ltr'><strong>nomine</strong></span> 
     </span>
    </p>
   </div>
   <div class='ocr_carea' id='block_1_65' title="bbox 1984 920 3565 997">
    <p class='ocr_par' dir='ltr' id='par_1_65' title="bbox 1984 920 3565 997">
     <span class='ocr_line' id='line_1_65' title="bbox 1984 920 3565 997; baseline -0.008 -12"><span class='ocrx_word' id='word_1_423' title='bbox 1984 928 2184 985; x_wconf 87' lang='lat' dir='ltr'><strong>Christi</strong></span> <span class='ocrx_word' id='word_1_424' title='bbox 2207 926 2351 997; x_wconf 91' lang='lat' dir='ltr'><strong>passi</strong></span> <span class='ocrx_word' id='word_1_425' title='bbox 2378 934 2522 979; x_wconf 91' lang='lat' dir='ltr'><strong>sunt.</strong></span> <span class='ocrx_word' id='word_1_426' title='bbox 2550 924 2663 979; x_wconf 81' lang='lat' dir='ltr'><strong>Hoc</strong></span> <span class='ocrx_word' id='word_1_427' title='bbox 2692 931 2776 979; x_wconf 90' lang='lat' dir='ltr'><strong>est</strong></span> <span class='ocrx_word' id='word_1_428' title='bbox 2812 922 2967 991; x_wconf 80' lang='lat' dir='ltr'><strong>jussu</strong></span> <span class='ocrx_word' id='word_1_429' title='bbox 3002 921 3244 992; x_wconf 75' lang='lat' dir='ltr'><strong>prmdicti</strong></span> <span class='ocrx_word' id='word_1_430' title='bbox 3280 920 3565 989; x_wconf 90' lang='lat' dir='ltr'><strong>imperato-</strong></span> 
     </span>
    </p>
   </div>
   <div class='ocr_carea' id='block_1_66' title="bbox 1987 1009 3568 1092">
    <p class='ocr_par' dir='ltr' id='par_1_66' title="bbox 1987 1009 3568 1092">
     <span class='ocr_line' id='line_1_66' title="bbox 1987 1009 3568 1092; baseline -0.007 -15"><span class='ocrx_word' id='word_1_431' title='bbox 1987 1022 2063 1077; x_wconf 91' lang='lat' dir='ltr'><strong>ris</strong></span> <span class='ocrx_word' id='word_1_432' title='bbox 2103 1018 2452 1092; x_wconf 89' lang='lat' dir='ltr'><strong>nequissimi,</strong></span> <span class='ocrx_word' id='word_1_433' title='bbox 2491 1016 2686 1073; x_wconf 87' lang='lat' dir='ltr'><strong>Petrus</strong></span> <span class='ocrx_word' id='word_1_434' title='bbox 2725 1016 2872 1070; x_wconf 90' lang='lat' dir='ltr'><strong>cruci</strong></span> <span class='ocrx_word' id='word_1_435' title='bbox 2907 1013 3096 1069; x_wconf 82' lang='lat' dir='ltr'><strong>allixus</strong></span> <span class='ocrx_word' id='word_1_436' title='bbox 3133 1021 3248 1078; x_wconf 85' lang='lat' dir='ltr'><strong>est,</strong></span> <span class='ocrx_word' id='word_1_437' title='bbox 3278 1020 3334 1067; x_wconf 90' lang='lat' dir='ltr'><strong>et</strong></span> <span class='ocrx_word' id='word_1_438' title='bbox 3367 1009 3568 1066; x_wconf 88' lang='lat' dir='ltr'><strong>Paulus</strong></span> 
     </span>
    </p>
   </div>
   <div class='ocr_carea' id='block_1_67' title="bbox 1988 1113 2405 1185">
    <p class='ocr_par' dir='ltr' id='par_1_67' title="bbox 1988 1113 2405 1185">
     <span class='ocr_line' id='line_1_67' title="bbox 1988 1113 2405 1185; baseline -0.017 -13"><span class='ocrx_word' id='word_1_439' title='bbox 1988 1115 2164 1185; x_wconf 88' lang='lat' dir='ltr'><strong>capite</strong></span> <span class='ocrx_word' id='word_1_440' title='bbox 2194 1113 2405 1183; x_wconf 75' lang='lat' dir='ltr'><strong>plexus.</strong></span> 
     </span>
    </p>
   </div>
   <div class='ocr_carea' id='block_1_68' title="bbox 2058 1196 3572 1273">
    <p class='ocr_par' dir='ltr' id='par_1_68' title="bbox 2058 1196 3572 1273">
     <span class='ocr_line' id='line_1_68' title="bbox 2058 1196 3572 1273; baseline -0.006 -12"><span class='ocrx_word' id='word_1_441' title='bbox 2058 1207 2102 1261; x_wconf 91' lang='lat' dir='ltr'><strong>ll</strong></span> <span class='ocrx_word' id='word_1_442' title='bbox 2128 1205 2262 1260; x_wconf 67' lang='grc' dir='ltr'><strong>ΚΜ..</strong></span> <span class='ocrx_word' id='word_1_443' title='bbox 2293 1204 2353 1259; x_wconf 86' lang='lat' dir='ltr'><strong>In</strong></span> <span class='ocrx_word' id='word_1_444' title='bbox 2378 1201 2694 1273; x_wconf 85' lang='lat' dir='ltr'><strong>Agrippina,</strong></span> <span class='ocrx_word' id='word_1_445' title='bbox 2737 1199 2993 1269; x_wconf 88' lang='lat' dir='ltr'><strong>Aselepii,</strong></span> <span class='ocrx_word' id='word_1_446' title='bbox 3028 1196 3335 1268; x_wconf 83' lang='lat' dir='ltr'><strong>Pamphili;</strong></span> <span class='ocrx_word' id='word_1_447' title='bbox 3385 1206 3441 1253; x_wconf 87' lang='lat' dir='ltr'><strong>et</strong></span> <span class='ocrx_word' id='word_1_448' title='bbox 3466 1197 3572 1252; x_wconf 87' lang='lat' dir='ltr'><strong>Le-</strong></span> 
     </span>
    </p>
   </div>
   <div class='ocr_carea' id='block_1_69' title="bbox 1990 1288 3574 1367">
    <p class='ocr_par' dir='ltr' id='par_1_69' title="bbox 1990 1288 3574 1367">
     <span class='ocr_line' id='line_1_69' title="bbox 1990 1288 3574 1367; baseline -0.007 -13"><span class='ocrx_word' id='word_1_449' title='bbox 1990 1296 2233 1354; x_wconf 88' lang='lat' dir='ltr'><strong>modicas</strong></span> <span class='ocrx_word' id='word_1_450' title='bbox 2266 1288 2641 1367; x_wconf 88' lang='lat' dir='ltr'><strong>[Lemovicis]</strong></span> <span class='ocrx_word' id='word_1_451' title='bbox 2667 1290 2932 1362; x_wconf 87' lang='lat' dir='ltr'><strong>depositio</strong></span> <span class='ocrx_word' id='word_1_452' title='bbox 2972 1289 3145 1345; x_wconf 88' lang='lat' dir='ltr'><strong>sancti</strong></span> <span class='ocrx_word' id='word_1_453' title='bbox 3171 1288 3431 1345; x_wconf 83' lang='lat' dir='ltr'><strong>Martialis</strong></span> <span class='ocrx_word' id='word_1_454' title='bbox 3456 1290 3574 1360; x_wconf 85' lang='lat' dir='ltr'><strong>epi—</strong></span> 
     </span>
    </p>
   </div>
   <div class='ocr_carea' id='block_1_70' title="bbox 1994 1383 2590 1459">
    <p class='ocr_par' dir='ltr' id='par_1_70' title="bbox 1994 1383 2590 1459">
     <span class='ocr_line' id='line_1_70' title="bbox 1994 1383 2590 1459; baseline -0.015 -14"><span class='ocrx_word' id='word_1_455' title='bbox 1994 1388 2141 1459; x_wconf 90' lang='lat' dir='ltr'><strong>scopi</strong></span> <span class='ocrx_word' id='word_1_456' title='bbox 2168 1394 2223 1441; x_wconf 88' lang='lat' dir='ltr'><strong>et</strong></span> <span class='ocrx_word' id='word_1_457' title='bbox 2245 1383 2590 1442; x_wconf 86' lang='lat' dir='ltr'><strong>confessoris.</strong></span> 
     </span>
    </p>
   </div>
   <div class='ocr_carea' id='block_1_71' title="bbox 2572 1515 2971 1595">
    <p class='ocr_par' dir='ltr' id='par_1_71' title="bbox 2572 1515 2971 1595">
     <span class='ocr_line' id='line_1_71' title="bbox 2572 1515 2971 1595; baseline 0.003 -2"><span class='ocrx_word' id='word_1_458' title='bbox 2572 1515 2971 1595; x_wconf 89' lang='lat' dir='ltr'><strong>JULIUS.</strong></span> 
     </span>
    </p>
   </div>
   <div class='ocr_carea' id='block_1_72' title="bbox 2065 1649 3577 1722">
    <p class='ocr_par' dir='ltr' id='par_1_72' title="bbox 2065 1649 3577 1722">
     <span class='ocr_line' id='line_1_72' title="bbox 2065 1649 3577 1722; baseline -0.004 -13"><span class='ocrx_word' id='word_1_459' title='bbox 2065 1653 2201 1709; x_wconf 75' lang='lat' dir='ltr'><strong>KAL.</strong></span> <span class='ocrx_word' id='word_1_460' title='bbox 2233 1652 2395 1711; x_wconf 80' lang='lat' dir='ltr'><strong>Jour.</strong></span> <span class='ocrx_word' id='word_1_461' title='bbox 2431 1652 2489 1708; x_wconf 91' lang='lat' dir='ltr'><strong>In</strong></span> <span class='ocrx_word' id='word_1_462' title='bbox 2514 1660 2699 1708; x_wconf 91' lang='lat' dir='ltr'><strong>monte</strong></span> <span class='ocrx_word' id='word_1_463' title='bbox 2742 1651 2854 1706; x_wconf 84' lang='lat' dir='ltr'><strong>Hor</strong></span> <span class='ocrx_word' id='word_1_464' title='bbox 2878 1650 3148 1722; x_wconf 90' lang='lat' dir='ltr'><strong>depositio</strong></span> <span class='ocrx_word' id='word_1_465' title='bbox 3176 1649 3354 1705; x_wconf 89' lang='lat' dir='ltr'><strong>Aaron</strong></span> <span class='ocrx_word' id='word_1_466' title='bbox 3395 1662 3577 1704; x_wconf 87' lang='lat' dir='ltr'><strong>sacer-</strong></span> 
     </span>
    </p>
   </div>
   <div class='ocr_carea' id='block_1_73' title="bbox 1999 1738 3575 1807">
    <p class='ocr_par' dir='ltr' id='par_1_73' title="bbox 1999 1738 3575 1807">
     <span class='ocr_line' id='line_1_73' title="bbox 1999 1738 3575 1807; baseline -0.003 -9"><span class='ocrx_word' id='word_1_467' title='bbox 1999 1743 2161 1798; x_wconf 88' lang='lat' dir='ltr'><strong>dotis.</strong></span> <span class='ocrx_word' id='word_1_468' title='bbox 2209 1743 2410 1798; x_wconf 87' lang='lat' dir='ltr'><strong>Eodem</strong></span> <span class='ocrx_word' id='word_1_469' title='bbox 2456 1743 2542 1798; x_wconf 90' lang='lat' dir='ltr'><strong>die</strong></span> <span class='ocrx_word' id='word_1_470' title='bbox 2592 1742 2776 1796; x_wconf 74' lang='lat' dir='ltr'><strong>Romre</strong></span> <span class='ocrx_word' id='word_1_471' title='bbox 2825 1749 3015 1797; x_wconf 88' lang='lat' dir='ltr'><strong>octava</strong></span> <span class='ocrx_word' id='word_1_472' title='bbox 3073 1740 3285 1795; x_wconf 80' lang='lat' dir='ltr'><strong>Luccia:</strong></span> <span class='ocrx_word' id='word_1_473' title='bbox 3331 1738 3575 1807; x_wconf 81' lang='lat' dir='ltr'><strong>virginis,</strong></span> 
     </span>
    </p>
   </div>
   <div class='ocr_carea' id='block_1_74' title="bbox 1433 1809 3578 1903">
    <p class='ocr_par' dir='ltr' id='par_1_74' title="bbox 1433 1809 3578 1903">
     <span class='ocr_line' id='line_1_74' title="bbox 1433 1809 3578 1903; baseline -0.003 -14"><span class='ocrx_word' id='word_1_474' title='bbox 1433 1810 1661 1903; x_wconf 51' lang='lat' dir='ltr'><strong>quoium</strong></span> <span class='ocrx_word' id='word_1_475' title='bbox 1684 1809 1898 1903; x_wconf 42' lang='lat' dir='ltr'><strong>NW“?</strong></span> <span class='ocrx_word' id='word_1_476' title='bbox 1928 1818 1976 1879; x_wconf 82' lang='grc' dir='ltr'><strong>Β</strong></span> <span class='ocrx_word' id='word_1_477' title='bbox 2004 1832 2452 1898; x_wconf 90' lang='lat' dir='ltr'><strong>sanctimonialis,</strong></span> <span class='ocrx_word' id='word_1_478' title='bbox 2495 1847 2618 1887; x_wconf 89' lang='lat' dir='ltr'><strong>eum</strong></span> <span class='ocrx_word' id='word_1_479' title='bbox 2642 1832 2840 1887; x_wconf 85' lang='lat' dir='ltr'><strong>Auceia</strong></span> <span class='ocrx_word' id='word_1_480' title='bbox 2872 1845 2998 1903; x_wconf 90' lang='lat' dir='ltr'><strong>rege</strong></span> <span class='ocrx_word' id='word_1_481' title='bbox 3031 1845 3229 1901; x_wconf 90' lang='lat' dir='ltr'><strong>sponso</strong></span> <span class='ocrx_word' id='word_1_482' title='bbox 3258 1844 3376 1894; x_wconf 90' lang='lat' dir='ltr'><strong>suo,</strong></span> <span class='ocrx_word' id='word_1_483' title='bbox 3404 1836 3458 1883; x_wconf 88' lang='lat' dir='ltr'><strong>et</strong></span> <span class='ocrx_word' id='word_1_484' title='bbox 3485 1842 3578 1882; x_wconf 88' lang='lat' dir='ltr'><strong>na-</strong></span> 
     </span>
    </p>
   </div>
   <div class='ocr_carea' id='block_1_75' title="bbox 2006 1917 3582 1991">
    <p class='ocr_par' dir='ltr' id='par_1_75' title="bbox 2006 1917 3582 1991">
     <span class='ocr_line' id='line_1_75' title="bbox 2006 1917 3582 1991; baseline -0.003 -14"><span class='ocrx_word' id='word_1_485' title='bbox 2006 1922 2114 1977; x_wconf 89' lang='lat' dir='ltr'><strong>tale</strong></span> <span class='ocrx_word' id='word_1_486' title='bbox 2140 1921 2335 1976; x_wconf 81' lang='lat' dir='ltr'><strong>Areleli</strong></span> <span class='ocrx_word' id='word_1_487' title='bbox 2375 1920 2727 1987; x_wconf 89' lang='lat' dir='ltr'><strong>confessoris,</strong></span> <span class='ocrx_word' id='word_1_488' title='bbox 2768 1921 2892 1991; x_wconf 85' lang='lat' dir='ltr'><strong>qui,</strong></span> <span class='ocrx_word' id='word_1_489' title='bbox 2938 1921 3007 1975; x_wconf 91' lang='lat' dir='ltr'><strong>ab</strong></span> <span class='ocrx_word' id='word_1_490' title='bbox 3032 1920 3255 1975; x_wconf 86' lang='lat' dir='ltr'><strong>infantia</strong></span> <span class='ocrx_word' id='word_1_491' title='bbox 3288 1919 3399 1975; x_wconf 87' lang='lat' dir='ltr'><strong>Deo</strong></span> <span class='ocrx_word' id='word_1_492' title='bbox 3427 1917 3582 1973; x_wconf 89' lang='lat' dir='ltr'><strong>dedi-</strong></span> 
     </span>
    </p>
   </div>
   <div class='ocr_carea' id='block_1_76' title="bbox 2006 2006 3583 2082">
    <p class='ocr_par' dir='ltr' id='par_1_76' title="bbox 2006 2006 3583 2082">
     <span class='ocr_line' id='line_1_76' title="bbox 2006 2006 3583 2082; baseline -0.001 -18"><span class='ocrx_word' id='word_1_493' title='bbox 2006 2019 2113 2077; x_wconf 88' lang='lat' dir='ltr'><strong>tus,</strong></span> <span class='ocrx_word' id='word_1_494' title='bbox 2149 2011 2504 2067; x_wconf 88' lang='lat' dir='ltr'><strong>monasticam</strong></span> <span class='ocrx_word' id='word_1_495' title='bbox 2545 2012 2712 2066; x_wconf 88' lang='lat' dir='ltr'><strong>vitam</strong></span> <span class='ocrx_word' id='word_1_496' title='bbox 2743 2012 3021 2082; x_wconf 85' lang='lat' dir='ltr'><strong>expetivit,</strong></span> <span class='ocrx_word' id='word_1_497' title='bbox 3061 2019 3116 2066; x_wconf 90' lang='lat' dir='ltr'><strong>et</strong></span> <span class='ocrx_word' id='word_1_498' title='bbox 3143 2026 3173 2064; x_wconf 91' lang='lat' dir='ltr'><strong>a</strong></span> <span class='ocrx_word' id='word_1_499' title='bbox 3194 2017 3383 2066; x_wconf 89' lang='lat' dir='ltr'><strong>sancto</strong></span> <span class='ocrx_word' id='word_1_500' title='bbox 3410 2006 3583 2063; x_wconf 78' lang='lat' dir='ltr'><strong>Maxi-</strong></span> 
     </span>
    </p>
   </div>
   <div class='ocr_carea' id='block_1_77' title="bbox 2006 2097 3583 2172">
    <p class='ocr_par' dir='ltr' id='par_1_77' title="bbox 2006 2097 3583 2172">
     <span class='ocr_line' id='line_1_77' title="bbox 2006 2097 3583 2172; baseline 0 -17"><span class='ocrx_word' id='word_1_501' title='bbox 2006 2101 2154 2155; x_wconf 90' lang='lat' dir='ltr'><strong>mino</strong></span> <span class='ocrx_word' id='word_1_502' title='bbox 2188 2099 2564 2156; x_wconf 86' lang='lat' dir='ltr'><strong>Aurelianensi</strong></span> <span class='ocrx_word' id='word_1_503' title='bbox 2606 2101 2861 2172; x_wconf 89' lang='lat' dir='ltr'><strong>episcopo</strong></span> <span class='ocrx_word' id='word_1_504' title='bbox 2897 2100 3057 2156; x_wconf 89' lang='lat' dir='ltr'><strong>simul</strong></span> <span class='ocrx_word' id='word_1_505' title='bbox 3099 2116 3221 2155; x_wconf 90' lang='lat' dir='ltr'><strong>cum</strong></span> <span class='ocrx_word' id='word_1_506' title='bbox 3250 2100 3409 2154; x_wconf 81' lang='lat' dir='ltr'><strong>Avito</strong></span> <span class='ocrx_word' id='word_1_507' title='bbox 3436 2097 3583 2155; x_wconf 87' lang='lat' dir='ltr'><strong>socio</strong></span> 
     </span>
    </p>
   </div>
   <div class='ocr_carea' id='block_1_78' title="bbox 2007 2176 3583 2261">
    <p class='ocr_par' dir='ltr' id='par_1_78' title="bbox 2007 2176 3583 2261">
     <span class='ocr_line' id='line_1_78' title="bbox 2007 2176 3583 2261; baseline 0 -17"><span class='ocrx_word' id='word_1_508' title='bbox 2007 2190 2291 2261; x_wconf 83' lang='lat' dir='ltr'><strong>presbyter</strong></span> <span class='ocrx_word' id='word_1_509' title='bbox 2332 2191 2614 2247; x_wconf 88' lang='lat' dir='ltr'><strong>ordinatus</strong></span> <span class='ocrx_word' id='word_1_510' title='bbox 2656 2194 2826 2247; x_wconf 84' lang='lat' dir='ltr'><strong>vitam</strong></span> <span class='ocrx_word' id='word_1_511' title='bbox 2878 2191 3177 2247; x_wconf 90' lang='lat' dir='ltr'><strong>solitariam</strong></span> <span class='ocrx_word' id='word_1_512' title='bbox 3229 2176 3583 2256; x_wconf 89' lang='lat' dir='ltr'><strong>desiderans,</strong></span> 
     </span>
    </p>
   </div>
   <div class='ocr_carea' id='block_1_79' title="bbox 2007 2280 3581 2347">
    <p class='ocr_par' dir='ltr' id='par_1_79' title="bbox 2007 2280 3581 2347">
     <span class='ocr_line' id='line_1_79' title="bbox 2007 2280 3581 2347; baseline -0.002 -10"><span class='ocrx_word' id='word_1_513' title='bbox 2007 2282 2339 2338; x_wconf 87' lang='lat' dir='ltr'><strong>monasteria</strong></span> <span class='ocrx_word' id='word_1_514' title='bbox 2367 2282 2423 2336; x_wconf 90' lang='lat' dir='ltr'><strong>in</strong></span> <span class='ocrx_word' id='word_1_515' title='bbox 2452 2283 2680 2339; x_wconf 86' lang='lat' dir='ltr'><strong>diversis</strong></span> <span class='ocrx_word' id='word_1_516' title='bbox 2706 2282 2838 2338; x_wconf 90' lang='lat' dir='ltr'><strong>locis</strong></span> <span class='ocrx_word' id='word_1_517' title='bbox 2879 2282 3175 2347; x_wconf 79' lang='lat' dir='ltr'><strong>:edilicans,</strong></span> <span class='ocrx_word' id='word_1_518' title='bbox 3203 2280 3386 2336; x_wconf 90' lang='lat' dir='ltr'><strong>multis</strong></span> <span class='ocrx_word' id='word_1_519' title='bbox 3412 2280 3581 2335; x_wconf 81' lang='lat' dir='ltr'><strong>virtu-</strong></span> 
     </span>
    </p>
   </div>
   <div class='ocr_carea' id='block_1_80' title="bbox 2010 2370 3591 2444">
    <p class='ocr_par' dir='ltr' id='par_1_80' title="bbox 2010 2370 3591 2444">
     <span class='ocr_line' id='line_1_80' title="bbox 2010 2370 3591 2444; baseline -0.001 -17"><span class='ocrx_word' id='word_1_520' title='bbox 2010 2372 2155 2427; x_wconf 88' lang='lat' dir='ltr'><strong>tibus</strong></span> <span class='ocrx_word' id='word_1_521' title='bbox 2199 2381 2326 2427; x_wconf 91' lang='lat' dir='ltr'><strong>ante</strong></span> <span class='ocrx_word' id='word_1_522' title='bbox 2351 2371 2560 2427; x_wconf 90' lang='lat' dir='ltr'><strong>obitum</strong></span> <span class='ocrx_word' id='word_1_523' title='bbox 2587 2380 2642 2428; x_wconf 90' lang='lat' dir='ltr'><strong>et</strong></span> <span class='ocrx_word' id='word_1_524' title='bbox 2667 2380 2791 2444; x_wconf 90' lang='lat' dir='ltr'><strong>post</strong></span> <span class='ocrx_word' id='word_1_525' title='bbox 2828 2373 3036 2428; x_wconf 87' lang='lat' dir='ltr'><strong>obitum</strong></span> <span class='ocrx_word' id='word_1_526' title='bbox 3083 2386 3239 2428; x_wconf 91' lang='lat' dir='ltr'><strong>suum</strong></span> <span class='ocrx_word' id='word_1_527' title='bbox 3275 2370 3491 2436; x_wconf 88' lang='lat' dir='ltr'><strong>claruit,</strong></span> <span class='ocrx_word' id='word_1_528' title='bbox 3533 2376 3591 2426; x_wconf 83' lang='lat' dir='ltr'><strong>et</strong></span> 
     </span>
    </p>
   </div>
   <div class='ocr_carea' id='block_1_81' title="bbox 2011 2461 2926 2534">
    <p class='ocr_par' dir='ltr' id='par_1_81' title="bbox 2011 2461 2926 2534">
     <span class='ocr_line' id='line_1_81' title="bbox 2011 2461 2926 2534; baseline -0.001 -15"><span class='ocrx_word' id='word_1_529' title='bbox 2011 2464 2274 2519; x_wconf 88' lang='lat' dir='ltr'><strong>sanctitas</strong></span> <span class='ocrx_word' id='word_1_530' title='bbox 2296 2461 2412 2532; x_wconf 87' lang='lat' dir='ltr'><strong>ejus</strong></span> <span class='ocrx_word' id='word_1_531' title='bbox 2430 2463 2679 2533; x_wconf 90' lang='lat' dir='ltr'><strong>plurimis</strong></span> <span class='ocrx_word' id='word_1_532' title='bbox 2704 2463 2926 2534; x_wconf 88' lang='lat' dir='ltr'><strong>profuit.</strong></span> 
     </span>
    </p>
   </div>
   <div class='ocr_carea' id='block_1_82' title="bbox 2082 2552 3587 2624">
    <p class='ocr_par' dir='ltr' id='par_1_82' title="bbox 2082 2552 3587 2624">
     <span class='ocr_line' id='line_1_82' title="bbox 2082 2552 3587 2624; baseline -0.001 -16"><span class='ocrx_word' id='word_1_533' title='bbox 2082 2553 2149 2608; x_wconf 75' lang='lat' dir='ltr'>IV</span> <span class='ocrx_word' id='word_1_534' title='bbox 2172 2553 2304 2609; x_wconf 67' lang='lat' dir='ltr'><strong>Non.</strong></span> <span class='ocrx_word' id='word_1_535' title='bbox 2332 2554 2540 2619; x_wconf 67' lang='lat' dir='ltr'><strong>Romae,</strong></span> <span class='ocrx_word' id='word_1_536' title='bbox 2565 2554 2815 2609; x_wconf 89' lang='lat' dir='ltr'><strong>Processi</strong></span> <span class='ocrx_word' id='word_1_537' title='bbox 2838 2562 2893 2609; x_wconf 91' lang='lat' dir='ltr'><strong>et</strong></span> <span class='ocrx_word' id='word_1_538' title='bbox 2914 2552 3241 2618; x_wconf 85' lang='lat' dir='ltr'><strong>Martiuiani,</strong></span> <span class='ocrx_word' id='word_1_539' title='bbox 3261 2552 3354 2624; x_wconf 88' lang='lat' dir='ltr'><strong>qui</strong></span> <span class='ocrx_word' id='word_1_540' title='bbox 3379 2561 3587 2623; x_wconf 60' lang='lat' dir='ltr'><strong>tempe-</strong></span> 
     </span>
    </p>
   </div>
   <div class='ocr_carea' id='block_1_83' title="bbox 2012 2642 3593 2715">
    <p class='ocr_par' dir='ltr' id='par_1_83' title="bbox 2012 2642 3593 2715">
     <span class='ocr_line' id='line_1_83' title="bbox 2012 2642 3593 2715; baseline 0 -18"><span class='ocrx_word' id='word_1_541' title='bbox 2012 2644 2166 2699; x_wconf 86' lang='lat' dir='ltr'><strong>ribus</strong></span> <span class='ocrx_word' id='word_1_542' title='bbox 2192 2642 2423 2698; x_wconf 88' lang='lat' dir='ltr'><strong>Neronis</strong></span> <span class='ocrx_word' id='word_1_543' title='bbox 2458 2643 2798 2714; x_wconf 85' lang='lat' dir='ltr'><strong>imperatoris</strong></span> <span class='ocrx_word' id='word_1_544' title='bbox 2828 2645 2972 2715; x_wconf 90' lang='lat' dir='ltr'><strong>passi</strong></span> <span class='ocrx_word' id='word_1_545' title='bbox 3016 2653 3162 2700; x_wconf 87' lang='lat' dir='ltr'><strong>sunt.</strong></span> <span class='ocrx_word' id='word_1_546' title='bbox 3208 2643 3342 2699; x_wconf 86' lang='lat' dir='ltr'><strong>Nam</strong></span> <span class='ocrx_word' id='word_1_547' title='bbox 3379 2644 3505 2698; x_wconf 90' lang='lat' dir='ltr'><strong>dum</strong></span> <span class='ocrx_word' id='word_1_548' title='bbox 3537 2643 3593 2697; x_wconf 90' lang='lat' dir='ltr'><strong>in</strong></span> 
     </span>
    </p>
   </div>
   <div class='ocr_carea' id='block_1_84' title="bbox 2013 2733 3592 2806">
    <p class='ocr_par' dir='ltr' id='par_1_84' title="bbox 2013 2733 3592 2806">
     <span class='ocr_line' id='line_1_84' title="bbox 2013 2733 3592 2806; baseline -0.001 -16"><span class='ocrx_word' id='word_1_549' title='bbox 2013 2734 2258 2790; x_wconf 86' lang='lat' dir='ltr'><strong>custodia</strong></span> <span class='ocrx_word' id='word_1_550' title='bbox 2296 2734 2441 2790; x_wconf 86' lang='lat' dir='ltr'><strong>beati</strong></span> <span class='ocrx_word' id='word_1_551' title='bbox 2486 2735 2681 2790; x_wconf 86' lang='lat' dir='ltr'><strong>Petrus</strong></span> <span class='ocrx_word' id='word_1_552' title='bbox 2718 2745 2773 2791; x_wconf 90' lang='lat' dir='ltr'><strong>et</strong></span> <span class='ocrx_word' id='word_1_553' title='bbox 2806 2735 3002 2789; x_wconf 89' lang='lat' dir='ltr'><strong>Paulus</strong></span> <span class='ocrx_word' id='word_1_554' title='bbox 3041 2735 3270 2806; x_wconf 89' lang='lat' dir='ltr'><strong>apostoli</strong></span> <span class='ocrx_word' id='word_1_555' title='bbox 3305 2750 3335 2788; x_wconf 90' lang='lat' dir='ltr'><strong>a</strong></span> <span class='ocrx_word' id='word_1_556' title='bbox 3364 2733 3592 2788; x_wconf 87' lang='lat' dir='ltr'><strong>Paulino</strong></span> 
     </span>
    </p>
   </div>
   <div class='ocr_carea' id='block_1_85' title="bbox 2013 2824 3597 2896">
    <p class='ocr_par' dir='ltr' id='par_1_85' title="bbox 2013 2824 3597 2896">
     <span class='ocr_line' id='line_1_85' title="bbox 2013 2824 3597 2896; baseline 0 -17"><span class='ocrx_word' id='word_1_557' title='bbox 2013 2824 2269 2896; x_wconf 69' lang='lat' dir='ltr'><strong>praefecto</strong></span> <span class='ocrx_word' id='word_1_558' title='bbox 2305 2825 2683 2890; x_wconf 78' lang='lat' dir='ltr'><strong>servabantur,</strong></span> <span class='ocrx_word' id='word_1_559' title='bbox 2726 2825 2780 2879; x_wconf 90' lang='lat' dir='ltr'><strong>hi</strong></span> <span class='ocrx_word' id='word_1_560' title='bbox 2803 2825 2910 2880; x_wconf 87' lang='lat' dir='ltr'><strong>duo</strong></span> <span class='ocrx_word' id='word_1_561' title='bbox 2948 2826 3052 2880; x_wconf 90' lang='lat' dir='ltr'><strong>viri</strong></span> <span class='ocrx_word' id='word_1_562' title='bbox 3088 2827 3333 2882; x_wconf 88' lang='lat' dir='ltr'><strong>videntes</strong></span> <span class='ocrx_word' id='word_1_563' title='bbox 3364 2825 3597 2880; x_wconf 89' lang='lat' dir='ltr'><strong>mirabi-</strong></span> 
     </span>
    </p>
   </div>
   <div class='ocr_carea' id='block_1_86' title="bbox 2015 2913 3594 2987">
    <p class='ocr_par' dir='ltr' id='par_1_86' title="bbox 2015 2913 3594 2987">
     <span class='ocr_line' id='line_1_86' title="bbox 2015 2913 3594 2987; baseline 0 -18"><span class='ocrx_word' id='word_1_564' title='bbox 2015 2916 2085 2970; x_wconf 88' lang='lat' dir='ltr'><strong>lia</strong></span> <span class='ocrx_word' id='word_1_565' title='bbox 2112 2931 2233 2987; x_wconf 61' lang='lat' dir='ltr'><strong>quae</strong></span> <span class='ocrx_word' id='word_1_566' title='bbox 2269 2915 2496 2985; x_wconf 88' lang='lat' dir='ltr'><strong>apostoli</strong></span> <span class='ocrx_word' id='word_1_567' title='bbox 2534 2915 2737 2970; x_wconf 89' lang='lat' dir='ltr'><strong>Christi</strong></span> <span class='ocrx_word' id='word_1_568' title='bbox 2784 2914 3048 2980; x_wconf 90' lang='lat' dir='ltr'><strong>fecerunt,</strong></span> <span class='ocrx_word' id='word_1_569' title='bbox 3081 2915 3330 2970; x_wconf 86' lang='lat' dir='ltr'><strong>conversi</strong></span> <span class='ocrx_word' id='word_1_570' title='bbox 3366 2922 3496 2969; x_wconf 79' lang='lat' dir='ltr'><strong>sunt</strong></span> <span class='ocrx_word' id='word_1_571' title='bbox 3524 2913 3594 2969; x_wconf 87' lang='lat' dir='ltr'><strong>ad</strong></span> 
     </span>
    </p>
   </div>
   <div class='ocr_carea' id='block_1_87' title="bbox 2016 3009 3705 3080">
    <p class='ocr_par' dir='ltr' id='par_1_87' title="bbox 2016 3009 3705 3080">
     <span class='ocr_line' id='line_1_87' title="bbox 2016 3009 3705 3080; baseline 0.001 -15"><span class='ocrx_word' id='word_1_572' title='bbox 2016 3009 2175 3065; x_wconf 87' lang='lat' dir='ltr'><strong>ﬁdem</strong></span> <span class='ocrx_word' id='word_1_573' title='bbox 2204 3010 2424 3073; x_wconf 89' lang='lat' dir='ltr'><strong>Christi,</strong></span> <span class='ocrx_word' id='word_1_574' title='bbox 2453 3018 2509 3065; x_wconf 92' lang='lat' dir='ltr'><strong>et</strong></span> <span class='ocrx_word' id='word_1_575' title='bbox 2533 3025 2564 3065; x_wconf 91' lang='lat' dir='ltr'><strong>a</strong></span> <span class='ocrx_word' id='word_1_576' title='bbox 2591 3009 2749 3066; x_wconf 87' lang='lat' dir='ltr'><strong>beato</strong></span> <span class='ocrx_word' id='word_1_577' title='bbox 2775 3010 2938 3064; x_wconf 86' lang='lat' dir='ltr'><strong>Petro</strong></span> <span class='ocrx_word' id='word_1_578' title='bbox 2976 3010 3220 3079; x_wconf 90' lang='lat' dir='ltr'><strong>apostolo</strong></span> <span class='ocrx_word' id='word_1_579' title='bbox 3258 3018 3385 3066; x_wconf 92' lang='lat' dir='ltr'><strong>sunt</strong></span> <span class='ocrx_word' id='word_1_580' title='bbox 3419 3010 3598 3080; x_wconf 83' lang='lat' dir='ltr'><strong>hapti—</strong></span> <span class='ocrx_word' id='word_1_581' title='bbox 3701 3076 3705 3080; x_wconf 93' lang='lat'>_</span> 
     </span>
    </p>
   </div>
   <div class='ocr_carea' id='block_1_88' title="bbox 2020 3099 3599 3171">
    <p class='ocr_par' dir='ltr' id='par_1_88' title="bbox 2020 3099 3599 3171">
     <span class='ocr_line' id='line_1_88' title="bbox 2020 3099 3599 3171; baseline 0.002 -17"><span class='ocrx_word' id='word_1_582' title='bbox 2020 3101 2146 3155; x_wconf 88' lang='lat' dir='ltr'><strong>zati.</strong></span> <span class='ocrx_word' id='word_1_583' title='bbox 2200 3099 2311 3156; x_wconf 85' lang='lat' dir='ltr'><strong>Hos</strong></span> <span class='ocrx_word' id='word_1_584' title='bbox 2353 3114 2565 3170; x_wconf 89' lang='lat' dir='ltr'><strong>quoque</strong></span> <span class='ocrx_word' id='word_1_585' title='bbox 2601 3100 2729 3155; x_wconf 91' lang='lat' dir='ltr'><strong>dum</strong></span> <span class='ocrx_word' id='word_1_586' title='bbox 2769 3101 3055 3171; x_wconf 71' lang='lat' dir='ltr'><strong>praedictus</strong></span> <span class='ocrx_word' id='word_1_587' title='bbox 3101 3100 3359 3157; x_wconf 89' lang='lat' dir='ltr'><strong>Paulinus</strong></span> <span class='ocrx_word' id='word_1_588' title='bbox 3405 3117 3439 3156; x_wconf 87' lang='lat' dir='ltr'><strong>a</strong></span> <span class='ocrx_word' id='word_1_589' title='bbox 3490 3102 3599 3158; x_wconf 80' lang='lat' dir='ltr'><strong>fide</strong></span> 
     </span>
    </p>
   </div>
   <div class='ocr_carea' id='block_1_89' title="bbox 2019 3190 3599 3260">
    <p class='ocr_par' dir='ltr' id='par_1_89' title="bbox 2019 3190 3599 3260">
     <span class='ocr_line' id='line_1_89' title="bbox 2019 3190 3599 3260; baseline -0.001 -14"><span class='ocrx_word' id='word_1_590' title='bbox 2019 3208 2148 3248; x_wconf 89' lang='lat' dir='ltr'><strong>vera</strong></span> <span class='ocrx_word' id='word_1_591' title='bbox 2191 3199 2437 3247; x_wconf 88' lang='lat' dir='ltr'><strong>avertere</strong></span> <span class='ocrx_word' id='word_1_592' title='bbox 2465 3191 2741 3255; x_wconf 86' lang='lat' dir='ltr'><strong>voluisset,</strong></span> <span class='ocrx_word' id='word_1_593' title='bbox 2788 3199 2843 3244; x_wconf 90' lang='lat' dir='ltr'><strong>et</strong></span> <span class='ocrx_word' id='word_1_594' title='bbox 2881 3206 2987 3245; x_wconf 90' lang='lat' dir='ltr'><strong>non</strong></span> <span class='ocrx_word' id='word_1_595' title='bbox 3027 3199 3233 3260; x_wconf 88' lang='lat' dir='ltr'><strong>posset,</strong></span> <span class='ocrx_word' id='word_1_596' title='bbox 3274 3190 3401 3245; x_wconf 88' lang='lat' dir='ltr'><strong>licet</strong></span> <span class='ocrx_word' id='word_1_597' title='bbox 3430 3190 3599 3245; x_wconf 87' lang='lat' dir='ltr'><strong>multa</strong></span> 
     </span>
    </p>
   </div>
   <div class='ocr_carea' id='block_1_90' title="bbox 2020 3281 3596 3352">
    <p class='ocr_par' dir='ltr' id='par_1_90' title="bbox 2020 3281 3596 3352">
     <span class='ocr_line' id='line_1_90' title="bbox 2020 3281 3596 3352; baseline -0.001 -13"><span class='ocrx_word' id='word_1_598' title='bbox 2020 3292 2283 3340; x_wconf 89' lang='lat' dir='ltr'><strong>tormenta</strong></span> <span class='ocrx_word' id='word_1_599' title='bbox 2305 3285 2383 3340; x_wconf 90' lang='lat' dir='ltr'><strong>eis</strong></span> <span class='ocrx_word' id='word_1_600' title='bbox 2406 3283 2647 3349; x_wconf 88' lang='lat' dir='ltr'><strong>fecisset,</strong></span> <span class='ocrx_word' id='word_1_601' title='bbox 2671 3282 2737 3337; x_wconf 88' lang='lat' dir='ltr'><strong>ad</strong></span> <span class='ocrx_word' id='word_1_602' title='bbox 2761 3291 3063 3337; x_wconf 79' lang='lat' dir='ltr'><strong>extremum</strong></span> <span class='ocrx_word' id='word_1_603' title='bbox 3091 3282 3268 3352; x_wconf 87' lang='lat' dir='ltr'><strong>gladio</strong></span> <span class='ocrx_word' id='word_1_604' title='bbox 3292 3290 3468 3352; x_wconf 79' lang='lat' dir='ltr'><strong>capita</strong></span> <span class='ocrx_word' id='word_1_605' title='bbox 3488 3281 3596 3350; x_wconf 79' lang='lat' dir='ltr'><strong>jus-</strong></span> 
     </span>
    </p>
   </div>
   <div class='ocr_carea' id='block_1_91' title="bbox 2020 3371 3605 3446">
    <p class='ocr_par' dir='ltr' id='par_1_91' title="bbox 2020 3371 3605 3446">
     <span class='ocr_line' id='line_1_91' title="bbox 2020 3371 3605 3446; baseline -0.004 -15"><span class='ocrx_word' id='word_1_606' title='bbox 2020 3375 2091 3432; x_wconf 91' lang='lat' dir='ltr'><strong>sit</strong></span> <span class='ocrx_word' id='word_1_607' title='bbox 2121 3375 2410 3446; x_wconf 87' lang='lat' dir='ltr'><strong>amputari.</strong></span> <span class='ocrx_word' id='word_1_608' title='bbox 2446 3375 2513 3430; x_wconf 87' lang='lat' dir='ltr'><strong>Et</strong></span> <span class='ocrx_word' id='word_1_609' title='bbox 2554 3375 2610 3430; x_wconf 86' lang='lat' dir='ltr'><strong>in</strong></span> <span class='ocrx_word' id='word_1_610' title='bbox 2637 3373 2874 3428; x_wconf 79' lang='lat' dir='ltr'><strong>Turonis</strong></span> <span class='ocrx_word' id='word_1_611' title='bbox 2900 3373 3167 3445; x_wconf 85' lang='lat' dir='ltr'><strong>depositio</strong></span> <span class='ocrx_word' id='word_1_612' title='bbox 3196 3380 3398 3428; x_wconf 65' lang='lat' dir='ltr'><strong>sanctae</strong></span> <span class='ocrx_word' id='word_1_613' title='bbox 3427 3371 3605 3427; x_wconf 80' lang='lat' dir='ltr'><strong>Mone-</strong></span> 
     </span>
    </p>
   </div>
   <div class='ocr_carea' id='block_1_92' title="bbox 2019 3468 2484 3539">
    <p class='ocr_par' dir='ltr' id='par_1_92' title="bbox 2019 3468 2484 3539">
     <span class='ocr_line' id='line_1_92' title="bbox 2019 3468 2484 3539; baseline 0 -17"><span class='ocrx_word' id='word_1_614' title='bbox 2019 3468 2211 3539; x_wconf 65' lang='lat' dir='ltr'><strong>gundae</strong></span> <span class='ocrx_word' id='word_1_615' title='bbox 2240 3468 2484 3539; x_wconf 82' lang='lat' dir='ltr'><strong>virginis.</strong></span> 
     </span>
    </p>
   </div>
   <div class='ocr_carea' id='block_1_93' title="bbox 2094 3554 3604 3627">
    <p class='ocr_par' dir='ltr' id='par_1_93' title="bbox 2094 3554 3604 3627">
     <span class='ocr_line' id='line_1_93' title="bbox 2094 3554 3604 3627; baseline -0.001 -15"><span class='ocrx_word' id='word_1_616' title='bbox 2094 3557 2137 3612; x_wconf 67' lang='grc' dir='ltr'>γ</span> <span class='ocrx_word' id='word_1_617' title='bbox 2165 3556 2298 3611; x_wconf 70' lang='lat' dir='ltr'><strong>Non.</strong></span> <span class='ocrx_word' id='word_1_618' title='bbox 2346 3556 2652 3613; x_wconf 89' lang='lat' dir='ltr'><strong>Translatio</strong></span> <span class='ocrx_word' id='word_1_619' title='bbox 2689 3557 2910 3626; x_wconf 60' lang='lat' dir='ltr'><strong>Thomas</strong></span> <span class='ocrx_word' id='word_1_620' title='bbox 2950 3555 3178 3627; x_wconf 89' lang='lat' dir='ltr'><strong>apostoli</strong></span> <span class='ocrx_word' id='word_1_621' title='bbox 3223 3556 3276 3610; x_wconf 91' lang='lat' dir='ltr'><strong>in</strong></span> <span class='ocrx_word' id='word_1_622' title='bbox 3322 3554 3604 3611; x_wconf 83' lang='lat' dir='ltr'><strong>Edessam.</strong></span> 
     </span>
    </p>
   </div>
   <div class='ocr_carea' id='block_1_94' title="bbox 2020 3648 2765 3704">
    <p class='ocr_par' dir='ltr' id='par_1_94' title="bbox 2020 3648 2765 3704">
     <span class='ocr_line' id='line_1_94' title="bbox 2020 3648 2765 3704; baseline -0.004 0"><span class='ocrx_word' id='word_1_623' title='bbox 2020 3648 2220 3704; x_wconf 88' lang='lat' dir='ltr'><strong>Passus</strong></span> <span class='ocrx_word' id='word_1_624' title='bbox 2240 3663 2368 3704; x_wconf 88' lang='lat' dir='ltr'><strong>vero</strong></span> <span class='ocrx_word' id='word_1_625' title='bbox 2402 3649 2456 3702; x_wconf 89' lang='lat' dir='ltr'><strong>in</strong></span> <span class='ocrx_word' id='word_1_626' title='bbox 2487 3648 2635 3703; x_wconf 87' lang='lat' dir='ltr'><strong>ludia</strong></span> <span class='ocrx_word' id='word_1_627' title='bbox 2662 3656 2765 3704; x_wconf 87' lang='lat' dir='ltr'><strong>est.</strong></span> 
     </span>
    </p>
   </div>
   <div class='ocr_carea' id='block_1_95' title="bbox 2091 3735 3607 3806">
    <p class='ocr_par' dir='ltr' id='par_1_95' title="bbox 2091 3735 3607 3806">
     <span class='ocr_line' id='line_1_95' title="bbox 2091 3735 3607 3806; baseline -0.001 -15"><span class='ocrx_word' id='word_1_628' title='bbox 2091 3736 2158 3791; x_wconf 73' lang='grc' dir='ltr'><strong>ιν</strong></span> <span class='ocrx_word' id='word_1_629' title='bbox 2189 3736 2323 3793; x_wconf 80' lang='lat' dir='ltr'><strong>NON.</strong></span> <span class='ocrx_word' id='word_1_630' title='bbox 2348 3737 2403 3791; x_wconf 92' lang='lat' dir='ltr'><strong>in</strong></span> <span class='ocrx_word' id='word_1_631' title='bbox 2434 3736 2627 3801; x_wconf 86' lang='lat' dir='ltr'><strong>Gallia,</strong></span> <span class='ocrx_word' id='word_1_632' title='bbox 2654 3735 2885 3792; x_wconf 89' lang='lat' dir='ltr'><strong>Turonis</strong></span> <span class='ocrx_word' id='word_1_633' title='bbox 2908 3736 3148 3802; x_wconf 89' lang='lat' dir='ltr'><strong>civitate,</strong></span> <span class='ocrx_word' id='word_1_634' title='bbox 3188 3735 3458 3790; x_wconf 83' lang='lat' dir='ltr'><strong>ordinatio</strong></span> <span class='ocrx_word' id='word_1_635' title='bbox 3491 3735 3607 3806; x_wconf 82' lang='lat' dir='ltr'><strong>epi-</strong></span> 
     </span>
    </p>
   </div>
   <div class='ocr_carea' id='block_1_96' title="bbox 2024 3827 3605 3901">
    <p class='ocr_par' dir='ltr' id='par_1_96' title="bbox 2024 3827 3605 3901">
     <span class='ocr_line' id='line_1_96' title="bbox 2024 3827 3605 3901; baseline -0.004 -13"><span class='ocrx_word' id='word_1_636' title='bbox 2024 3839 2277 3901; x_wconf 85' lang='lat' dir='ltr'><strong>scopatus</strong></span> <span class='ocrx_word' id='word_1_637' title='bbox 2310 3838 2367 3886; x_wconf 92' lang='lat' dir='ltr'><strong>et</strong></span> <span class='ocrx_word' id='word_1_638' title='bbox 2406 3830 2689 3885; x_wconf 84' lang='lat' dir='ltr'><strong>translatio</strong></span> <span class='ocrx_word' id='word_1_639' title='bbox 2729 3829 2973 3899; x_wconf 85' lang='lat' dir='ltr'><strong>corporis</strong></span> <span class='ocrx_word' id='word_1_640' title='bbox 3019 3828 3192 3884; x_wconf 86' lang='lat' dir='ltr'><strong>sancti</strong></span> <span class='ocrx_word' id='word_1_641' title='bbox 3232 3827 3449 3883; x_wconf 81' lang='lat' dir='ltr'><strong>Martini</strong></span> <span class='ocrx_word' id='word_1_642' title='bbox 3488 3827 3605 3897; x_wconf 82' lang='lat' dir='ltr'><strong>epi-</strong></span> 
     </span>
    </p>
   </div>
   <div class='ocr_carea' id='block_1_97' title="bbox 2023 3917 3475 3990">
    <p class='ocr_par' dir='ltr' id='par_1_97' title="bbox 2023 3917 3475 3990">
     <span class='ocr_line' id='line_1_97' title="bbox 2023 3917 3475 3990; baseline -0.006 -13"><span class='ocrx_word' id='word_1_643' title='bbox 2023 3921 2170 3990; x_wconf 89' lang='lat' dir='ltr'><strong>scopi</strong></span> <span class='ocrx_word' id='word_1_644' title='bbox 2196 3929 2252 3974; x_wconf 91' lang='lat' dir='ltr'><strong>et</strong></span> <span class='ocrx_word' id='word_1_645' title='bbox 2269 3919 2619 3984; x_wconf 88' lang='lat' dir='ltr'><strong>confessoris,</strong></span> <span class='ocrx_word' id='word_1_646' title='bbox 2651 3927 2706 3975; x_wconf 91' lang='lat' dir='ltr'><strong>et</strong></span> <span class='ocrx_word' id='word_1_647' title='bbox 2730 3919 2999 3974; x_wconf 82' lang='lat' dir='ltr'><strong>dedicatio</strong></span> <span class='ocrx_word' id='word_1_648' title='bbox 3020 3918 3257 3973; x_wconf 64' lang='lat' dir='ltr'><strong>basilicas</strong></span> <span class='ocrx_word' id='word_1_649' title='bbox 3285 3917 3475 3986; x_wconf 85' lang='lat' dir='ltr'><strong>ipsius.</strong></span> 
     </span>
    </p>
   </div>
   <div class='ocr_carea' id='block_1_98' title="bbox 2094 4004 3611 4075">
    <p class='ocr_par' dir='ltr' id='par_1_98' title="bbox 2094 4004 3611 4075">
     <span class='ocr_line' id='line_1_98' title="bbox 2094 4004 3611 4075; baseline -0.002 -11"><span class='ocrx_word' id='word_1_650' title='bbox 2094 4011 2159 4064; x_wconf 89' lang='lat' dir='ltr'><strong>Ill</strong></span> <span class='ocrx_word' id='word_1_651' title='bbox 2188 4009 2324 4065; x_wconf 69' lang='lat' dir='ltr'><strong>Nox.</strong></span> <span class='ocrx_word' id='word_1_652' title='bbox 2370 4009 2429 4064; x_wconf 85' lang='lat' dir='ltr'><strong>In</strong></span> <span class='ocrx_word' id='word_1_653' title='bbox 2456 4007 2640 4064; x_wconf 86' lang='lat' dir='ltr'><strong>Sicilia</strong></span> <span class='ocrx_word' id='word_1_654' title='bbox 2666 4008 2862 4062; x_wconf 88' lang='lat' dir='ltr'><strong>natalis</strong></span> <span class='ocrx_word' id='word_1_655' title='bbox 2896 4006 3197 4075; x_wconf 88' lang='lat' dir='ltr'><strong>Agathonis</strong></span> <span class='ocrx_word' id='word_1_656' title='bbox 3229 4014 3286 4060; x_wconf 94' lang='lat' dir='ltr'><strong>et</strong></span> <span class='ocrx_word' id='word_1_657' title='bbox 3325 4004 3611 4075; x_wconf 66' lang='lat' dir='ltr'><strong>Triphena</strong></span> 
     </span>
    </p>
   </div>
   <div class='ocr_carea' id='block_1_99' title="bbox 2026 4093 3612 4174">
    <p class='ocr_par' dir='ltr' id='par_1_99' title="bbox 2026 4093 3612 4174">
     <span class='ocr_line' id='line_1_99' title="bbox 2026 4093 3612 4174; baseline -0.001 -18"><span class='ocrx_word' id='word_1_658' title='bbox 2026 4099 2401 4174; x_wconf 80' lang='lat' dir='ltr'><strong>[Triphinae];</strong></span> <span class='ocrx_word' id='word_1_659' title='bbox 2427 4108 2482 4155; x_wconf 92' lang='lat' dir='ltr'><strong>et</strong></span> <span class='ocrx_word' id='word_1_660' title='bbox 2520 4100 2573 4155; x_wconf 95' lang='lat' dir='ltr'><strong>in</strong></span> <span class='ocrx_word' id='word_1_661' title='bbox 2615 4093 2822 4164; x_wconf 87' lang='lat' dir='ltr'><strong>Tomis,</strong></span> <span class='ocrx_word' id='word_1_662' title='bbox 2875 4097 3087 4164; x_wconf 82' lang='lat' dir='ltr'><strong>Marini,</strong></span> <span class='ocrx_word' id='word_1_663' title='bbox 3135 4096 3399 4152; x_wconf 84' lang='lat' dir='ltr'><strong>Theodoti</strong></span> <span class='ocrx_word' id='word_1_664' title='bbox 3424 4103 3481 4152; x_wconf 87' lang='lat' dir='ltr'><strong>et</strong></span> <span class='ocrx_word' id='word_1_665' title='bbox 3508 4094 3612 4154; x_wconf 83' lang='lat' dir='ltr'><strong>So-</strong></span> 
     </span>
    </p>
   </div>
   <div class='ocr_carea' id='block_1_100' title="bbox 2023 4189 2600 4263">
    <p class='ocr_par' dir='ltr' id='par_1_100' title="bbox 2023 4189 2600 4263">
     <span class='ocr_line' id='line_1_100' title="bbox 2023 4189 2600 4263; baseline -0.007 -15"><span class='ocrx_word' id='word_1_666' title='bbox 2023 4193 2213 4262; x_wconf 83' lang='lat' dir='ltr'><strong>dephae</strong></span> <span class='ocrx_word' id='word_1_667' title='bbox 2241 4190 2538 4263; x_wconf 65' lang='lat' dir='ltr'><strong>[Sedophre</strong></span> <span class='ocrx_word' id='word_1_668' title='bbox 2559 4189 2600 4261; x_wconf 87' lang='lat'><strong>].</strong></span> 
     </span>
    </p>
   </div>
   <div class='ocr_carea' id='block_1_101' title="bbox 2093 4276 3606 4350">
    <p class='ocr_par' dir='ltr' id='par_1_101' title="bbox 2093 4276 3606 4350">
     <span class='ocr_line' id='line_1_101' title="bbox 2093 4276 3606 4350; baseline -0.003 -13"><span class='ocrx_word' id='word_1_669' title='bbox 2093 4281 2135 4337; x_wconf 91' lang='lat' dir='ltr'><strong>ll</strong></span> <span class='ocrx_word' id='word_1_670' title='bbox 2177 4280 2311 4336; x_wconf 69' lang='lat' dir='ltr'><strong>Nox.</strong></span> <span class='ocrx_word' id='word_1_671' title='bbox 2351 4280 2501 4336; x_wconf 69' lang='lat' dir='ltr'><strong>Isaia:</strong></span> <span class='ocrx_word' id='word_1_672' title='bbox 2545 4280 2849 4350; x_wconf 57' lang='lat' dir='ltr'><strong>propheta,</strong></span> <span class='ocrx_word' id='word_1_673' title='bbox 2892 4286 2948 4335; x_wconf 90' lang='lat' dir='ltr'><strong>et</strong></span> <span class='ocrx_word' id='word_1_674' title='bbox 2987 4286 3179 4334; x_wconf 86' lang='lat' dir='ltr'><strong>octava</strong></span> <span class='ocrx_word' id='word_1_675' title='bbox 3214 4276 3606 4348; x_wconf 88' lang='lat' dir='ltr'><strong>apostolorum.</strong></span> 
     </span>
    </p>
   </div>
   <div class='ocr_carea' id='block_1_102' title="bbox 2024 4360 3602 4443">
    <p class='ocr_par' dir='ltr' id='par_1_102' title="bbox 2024 4360 3602 4443">
     <span class='ocr_line' id='line_1_102' title="bbox 2024 4360 3602 4443; baseline -0.003 -14"><span class='ocrx_word' id='word_1_676' title='bbox 2024 4373 2226 4429; x_wconf 87' lang='lat' dir='ltr'><strong>Eodem</strong></span> <span class='ocrx_word' id='word_1_677' title='bbox 2252 4371 2339 4427; x_wconf 90' lang='lat' dir='ltr'><strong>die</strong></span> <span class='ocrx_word' id='word_1_678' title='bbox 2365 4373 2629 4443; x_wconf 89' lang='lat' dir='ltr'><strong>depositio</strong></span> <span class='ocrx_word' id='word_1_679' title='bbox 2650 4380 2735 4428; x_wconf 90' lang='lat' dir='ltr'><strong>est</strong></span> <span class='ocrx_word' id='word_1_680' title='bbox 2757 4372 2900 4427; x_wconf 89' lang='lat' dir='ltr'><strong>beati</strong></span> <span class='ocrx_word' id='word_1_681' title='bbox 2923 4370 3116 4427; x_wconf 87' lang='lat' dir='ltr'><strong>Goaris</strong></span> <span class='ocrx_word' id='word_1_682' title='bbox 3135 4360 3482 4432; x_wconf 67' lang='lat' dir='ltr'><strong>confessoris,</strong></span> <span class='ocrx_word' id='word_1_683' title='bbox 3507 4369 3602 4441; x_wconf 89' lang='lat' dir='ltr'><strong>qui</strong></span> 
     </span>
    </p>
   </div>
   <div class='ocr_carea' id='block_1_103' title="bbox 2030 4460 3613 4534">
    <p class='ocr_par' dir='ltr' id='par_1_103' title="bbox 2030 4460 3613 4534">
     <span class='ocr_line' id='line_1_103' title="bbox 2030 4460 3613 4534; baseline -0.002 -16"><span class='ocrx_word' id='word_1_684' title='bbox 2030 4465 2083 4519; x_wconf 92' lang='lat' dir='ltr'><strong>in</strong></span> <span class='ocrx_word' id='word_1_685' title='bbox 2113 4463 2389 4534; x_wconf 84' lang='lat' dir='ltr'><strong>provincia</strong></span> <span class='ocrx_word' id='word_1_686' title='bbox 2419 4464 2724 4534; x_wconf 84' lang='lat' dir='ltr'><strong>Aquitaniae</strong></span> <span class='ocrx_word' id='word_1_687' title='bbox 2750 4472 2905 4519; x_wconf 86' lang='lat' dir='ltr'><strong>ortus</strong></span> <span class='ocrx_word' id='word_1_688' title='bbox 2943 4462 3276 4532; x_wconf 85' lang='lat' dir='ltr'><strong>temporibus</strong></span> <span class='ocrx_word' id='word_1_689' title='bbox 3314 4460 3613 4516; x_wconf 84' lang='lat' dir='ltr'><strong>Hildeberti</strong></span> 
     </span>
    </p>
   </div>
   <div class='ocr_carea' id='block_1_104' title="bbox 2031 4548 3614 4626">
    <p class='ocr_par' dir='ltr' id='par_1_104' title="bbox 2031 4548 3614 4626">
     <span class='ocr_line' id='line_1_104' title="bbox 2031 4548 3614 4626; baseline -0.004 -16"><span class='ocrx_word' id='word_1_690' title='bbox 2031 4556 2172 4626; x_wconf 88' lang='lat' dir='ltr'><strong>regis</strong></span> <span class='ocrx_word' id='word_1_691' title='bbox 2195 4555 2551 4619; x_wconf 82' lang='lat' dir='ltr'><strong>Francorum,</strong></span> <span class='ocrx_word' id='word_1_692' title='bbox 2579 4554 2761 4609; x_wconf 88' lang='lat' dir='ltr'><strong>statim</strong></span> <span class='ocrx_word' id='word_1_693' title='bbox 2789 4553 2859 4607; x_wconf 89' lang='lat' dir='ltr'><strong>ab</strong></span> <span class='ocrx_word' id='word_1_694' title='bbox 2886 4552 3111 4607; x_wconf 87' lang='lat' dir='ltr'><strong>infantia</strong></span> <span class='ocrx_word' id='word_1_695' title='bbox 3131 4566 3292 4605; x_wconf 84' lang='lat' dir='ltr'><strong>verus</strong></span> <span class='ocrx_word' id='word_1_696' title='bbox 3312 4550 3409 4605; x_wconf 88' lang='lat' dir='ltr'><strong>Dei</strong></span> <span class='ocrx_word' id='word_1_697' title='bbox 3437 4548 3614 4605; x_wconf 81' lang='lat' dir='ltr'><strong>cultor</strong></span> 
     </span>
    </p>
   </div>
   <div class='ocr_carea' id='block_1_105' title="bbox 2029 4645 3613 4718">
    <p class='ocr_par' dir='ltr' id='par_1_105' title="bbox 2029 4645 3613 4718">
     <span class='ocr_line' id='line_1_105' title="bbox 2029 4645 3613 4718; baseline -0.005 -17"><span class='ocrx_word' id='word_1_698' title='bbox 2029 4648 2150 4703; x_wconf 87' lang='lat' dir='ltr'><strong>fuit.</strong></span> <span class='ocrx_word' id='word_1_699' title='bbox 2185 4647 2284 4703; x_wconf 89' lang='lat' dir='ltr'><strong>Hic</strong></span> <span class='ocrx_word' id='word_1_700' title='bbox 2308 4648 2651 4718; x_wconf 87' lang='lat' dir='ltr'><strong>postmodum</strong></span> <span class='ocrx_word' id='word_1_701' title='bbox 2681 4646 2752 4700; x_wconf 89' lang='lat' dir='ltr'><strong>ibi</strong></span> <span class='ocrx_word' id='word_1_702' title='bbox 2782 4645 3067 4715; x_wconf 83' lang='lat' dir='ltr'><strong>presbyter</strong></span> <span class='ocrx_word' id='word_1_703' title='bbox 3105 4649 3483 4705; x_wconf 89' lang='lat' dir='ltr'><strong>consecratus,</strong></span> <span class='ocrx_word' id='word_1_704' title='bbox 3513 4656 3613 4710; x_wconf 83' lang='lat' dir='ltr'><strong>pa-</strong></span> 
     </span>
    </p>
   </div>
   <div class='ocr_carea' id='block_1_106' title="bbox 2031 4728 3617 4806">
    <p class='ocr_par' dir='ltr' id='par_1_106' title="bbox 2031 4728 3617 4806">
     <span class='ocr_line' id='line_1_106' title="bbox 2031 4728 3617 4806; baseline -0.005 -13"><span class='ocrx_word' id='word_1_705' title='bbox 2031 4740 2188 4793; x_wconf 87' lang='lat' dir='ltr'><strong>triam</strong></span> <span class='ocrx_word' id='word_1_706' title='bbox 2217 4746 2575 4806; x_wconf 88' lang='lat' dir='ltr'><strong>parentesque</strong></span> <span class='ocrx_word' id='word_1_707' title='bbox 2600 4735 2857 4800; x_wconf 87' lang='lat' dir='ltr'><strong>deseruit,</strong></span> <span class='ocrx_word' id='word_1_708' title='bbox 2884 4742 2939 4789; x_wconf 90' lang='lat' dir='ltr'><strong>et</strong></span> <span class='ocrx_word' id='word_1_709' title='bbox 2960 4733 3014 4788; x_wconf 90' lang='lat' dir='ltr'><strong>in</strong></span> <span class='ocrx_word' id='word_1_710' title='bbox 3039 4732 3259 4787; x_wconf 88' lang='lat' dir='ltr'><strong>ultimos</strong></span> <span class='ocrx_word' id='word_1_711' title='bbox 3279 4730 3464 4786; x_wconf 75' lang='lat' dir='ltr'><strong>Calliae</strong></span> <span class='ocrx_word' id='word_1_712' title='bbox 3481 4728 3617 4786; x_wconf 75' lang='lat' dir='ltr'><strong>fines</strong></span> 
     </span>
    </p>
   </div>
   <div class='ocr_carea' id='block_1_107' title="bbox 2030 4818 3609 4898">
    <p class='ocr_par' dir='ltr' id='par_1_107' title="bbox 2030 4818 3609 4898">
     <span class='ocr_line' id='line_1_107' title="bbox 2030 4818 3609 4898; baseline -0.007 -16"><span class='ocrx_word' id='word_1_713' title='bbox 2030 4828 2350 4898; x_wconf 87' lang='lat' dir='ltr'><strong>peregrinus</strong></span> <span class='ocrx_word' id='word_1_714' title='bbox 2377 4825 2574 4881; x_wconf 58' lang='lat' dir='ltr'><strong>sarculo</strong></span> <span class='ocrx_word' id='word_1_715' title='bbox 2613 4833 2670 4879; x_wconf 91' lang='lat' dir='ltr'><strong>et</strong></span> <span class='ocrx_word' id='word_1_716' title='bbox 2706 4823 2945 4879; x_wconf 67' lang='lat' dir='ltr'><strong>cwlestis</strong></span> <span class='ocrx_word' id='word_1_717' title='bbox 2972 4821 3161 4891; x_wconf 82' lang='lat' dir='ltr'><strong>patriae</strong></span> <span class='ocrx_word' id='word_1_718' title='bbox 3185 4819 3320 4875; x_wconf 90' lang='lat' dir='ltr'><strong>civis</strong></span> <span class='ocrx_word' id='word_1_719' title='bbox 3349 4818 3609 4874; x_wconf 82' lang='lat' dir='ltr'><strong>excessit.</strong></span> 
     </span>
    </p>
   </div>
   <div class='ocr_carea' id='block_1_108' title="bbox 2031 4907 3616 4985">
    <p class='ocr_par' dir='ltr' id='par_1_108' title="bbox 2031 4907 3616 4985">
     <span class='ocr_line' id='line_1_108' title="bbox 2031 4907 3616 4985; baseline -0.006 -12"><span class='ocrx_word' id='word_1_720' title='bbox 2031 4917 2268 4973; x_wconf 78' lang='lat' dir='ltr'><strong>Veniens</strong></span> <span class='ocrx_word' id='word_1_721' title='bbox 2283 4931 2413 4985; x_wconf 87' lang='lat' dir='ltr'><strong>ergo</strong></span> <span class='ocrx_word' id='word_1_722' title='bbox 2439 4916 2493 4970; x_wconf 92' lang='lat' dir='ltr'><strong>in</strong></span> <span class='ocrx_word' id='word_1_723' title='bbox 2525 4913 2856 4985; x_wconf 82' lang='lat' dir='ltr'><strong>provinciam</strong></span> <span class='ocrx_word' id='word_1_724' title='bbox 2873 4927 2992 4982; x_wconf 63' lang='lat' dir='ltr'><strong>quae</strong></span> <span class='ocrx_word' id='word_1_725' title='bbox 3012 4910 3144 4981; x_wconf 88' lang='lat' dir='ltr'><strong>ripis</strong></span> <span class='ocrx_word' id='word_1_726' title='bbox 3172 4909 3347 4965; x_wconf 80' lang='lat' dir='ltr'><strong>Rheni</strong></span> <span class='ocrx_word' id='word_1_727' title='bbox 3376 4907 3616 4964; x_wconf 80' lang='lat' dir='ltr'><strong>ﬂuminis</strong></span> 
     </span>
    </p>
   </div>
   <div class='ocr_carea' id='block_1_109' title="bbox 2033 4999 3615 5080">
    <p class='ocr_par' dir='ltr' id='par_1_109' title="bbox 2033 4999 3615 5080">
     <span class='ocr_line' id='line_1_109' title="bbox 2033 4999 3615 5080; baseline -0.008 -13"><span class='ocrx_word' id='word_1_728' title='bbox 2033 5010 2287 5080; x_wconf 82' lang='lat' dir='ltr'><strong>contigua</strong></span> <span class='ocrx_word' id='word_1_729' title='bbox 2322 5008 2568 5080; x_wconf 87' lang='lat' dir='ltr'><strong>Trigoria</strong></span> <span class='ocrx_word' id='word_1_730' title='bbox 2609 5013 2982 5075; x_wconf 84' lang='lat' dir='ltr'><strong>nuncupatur,</strong></span> <span class='ocrx_word' id='word_1_731' title='bbox 3028 5011 3192 5072; x_wconf 86' lang='lat' dir='ltr'><strong>atque</strong></span> <span class='ocrx_word' id='word_1_732' title='bbox 3242 5001 3313 5057; x_wconf 85' lang='lat' dir='ltr'><strong>ad</strong></span> <span class='ocrx_word' id='word_1_733' title='bbox 3352 4999 3615 5056; x_wconf 72' lang='lat' dir='ltr'><strong>dimcesin</strong></span> 
     </span>
    </p>
   </div>
   <div class='ocr_carea' id='block_1_110' title="bbox 2035 5089 3612 5174">
    <p class='ocr_par' dir='ltr' id='par_1_110' title="bbox 2035 5089 3612 5174">
     <span class='ocr_line' id='line_1_110' title="bbox 2035 5089 3612 5174; baseline -0.008 -16"><span class='ocrx_word' id='word_1_734' title='bbox 2035 5102 2268 5174; x_wconf 88' lang='lat' dir='ltr'><strong>pertinet</strong></span> <span class='ocrx_word' id='word_1_735' title='bbox 2297 5101 2676 5163; x_wconf 83' lang='lat' dir='ltr'><strong>Treverorum,</strong></span> <span class='ocrx_word' id='word_1_736' title='bbox 2710 5097 2849 5153; x_wconf 91' lang='lat' dir='ltr'><strong>infra</strong></span> <span class='ocrx_word' id='word_1_737' title='bbox 2885 5096 3146 5152; x_wconf 86' lang='lat' dir='ltr'><strong>terminos</strong></span> <span class='ocrx_word' id='word_1_738' title='bbox 3161 5089 3612 5157; x_wconf 64' lang='lat' dir='ltr'><strong>Wasaliiicenses,</strong></span> 
     </span>
    </p>
   </div>
   <div class='ocr_carea' id='block_1_111' title="bbox 2037 5183 3616 5259">
    <p class='ocr_par' dir='ltr' id='par_1_111' title="bbox 2037 5183 3616 5259">
     <span class='ocr_line' id='line_1_111' title="bbox 2037 5183 3616 5259; baseline -0.007 -10"><span class='ocrx_word' id='word_1_739' title='bbox 2037 5194 2091 5250; x_wconf 92' lang='lat' dir='ltr'><strong>in</strong></span> <span class='ocrx_word' id='word_1_740' title='bbox 2121 5208 2183 5248; x_wconf 89' lang='lat' dir='ltr'><strong>ea</strong></span> <span class='ocrx_word' id='word_1_741' title='bbox 2215 5194 2326 5248; x_wconf 92' lang='lat' dir='ltr'><strong>Deo</strong></span> <span class='ocrx_word' id='word_1_742' title='bbox 2349 5192 2516 5247; x_wconf 90' lang='lat' dir='ltr'><strong>libere</strong></span> <span class='ocrx_word' id='word_1_743' title='bbox 2545 5190 2752 5246; x_wconf 79' lang='lat' dir='ltr'><strong>servire</strong></span> <span class='ocrx_word' id='word_1_744' title='bbox 2777 5188 2995 5259; x_wconf 87' lang='lat' dir='ltr'><strong>delegit.</strong></span> <span class='ocrx_word' id='word_1_745' title='bbox 3026 5187 3126 5243; x_wconf 84' lang='lat' dir='ltr'><strong>llic</strong></span> <span class='ocrx_word' id='word_1_746' title='bbox 3150 5186 3298 5241; x_wconf 91' lang='lat' dir='ltr'><strong>enim</strong></span> <span class='ocrx_word' id='word_1_747' title='bbox 3335 5183 3616 5254; x_wconf 78' lang='lat' dir='ltr'><strong>hospitalis</strong></span> 
     </span>
    </p>
   </div>
   <div class='ocr_carea' id='block_1_112' title="bbox 2038 5276 3617 5356">
    <p class='ocr_par' dir='ltr' id='par_1_112' title="bbox 2038 5276 3617 5356">
     <span class='ocr_line' id='line_1_112' title="bbox 2038 5276 3617 5356; baseline -0.008 -12"><span class='ocrx_word' id='word_1_748' title='bbox 2038 5287 2264 5345; x_wconf 89' lang='lat' dir='ltr'><strong>multum</strong></span> <span class='ocrx_word' id='word_1_749' title='bbox 2298 5287 2416 5354; x_wconf 85' lang='lat' dir='ltr'><strong>fuit,</strong></span> <span class='ocrx_word' id='word_1_750' title='bbox 2446 5294 2501 5341; x_wconf 91' lang='lat' dir='ltr'><strong>et</strong></span> <span class='ocrx_word' id='word_1_751' title='bbox 2531 5285 2714 5356; x_wconf 89' lang='lat' dir='ltr'><strong>largus</strong></span> <span class='ocrx_word' id='word_1_752' title='bbox 2741 5281 3070 5354; x_wconf 83' lang='lat' dir='ltr'><strong>pauperibus</strong></span> <span class='ocrx_word' id='word_1_753' title='bbox 3089 5320 3104 5346; x_wconf 94' lang='lat'><strong>,</strong></span> <span class='ocrx_word' id='word_1_754' title='bbox 3134 5287 3191 5335; x_wconf 89' lang='lat' dir='ltr'><strong>et</strong></span> <span class='ocrx_word' id='word_1_755' title='bbox 3214 5278 3326 5334; x_wconf 90' lang='lat' dir='ltr'><strong>Deo</strong></span> <span class='ocrx_word' id='word_1_756' title='bbox 3356 5277 3409 5332; x_wconf 93' lang='lat' dir='ltr'><strong>in</strong></span> <span class='ocrx_word' id='word_1_757' title='bbox 3443 5276 3617 5333; x_wconf 83' lang='lat' dir='ltr'><strong>sacris</strong></span> 
     </span>
    </p>
   </div>
   <div class='ocr_carea' id='block_1_113' title="bbox 2036 5369 3614 5449">
    <p class='ocr_par' dir='ltr' id='par_1_113' title="bbox 2036 5369 3614 5449">
     <span class='ocr_line' id='line_1_113' title="bbox 2036 5369 3614 5449; baseline -0.009 -13"><span class='ocrx_word' id='word_1_758' title='bbox 2036 5381 2221 5437; x_wconf 88' lang='lat' dir='ltr'><strong>missis</strong></span> <span class='ocrx_word' id='word_1_759' title='bbox 2265 5386 2321 5435; x_wconf 91' lang='lat' dir='ltr'><strong>et</strong></span> <span class='ocrx_word' id='word_1_760' title='bbox 2360 5376 2678 5449; x_wconf 82' lang='lat' dir='ltr'><strong>psalmodiis</strong></span> <span class='ocrx_word' id='word_1_761' title='bbox 2724 5375 2990 5430; x_wconf 89' lang='lat' dir='ltr'><strong>instanter</strong></span> <span class='ocrx_word' id='word_1_762' title='bbox 3033 5370 3273 5442; x_wconf 86' lang='lat' dir='ltr'><strong>quotidie</strong></span> <span class='ocrx_word' id='word_1_763' title='bbox 3314 5369 3614 5425; x_wconf 83' lang='lat' dir='ltr'><strong>serviebat.</strong></span> 
     </span>
    </p>
   </div>
   <div class='ocr_carea' id='block_1_114' title="bbox 2037 5462 3617 5527">
    <p class='ocr_par' dir='ltr' id='par_1_114' title="bbox 2037 5462 3617 5527">
     <span class='ocr_line' id='line_1_114' title="bbox 2037 5462 3617 5527; baseline -0.008 0"><span class='ocrx_word' id='word_1_764' title='bbox 2037 5469 2193 5527; x_wconf 87' lang='lat' dir='ltr'><strong>Fecit</strong></span> <span class='ocrx_word' id='word_1_765' title='bbox 2240 5469 2385 5524; x_wconf 87' lang='lat' dir='ltr'><strong>enim</strong></span> <span class='ocrx_word' id='word_1_766' title='bbox 2426 5466 2693 5523; x_wconf 85' lang='lat' dir='ltr'><strong>mirabilia</strong></span> <span class='ocrx_word' id='word_1_767' title='bbox 2734 5464 2902 5521; x_wconf 87' lang='lat' dir='ltr'><strong>multa</strong></span> <span class='ocrx_word' id='word_1_768' title='bbox 2950 5465 3006 5520; x_wconf 86' lang='lat' dir='ltr'><strong>in</strong></span> <span class='ocrx_word' id='word_1_769' title='bbox 3053 5463 3165 5518; x_wconf 86' lang='lat' dir='ltr'><strong>vita</strong></span> <span class='ocrx_word' id='word_1_770' title='bbox 3203 5477 3333 5527; x_wconf 84' lang='lat' dir='ltr'><strong>sua,</strong></span> <span class='ocrx_word' id='word_1_771' title='bbox 3363 5462 3468 5517; x_wconf 89' lang='lat' dir='ltr'><strong>hoc</strong></span> <span class='ocrx_word' id='word_1_772' title='bbox 3499 5467 3617 5526; x_wconf 87' lang='lat' dir='ltr'><strong>est,</strong></span> 
     </span>
    </p>
   </div>
   <div class='ocr_carea' id='block_1_115' title="bbox 2040 5550 3619 5628">
    <p class='ocr_par' dir='ltr' id='par_1_115' title="bbox 2040 5550 3619 5628">
     <span class='ocr_line' id='line_1_115' title="bbox 2040 5550 3619 5628; baseline -0.009 -11"><span class='ocrx_word' id='word_1_773' title='bbox 2040 5575 2257 5618; x_wconf 86' lang='lat' dir='ltr'><strong>cervam</strong></span> <span class='ocrx_word' id='word_1_774' title='bbox 2281 5560 2505 5628; x_wconf 88' lang='lat' dir='ltr'><strong>imperio</strong></span> <span class='ocrx_word' id='word_1_775' title='bbox 2519 5572 2617 5613; x_wconf 87' lang='lat' dir='ltr'><strong>suo</strong></span> <span class='ocrx_word' id='word_1_776' title='bbox 2637 5564 2784 5612; x_wconf 87' lang='lat' dir='ltr'><strong>stare</strong></span> <span class='ocrx_word' id='word_1_777' title='bbox 2800 5554 2951 5619; x_wconf 87' lang='lat' dir='ltr'><strong>fecit,</strong></span> <span class='ocrx_word' id='word_1_778' title='bbox 2971 5561 3032 5608; x_wconf 88' lang='lat' dir='ltr'><strong>ut</strong></span> <span class='ocrx_word' id='word_1_779' title='bbox 3048 5552 3263 5609; x_wconf 86' lang='lat' dir='ltr'><strong>cuidam</strong></span> <span class='ocrx_word' id='word_1_780' title='bbox 3292 5551 3440 5606; x_wconf 87' lang='lat' dir='ltr'><strong>lasso</strong></span> <span class='ocrx_word' id='word_1_781' title='bbox 3459 5550 3528 5604; x_wconf 84' lang='lat' dir='ltr'><strong>ab</strong></span> <span class='ocrx_word' id='word_1_782' title='bbox 3549 5561 3619 5604; x_wconf 87' lang='lat' dir='ltr'><strong>eo</strong></span> 
     </span>
    </p>
   </div>
   <div class='ocr_carea' id='block_1_116' title="bbox 2042 5638 3606 5719">
    <p class='ocr_par' dir='ltr' id='par_1_116' title="bbox 2042 5638 3606 5719">
     <span class='ocr_line' id='line_1_116' title="bbox 2042 5638 3606 5719; baseline -0.008 -13"><span class='ocrx_word' id='word_1_783' title='bbox 2042 5650 2198 5707; x_wconf 88' lang='lat' dir='ltr'><strong>laetis</strong></span> <span class='ocrx_word' id='word_1_784' title='bbox 2222 5659 2409 5719; x_wconf 90' lang='lat' dir='ltr'><strong>potum</strong></span> <span class='ocrx_word' id='word_1_785' title='bbox 2437 5647 2725 5716; x_wconf 88' lang='lat' dir='ltr'><strong>acciperet.</strong></span> <span class='ocrx_word' id='word_1_786' title='bbox 2756 5644 2959 5700; x_wconf 86' lang='lat' dir='ltr'><strong>Dehinc</strong></span> <span class='ocrx_word' id='word_1_787' title='bbox 2996 5643 3066 5698; x_wconf 85' lang='lat' dir='ltr'><strong>ad</strong></span> <span class='ocrx_word' id='word_1_788' title='bbox 3096 5640 3377 5697; x_wconf 80' lang='lat' dir='ltr'><strong>Rusticum</strong></span> <span class='ocrx_word' id='word_1_789' title='bbox 3411 5638 3606 5707; x_wconf 82' lang='lat' dir='ltr'><strong>episco</strong></span> 
     </span>
    </p>
   </div>
   <div class='ocr_carea' id='block_1_117' title="bbox 2047 5729 3619 5813">
    <p class='ocr_par' dir='ltr' id='par_1_117' title="bbox 2047 5729 3619 5813">
     <span class='ocr_line' id='line_1_117' title="bbox 2047 5729 3619 5813; baseline -0.006 -16"><span class='ocrx_word' id='word_1_790' title='bbox 2047 5758 2176 5813; x_wconf 90' lang='lat' dir='ltr'><strong>pum</strong></span> <span class='ocrx_word' id='word_1_791' title='bbox 2191 5741 2567 5800; x_wconf 83' lang='lat' dir='ltr'><strong>Trevirensem</strong></span> <span class='ocrx_word' id='word_1_792' title='bbox 2597 5739 2889 5813; x_wconf 80' lang='lat' dir='ltr'><strong>advocatus</strong></span> <span class='ocrx_word' id='word_1_793' title='bbox 2912 5736 3081 5805; x_wconf 87' lang='lat' dir='ltr'><strong>venit,</strong></span> <span class='ocrx_word' id='word_1_794' title='bbox 3104 5734 3285 5805; x_wconf 88' lang='lat' dir='ltr'><strong>ibique</strong></span> <span class='ocrx_word' id='word_1_795' title='bbox 3307 5744 3467 5802; x_wconf 85' lang='lat' dir='ltr'><strong>super</strong></span> <span class='ocrx_word' id='word_1_796' title='bbox 3490 5729 3619 5788; x_wconf 78' lang='lat' dir='ltr'><strong>solis</strong></span> 
     </span>
    </p>
   </div>
  </div>
