4112 6364
577 333 718 392 “55

1221 333 1282 390 I3.
1323 333 1573 390 [{ABANI
1609 333 1827 390 MAURI
1863 334 2182 393 ARCIIIEP.
2224 337 2536 398 MOGUNT.
2577 341 2861 403 OPERUM
2900 348 3079 408 PARS
3116 344 3180 408 II.

3702 353 3848 420 I156

577 446 786 502 radium
807 459 904 517 per
933 445 1225 503 fenestram
1253 445 1539 501 micantem
1568 445 1821 516 ignorans
1844 445 1986 516 quod
2033 445 2160 501 solis
2191 450 2235 511 A
2264 450 2458 520 quibus
2481 451 2790 523 Ianuarius,
2814 467 2933 529 post
2961 461 3182 517 verbera
3209 465 3482 536 virgarum
3517 476 3573 524 et
3601 472 3847 532 carceris

581 541 762 595 radius
787 549 930 594 esset
951 556 1172 610 cappam
1205 556 1357 595 suam
1382 539 1611 610 projecit
1637 556 1652 594 :
1683 540 1827 610 quod
1851 555 1972 595 cum
2003 542 2152 598 multi

577 632 800 702 magica:
853 634 956 688 arti
992 633 1375 702 dcputasscnt,
1427 647 1610 687 coram
1657 633 1910 703 episcopo
1950 637 2154 704 positus

568 720 726 791 juxta
745 722 1044 793 jussionem
1069 724 1185 794 ejus
1207 738 1430 792 parvum
1458 738 1682 793 puerum
1705 762 1719 787 ,
1745 724 1848 778 hoc
1875 732 1960 778 cst
1991 725 2152 780 trium

574 814 784 870 dierum
810 823 986 877 aetate,
1017 815 1165 884 loqui
1196 814 1340 879 fecit,
1373 822 1426 867 et
1457 823 1666 882 patrem
1697 813 1856 867 simul
1888 829 2009 868 cum
2039 831 2152 870 ma-

574 912 660 960 tre
685 905 807 974 quis
836 914 1012 968 esset,
1059 901 1331 974 patefecit.
1364 901 1560 972 Sicque
1586 913 1918 958 memoratus
1943 905 2152 974 episco-

569 1012 672 1067 pus
700 997 754 1052 in
785 997 988 1053 scelere
1033 1011 1133 1051 suo
1163 994 1465 1050 denudatus
1497 994 1870 1064 pmnitentiam
1906 996 2146 1065 accepit,

568 1095 626 1142 et
650 1088 940 1158 praedictus
970 1087 1052 1140 vir
1079 1093 1296 1140 sanctus
1328 1085 1396 1140 ad
1434 1084 1611 1140 locum
1650 1100 1807 1139 suum
1839 1085 2058 1141 rediens
2092 1087 2148 1142 in

567 1192 703 1248 pace
731 1178 898 1231 vitam
927 1175 1119 1230 ﬁnivit.

637 1269 773 1323 Non.
803 1267 965 1324 Juul.
992 1268 1049 1322 In
1077 1265 1402 1322 Alexandria
1430 1267 1609 1323 natale
1639 1267 1916 1336 Parmeni,
1950 1269 2146 1326 Eraelii

571 1356 873 1430 [Heraclii],
896 1357 1084 1423 Heliae,
1107 1355 1398 1429 Apollonii,
1415 1357 1609 1426 Anovi,
1635 1367 1690 1414 et
1710 1359 1938 1414 aliorum
1959 1361 2147 1418 decem

566 1456 621 1502 ει
647 1457 789 1503 οειο.

637 1536 747 1591 VIII
771 1537 846 1591 Io.
887 1536 1075 1592 Natale
1100 1537 1347 1608 Procopii
1371 1537 1424 1592 in
1450 1538 1732 1595 Palaestina
1750 1579 1764 1605 ,
1790 1541 1879 1611 qui
1910 1541 1978 1597 ab
2009 1541 2145 1614 Scy-

562 1627 766 1698 tbopoli
799 1629 993 1684 ductus
1027 1627 1364 1695 Cresaream,
1407 1633 1473 1686 ad
1515 1633 1745 1702 primam
1779 1636 2145 1704 responsionis

561 1732 671 1772 suae
697 1717 1078 1774 confidentiam
1108 1720 1249 1775 irato
1269 1721 1452 1791 judice
1483 1722 1741 1778 Flaviano
1775 1725 1949 1794 capite
1971 1742 2143 1783 caesus

2258 546 2680 602 macerationcm
2711 549 3003 620 plumbatis
3033 555 3245 610 occisus
3287 568 3390 612 est.
3419 558 3569 614 Felix
3607 577 3676 618 ac
3712 562 3844 620 Phi-

2257 629 2431 725 lippus
2457 632 2688 691 fustibus
2723 641 2966 694 mactati.
3002 641 3220 698 Silanus
3262 643 3558 718 [Silvanus]
3592 653 3843 725 praecipi-

2255 720 2329 773 tio
2359 720 2734 794 interemptus.
2762 726 3088 797 Alexander,
3119 730 3311 788 Vitalis
3350 743 3406 789 et
3446 735 3712 793 Martialis
3747 720 3842 796 ca-

2253 813 2407 883 pilali
2435 819 2700 872 sententia
2728 821 2921 888 puniti.
2953 821 3151 878 Eodem
3180 825 3266 880 die
3293 827 3472 884 natale
3499 837 3584 884 est
3627 829 3840 887 Ruﬁna:

2251 912 2306 958 et
2329 903 2610 974 Secundae,
2641 910 2868 965 duarum
2899 927 3168 980 sororum,
3198 930 3319 986 qua:
3338 919 3440 974 sub
3458 922 3840 988 persecutione

2251 995 2522 1052 Valeriani
2571 1007 2626 1053 et
2665 999 2891 1057 Gallieni
2934 1003 3298 1075 Augustorum
3346 1022 3442 1078 per
3489 1010 3839 1067 sceleratissi-

2249 1101 2398 1140 mum
2426 1088 2744 1158 prscfectum
2773 1092 3158 1162 Archisilaum,
3183 1113 3248 1153 eo
3275 1100 3420 1167 quod
3443 1099 3605 1156 ﬁdem
3627 1101 3835 1158 Christi

2250 1195 2450 1250 negare
2496 1190 2552 1236 et
2603 1183 2970 1255 virginitatem
3034 1189 3261 1258 perdere
3322 1191 3649 1261 noluerunt,
3713 1205 3835 1264 post

2248 1273 2399 1328 varia
2439 1283 2707 1331 tormenta
2743 1293 2862 1349 qua:
2910 1280 2990 1335 eis
3025 1280 3249 1348 inﬂixit,
3303 1285 3370 1340 ab
3411 1285 3528 1356 ipso
3577 1287 3835 1342 decollati

2247 1375 2391 1422 sunt.

2318 1458 2360 1512 V
2397 1459 2469 1513 In.
2507 1459 2565 1514 In
2595 1459 2802 1528 Africa,
2838 1461 3093 1531 Mariani,
3138 1473 3195 1521 ct
3239 1467 3504 1538 depositio
3547 1468 3832 1526 Benedicti

2246 1550 2456 1608 abbatis
2487 1562 2540 1608 et
2567 1552 2833 1609 Januarii.
2880 1557 2934 1611 In
2984 1557 3239 1614 Armenia
3283 1560 3504 1618 civitate
3545 1563 3828 1634 Nicopoli,

2246 1642 2375 1696 item
2412 1641 2652 1699 Januarii
2705 1654 2760 1701 et
2800 1646 3062 1719 Pelagim,
3115 1651 3208 1722 qui
3251 1655 3535 1710 tormentis
3590 1656 3830 1722 subditi,

2245 1748 2350 1787 non
2391 1734 2562 1789 solum
2602 1736 2842 1808 ungulis,
2892 1740 2986 1794 sed
3030 1749 3085 1794 et
3133 1749 3308 1808 testa,
3355 1759 3586 1816 corpora
3633 1761 3831 1800 eorum

558 1818 660 1865 est.
692 1809 749 1864 In
792 1826 928 1882 pago
970 1811 1238 1876 Austrize,
1274 1821 1329 1867 et
1363 1821 1545 1867 castro
1587 1815 1802 1870 nomine
1827 1815 2139 1890 \Virziburg
2169 1814 2214 1874 Β
2244 1843 2414 1898 usque
2464 1829 2520 1883 in
2567 1831 2710 1887 diem
2752 1841 3005 1902 quartum
3057 1833 3182 1892 ldus
3234 1809 3482 1892 eamdem
3517 1838 3833 1908 passionem

557 1899 710 1970 juxta
739 1901 879 1956 Moin
916 1900 1134 1956 fluvium
1175 1912 1487 1958 sanctorum
1520 1905 1701 1960 natale
1730 1905 1962 1960 Chiiiani
1994 1923 2141 1961 mar-

559 1992 723 2062 tyris,
766 1999 821 2045 et
868 1992 1096 2047 duorum
1144 1993 1416 2048 sociorum
1461 1994 1606 2065 ejus,
1641 1994 1732 2064 qui
1779 1996 1850 2050 ab
1883 1995 2140 2052 Hibernia

557 2081 840 2138 Scotorum
870 2082 1042 2138 insula
1072 2084 1373 2150 venientes,
1400 2100 1597 2140 nomen
1627 2083 1826 2142 Christi
1860 2086 1911 2140 in
1946 2087 2140 2157 przedi-

558 2174 662 2228 clis
694 2173 826 2229 locis
856 2174 1314 2244 prmdieaverunt;
1344 2176 1525 2246 ibique
1554 2178 1623 2232 ob
1648 2176 1893 2232 veritatis
1923 2177 2136 2234 confes-

555 2264 761 2320 sionem
806 2279 836 2318 a
877 2267 1109 2336 quodam
1148 2265 1329 2337 judice
1381 2267 1567 2337 iniquo
1606 2268 1823 2324 nomine
1868 2268 2170 2326 GozbcrtO'

557 2357 815 2412 trucidati
857 2365 1012 2422 sunt,
1054 2366 1110 2412 et
1152 2367 1336 2428 postea
1365 2359 1554 2415 multis
1592 2359 1763 2431 signis
1797 2360 1913 2416 veri
1935 2359 2136 2418 Christi

555 2458 828 2519 martyres
853 2463 972 2506 esse
999 2449 1338 2505 claruerunt.

621 2538 712 2593 VII
736 2539 811 2593 In.
842 2538 898 2594 In
929 2540 1150 2594 civitate
1173 2540 1316 2610 Tyro
1340 2539 1521 2594 natale
1543 2549 1852 2598 sanctorum
1872 2542 2136 2601 Anatolite

546 2639 604 2684 et
624 2629 859 2685 Audacis
894 2631 994 2685 sub
1033 2631 1197 2685 Decio
1235 2632 1594 2701 imperatore,
1621 2650 1851 2704 quorum
1881 2635 2132 2694 Anatolia

547 2737 673 2776 cum
703 2721 900 2776 multos
929 2722 983 2776 in
1012 2721 1210 2777 Piceno
1236 2723 1513 2790 inﬁrmos,
1548 2725 1815 2782 lunaticos
1844 2743 1906 2784 ac
1935 2730 2134 2786 daemo-

546 2811 734 2866 niacos
762 2822 1028 2877 curasset,
1061 2814 1218 2868 ducta
1246 2822 1348 2878 est,
1367 2813 1594 2883 jubente
1622 2816 1876 2874 Festiano
1898 2818 2135 2892 [Fausti-

545 2902 755 2975 niano],
790 2904 857 2959 ad
881 2905 1156 2960 civitatem
1187 2903 1335 2977 Tyri,
1368 2914 1422 2961 et
1451 2907 1680 2964 diversis
1718 2909 2000 2981 plagarum
2036 2927 2132 2982 ge-

545 2995 768 3050 neribus
812 3004 1039 3061 vexata;
1090 2995 1286 3051 deinde
1333 3011 1456 3052 cum
1504 2997 1756 3070 serpente
1808 3008 1922 3056 tota
1975 3010 2133 3059 nocte

543 3086 751 3142 inclusa
773 3126 789 3154 ,
815 3087 948 3142 nihil
978 3087 1106 3143 laesa
1133 3096 1238 3143 est.
1275 3088 1414 3156 Quin
1439 3097 1494 3145 et
1529 3090 1706 3160 ipsum
1737 3091 2004 3159 Marsum,
2036 3094 2128 3166 qui

542 3185 851 3247 serpentem
879 3179 1181 3246 dimiserat,
1213 3180 1432 3234 nomine
1459 3179 1754 3247 Audacem,
1782 3198 1939 3238 mane
1975 3198 2006 3238 a
2033 3199 2130 3241 suo

541 3276 794 3337 serpente
822 3268 1186 3324 devorandum
1213 3269 1451 3340 eripuit,
1482 3278 1538 3325 et
1565 3271 1631 3324 ad
1659 3270 1940 3327 Christum
1972 3289 2128 3329 mar-

543 3361 855 3432 tyriumque
878 3363 1168 3418 convertit.
1206 3363 1341 3417 Nam
1371 3363 1485 3433 ipse
1512 3373 1635 3434 post
1676 3364 1795 3420 hrec
1822 3364 1892 3420 ob
1922 3365 2130 3422 confes»-

541 3451 751 3506 sionem
798 3451 1045 3507 veritatis
1094 3452 1147 3506 in
1197 3453 1498 3507 custodiam
1551 3454 1741 3520 datus,
1794 3471 1896 3511 nec
1943 3472 2126 3524 mora,

541 3541 760 3611 capitali
788 3543 1061 3598 sententia
1101 3552 1394 3600 coronatus
1432 3555 1537 3600 cst.
1579 3546 1700 3616 Ipsa
1737 3561 1950 3618 quoque
1977 3548 2128 3620 virgo

540 3632 742 3688 Christi
781 3632 958 3703 gladio
1001 3635 1470 3702 transverberata,
1513 3653 1638 3693 cum
1679 3647 1850 3694 staret
1887 3641 2127 3696 extensis

539 3722 792 3778 manibus
814 3722 868 3777 in
895 3723 1162 3788 oratione,
1188 3723 1262 3777 ita
1285 3731 1344 3777 ut
1368 3741 1466 3800 per
1492 3727 1738 3781 dextrum
1760 3727 1905 3783 latus
1917 3728 2127 3799 gladius

535 3814 739 3869 missus
765 3829 863 3885 per
889 3815 1167 3870 sinistram
1205 3817 1415 3882 exiret,
1445 3833 1564 3887 quin
1593 3834 1753 3890 passa
1783 3828 1866 3876 est
1897 3836 1972 3876 vn
2001 3821 2126 3878 Idus

537 3903 700 3972 Julii,
749 3904 955 3976 sepulta
997 3915 1177 3962 autem
1226 3923 1384 3964 mane
1438 3924 1469 3964 a
1516 3909 1723 3966 civibus
1765 3911 2120 3983 Tyrensibus.

539 3997 728 4054 Audax
758 4011 887 4052 vero
914 3997 1041 4067 quia
1071 3999 1136 4053 de
1161 3999 1384 4055 Oriente
1432 4009 1580 4068 erat,
1614 4002 1682 4057 ab
1717 4018 1890 4060 uxore
1932 4020 2029 4060 sua
2070 4014 2125 4061 et

538 4089 665 4146 ﬁliis
691 4088 780 4146 illo
805 4089 1096 4146 translatus
1124 4100 1228 4146 est.
1261 4092 1464 4147 Eodem
1488 4093 1574 4149 die
1594 4133 1608 4160 ,
1640 4110 1713 4149 vn
1738 4095 1925 4150 Iduum
1950 4094 2121 4158 Julia:

538 4196 692 4246 rum,
737 4180 1000 4251 depositio
1049 4181 1222 4236 sancti
1271 4181 1448 4236 Patris
1494 4183 1668 4240 nostri
1707 4184 1978 4254 Ephrem,
2016 4185 2120 4242 viri

537 4273 836 4338 doctissimi
866 4281 923 4328 et
956 4272 1367 4344 religiosissimi.
1402 4274 1605 4330 Eodem
1654 4275 1744 4330 die
1785 4277 1842 4330 in
1886 4274 2121 4347 .Egypto

538 4365 720 4420 natale
767 4373 850 4419 est
879 4363 1066 4434 Cyrilli
1103 4364 1376 4435 episcopi,
1421 4366 1667 4436 quicum
1709 4381 1740 4420 a
1772 4365 1937 4422 Lucio
1985 4368 2120 4424 duce

535 4456 846 4513 sacriﬁcare
884 4456 1043 4512 idolis
1081 4467 1396 4527 cogeretur,
1434 4467 1488 4514 et
1518 4459 1686 4514 nollet
1734 4460 1838 4514 hoc
1887 4475 2116 4514 consen-

538 4550 660 4612 tire,
684 4546 847 4618 jussit
871 4561 996 4600 eum
1027 4547 1134 4601 dux
1162 4562 1424 4603 succenso
1450 4549 1574 4619 igne
1607 4550 1659 4603 in
1690 4550 1869 4604 medio
1892 4551 2038 4618 poni,
2063 4559 2118 4605 et
2143 4523 2195 4583 Β

533 4657 658 4696 cum
689 4639 954 4694 arsissent
979 4641 1160 4696 omnia
1191 4638 1356 4710 ligna,
1383 4649 1440 4695 et
1467 4648 1610 4696 esset
1632 4640 1790 4706 cinis,
1824 4642 2118 4710 spectanti-

533 4734 635 4787 bus
660 4731 922 4801 religiosis
951 4733 1125 4798 viris,‘
1147 4742 1207 4787 ut
1234 4747 1359 4787 ossa
1399 4730 1516 4801 ejus
1543 4732 1880 4804 colligerent,
1912 4731 2119 4786 inveni-

535 4836 620 4880 tur
647 4843 811 4896 super
840 4829 1206 4897 pavimentum
1249 4829 1446 4884 sedens
1485 4830 1724 4885 extensis
1756 4829 2009 4884 manibus
2047 4828 2115 4884 ad

530 4915 728 4972 cmlum
756 4934 769 4971 :
800 4927 857 4971 at
885 4933 1015 4976 vero
1043 4919 1292 4976 videntes
1318 4920 1562 4990 signum,
1598 4921 1740 4991 quod
1770 4921 2031 4976 Dominus
2061 4919 2115 4976 in

529 5022 654 5061 eum
687 5007 1022 5073 ostenderat,
1054 5009 1415 5076 mirabantur,
1446 5019 1744 5080 stupentes,
1770 5011 1912 5079 quod
1936 5010 2016 5065 sic
2035 5010 2119 5066 in-

532 5106 710 5153 tactus
735 5107 880 5156 esset
906 5099 974 5154 ab
1002 5099 1156 5169 igne,
1179 5110 1234 5154 et
1266 5100 1337 5156 ob
1371 5101 1474 5156 hoc
1503 5102 1655 5156 multi
1685 5103 2033 5158 crediderunt
2059 5104 2115 5158 in

530 5186 838 5254 Christum,
887 5199 1074 5260 postea
1119 5207 1250 5247 vero
1298 5193 1586 5263 praedictus
1633 5195 1741 5250 dux
1780 5192 1944 5262 jussit
1989 5209 2111 5250 eum

532 5277 709 5347 gladio
759 5283 1005 5348 percuti,
1055 5291 1111 5338 et
1157 5283 1246 5339 ille
1283 5285 1523 5356 gaudens
1554 5301 1843 5356 percussus
1878 5289 2114 5344 reddidit

532 5368 801 5438 spiritum.

604 5459 670 5514 VI
707 5460 782 5514 Io.
822 5463 1036 5533 Romte,
1085 5479 1291 5540 septem
1340 5470 1568 5527 fratrum
1623 5473 1859 5530 ﬁliorum
1906 5484 2138 5532 sanctre'

531 5547 847 5618 Felicitatis,
881 5557 931 5611 id
956 5567 1062 5624 est,
1091 5559 1307 5626 Felicis,
1345 5562 1610 5634 Philippi,
1644 5566 1866 5633 Vitalis,
1890 5568 2113 5624 Martia-

531 5640 620 5707 lis,
649 5644 1152 5710 Alexandri,-Silani
1186 5650 1438 5726 [Silvani]
1471 5664 1527 5710 et
1548 5654 1814 5723 Januarii,
1845 5663 1944 5716 sub
1972 5677 2111 5732 pne.

529 5732 672 5791 lecto
719 5737 878 5798 Urbis
918 5739 1137 5811 Publio,
1179 5753 1416 5819 tempore
1453 5748 1708 5809 Antonini
1744 5754 2046 5829 principis:
2079 5771 2112 5817 ο

2243 1918 2566 1975 habuerunt.

2310 2010 2378 2066 IV
2416 2011 2492 2067 Io.
2530 2012 2587 2068 In
2618 2012 2863 2084 Aquileia
2895 2014 3076 2071 natale
3107 2025 3415 2072 sanctorum
3454 2016 3743 2074 Fortunati
3771 2025 3834 2074 et

2238 2101 2528 2175 Armigcri.
2561 2104 2822 2176 Lugdune
2855 2105 3040 2162 Galliae
3077 2107 3342 2178 depositio
3372 2107 3664 2165 Viventioli
3707 2110 3832 2182 epi-

2240 2196 2411 2265 scopi.

2313 2288 2378 2344 III
2407 2289 2482 2344 In.
2527 2287 2586 2345 In
2623 2289 2910 2347 Antiochia
2955 2293 3138 2363 passio
3179 2291 3533 2366 Margaretbze
3560 2295 3829 2368 virginis,

2239 2391 2400 2448 quam
2429 2377 2682 2450 Olybrius
2710 2381 2896 2436 consul
2925 2391 3174 2452 stuprare
3198 2383 3384 2440 volens
3409 2391 3464 2439 et
3485 2401 3513 2438 a
3544 2385 3650 2440 ﬁde
3672 2386 3834 2441 (ἰιιιιίο

2237 2467 2306 2522 sti
2330 2475 2597 2535 avertere,
2629 2469 2814 2525 multis
2841 2471 3126 2527 tormentis
3147 2487 3268 2528 eam
3298 2473 3504 2541 aIllixit,
3534 2475 3637 2531 hoc
3661 2485 3747 2530 est
3773 2477 3830 2532 in

2235 2558 2462 2628 equuleo
2487 2575 2803 2630 suspensam
2822 2562 3036 2633 ungulis
3057 2565 3424 2621 acerbissimis
3440 2567 3600 2635 jussit
3621 2584 3826 2625 carnes

2235 2650 2353 2721 ejus
2391 2653 2654 2721 lacerare,
2694 2665 2883 2726 postea
2919 2657 2973 2712 in
3018 2673 3291 2715 carcerem
3320 2664 3664 2720 tenebrosum
3703 2681 3828 2721 eam

2236 2744 2415 2811 misit,
2450 2745 2540 2800 ubi
2573 2747 2768 2802 diaboli
2809 2750 3150 2807 seductiones
3175 2791 3190 2817 ,
3218 2754 3308 2823 qui
3333 2755 3385 2808 in
3420 2757 3603 2825 specie
3632 2759 3828 2813 draco-

2234 2837 2322 2894 nis
2349 2847 2404 2894 et
2437 2837 2712 2911 Etliiopis
2752 2841 2825 2897 illi
2856 2845 3136 2913 apparuit,
3169 2849 3473 2916 superavit,
3516 2859 3572 2905 et
3610 2851 3743 2906 nihil
3773 2852 3828 2907 ei

2235 2927 2378 2984 illius
2421 2929 2572 2984 fraus
2614 2945 2810 2986 nocere
2857 2933 3069 3002 potuit;
3122 2935 3415 2992 novissime
3459 2951 3591 2993 vero
3643 2939 3827 3008 gladio

2233 3022 2598 3092 persecutoris
2654 3023 2916 3080 decollata
2972 3036 3092 3094 est,
3138 3035 3195 3084 et
3249 3029 3318 3085 ad
3354 3031 3522 3087 vitam
3565 3033 3830 3106 migravit

2233 3123 2515 3170 atternam.

2157 3163 2203 3228 ο
2235 3163 2648 3261 "illisalia:
2661 3205 2882 3264 Focatis
2895 3206 3136 3283 [phocae]
3159 3210 3398 3284 episcopi
3415 3211 3597 3281 Ponti.
3612 3217 3705 3287 ίιιιῖ
3719 3217 3824 3274 sub

2230 3295 2466 3366 Trajano
2502 3298 2862 3369 imperatore,
2897 3300 3154 3371 praefecto
3184 3295 3476 3370 Africano,
3504 3321 3818 3376 carcerem,

2226 3387 2462 3452 vincula,
2495 3389 2720 3454 ferrum,
2751 3391 2928 3461 ignem
2950 3393 3112 3447 etiam
3139 3408 3237 3463 pro
3261 3393 3481 3452 Christo
3507 3402 3820 3469 superavit;

2227 3477 2382 3546 cujus
2412 3479 2653 3549 reliquiae
2681 3481 2736 3536 in
2765 3481 2987 3538 basilica
3017 3484 3422 3554 Apostolorum,
3446 3489 3499 3544 in
3528 3489 3717 3547 Galliae
3742 3493 3824 3548 ci-

2225 3570 2396 3624 vitate
2423 3571 2625 3626 Vienna
2657 3573 2942 3629 habentur.
2973 3574 3235 3646 Lugduno
3263 3577 3450 3636 Gallia:
3473 3583 3651 3638 natale
3676 3583 3821 3641 Justi

2226 3664 2464 3735 episcopi
2495 3674 2549 3720 et
2577 3667 2925 3724 confessoris.

2298 3755 2374 3811 Io.
2415 3755 2605 3812 Sancti
2632 3758 2812 3830 Cyrici
2839 3769 2894 3816 et
2919 3762 3108 3818 matris
3129 3761 3245 3832 ejus
3273 3765 3326 3820 in
3349 3773 3498 3836 portu
3521 3764 3781 3823 Romano
3802 3810 3819 3834 ,

2224 3845 2494 3918 Eutropii,
2527 3850 2778 3917 Zosimae,
2808 3861 2864 3908 et
2888 3852 3113 3910 Bonosae
3135 3872 3414 3923 sororum,
3455 3867 3510 3914 et
3539 3858 3818 3917 infantum

2225 3939 2442 4004 decem;
2470 3948 2527 3995 et
2555 3941 2608 3995 in
2637 3939 2838 3998 Sirmio
2862 3942 3164 4015 Agrippini,
3210 3947 3463 4015 Secundi,
3507 3950 3816 4020 Maximini,

2224 4029 2487 4088 Martialis
2517 4041 2573 4088 et
2599 4032 2787 4090 Jacobi
2817 4036 3077 4108 episcopi.

2293 4120 2432 4177 XVII
2461 4123 2593 4178 ΚΜ..
2631 4124 2878 4197 Augusti.
2917 4127 2977 4183 In
3024 4127 3174 4186 Ostia
3213 4131 3394 4188 natale
3423 4131 3688 4204 Hilarini,
3718 4137 3816 4208 qui

2221 4215 2322 4269 sub
2343 4216 2720 4284 persecutione
2749 4215 2945 4273 Juliani
2969 4235 3093 4276 cum
3131 4221 3297 4278 nollet
3338 4225 3683 4295 sacriﬁcam,
3723 4228 3812 4284 fu-

2220 4304 2394 4360 stibus
2418 4320 2608 4372 caesus,
2639 4309 2956 4379 martyrium
2981 4314 3231 4383 sumpsit.

2291 4395 2409 4452 XVI
2440 4397 2574 4453 KAL.
2617 4397 2674 4453 In
2719 4398 3050 4473 Carthagine
3103 4404 3540 4478 Scillitanorum,
3585 4411 3640 4467 id
3686 4423 3812 4484 est,

2221 4485 2456 4556 Sperati,
2489 4488 2774 4557 Martialis,
2807 4489 2994 4558 Cithii,
3027 4491 3262 4552 Vesturii
3293 4497 3810 4574 [Nartali,Cythini,

2223 4579 2472 4652 Beturii],
2498 4580 2712 4649 Felicis,
2739 4583 2996 4654 Aquilini,
3022 4585 3312 4656 Lactantii,
3341 4589 3602 4658 Januarii,
3625 4595 3814 4652 Gene-

2223 4670 2353 4734 rosi,
2387 4671 2564 4726 Vestae
2606 4670 2837 4744 [Aquili,
2877 4674 3112 4741 Letarii,
3136 4676 3407 4737 Januarize
3428 4722 3443 4745 ,
3475 4681 3769 4742 Generosa:
3791 4729 3808 4752 ,

2221 4758 2462 4834 Bessire],
2483 4761 2704 4819 Donata:
2726 4774 2779 4819 et
2795 4764 3056 4822 Secunda:
3080 4771 3179 4824 sub
3194 4769 3446 4826 Saturnio
3463 4772 3808 4850 [Saturnino]

2222 4853 2501 4924 praefecto,
2525 4857 2615 4926 qui
2647 4865 2769 4928 post
2804 4859 3036 4928 primam
3076 4862 3277 4920 Christi
3307 4866 3709 4927 confessionem
3749 4873 3804 4928 in

2223 4960 2496 5002 carcerem
2527 4949 2699 5017 missi,
2733 4959 2789 5006 et
2818 4952 2871 5006 in
2901 4951 3046 5024 ligno
3070 4956 3298 5025 conﬁxi,
3335 4967 3392 5015 et
3429 4977 3590 5018 mane
3624 4963 3808 5034 gladio

2218 5036 2469 5092 decollali
2499 5047 2642 5095 sunt.

2287 5128 2384 5184 XV
2412 5129 2545 5185 ΚΑι.
2586 5132 2860 5204 Depositio
2883 5136 2934 5191 in
2962 5135 3141 5194 Mettis
3166 5139 3386 5197 civitate
3411 5143 3588 5199 sancti
3602 5144 3802 5201 ΑΙ·ηυί-

2213 5216 2306 5286 pbi
2357 5217 2682 5276 confessoris
2723 5224 3063 5292 celebratur,
3092 5229 3184 5298 qui
3221 5229 3290 5285 ab
3333 5230 3562 5288 infantia
3601 5235 3671 5289 ad
3706 5235 3800 5290 Dei

2213 5308 2496 5364 servitium
2522 5321 2680 5382 aptus
2707 5313 2824 5368 fuit.
2850 5314 2983 5371 Nam
3012 5319 3246 5388 primum
3287 5322 3426 5390 apud
3467 5324 3675 5380 aulicos
3718 5342 3804 5381 re-

2217 5399 2330 5470 gis,
2367 5401 2470 5456 hoc
2494 5411 2612 5468 est,
2642 5403 2968 5462 Gundolfum
3018 5411 3361 5481 subregulum
3412 5428 3477 5469 ac
3515 5411 3799 5470 rectorem

2213 5492 2398 5561 palatii
2430 5496 2663 5551 nutritus
2685 5495 2819 5565 fuit;
2855 5501 2950 5555 sed
2985 5500 3129 5574 jugis
3161 5503 3304 5559 illius
3339 5505 3622 5562 meditatio
3650 5507 3798 5562 circa

2215 5583 2540 5637 monasteria
2571 5585 2655 5640 vel
2683 5585 2805 5642 loca
2846 5601 3032 5646 sancta
3059 5592 3346 5663 vigilabat,
3376 5595 3556 5666 largus
3592 5605 3712 5650 erat
3739 5596 3800 5649 in

2214 5671 2592 5744 clecmosynis,
2625 5687 2680 5732 et
2705 5693 2837 5734 cura
2865 5681 2942 5735 illi
2967 5682 3203 5739 maxima
3227 5699 3352 5754 erga
3383 5701 3646 5758 pauperes
3673 5687 3796 5741 fuit.

2215 5760 2405 5820 Postea
2436 5779 2564 5823 vero
2585 5769 2866 5842 episcopus
2905 5771 3244 5832 Mettensium
3273 5788 3358 5835 est
3385 5779 3700 5847 ordinatus;
3735 5779 3802 5840 in
