4112 6364
325 393 464 451 “57

1635 382 1825 438 MART
1836 376 2232 438 YROLOGIUM
2242 420 2255 434 .

3424 377 3562 434 H58

322 524 430 581 quo
473 504 639 577 gradu
668 504 876 576 positus
914 500 1079 557 multa
1121 497 1374 569 miracula
1409 495 1537 550 fecit
1570 495 1622 550 in
1659 493 1891 549 sanitate
1918 497 1965 554 Α
1992 490 2274 562 prmsidem
2298 487 2596 544 trucidatus
2631 496 2713 545 est
2745 487 2904 544 simul
2942 502 3063 543 cum
3103 486 3366 543 militibus
3406 486 3566 544 Eleu-

323 598 691 661 inﬁrmorum;
727 609 848 650 cum
878 602 1059 647 autem
1084 590 1159 644 illi
1192 588 1474 658 inspiratio
1500 585 1678 641 divina
1707 582 1892 640 solita-

326 688 462 743 riam
487 687 654 741 vitam
684 685 736 739 in
762 692 996 739 mentem
1022 680 1201 743 dedit,
1225 678 1315 731 ubi
1342 675 1778 745 contemplationi
1812 673 1895 728 di-

324 778 464 831 vina:
484 774 686 847 jugiter
714 780 947 837 vacaret,
979 768 1215 841 perrexit
1239 768 1292 823 in
1323 776 1589 823 secretum
1620 766 1817 829 locum,
1841 773 1896 818 et

327 867 511 922 sedulo
534 867 585 920 in
617 864 708 920 Dei
739 862 958 919 servitio
982 859 1276 922 laborabat,
1303 858 1472 912 donec
1498 855 1710 910 vocatio
1734 853 1896 909 cccle—

327 957 427 1011 stis
455 956 521 1010 ad
543 964 797 1009 :eternam
823 951 1061 1021 requiem
1086 948 1233 1003 illum
1254 946 1524 1016 perduxit.

391 1043 512 1099 XIV
537 1042 671 1097 Kac.
699 1040 881 1096 Sancti
911 1039 1086 1094 Patris
1114 1036 1283 1092 nostri
1313 1034 1524 1090 Arsenii
1543 1075 1557 1100 ,
1597 1034 1664 1090 de
1702 1046 1808 1103 quo
1840 1031 1894 1088 in

321 1139 505 1195 verbis
529 1138 802 1193 seniorum
831 1134 1064 1190 refertur
1091 1133 1215 1201 quia
1242 1138 1463 1201 propter
1487 1128 1895 1184 redundantiam

320 1228 682 1300 lacrymarum
725 1225 1031 1297 tergendam
1063 1222 1339 1279 sudarium
1381 1236 1596 1293 semper
1637 1221 1694 1276 in
1733 1237 1897 1277 manu

322 1337 422 1377 sua
451 1322 535 1377 vel
564 1321 684 1376 sinu
713 1319 980 1374 habuerit.

391 1411 510 1467 Xlll
535 1410 668 1465 ΚΜ..
695 1411 752 1465 In
779 1409 956 1464 Africa
987 1408 1164 1463 natale
1195 1403 1413 1461 Luc'rani
1432 1448 1446 1471 ,
1471 1405 1650 1470 Petri,
1673 1402 1894 1460 Amabi-

321 1500 393 1557 iis
420 1510 475 1556 et
500 1501 791 1563 Nunninte;
816 1509 870 1554 et
898 1499 1213 1565 Thebaidte,
1236 1498 1474 1554 Victuris
1497 1495 1813 1569 [Victoris],
1843 1504 1898 1552 et

323 1591 378 1646 in
407 1592 691 1658 Damasco,
717 1590 899 1646 Savini
928 1587 1187 1661 [Sabini].

392 1682 485 1737 Xll
515 1681 649 1736 KxL.
688 1679 871 1735 Sancti
900 1680 1136 1735 Danielis
1155 1678 1447 1749 prophetae.
1465 1673 1670 1740 Romae,
1695 1672 1894 1731 Praxeo

321 1775 405 1830 dis
435 1775 676 1845 virginis,
707 1790 827 1844 qua:
861 1773 959 1827 fuit
983 1788 1137 1828 soror
1161 1771 1524 1835 Potentianae,
1554 1779 1608 1824 et
1637 1769 1893 1840 tempori-

1998 580 2191 645 therio,
2223 578 2494 634 Feliciano
2519 587 2574 634 et
2600 578 2925 633 Alexandro.
2962 577 3096 632 Nam
3127 593 3251 632 cum
3288 593 3560 633 memora-

1996 683 2082 729 tus
2102 674 2384 744 episcopus
2406 672 2673 744 praedictis
2690 671 2950 727 militibus
2977 671 3043 726 ad
3073 670 3483 726 custodiendum
3509 670 3565 725 in

1996 778 2269 820 carcerem
2301 764 2531 817 traditus
2551 770 2727 827 esset,
2756 761 2829 817 ibi
2869 762 3106 833 angelica
3144 762 3352 818 visione
3375 762 3566 818 visita-

1996 863 2085 910 tus
2109 863 2212 911 est.
2234 853 2388 909 Unde
2418 854 2517 924 ipsi
2547 853 2798 908 custodes
2823 853 3067 908 videntes
3094 853 3164 908 ibi
3188 853 3366 909 lumen
3390 853 3572 924 splen-

1996 946 2203 1015 didum,
2234 948 2489 1003 cadentes
2519 948 2584 1003 ad
2612 947 2756 1003 beati
2786 948 3019 1004 Victoris
3039 965 3208 1019 genua
3226 989 3241 1015 ,
3270 950 3567 1005 remedium

1996 1038 2064 1094 ab
2090 1052 2156 1094 eo
2176 1036 2463 1108 implorant
2489 1053 2502 1090 :
2526 1051 2661 1106 quos
2687 1052 2807 1091 cum
2834 1046 3057 1093 sanctus
3080 1037 3363 1108 episcopus
3385 1038 3570 1109 bapti-

1997 1134 2193 1193 zasset,
2221 1134 2277 1182 et
2298 1125 2399 1195 ipsi
2426 1126 2481 1181 in
2511 1125 2853 1182 confessione
2894 1126 3128 1182 nominis
3164 1126 3366 1182 Christi
3397 1142 3571 1197 usque

1997 1218 2051 1273 in
2087 1217 2249 1273 linem
2286 1225 2758 1289 perseverassent,
2802 1217 3061 1289 martyrio
3117 1216 3362 1272 coronati
3419 1226 3567 1273 sunt.

1997 1307 2262 1365 Similiter
2299 1315 2354 1363 et
2400 1308 2684 1378 episcopus
2720 1306 2873 1375 jussu
2908 1308 3248 1377 imperatoris
3272 1308 3569 1364 decollatus

1996 1408 2100 1455 est.
2137 1397 2291 1456 Unde
2315 1407 2371 1454 et
2408 1407 2532 1469 post
2570 1398 2889 1469 martyrium
2920 1406 3226 1454 sanctorum
3257 1399 3528 1470 expletum
3551 1439 3567 1465 ,

1996 1489 2355 1558 Maximianus
2384 1489 2678 1558 imperator
2707 1489 3009 1543 dmmonum
3040 1488 3383 1543 infestationc
3412 1486 3570 1544 valde

1997 1575 2366 1648 torquebatur,
2391 1577 2481 1646 qui
2509 1576 2651 1631 inter
2678 1591 2864 1647 pcenas
2890 1576 2957 1630 ad
2990 1575 3260 1631 Arterium
3286 1577 3571 1647 prazsidem

1998 1669 2234 1726 clamare
2275 1671 2441 1740 empit
2484 1685 2549 1725 ac
2592 1669 2811 1725 dicere:
2848 1689 2867 1721 ‹
2905 1668 3020 1725 lien
3068 1670 3280 1725 incidor
3329 1669 3495 1725 miser
3538 1684 3570 1723 a

1998 1763 2201 1832 sanctis
2226 1762 2358 1817 viris
2386 1777 2451 1817 ac
2483 1770 2739 1832 torqueor
2765 1778 2778 1815 :
2810 1761 2902 1832 qui
2948 1768 3008 1815 ut
3049 1760 3206 1817 video
3235 1759 3345 1829 jam
3382 1768 3438 1815 et
3471 1773 3574 1814 nos

321 1864 425 1919 bus
444 1863 701 1918 Antonini
731 1862 1070 1935 imperatoris
1107 1861 1303 1917 multos
1322 1860 1661 1915 Christianos
1697 1857 1765 1913 de
1798 1873 1894 1913 sua
1924 1851 1970 1911 B
1997 1853 2332 1909 excludimus
2370 1868 2400 1906 a
2437 1852 2590 1918 luce,
2617 1867 2777 1922 quam
2808 1851 3053 1917 tulimus,
3082 1859 3298 1922 torquet
3323 1858 3378 1906 et
3410 1864 3571 1921 paena
3620 1858 3629 1863 ’

301 1956 621 2011 substantia
647 1954 875 2009 fovebat.
908 1953 1040 2009 Cum
1067 1962 1243 2007 autem
1269 1952 1598 2023 divulgatum
1624 1958 1767 2006 esset
1788 1950 1896 2004 An-

317 2044 510 2099 tonino
554 2042 866 2114 imperatori
920 2029 1061 2112 quod
1114 2050 1410 2096 conventus
1454 2040 1606 2094 ﬁeret
1648 2038 1702 2092 in
1742 2036 1897 2092 titulo

322 2130 606 2196 Praxedis,
634 2132 781 2186 misit
805 2139 861 2185 et
887 2131 1059 2187 tenuit
1083 2128 1469 2201 Symmctrinm
1491 2129 1894 2200 presbyterum,

321 2236 447 2278 cum
471 2222 591 2277 aliis
630 2222 819 2292 viginti
858 2220 1097 2286 duobus,
1143 2234 1277 2289 quos
1318 2220 1436 2273 sine
1476 2216 1897 2289 interrogatione

320 2312 506 2383 gladio
536 2312 715 2383 puniri
742 2313 995 2383 praecepit
1018 2311 1070 2365 in
1103 2312 1289 2366 eodem
1322 2309 1501 2374 titulo,
1524 2324 1749 2379 quorum
1777 2323 1898 2363 cor-

322 2420 456 2475 pora
483 2405 640 2459 beata
671 2403 932 2458 Praxedis
966 2402 1180 2473 collegit
1214 2410 1268 2455 et
1298 2400 1540 2471 sepelivit
1562 2401 1617 2454 in
1646 2406 1899 2454 caemete-

316 2495 408 2549 rio
429 2493 695 2549 Priscillae
723 2494 824 2549 sub
860 2494 945 2548 die
969 2508 1042 2547 vn
1081 2492 1199 2546 Kal.
1241 2490 1387 2547 Julii.
1423 2491 1578 2545 Tunc
1611 2490 1899 2545 alllictione

320 2585 619 2640 constricta
645 2585 802 2639 beata
825 2583 1080 2639 Praxedis
1108 2584 1385 2655 ingemuit,
1415 2591 1470 2637 et
1497 2582 1673 2636 oravit
1696 2581 1762 2635 ad
1796 2580 1900 2635 Do-

321 2675 530 2729 minum
561 2681 618 2727 ut
651 2673 905 2727 transiret
930 2687 997 2727 ex
1028 2675 1131 2728 hoc
1171 2673 1403 2736 mundo,
1431 2672 1587 2741 cujus
1624 2671 1899 2726 orationes

311 2774 376 2821 et
407 2765 659 2836 lacrymze
688 2764 754 2820 ad
785 2764 1072 2819 Dominum
1112 2761 1293 2818 Jesum
1329 2762 1604 2818 Christum
1640 2776 1901 2832 pervene-

312 2865 473 2910 runt.
498 2854 629 2910 Post
656 2855 974 2925 martyrium
1002 2863 1309 2909 sanctorum
1350 2869 1513 2925 supra
1552 2854 1818 2909 dictorum
1846 2862 1898 2909 et

305 2963 615 3011 coronam,
644 2948 900 3017 migravit
936 2947 1003 3002 ad
1048 2946 1336 3001 Dominum
1375 2946 1526 3018 virgo
1563 2953 1777 3000 sacrata
1801 2944 1901 3001 sub

309 3041 404 3096 die
426 3056 510 3094 χιι
538 3040 653 3096 Kal.
680 3039 925 3109 Augusti.
950 3040 1016 3094 Et
1041 3039 1180 3110 apud
1208 3037 1545 3094 Tiburtinam
1573 3038 1758 3092 urbem
1788 3036 1900 3091 lla-

315 3130 405 3186 lia:
425 3129 611 3185 natale
639 3128 703 3202 Sy
716 3131 1016 3201 mplioroszc
1040 3144 1163 3183 cum
1186 3128 1309 3183 ﬁliis
1332 3136 1558 3199 septem,
1586 3124 1899 3191 Crescente,

310 3222 557 3288 Juliano,
586 3220 865 3288 Nemesio,
893 3219 1208 3286 Primitive,
1233 3220 1474 3287 Justino,
1507 3217 1730 3275 Stacteo
1749 3258 1764 3283 ,
1794 3218 1902 3271 Eu--

312 3313 515 3384 genio;
541 3327 664 3367 eum
692 3313 886 3381 quibus
911 3312 1071 3366 simul
1104 3327 1262 3382 passa
1288 3321 1374 3367 est
1393 3313 1462 3367 ab
1480 3310 1717 3366 Adriano
1750 3309 1902 3382 prin-

319 3407 480 3476 cipe,
507 3404 596 3473 qui
625 3404 793 3473 ipsam
835 3404 1255 3474 Symphorosam
1292 3404 1454 3474 jussit
1500 3401 1693 3473 palmis
1731 3401 1899 3468 cmdi,

320 3494 521 3550 deinde
551 3493 805 3562 suspendi
838 3493 1112 3559 crinibus;
1141 3494 1235 3549 sed
1258 3510 1380 3549 cum
1404 3494 1649 3563 superari
1679 3493 1904 3548 nullate~

315 3604 425 3645 nus
442 3595 652 3658 posset,
670 3587 834 3657 jussit
860 3603 980 3642 eam
1008 3587 1225 3659 alligato
1246 3604 1379 3644 saxo
1405 3589 1457 3642 in
1482 3587 1642 3642 fluvio
1660 3585 1903 3657 praecipi-

318 3681 428 3735 tari
461 3697 475 3733 :
506 3679 660 3748 cujus
680 3678 851 3733 frater
876 3678 1166 3751 Eugenius,
1191 3679 1354 3735 curia:
1379 3678 1694 3750 principalis
1709 3677 1901 3731 Tibur-

320 3771 482 3834 tium,
524 3771 781 3840 colligens
804 3787 1000 3842 corpus
1028 3772 1146 3843 ejus
1173 3772 1437 3842 sepelivit,
1462 3779 1517 3826 et
1541 3784 1700 3826 mane
1730 3770 1902 3839 impe-

324 3868 477 3914 rator
500 3857 662 3926 jussit
689 3869 893 3929 septem
919 3860 1005 3930 ﬁgi
1030 3863 1263 3932 stipites,
1297 3862 1476 3932 ibique
1515 3859 1656 3915 ﬁlios
1682 3857 1798 3928 ejus
1829 3857 1899 3913 ad

323 3946 561 4001 trocleas
583 3947 820 4012 extendi,
852 3956 909 4001 et
932 3947 1279 4003 Crescentem
1310 3950 1364 4002 in
1394 3957 1609 4018 gutture
1633 3945 1896 4016 transfigi,

321 4035 623 4091 Lucianum
650 4036 702 4089 in
727 4046 965 4104 pectore,
996 4037 1302 4093 Nemesium
1345 4038 1400 4092 in
1435 4038 1633 4103 corde,
1656 4037 1898 4092 Primiti-

322 4141 451 4179 vum
481 4141 578 4195 per
604 4126 938 4192 umbilicum,
974 4125 1242 4182 Justinqu
1283 4142 1381 4197 per
1420 4128 1664 4181 membra
1692 4126 1895 4181 disten-

323 4230 443 4270 sum
485 4216 656 4271 scindi
684 4231 780 4286 per
815 4217 1061 4289 singulos
1097 4218 1339 4287 corporis
1380 4218 1551 4271 nodos
1580 4224 1743 4286 atque
1764 4213 1898 4283 jun-

320 4311 542 4369 cturas,
589 4304 861 4362 Stactenm
916 4306 1117 4363 lanceis
1180 4307 1664 4363 innumerabilibus
1723 4307 1899 4362 donec

321 4403 648 4462 moreretur,
700 4396 755 4451 in
805 4406 1007 4451 terram
1048 4396 1276 4468 conligi,
1325 4397 1623 4468 Eugenium
1673 4396 1803 4453 findi
1863 4412 1897 4452 a

319 4493 543 4556 pectore
566 4503 738 4558 usque
761 4489 829 4544 ad
861 4487 1145 4545 inferiores
1168 4496 1368 4559 partes.
1394 4488 1577 4543 Altera
1604 4496 1784 4543 autem
1806 4488 1894 4544 die

323 4575 546 4629 veniens
595 4577 866 4633 Adrianus
924 4579 1217 4650 imperator
1264 4581 1333 4634 ad
1385 4578 1565 4634 fanum
1614 4580 1893 4646 Herculis,

315 4664 482 4736 jussit
517 4681 745 4735 corpora
793 4683 981 4723 eorum
1024 4670 1185 4724 simul
1226 4669 1468 4734 auferri,
1514 4679 1569 4724 et
1610 4670 1799 4741 projici
1842 4671 1897 4724 in

319 4757 534 4813 foveam
561 4758 746 4813 altam.
767 4758 898 4815 Post
923 4768 1125 4831 septem
1156 4775 1286 4817 vero
1310 4762 1448 4826 dies,
1492 4762 1547 4815 in
1589 4761 1674 4816 die
1706 4770 1898 4816 octavo

320 4850 569 4922 martyrii
595 4866 806 4917 eorum,
837 4850 1002 4907 ﬁliam
1041 4852 1264 4908 Adriani
1294 4852 1641 4923 imperatoris
1670 4851 1900 4922 arripuit

320 4940 591 5008 diabolus,
612 4952 668 4997 et
680 4943 898 4999 veniens
919 4944 987 4999 ad
1007 4943 1184 5000 locum
1203 4945 1295 5000 ubi
1317 4945 1496 5001 obruti
1521 4952 1677 4999 erant
1698 4943 1893 5009 sancti,

319 5033 591 5089 clamabat
620 5050 718 5104 per
745 5050 807 5090 os
834 5035 951 5105 ejus
979 5035 1222 5091 diabolus
1248 5036 1471 5091 dicens:
1503 5053 1522 5089 ‹
1558 5034 1770 5091 Domini
1793 5032 1897 5088 mei

319 5133 528 5194 septem
552 5126 792 5195 germani
821 5135 1088 5199 martyres
1109 5127 1332 5194 Christi,
1364 5128 1653 5184 inconditis
1680 5143 1767 5183 me
1798 5127 1900 5182 mi-

318 5230 520 5273 seram.
554 5237 574 5270 ι
609 5216 728 5287 Ipse
755 5226 936 5274 autem
976 5219 1247 5276 Adrianus
1290 5222 1543 5277 similiter
1587 5229 1838 5292 arreptus
1866 5236 1899 5277 a

317 5307 586 5363 dmmonio
623 5307 1003 5363 miserabiliter
1030 5308 1196 5364 vitam
1216 5309 1549 5380 corporalem
1577 5309 1770 5364 ﬁnivit.
1795 5309 1903 5364 Eo-

318 5399 445 5454 dem
470 5399 556 5455 die
586 5398 640 5454 in
662 5400 882 5456 civitate
909 5399 1125 5455 Verona
1153 5400 1433 5457 translatio
1461 5401 1633 5457 sancti
1660 5399 1895 5455 Zenonis

317 5491 609 5559 martyris,
645 5490 800 5561 cujus
825 5493 1017 5548 beatus
1039 5492 1331 5563 Gregorius
1365 5494 1418 5548 in
1459 5494 1611 5550 libris
1649 5492 1896 5563 Dialogo-

319 5594 440 5634 rum
471 5581 735 5637 meminit.
760 5582 962 5639 Eodem
988 5583 1074 5639 die
1100 5584 1278 5654 passio
1301 5592 1388 5639 est
1410 5582 1644 5639 Victoris
1660 5624 1675 5648 ,
1700 5583 1895 5639 Massi-

318 5670 509 5725 liensis
541 5671 775 5744 episcopi
795 5714 812 5740 ,
838 5675 929 5745 qui
955 5676 1055 5731 sub
1080 5675 1445 5740 Diocletiano,
1480 5682 1536 5729 et
1567 5673 1894 5730 Maximiano

320 5761 736 5835 imperatoribus
773 5775 994 5839 propter
1033 5768 1192 5827 ﬁdem
1234 5758 1435 5826 Christi
1478 5782 1575 5837 per
1619 5766 1890 5822 Arterinm

1918 4549 1975 4606 D

1996 1959 2158 2015 quam
2211 1944 2487 2011 dedimus;
2526 1943 2699 2013 majus
2724 1953 2836 2010 est,
2861 1946 3003 2015 quod
3041 1944 3374 2015 recepimus,
3408 1957 3571 2014 quam

1996 2036 2139 2107 quod
2187 2034 2431 2090 intulisse
2469 2037 2790 2105 probamur;
2831 2054 2850 2087 ι
2892 2033 2981 2104 qui
3013 2049 3182 2104 usque
3210 2033 3277 2088 ad
3318 2041 3572 2104 quartum

1997 2128 2140 2183 diem
2173 2134 2366 2192 tortus,
2397 2126 2483 2182 die
2503 2127 2692 2197 quinto
2714 2142 2742 2179 a
2766 2126 3053 2195 semetipso
3077 2125 3358 2194 laqueatus
3386 2131 3440 2178 et
3459 2122 3571 2192 jam

1996 2220 2144 2276 omni
2187 2220 2489 2291 putredinis
2528 2220 2780 2290 squalore
2828 2220 3100 2282 decoctus,
3144 2217 3418 2275 vermibus
3449 2217 3572 2273 bul-

1998 2311 2136 2367 liens
2162 2352 2177 2378 ,
2225 2311 2279 2365 in
2332 2311 2580 2367 tirocinio
2622 2296 2750 2366 vitae
2799 2324 2910 2365 suae
2945 2308 3145 2364 malum
3202 2307 3364 2380 digna
3400 2316 3576 2363 morte

2000 2403 2194 2458 ﬁnivit.

2067 2491 2139 2547 XI
2172 2491 2307 2547 Kac.
2336 2490 2598 2548 Nativitas
2624 2489 2806 2546 Mariae
2833 2489 3178 2562 Magdalenaa.
3206 2488 3264 2545 ln
3286 2486 3574 2546 Antiochia

2000 2580 2183 2636 natale
2217 2590 2526 2636 sanctorum
2557 2579 2743 2652 Cyrilli
2783 2580 3064 2651 episcopi,
3106 2580 3366 2645 Andrem;
3413 2587 3468 2635 et
3518 2580 3573 2635 in

1999 2671 2241 2742 Anquira
2284 2669 2542 2743 [Ancyra]
2585 2669 2810 2725 Calatiae
2857 2670 3052 2725 natalis
3092 2671 3262 2725 sancti
3303 2669 3577 2737 Platonis,

2002 2764 2155 2834 cujus
2196 2771 2344 2833 gesta
2370 2761 2658 2816 habentur.

2070 2854 2120 2910 Χ
2155 2854 2288 2911 Kac.
2332 2852 2607 2923 Depositio
2649 2851 2818 2907 sancti
2867 2852 3190 2924 Apollinaris
3240 2852 3476 2923 episc0pi
3520 2852 3575 2909 in

2002 2945 2279 3012 Ravenna,
2308 2945 2397 3015 qui
2431 2944 2614 3001 Romae
2640 2942 2922 2999 ordinatus
2950 2943 3017 2999 ab
3042 2943 3285 3013 apostolo
3310 2942 3494 3008 Petro,
3521 2952 3578 2998 et

2004 3038 2129 3096 illuc
2158 3039 2355 3095 missus
2375 3046 2486 3105 est;
2513 3037 2602 3108 qui
2633 3037 2796 3092 etiam
2838 3036 2891 3092 in
2922 3036 3139 3092 Emilia
3178 3036 3488 3107 praedicavit
3521 3044 3577 3092 et

2005 3131 2058 3186 in
2084 3129 2328 3201 partibus
2355 3128 2777 3195 Corinthiorum,
2809 3137 2862 3184 et
2895 3129 2947 3183 in
2976 3129 3141 3200 Mysia
3163 3137 3216 3184 ct
3246 3128 3297 3182 in
3325 3128 3441 3199 ripa
3469 3129 3578 3184 Da-

2002 3222 2174 3288 nubii,
2196 3230 2252 3277 et
2276 3221 2328 3276 in
2354 3221 2599 3292 partibus
2620 3219 2888 3286 Thraciis,
2916 3219 2970 3276 in
3001 3219 3194 3291 quibus
3224 3218 3354 3276 locis
3387 3218 3578 3276 exsilio

2004 3312 2271 3385 relegatus
2294 3321 2405 3379 est,
2429 3319 2484 3367 et
2509 3313 2814 3381 ubicunque
2836 3310 3105 3381 pervenit,
3132 3308 3444 3365 innumeras
3462 3308 3573 3363 vir-

2002 3410 2146 3458 tutes
2185 3401 2314 3457 fecit
2355 3410 2409 3456 et
2452 3400 2732 3472 passiones
2761 3397 3051 3454 sustinuit:
3085 3413 3208 3452 nam
3258 3397 3421 3452 nimia
3452 3413 3577 3452 cum

2001 3497 2147 3553 aede
2172 3502 2440 3551 mactatus
2468 3501 2585 3557 est,
2615 3501 2671 3548 et
2709 3507 2924 3547 rursum
2972 3490 3173 3545 diutius
3210 3488 3442 3545 fustibus
3474 3505 3576 3545 cte-

1993 3603 2114 3659 _sus,
2142 3603 2205 3642 ac
2236 3587 2394 3642 nudis
2427 3585 2651 3656 pedibus
2685 3598 2848 3653 super
2869 3597 3074 3652 prunas
3112 3582 3429 3652 impositus,
3462 3596 3563 3636 rur

2000 3695 2092 3735 sus
2121 3693 2295 3734 uesus
2322 3686 2376 3732 et
2403 3676 2600 3745 equulo
2626 3689 2896 3745 appensus
2932 3682 3107 3728 tortus
3132 3681 3214 3728 est
3232 3714 3246 3738 ,
3279 3681 3333 3727 et
3357 3688 3487 3728 saxo
3513 3687 3579 3728 os

1999 3767 2116 3837 ejus
2147 3775 2433 3824 contusum
2460 3772 2561 3829 est,
2589 3773 2644 3820 et
2670 3778 2791 3819 cum
2820 3763 3139 3835 gravissimo
3179 3760 3309 3818 ferri
3341 3764 3580 3833 pondere

2000 3858 2236 3915 inclusus
2261 3857 2313 3912 in
2345 3869 2562 3911 carcere
2588 3852 2878 3918 horriﬁco,
2910 3861 3072 3923 atque
3102 3852 3155 3907 in
3187 3853 3334 3924 ligno
3375 3860 3567 3908 exten—

1999 3963 2093 4004 sus
2121 3955 2223 4013 est,
2253 3946 2343 4000 ubi
2373 3944 2442 3999 ab
2469 3944 2779 4000 hominibus
2809 3944 3023 4013 quidem
3058 3944 3352 4015 neglectus,
3386 3945 3481 4000 sed
3506 3945 3580 4000 ab

1998 4037 2190 4108 angelo
2223 4036 2436 4107 publice
2459 4043 2643 4105 pastus
2673 4042 2773 4089 est.
2804 4034 3006 4090 Deinde
3031 4043 3314 4090 catenatus
3339 4035 3391 4088 in
3426 4035 3579 4090 exsi-

1997 4128 2128 4183 lium
2173 4127 2411 4182 direetus
2440 4134 2553 4191 est,
2599 4125 2652 4180 in
2703 4141 2812 4196 quo
2852 4141 3065 4180 rursum
3107 4124 3309 4180 diutius
3344 4123 3579 4180 fustibus

1997 4233 2188 4283 caesus,
2217 4225 2271 4273 et
2294 4231 2483 4271 rursus
2507 4216 2560 4270 in
2585 4215 2840 4270 Ravenna
2864 4214 3080 4284 ligatus,
3105 4229 3133 4267 a
3162 4212 3384 4284 paganis
3403 4226 3576 4268 czcsus

1996 4316 2051 4364 et
2070 4308 2384 4363 vulneratus
2411 4313 2528 4373 est,
2555 4314 2611 4361 et
2645 4320 2859 4360 rursum
2888 4306 2942 4359 in
2979 4318 3253 4359 carcerem
3296 4304 3492 4359 missus
3522 4310 3578 4359 ct

1996 4416 2187 4457 ctesus.
2223 4399 2312 4455 Sic
2337 4400 2654 4467 martyrium
2690 4396 3084 4452 consummavit
3118 4396 3220 4451 sub
3247 4392 3581 4466 Vespasiano

1998 4495 2233 4559 Caesare,
2259 4493 2617 4550 Demosthene
2649 4490 2905 4561 patricio;
2935 4490 3074 4545 rexit
3098 4488 3396 4544 Ecclesiam
3418 4487 3579 4543 annis

1997 4585 2184 4655 viginti
2216 4593 2359 4651 octo,
2390 4584 2577 4639 diebus
2603 4591 2854 4652 quatuor.
3009 4580 3018 4588 ’

2069 4676 2139 4731 1X
2170 4676 2304 4730 ΚΑΙ..
2333 4675 2390 4729 In
2412 4674 2552 4745 Tyro
2571 4674 2792 4727 civitate
2823 4670 3002 4726 natale
3047 4678 3246 4725 sanctae
3290 4669 3579 4725 Cbristinae

1998 4767 2244 4838 virginis,
2275 4780 2394 4834 quae
2422 4764 2476 4817 in
2508 4762 2702 4816 Filium
2733 4762 2826 4816 Dei
2855 4761 3118 4823 credens,
3153 4769 3209 4814 et
3245 4757 3412 4814 cultui
3457 4760 3577 4830 ejus

1998 4858 2308 4915 deserviens
2335 4896 2350 4921 ,
2400 4868 2507 4910 non
2556 4855 2727 4925 potuit
2760 4853 2828 4908 ab
2877 4851 3096 4908 Urbano
3135 4861 3290 4922 patre
3334 4866 3433 4907 suo
3469 4853 3576 4908 ullo

1998 4948 2159 5005 modo
2190 4947 2314 5002 inde
2342 4945 2541 5009 divelli,
2574 4944 2668 4999 sed
2698 4942 2838 4999 idola
2858 4941 2974 5012 ejus
2991 4950 3278 4998 conterens
3299 4942 3575 5013 dispersit,

1997 5048 2055 5095 et
2082 5038 2231 5094 dedit
2256 5052 2319 5092 ea
2349 5036 2711 5107 pauperibus;
2744 5033 2815 5089 ob
2846 5034 2988 5103 quod
3034 5031 3236 5109 factum
3279 5040 3431 5102 pater
3460 5030 3576 5101 ejus

1999 5129 2182 5185 multis
2214 5126 2498 5182 tormentis
2527 5140 2646 5180 eam
2676 5122 2975 5189 alliciebat,
3005 5121 3108 5177 hoc
3137 5130 3241 5186 est,
3285 5121 3576 5191 plumbatis

2000 5234 2118 5276 eam
2150 5218 2408 5281 madebat,
2446 5214 2697 5271 similiter
2723 5221 2778 5268 et
2804 5212 2970 5281 virgis
2996 5211 3194 5266 nudam
3233 5210 3570 5280 flagellabat,

1999 5318 2055 5367 et
2069 5308 2349 5364 duodecim
2366 5307 2613 5362 homines
2628 5305 2857 5360 fustibus
2869 5304 3169 5367 caedebant,
3180 5312 3235 5358 et
3250 5316 3445 5359 carnes
3455 5302 3574 5373 ejus

2000 5402 2070 5456 ab
2093 5400 2306 5456 ossibus
2344 5397 2643 5454 solvebant.
2673 5394 2865 5450 Postea
2891 5408 3012 5449 eam
3052 5393 3267 5464 ignibus
3292 5392 3387 5448 'uri
3428 5408 3574 5464 prae-

2001 5493 2162 5563 cepit,
2187 5492 2284 5547 sed
2307 5506 2410 5546 non
2437 5488 2735 5559 przevaluit.
2756 5487 2958 5542 Deinde
2977 5502 3110 5541 saxo
3130 5486 3197 5541 ad
3225 5485 3419 5541 collum
3454 5483 3574 5553 ejus

1998 5584 2163 5655 ligato
2204 5583 2257 5636 in
2308 5595 2457 5635 mare
2504 5579 2759 5650 praecepit
2789 5593 2908 5633 eam
2931 5592 3202 5648 mergere,
3227 5577 3322 5632 sed
3354 5574 3573 5630 Domini

1999 5675 2199 5731 auxilio
2226 5672 2351 5728 inde
2378 5672 2601 5727 liberata
2629 5679 2733 5726 est.
2756 5670 2889 5727 Cum
2919 5679 3096 5726 autem
3124 5679 3343 5740 pr0pter
3360 5665 3573 5723 scelera

1999 5781 2094 5823 sua
2125 5774 2281 5837 pater
2309 5761 2423 5832 ejus
2451 5761 2749 5819 exstinctus
2775 5770 2879 5832 est,
2912 5762 2979 5818 ab
3010 5760 3129 5817 aliis
3150 5758 3445 5834 judicibus,
3466 5756 3572 5814 huc
