4112 6364
575 317 714 374 H59

1209 311 1273 366 Β.
1310 310 1563 366 RABANI
1603 309 1821 366 MAURI
1858 302 2177 364 ARCEIEP.‘
2219 292 2531 363 MGGUNT.
2570 305 2857 363 OPERCM
2892 290 3072 361 PARS
3107 307 3169 362 ll.

3694 308 3835 369 “00

570 437 656 488 est
680 427 849 483 Dione
881 435 935 481 et
956 414 1168 481 ﬁliano
1191 464 1205 488 ,
1231 423 1401 477 multa
1433 429 1699 478 tormenta
1729 435 1886 492 passa
1909 428 1991 475 est
2010 459 2026 484 ,
2052 417 2144 474 sed
2173 410 2220 484 Ᾰ
2248 416 2616 488 baptizaretur
2640 410 2709 471 ali
2735 406 2991 482 EhSclﬁo,
3010 393 3421 475 'Niedtncdietisi
3446 392 3702 505 episcopo
3721 465 3740 491 ,
3776 434 3836 505 et

574 519 667 575 Dei
695 517 900 585 judicio
925 514 1207 570 exstinctis
1250 514 1513 578 hostibus,
1555 527 1654 582 per
1694 510 2015 582 martyrium
2046 508 2148 563 mi-
2241 508 2393 587 juxta
2424 516 2689 580 pramepta
2721 507 2960 579 ejusdem
2987 509 3287 566 Constantii
3315 502 3540 584 Augusti
3564 502 3833 589 martyrio

576 608 752 680 gravit
789 606 855 660 ad
897 606 1191 661 Christum.
1246 604 1446 657 Eodem
1503 603 1589 658 die
1638 602 1814 657 natale
1856 609 1939 655 est
1974 600 2145 657 sancti

576 700 867 763 Victorini,
895 698 984 767 qui
1019 713 1139 752 cum
1184 696 1352 750 fratre
1398 694 1657 755 Severian
1696 694 1919 748 audiens
1960 708 2147 748 vocem

572 790 672 845 Dei
722 791 773 843 in
818 787 1105 859 Evangelia
1134 787 1364 841 dicentis
1398 785 1465 839 ad
1494 785 1752 839 divitem:
1779 782 1839 839 Si
1868 786 1941 839 vis
1974 784 2147 854 perfe-

574 889 684 932 ctus
714 894 843 940 esse,
877 878 1025 942 vade,
1058 878 1214 931 vende
1242 876 1417 929 omnia
1441 891 1557 945 qua:
1586 874 1763 940 habes,
1786 882 1833 927 et
1860 875 1929 927 da
1956 888 2149 945 paupe-

574 970 737 1035 ribus,
770 979 825 1024 ct
857 969 1059 1038 reliqua
1088 968 1299 1040 (Matth.
1335 966 1422 1038 x);
1457 966 1791 1035 reliquerunt
1837 966 1996 1020 ambo
2041 964 2151 1018 fra—

576 1071 686 1115 tres
713 1061 898 1115 mundi
929 1060 1166 1124 divitias,
1190 1067 1243 1114 et
1269 1059 1448 1111 omnia
1480 1074 1575 1112 sua
1611 1057 1985 1127 dispensantes
2009 1070 2146 1125 pan-

573 1152 813 1221 poribus,
850 1151 1178 1206 eremiticam
1206 1150 1369 1203 vitam
1399 1149 1705 1219 elegerunt,
1747 1146 1929 1217 ibique
1960 1145 2150 1201 nobili-

575 1254 658 1297 ter
695 1244 977 1307 vixerunt,
1027 1243 1153 1297 licet
1199 1241 1510 1296 Victorinus
1563 1241 1629 1295 ad
1682 1247 1893 1310 tempus
1933 1226 2149 1295 delusus

575 1329 762 1384 fuisset
790 1345 819 1382 a
851 1329 1086 1394 diabolo,
1119 1329 1214 1384 sed
1250 1337 1428 1384 tamen
1470 1329 1681 1384 Domini
1725 1330 1899 1398 gratia
1943 1328 2010 1382 de
2048 1328 2151 1384 ini-

573 1421 714 1473 mico
754 1421 923 1475 victor
958 1421 1196 1475 existens
1233 1421 1485 1474 nobiliter
1515 1420 1881 1492 triumphavit,
1917 1419 2056 1475 sicut
2093 1420 2148 1474 in

576 1510 695 1579 Vita
733 1511 943 1566 illorum
975 1512 1209 1580 pleniter
1232 1519 1505 1565 narratur.

641 1597 754 1653 Vlll
794 1599 926 1652 Kac.
964 1597 1231 1652 Nativitas
1282 1599 1456 1652 sancti
1504 1596 1689 1654 Jacobi
1733 1596 1971 1652 Zehedazi
2016 1613 2150 1668 apo-

571 1689 713 1743 stoli.
740 1688 938 1744 Eodem
963 1689 1049 1743 die
1078 1688 1260 1742 Rorna:
1280 1687 1457 1741 natale
1485 1687 1762 1756 Eutyciani
1782 1685 2146 1758 [Eutychiani]
2198 1762 2205 1765 _

2247 600 2539 654 coronatur
2565 606 2619 654 et
2645 600 2822 668 capite
2848 596 3216 656 detruncatur.
3254 600 3563 660 Aureli‘anis
3601 598 3833 667 civitate

2247 676 2696 760 depositiobeati
2727 689 2977 761 Prosperi
3007 693 3273 764 episcOpi,
3312 690 3746 756 doctissimi'viri
3778 714 3836 757 et

2248 781 2594 837 sanctissimi.
2634 780 2955 836 Eodem'die
2989 784 3171 853 passio
3212 785 3521 842 celebratur
3551 786 3835 860 Simplicis

2250 869 2558 942 [Silnplieii]
2590 878 2647 924 et
2674 860 2916 925 Faustini
2944 860 3344 942 germanorum,
3367 877 3461 946 qui
3476 868 3591 932 :suh
3614 874 3835 936 Diocle-

2248 961 2394 1015 tiano
2421 969 2475 1014 et
2504 959 2828 1015 Maximiano
2856 962 3365 1032 ‘imperatoribus‘in
3402 964 3541 1022 urbe
3570 966 3833 1025 Romana

2246 1058 2475 1121 propter
2512 1050 2676 1106 fidem
2722 1050 2927 1107 Christi
2968 1054 3216 1109 decollati
3266 1060 3413 1112 sunt.
3461 1056 3728 1116 Similiter
3776 1070 3836 1117 et

2248 1153 2500 1209 germana
2523 1154 2734 1207 eorum,
2765 1141 3259 1211 Beatrix’nomine,
3297 1159 3364 1201 eo
3407 1149 3552 1217 quod
3590 1160 3835 1220 corpora

2248 1240 2437 1282 eorum
2463 1228 2806 1301 cumCrispo‘
2827 1240 2883 1286 et
2900 1231 3106 1288 Joanne
3132 1235 3465 1307 presbyteris
3483 1237 3772 1308 sepelhit,
3799 1256 3835 1295 a

2247 1318 2500 1375 Lucretio
2545 1320 2801 1390 priefecto
2843 1323 3134 1392 pmfocata
3184 1325 3419 1380 reddidit
3456 1313 3743 1397 spiritum,
3779 1334 3839 1385 et

2248 1425 2419 1480 usque
2448 1413 2502 1466 in
2529 1412 2690 1467 finem
2728 1408 2865 1468 vitm‘
2887 1412 2941 1469 in
2978 1410 3181 1470 Christi
3210 1417 3840 1491 confessione‘perseve-

2250 1503 2409 1557 ravit.
2434 1503 2718 1559 Lucretius
2738 1502 2868 1559 vero
2892 1505 2964 1559 ab
2988 1504 3264 1561 immundo
3284 1505 3476 1576 spiritu
3495 1514 3754 1580 arreptus
3777 1510 3851 1569 ini

2250 1594 2498 1651 convivio
2529 1606 2626 1649 suo
2650 1594 2970 1665 exspiravit;
3234 1608 3237 1615 '
3692 1588 3699 1603 ”
3752 1596 3765 1619 ί

2320 1682 2384 1738 lll
2416 1684 2549 1739 KAL.
2578 1682 2793 1751 Romae,
2832 1685 2986 1741 A‘bdo
3027 1692 3083 1741 et
3129 1685 3326 1744 Sennis
3359 1689 3570 1761 [Abdon
3600 1700 3661 1747 et
3687 1691 3838 1748 Sen;

493 1832 503 1841 ,
570 1796 721 1850 papa:
750 1788 803 1835 et
828 1779 1100 1850 martyris.
1133 1777 1228 1832 llic
1255 1777 1532 1833 constituit
1568 1776 1750 1847 fruges
1788 1792 1950 1847 super
1979 1777 2149 1831 altare
2178 1764 2227 1837 Η
2252 1773 2379 1848 neu]
2408 1776 2818 1847 subregulorum
2837 1817 2851 1841 ,
2884 1779 2979 1849 qui
3006 1794 3130 1833 cum
3170 1778 3404 1835 Cumula
3447 1772 3670 1838 eivitate
3699 1782 3841 1840 Per-5

573 1878 782 1923 tantum
812 1869 964 1923 fabas
988 1878 1043 1923 ct
1082 1883 1214 1922 uvas
1242 1867 1510 1923 benedici.
1542 1866 1640 1922 llic
1673 1868 2007 1936 temporibus
2038 1867 2152 1923 suis

571 1977 667 2031 per
697 1961 906 2016 diversa
930 1960 1050 2016 loca
1076 1967 1345 2015 trecentos
1374 1958 1728 2029 quadraginta
1760 1972 1923 2011 unum
1949 1965 2153 2027 marty-

571 2068 660 2108 res
688 2069 847 2107 mann
892 2068 986 2106 sua
1032 2050 1294 2121 sepelivit.
1325 2050 1425 2117 Qui
1474 2049 1578 2104 hoc
1618 2046 1896 2103 constituit
1929 2055 1990 2101 ut
2028 2047 2149 2115 qui—

570 2158 781 2213 cunque
812 2142 1045 2196 ﬁtielium
1078 2150 1370 2212 martyrem
1401 2139 1683 2209 sepeliret,
1717 2138 1833 2193 sine
1861 2136 2151 2192 dalmatica

575 2239 633 2285 et
673 2230 883 2287 eolobio
914 2237 1210 2300 purpurato
1251 2228 1397 2282 nulla
1433 2227 1644 2281 ratione
1688 2225 1977 2295 sepeliret:
2010 2225 2153 2295 quod

572 2336 698 2380 tunc
719 2340 889 2394 usque
917 2326 983 2379 ad
1010 2323 1257 2378 notitiam
1287 2321 1388 2377 sibi
1420 2321 1807 2391 divulgaretur.
1840 2318 2043 2373 Eodem
2063 2317 2152 2372 die

568 2416 749 2487 passio
777 2423 860 2472 est
884 2414 1055 2470 sancti
1084 2411 1459 2482 Christophori
1487 2410 1760 2481 martyris,
1789 2409 1879 2478 qui
1903 2409 1956 2462 in
1986 2408 2151 2462 Samo

569 2508 787 2562 civitate
813 2524 844 2562 a
870 2508 1052 2576 Dagno
1083 2522 1207 2577 rege
1233 2504 1616 2575 martyrizatus
1651 2511 1752 2557 est.
1776 2503 1908 2556 Nam
1933 2516 2031 2572 per
2050 2516 2149 2555 va-

572 2598 650 2652 ria
684 2605 949 2652 tormenta
994 2613 1090 2652 rex
1125 2596 1272 2650 illum
1304 2595 1549 2650 cruciare
1586 2592 1760 2662 iussit.
1797 2592 1902 2647 Sed
1929 2593 2011 2647 vir
2031 2607 2153 2647 san-

570 2695 689 2742 ctus
720 2687 1028 2756 impetravit
1067 2702 1097 2740 a
1140 2686 1367 2741 Domino
1419 2693 1477 2739 ut
1521 2684 1674 2739 multi
1726 2682 2012 2739 crederent
2054 2697 2150 2753 per

573 2775 753 2847 ipsum
800 2777 853 2830 in
892 2775 1133 2840 Christo,
1180 2791 1280 2830 nec
1320 2790 1426 2829 non
1479 2781 1534 2829 et
1576 2773 1749 2842 ipsum
1797 2787 2008 2843 regem,
2054 2772 2148 2842 qui

572 2867 781 2938 sagitta:
825 2868 938 2923 ictu
980 2868 1193 2923 oculum
1236 2867 1503 2939 perdidit,
1553 2865 1830 2936 sanguinis
1874 2865 1956 2919 sui
1997 2872 2148 2935 gutta

568 2968 691 3028 post
714 2958 1017 3029 passionem
1045 2972 1195 3012 suam
1226 2958 1454 3022 sanavit,
1487 2957 1627 3012 sicut
1649 2956 1700 3011 ei
1728 2956 1839 3026 ipse
1862 2961 1986 3010 ante
2011 2969 2148 3025 pra:-

568 3050 730 3116 dixit,
757 3058 811 3105 et
840 3051 907 3105 ad
934 3049 1094 3105 fidem
1122 3049 1320 3105 Christi
1353 3048 1638 3104 convertit.

639 3140 730 3196 vn
773 3140 907 3196 Kn.
946 3140 1006 3194 In
1040 3139 1291 3196 Laodicia
1334 3139 1580 3212 Phrygiae
1622 3137 1802 3195 natale
1836 3118 2147 3195 sanctorum
2174 3129 2219 3194 G

568 3234 777 3290 Joviani
804 3243 858 3289 et
886 3233 1112 3289 Juliani.
2161 3300 2168 3306 θ

642 3324 708 3379 Vl
739 3323 872 3379 Κλι.
904 3324 962 3379 1η
995 3324 1150 3394 Syria
1176 3321 1445 3379 Simeonis
1476 3319 1821 3377 monachi.ln
1844 3317 2149 3387 Campanite

572 3414 794 3468 civitate
820 3413 953 3467 Nola
983 3413 1160 3467 natale
1189 3412 1415 3478 Felicis,
1453 3420 1508 3466 ct
1546 3411 1600 3464 in
1632 3409 1737 3464 alio
1768 3407 1886 3463 loco
1914 3405 2066 3461 Julia:
2093 3414 2150 3461 et

565 3497 844 3556 ~.locundae.
876 3501 933 3555 in
963 3501 1180 3556 civitate
1206 3499 1550 3555 Antisiodoro
1570 3498 1749 3553 natale
1770 3497 1940 3553 sancti
1962 3496 2148 3551 Etheri

574 3590 825 3663 [Etherii]
857 3590 1112 3661 episcopi.

644 3681 686 3736 V
715 3680 850 3736 KAL.
882 3680 1367 3748 Romae,Victoris
1419 3695 1568 3750 papa:
1618 3688 1673 3736 et
1721 3678 2005 3750 martyris,
2054 3678 2148 3748 qui

570 3770 848 3825 constituit
878 3770 933 3824 in
959 3770 1202 3826 Ecclesia
1226 3778 1284 3824 ut
1322 3770 1560 3825 faciente
1592 3770 1915 3824 necessitate
1945 3769 2034 3824 ubi
2068 3770 2149 3823 in-

572 3868 792 3914 ventum
819 3868 983 3926 esset,
1019 3860 1133 3915 sive
1162 3860 1215 3914 in
1252 3859 1490 3926 fluuiine,
1520 3860 1634 3914 sive
1663 3859 1719 3914 in
1748 3860 1923 3923 fonte,
1952 3859 2065 3915 sive
2092 3858 2144 3914 in

574 3948 713 4004 mari
732 3963 761 4015 ,'
799 3956 1009 4005 tantum
1053 3947 1377 4005 Christianae
1423 3949 1759 4005 credulitatis
1810 3949 2148 4006 confessione

571 4038 880 4104 declarata,
913 4038 1216 4110 quicunque
1260 4040 1538 4095 hominum
1585 4042 1809 4095 veniens
1854 4057 1920 4095 ex
1961 4040 2146 4111 gentili

569 4129 940 4201 baptizaretur
965 4149 977 4184 :
1010 4140 1061 4186 et
1082 4131 1322 4202 sepultus
1347 4130 1599 4201 estjuxta
1629 4147 1824 4201 corpus
1847 4131 1987 4186 beati
2002 4129 2146 4185 Petri

572 4220 799 4290 apostoli
840 4220 892 4274 in
934 4219 1214 4276 Vaticano.
1261 4221 1462 4276 Eodem
1513 4222 1600 4276 die
1649 4221 1835 4275 Romae
1881 4221 2146 4290 depositio

574 4312 745 4366 sancti
773 4313 1064 4368 lnuocentii
1093 4329 1261 4384 papae.
1281 4312 1379 4368 Hic
1398 4313 1746 4368 constitutum
1775 4311 1902 4368 fecit
1918 4315 1983 4369 de
1998 4313 2144 4369 omni

572 4404 833 4468 Ecclesia,
861 4414 915 4458 et
941 4404 1005 4460 de
1032 4406 1231 4476 regulis
1254 4407 1725 4469 monasteriorum,
1751 4414 1805 4461 et
1829 4406 1893 4460 de
1923 4404 2143 4471 Iudicis,

2258 1882 2441 1922 sarum
2468 1867 2681 1921 vincula
2714 1876 3028 1938 paterentur
3054 1884 3084 1923 a
3105 1868 3292 1938 Decio,
3313 1872 3380 1926 ad
3400 1858 3652 1928 ultimum
3673 1875 3841 1931 duxit

2264 1968 2361 2014 eos
2400 1957 2629 2014 Romam
2678 1959 2886 2015 catenis
2931 1959 3226 2031 obligatos,
3276 1969 3334 2016 et
3379 1962 3607 2018 diversis
3651 1965 3840 2033 pcenis

2254 2058 2591 2117 maceratos,
2641 2049 2734 2105 ubi
2802 2050 2975 2121 primo
3040 2049 3334 2120 plumbatis
3394 2053 3557 2117 caesi,
3605 2060 3666 2107 et
3704 2053 3840 2107 inde

2252 2143 2429 2215 gladio
2493 2141 2760 2199 interfecti
2813 2150 2958 2199 sunt.
3009 2142 3352 2201 Antisiodoro
3399 2145 3665 2216 depositio
3704 2144 3843 2201 Ursi

2250 2234 2506 2305 episc0pi.

2318 2325 2361 2403 ll
2394 2324 2528 2379 KAL.
2557 2324 2614 2379 ln
2645 2324 2828 2380 Africa
2863 2325 3082 2381 civitate
3116 2322 3356 2381 Sinnada
3392 2328 3575 2384 natale
3610 2338 3838 2385 sancto-

2250 2432 2370 2471 rum
2399 2415 2715 2482 Democriti,
2740 2416 2996 2483 Secundi,
3023 2417 3299 2487 Dionysii,
3328 2417 3520 2488 Thyrsi
3550 2436 3563 2471 :
3587 2418 3838 2475 Antisio-

2250 2507 2383 2563 doro
2418 2506 2686 2576 depositio
2708 2508 2882 2563 sancti
2904 2506 3161 2563 Germani
3191 2507 3431 2578 episcopi
3460 2516 3516 2563 et
3549 2508 3838 2565 confesso-

2249 2598 2346 2663 ris,
2389 2597 2481 2668 qui
2511 2597 2695 2653 multis
2743 2598 3063 2662 virtutibus,
3107 2598 3352 2652 doctrina
3399 2605 3454 2651 et
3491 2599 3834 2653 continentia

2249 2688 2451 2753 clarus,
2492 2688 2655 2742 etiam
2680 2686 2969 2743 Bretonum
3015 2686 3340 2759 [Britonum]
3372 2687 3531 2743 ﬁdem
3565 2703 3667 2758 per
3688 2690 3834 2744 duas

2248 2780 2396 2835 vices
2436 2795 2467 2833 a
2506 2778 2795 2847 Pelagiana
2820 2779 3013 2834 haeresi
3051 2778 3311 2834 defendit.
3343 2779 3410 2833 Et
3441 2779 3495 2834 in
3533 2779 3830 2846 Vercellis,

2250 2870 2468 2927 Eusebii
2521 2869 2802 2940 episcopi,
2853 2869 2947 2940 qui
3004 2871 3345 2927 moventibus
3391 2873 3833 2942 persecutionem

2247 2963 2468 3019 Arianis
2514 2962 2614 3019 sub
2653 2960 2966 3019 Constantio
3004 2962 3248 3033 principe
3281 2963 3602 3036 martyrium
3633 2978 3832 3033 passus

2249 3065 2352 3115 est.

2750 3158 3324 3242 AUGUSTUS.

2318 3315 2453 3373 ΚΑι..
2478 3316 2738 3374 Aucusrr.
2779 3317 3104 3374 Sanctorum
3145 3318 3578 3375 Machabaaornm
3612 3330 3831 3392 septem

2250 3409 2478 3465 fratrum
2505 3427 2627 3465 cum
2656 3419 2829 3465 matre
2850 3427 2967 3477 sua,
2998 3412 3091 3482 qui
3118 3412 3267 3482 passi
3293 3420 3420 3468 sunt
3433 3415 3535 3468 sub
3554 3413 3833 3470 Antiocho

2253 3518 2403 3574 rege.
2424 3492 2431 3502 ’
2451 3502 2635 3559 Roma:
2655 3503 2922 3558 dedicatio
2943 3504 3132 3572 prima:
3163 3504 3406 3560 ecclesia:
3426 3520 3458 3560 a
3482 3505 3641 3560 beato
3662 3503 3835 3560 Petro

2249 3604 2572 3651 οοιιδιτυριω
2598 3604 2653 3651 El
2680 3603 3032 3650 ροηεθοιιιιιίιξ.

2319 3686 2385 3741 1V
2413 3686 2546 3741 Nos.
2578 3685 2763 3743 Romae
2783 3686 3039 3756 Stephani
3067 3701 3239 3756 papie,
3263 3684 3356 3757 qui
3378 3686 3635 3756 martyrio
3660 3702 3834 3743 coro-

2249 3784 2408 3830 natus
2434 3784 2517 3831 est
2547 3775 2600 3830 in
2628 3776 2999 3844 persecutione
3027 3774 3300 3832 Valeriani
3319 3776 3595 3847 principis.
3616 3777 3833 3835 Eodem

2248 3864 2335 3919 die
2363 3864 2537 3919 natale
2563 3873 2761 3919 sancta
2790 3850 3084 3920 Theodorae
3105 3879 3226 3919 cum
3256 3865 3431 3920 tribus
3456 3864 3584 3919 ﬁliis
3604 3866 3744 3931 suis,
3769 3866 3831 3921 in

2246 3956 2523 4027 provincia
2544 3957 2830 4029 Bithyniae,
2853 3958 2986 4013 urbe
3008 3956 3216 4024 Nicaeae,
3236 3965 3482 4026 tempore
3508 3956 3831 4013 Diocletiani

2248 4050 2348 4104 sub
2371 4050 2567 4104 comite
2591 4049 2895 4114 Leucadio,
2937 4049 3029 4118 qui
3072 4049 3212 4104 hanc
3245 4047 3392 4104 ferro
3426 4049 3664 4104 vinctam
3701 4063 3831 4103 eum

2248 4138 2373 4194 filiis
2421 4138 2689 4194 consulari
2732 4138 2995 4209 Bithynia:
3040 4137 3248 4194 Nicetio
3286 4137 3597 4193 destinavit.
3623 4136 3697 4192 At
3736 4137 3831 4192 ille

2247 4227 2423 4298 primo
2446 4226 2562 4297 ejus
2591 4227 2758 4282 filium
2794 4228 3209 4298 primogenitum
3253 4227 3513 4283 Evodinm
3546 4227 3828 4283 Christum

2250 4319 2566 4374 ﬁducialiter
2609 4317 2949 4373 confitentem
2980 4317 3109 4372 fecit
3149 4316 3379 4373 fustibus
3420 4317 3575 4374 cmdi.
3619 4318 3829 4373 Deinde

2250 4407 2392 4463 illam
2427 4425 2547 4464 cum
2575 4410 2825 4464 omnibus
2857 4407 2981 4462 ﬁliis
3010 4412 3132 4479 igne
3163 4409 3426 4464 consumi.
3458 4407 3730 4479 Scriptum
3764 4408 3827 4464 in

574 4504 631 4549 et
657 4495 723 4550 de
751 4496 977 4567 paganis
997 4536 1012 4562 ,
1039 4505 1095 4551 et
1127 4497 1322 4551 multos
1347 4496 1716 4567 Cataphrygas
1746 4497 1981 4560 invenit,
2012 4512 2146 4565 quos
2171 4477 2225 4536 Ῑ)
2249 4500 2499 4571 passione
2520 4508 2720 4556 sanctm
2747 4477 3065 4555 Anastasirc.

574 4585 764 4640 exsilio
783 4587 1110 4641 monasterio
1138 4586 1422 4657 relegavit;
1443 4595 1498 4640 et
1517 4586 1604 4640 hic
1630 4586 1833 4640 invenit
1852 4584 2146 4657 Pelagium,

573 4685 628 4731 et
656 4676 1004 4733 C(elestinum
1032 4680 1342 4745 haereticos,
1382 4688 1436 4734 et
1466 4678 1738 4734 damnavit
1775 4691 1900 4742 eos,
1952 4685 2007 4733 et
2046 4678 2148 4733 hoc

572 4771 855 4824 constituit
893 4779 953 4825 ut
994 4772 1087 4840 qui
1132 4772 1241 4825 nati
1290 4771 1490 4826 fuerint
1530 4772 1596 4826 de
1620 4769 1927 4825 Christiano
1963 4768 2148 4842 [Forte

573 4859 700 4913 add.
732 4858 984 4931 debeant]
1035 4860 1208 4913 denuo
1237 4860 1381 4914 nasci
1419 4874 1518 4929 per
1547 4858 1869 4929 baptismum
1891 4897 1905 4924 ,
1935 4858 2038 4911 hoc
2065 4866 2149 4913 cst

575 4950 860 5020 baptizari,
898 4950 1039 5019 quod
1065 4948 1312 5021 Pelagius
1342 4950 1635 5003 damnavit.

645 5039 712 5095 Ν
738 5038 872 5094 ΚΑι.
900 5039 1174 5111 Depositio
1204 5040 1374 5095 sancti
1402 5040 1534 5109 Lupi
1565 5040 1803 5112 episcopi
1831 5040 1895 5095 de
1918 5040 2142 5106 Trecas,

574 5130 664 5200 qui
688 5146 810 5186 cum
827 5129 1097 5185 Germano
1123 5130 1268 5185 venit
1296 5129 1648 5193 Britanniam,
1674 5138 1728 5185 et
1756 5130 2142 5200 quinquaginta

576 5221 709 5274 duos
740 5236 907 5276 annos
933 5220 1003 5275 ibi
1036 5220 1336 5275 sacerdotio
1367 5219 1580 5274 functus
1619 5227 1737 5273 est:
1769 5219 1859 5287 qui
1901 5228 2141 5289 tempore

575 5306 719 5378 regis
744 5308 918 5365 Attila:
940 5350 955 5376 ,
997 5310 1089 5380 qui
1117 5308 1345 5365 Galliam
1372 5310 1620 5365 vastabat
1645 5349 1659 5375 ,
1693 5308 1831 5363 sicut
1858 5310 1908 5361 in
1938 5309 2139 5380 hymno

575 5397 693 5467 ejus
718 5410 985 5467 cantatur,
1020 5402 1145 5456 dum
1178 5401 1320 5456 bella
1356 5408 1548 5457 cuncta
1578 5398 1899 5469 perderent,
1939 5399 2145 5454 orando

576 5491 780 5547 Trecas
821 5490 1067 5545 munivit.
1119 5489 1303 5545 Romaa
1347 5491 1533 5546 eodem
1590 5488 1675 5543 die
1725 5486 1903 5557 passio
1953 5488 2144 5545 Felicis

576 5600 725 5657 papa:
754 5593 808 5640 et
844 5588 1111 5655 martyris.
1145 5585 1244 5641 llic
1273 5584 1421 5639 Felix
1449 5585 1744 5641 declaravit
1772 5584 2142 5640 Constantium

579 5675 742 5731 illium
769 5675 1104 5732 Constantini
1135 5691 1252 5733 esse
1282 5675 1591 5731 hmrcticum
1611 5716 1624 5743 ,
1655 5688 1776 5730 cum
1804 5676 2036 5730 secundo
2062 5691 2143 5731 rc-

2319 4593 2381 4647 lll
2408 4592 2544 4647 Non.
2576 4592 2632 4646 In
2655 4590 2941 4647 Antiochia
2967 4591 3141 4646 saneti
3170 4584 3432 4662 Stephani
3460 4597 3833 4661 protomarty-

2248 4682 2345 4747 ris,
2371 4681 2462 4735 ubi
2506 4681 2692 4737 haberi
2721 4681 2919 4736 dicitur
2956 4697 3095 4735 unus
3134 4679 3201 4736 de
3232 4681 3500 4752 lapidibus
3537 4683 3737 4751 quibus
3770 4685 3827 4737 in

2246 4771 2471 4826 brachio
2503 4786 2790 4842 percussus
2818 4780 2924 4835 est,
2950 4780 3007 4825 et
3029 4770 3227 4827 multas
3252 4787 3319 4826 ex
3339 4785 3405 4827 eo
3424 4772 3652 4827 virtutes
3678 4774 3829 4826 sani-

2248 4868 2418 4915 totum
2445 4860 2582 4915 ﬁeri.
2607 4860 2807 4915 Eodem
2834 4860 2919 4914 die
2947 4861 3000 4915 in
3027 4859 3417 4932 Hierosolymis
3440 4861 3683 4915 inventio
3706 4878 3830 4917 cor-

2249 4951 2397 5021 poris
2422 4950 2659 5018 ejusdcm
2689 4950 2831 5005 beati
2860 4948 3120 5021 Stephani
3148 4951 3403 5022 martyris
3425 4959 3480 5005 et
3508 4959 3826 5005 sanctorum

2251 5041 2563 5096 Gamalielis
2588 5049 2642 5096 et
2670 5040 2967 5096 Nicodemi.

2316 5133 2359 5189 Il
2398 5131 2531 5186 Non.
2576 5132 2761 5187 Sancti
2785 5130 2982 5187 Justini
3009 5131 3332 5187 confessoris
3358 5131 3559 5187 Christi
3587 5150 3599 5185 :
3627 5134 3695 5188 de
3716 5148 3824 5202 quo

2248 5234 2503 5280 narratur
2550 5224 2604 5279 in
2648 5224 2900 5293 passione
2937 5221 3076 5277 Xisti
3120 5231 3283 5294 atque
3327 5222 3638 5288 Laurentii,
3678 5222 3823 5292 quod

2248 5316 2447 5371 multos
2473 5315 2541 5371 ad
2570 5314 2730 5369 fidem
2754 5313 2952 5368 Christi
2981 5321 3339 5380 converteret,
3360 5328 3463 5368 nec
3488 5328 3599 5370 non
3618 5322 3675 5369 et
3699 5328 3827 5369 san-

2247 5414 2457 5462 ctorum
2490 5414 2787 5475 martyrum
2820 5404 3094 5474 sepeliret.

2318 5496 2452 5552 Nox.
2490 5495 2546 5550 ln
2578 5496 2793 5551 civitate
2813 5496 3050 5566 Angusta
3078 5495 3258 5567 passio
3285 5496 3643 5552 sancthfra:
3670 5513 3823 5553 mar-

2246 5589 2400 5660 tyris,
2432 5587 2584 5656 cujus
2630 5586 2912 5640 conversio
2941 5593 2994 5638 et
3021 5589 3164 5648 vita,
3201 5601 3295 5640 nec
3342 5600 3448 5641 non
3499 5596 3555 5639 et
3605 5588 3823 5655 passio,

2248 5681 2552 5750 conscripta
2585 5678 2832 5734 habetur.
2860 5678 2925 5732 Et
2953 5678 3078 5733 alibi
3112 5678 3289 5734 natale
3333 5687 3647 5735 sanctorum
3690 5676 3820 5732 Flo-
