4112 6364
310 333 446 394 1161

1606 319 1797 374 MART
1809 317 2231 374 YllOLOGlUM.

3406 318 3551 376 1162

303 440 440 496 riani
467 443 521 494 et
547 433 857 492 Philistinae.
883 431 944 488 ln
969 431 1187 488 civitate
1210 429 1559 487 Catalaunicc
1599 427 1863 496 depositio
1892 430 1936 489 Α
1968 436 2051 483 est
2084 431 2138 484 in
2160 430 2410 500 passione
2440 434 2613 489 sancti
2635 433 2937 510 Sebastiani
2967 433 3242 507 martyris,
3257 435 3400 504 quod
3421 449 3552 493 cou-

301 529 546 586 Memmei
591 525 871 600 [Memmii]
905 525 1140 596 episcopi
1187 532 1243 577 et
1287 521 1639 583 confessoris,
1670 519 1736 573 de
1762 534 1868 588 quo

302 622 496 692 legitur
520 618 664 688 quod
689 633 720 671 a
747 618 906 672 beato
931 617 1090 672 Petro
1119 612 1361 683 apostolo
1389 612 1443 666 in
1468 611 1711 666 Romana
1736 609 1869 663 urbe

299 715 582 784 cpiscOpus
609 710 890 766 ordinatus
919 709 1117 764 missus
1143 705 1335 761 fuisset
1365 705 1419 758 in
1439 703 1669 758 Galliam
1707 702 1869 758 simul

301 821 424 862 cum
447 813 634 860 sancto
658 802 912 875 Dionysio
937 809 991 857 et
1019 809 1210 856 sancto
1238 798 1405 854 Sexto
1424 838 1439 863 ,
1483 807 1644 868 atque
1683 805 1872 853 sancto

301 901 567 956 Euchario
600 900 668 954 ad
710 897 1107 969 praedicandum
1133 894 1358 948 verbum
1404 893 1534 956 Dei,
1576 891 1667 962 qui
1706 892 1872 947 etiam

301 991 529 1045 virtutes
556 988 753 1044 multas
782 988 942 1052 fecit,
991 995 1044 1042 et
1088 985 1378 1040 novissime
1421 983 1671 1039 nobiliter
1703 983 1874 1038 vitam

299 1089 619 1152 praesentem
643 1079 854 1144 ﬁniens,
887 1078 954 1132 ad
978 1079 1219 1146 requiem
1246 1075 1498 1145 migravit
1524 1082 1798 1129 aeternam.

370 1171 481 1226 VIII
505 1171 581 1224 In.
611 1171 796 1224 Romae
817 1170 989 1224 sancti
1029 1167 1171 1223 Sixti
1221 1166 1480 1236 episcopi,
1510 1163 1872 1230 Felicissimi,

297 1270 354 1318 et
380 1260 602 1333 Agapcti
630 1259 888 1334 [Agapiti]
920 1258 1160 1321 diaconi,
1194 1258 1286 1328 qui
1314 1256 1565 1311 decollati
1611 1263 1736 1310 sunt
1771 1254 1874 1310 sub

301 1353 482 1409 Decio.
514 1353 772 1408 Decollati
800 1360 924 1408 sunt
953 1366 1074 1407 cum
1101 1366 1166 1406 eo
1188 1360 1242 1404 et
1269 1350 1358 1404 alii
1389 1357 1621 1418 quatuor
1637 1346 1875 1412 diaconi,

299 1441 605 1510 Januarius,
632 1442 876 1512 Magnus,
906 1441 1219 1497 Vincentius
1245 1438 1635 1512 [Innocentius]
1665 1447 1720 1494 et
1755 1438 1878 1494 Ste-

298 1535 530 1602 phanus,
555 1541 617 1588 ut
652 1533 705 1588 in
723 1533 905 1589 Gestis
932 1532 1330 1604 pontiﬁcalibus
1357 1531 1575 1600 legitur.

376 1622 462 1677 Vll
487 1623 564 1676 lo.
595 1622 654 1678 ln
675 1622 878 1688 Aricio,
897 1622 1089 1677 Donati
1115 1621 1354 1692 episcopi
1374 1629 1430 1675 et
1455 1619 1735 1702 martyris,
1758 1617 1874 1687 qui,

305 1721 364 1768 ut
388 1713 683 1786 Gregorius
707 1715 764 1770 in
798 1713 936 1771 libro
965 1713 1308 1785 Dialogorum
1341 1712 1617 1778 meminit,
1647 1711 1876 1765 fractum

1975 536 2192 576 versum
2220 525 2286 577 ad
2319 523 2478 578 ﬁdem
2504 525 2704 581 Christi
2727 536 2780 582 ct
2818 528 3149 598 baptizatum
3179 543 3211 582 a
3249 526 3554 599 Polycarpo

1970 619 2309 690 presbytero,
2332 629 2551 676 sanctus
2574 621 2924 678 Sebastianus
2951 641 3073 680 eum
3109 641 3142 681 a
3175 625 3323 680 fonte
3368 628 3549 697 bapti-

1973 709 2160 764 smatis
2191 711 2535 779 suscepisset,
2565 712 2777 768 fortiter
2804 717 3027 785 paganis
3049 725 3103 770 et
3127 716 3430 773 infidelibus
3456 733 3548 774 re-

1973 801 2210 856 sisteret.
2244 800 2380 855 Nam
2410 803 2564 872 jussu
2602 803 2823 859 Fabiani
2873 807 3116 876 praesidis
3145 823 3305 877 super
3349 825 3554 879 prunas

1973 893 2225 947 ardentes
2243 891 2403 947 nudis
2420 895 2646 963 pedibus
2675 895 2947 962 incedens,
2984 898 3038 950 in
3067 899 3214 953 nullo
3236 899 3393 955 lcesus
3423 911 3507 957 est
3535 921 3550 957 :

1973 991 2160 1054 postea
2175 997 2303 1038 vero
2325 997 2355 1037 a
2372 985 2631 1055 praedicto
2647 984 2904 1051 Fabiano,
2920 988 3264 1044 machinantc
3276 990 3553 1060 Torquato

1976 1080 2244 1143 apostata,
2262 1073 2439 1144 gladio
2460 1075 2930 1132 transverberatus
2950 1080 3268 1149 martyrium
3289 1083 3554 1151 explevit;

1975 1162 2216 1232 posthazc
2238 1171 2419 1218 autem
2442 1163 2747 1234 Torquatus
2777 1167 2887 1236 egit
2927 1175 2986 1220 ut
3025 1166 3293 1234 Castulus,
3323 1171 3559 1227 cetarius

1976 1253 2182 1322 palatii,
2199 1253 2392 1324 hospes
2407 1263 2737 1321 sanctorum,
2755 1256 2944 1312 fuisset
2960 1267 3279 1326 arctatus,et
3294 1262 3381 1317 hic
3400 1263 3561 1318 tertio

1979 1361 2264 1416 appensus,
2283 1348 2442 1402 tertio
2457 1349 2688 1414 auditus,
2707 1352 2760 1404 in
2782 1350 3120 1408 confessione
3132 1353 3345 1408 Domini
3373 1371 3560 1424 perse-

1978 1449 2191 1501 verans,
2211 1437 2406 1493 missus
2423 1447 2505 1494 est
2529 1440 2583 1494 in
2601 1439 2834 1508 foveam,
2851 1451 2905 1496 et
2923 1443 3143 1499 dimissa
3163 1452 3246 1500 est
3261 1461 3422 1516 super
3435 1461 3559 1500 cum

1977 1541 2159 1582 massa
2190 1529 2447 1593 arenarii,
2476 1538 2530 1584 et
2557 1530 2671 1600 ipse
2705 1548 2829 1587 cum
2876 1533 3054 1602 palma
3083 1537 3329 1606 martyrii
3360 1537 3561 1607 migra-

1980 1616 2058 1671 vit
2082 1616 2149 1672 ad
2177 1616 2472 1674 Christum.
2517 1620 2669 1688 Quod
2698 1638 2820 1677 cum
2852 1623 3066 1680 fortiter
3105 1627 3474 1695 pertulissent,
3506 1638 3561 1684 et

1980 1705 2190 1762 laudem
2222 1708 2433 1764 Domini
2458 1722 2790 1780 cantassent,
2813 1714 2975 1784 jussit
3018 1732 3112 1773 eos
3145 1719 3359 1788 iniquus
3397 1721 3564 1790 judcx

300 1819 330 1857 a
360 1785 583 1876 paganis
608 1805 830 1860 calicem
857 1813 1105 1862 sanctum
1130 1805 1198 1858 ad
1227 1804 1424 1860 missas
1438 1803 1643 1858 orando
1667 1810 1877 1857 restau-
1907 1785 1954 1845 Β
1983 1797 2169 1853 ambos
2210 1799 2285 1853 ibi
2313 1799 2405 1854 ubi
2435 1802 2652 1857 stabant
2698 1803 2900 1860 lanceis
2932 1822 3030 1876 per
3065 1808 3237 1864 latera
3265 1812 3562 1877 verberari,

299 1896 460 1950 ravit.
490 1894 792 1951 Mediolano
820 1895 1076 1949 nativitas
1104 1895 1276 1950 sancti
1300 1894 1569 1950 Faustini.

373 1985 440 2040 Vl
465 1984 542 2040 In.
569 1983 758 2040 Sancti
786 1983 1002 2056 Cyriaci
1032 1983 1322 2054 martyris,
1356 1984 1448 2053 qui
1478 1999 1506 2037 a
1535 1982 1696 2037 beato
1733 1980 1876 2035 Mar-

302 2075 438 2132 collo
485 2091 624 2146 papa
661 2077 920 2133 diaconus
961 2075 1241 2132 ordinatus
1283 2075 1444 2130 simul
1475 2089 1598 2130 cum
1638 2073 1878 2130 Sisinnio

305 2167 458 2222 socio
481 2168 650 2222 multa
678 2167 937 2223 miracula
967 2166 1117 2234 fecit,
1146 2168 1247 2223 sub
1277 2166 1600 2222 Maximiano
1642 2166 1876 2236 impera-

305 2264 420 2311 tore
439 2297 454 2324 ,
483 2265 539 2312 et
581 2257 849 2314 daemones
890 2258 958 2312 ab
998 2256 1234 2314 obsessis
1278 2255 1586 2313 hominibus
1628 2256 1874 2327 expulit:

303 2351 599 2407 novissime
619 2364 748 2406 vero
775 2365 874 2423 per
900 2351 1221 2424 Carpasinm
1246 2350 1508 2405 vicarium
1530 2350 1685 2420 jussu
1712 2349 1881 2404 Maxi-

303 2439 472 2494 miani
503 2440 799 2496 decollatus
820 2449 905 2498 est
939 2455 1062 2497 cum
1091 2440 1216 2497 aliis
1250 2454 1479 2496 numero
1512 2441 1703 2512 viginti
1747 2457 1876 2496 uno.

379 2529 418 2583 ν
445 2529 523 2585 Ιι).
553 2529 760 2598 Romae,
787 2532 962 2587 sancti
1003 2531 1235 2586 Romani
1268 2529 1480 2596 militis,
1516 2532 1630 2600 qui,
1663 2531 1879 2586 confes-

305 2619 458 2674 sione
504 2620 676 2675 sancti
725 2620 1001 2677 Laurentii
1064 2629 1454 2690 compunctus,
1497 2622 1654 2689 petiit
1698 2621 1769 2676 ab
1815 2637 1881 2678 eo

305 2707 596 2780 baptizari,
625 2717 682 2765 et
709 2723 859 2777 mox,
881 2709 1106 2778 iubente
1137 2711 1336 2777 Decio,
1367 2725 1492 2766 cum
1524 2711 1754 2767 fustibus
1787 2726 1883 2766 ex-

303 2797 510 2854 hibitus
528 2807 585 2854 et
604 2798 900 2856 docollatus
926 2807 1025 2855 est.
1057 2800 1124 2854 Et
1144 2799 1200 2854 in
1223 2799 1438 2856 Verona
1457 2800 1676 2856 civitate
1702 2802 1883 2870 passio
1915 2819 1922 2823 ·

301 2897 621 2946 sanctorum
656 2898 955 2962 martyrum
981 2890 1152 2946 Firmi
1173 2899 1228 2946 et
1249 2892 1490 2958 Rustici,
1522 2893 1614 2962 qui
1643 2902 1884 2964 tempore

302 2978 583 3034 Maximini
614 2979 970 3052 [Maximiani]
1003 2982 1346 3051 imperatoris
1377 2989 1434 3037 et
1467 2982 1718 3050 Anulini,
1755 2999 1885 3040 con-

303 3070 496 3124 siliarii
520 3069 658 3138 ejus,
687 3073 836 3141 passi
871 3081 1017 3128 sunt.

372 3161 439 3215 ιν
477 3162 554 3217 In.
599 3161 786 3221 Sancti
814 3163 1090 3220 Laurentii
1123 3165 1224 3221 sub
1255 3164 1440 3236 Decio,
1470 3167 1562 3237 qui
1613 3175 1735 3238 post
1764 3168 1884 3238 plu-

303 3254 444 3309 rima
484 3264 751 3312 tormenta
792 3258 1044 3323 carceris,
1076 3259 1366 3315 verberum
1413 3259 1772 3327 diversorum,
1801 3261 1882 3316 la-

308 3345 580 3398 minarum
609 3346 935 3412 ardentium,
965 3347 1034 3401 ad
1058 3347 1307 3403 ultimum
1331 3349 1388 3404 in
1409 3356 1559 3404 crate
1588 3348 1769 3405 ferrea
1797 3364 1886 3405 as-

307 3444 459 3491 satus
486 3438 806 3508 martyrium
829 3439 1136 3509 complevit.

361 3526 442 3592 ,ιιι
484 3527 559 3580 ln.
611 3526 796 3583 Roma:
842 3528 1021 3584 natale
1065 3539 1266 3585 sanctae
1311 3530 1572 3587 Susannze
1615 3534 1883 3605 virginis,

307 3631 425 3687 quae
456 3614 556 3671 fuit
602 3617 712 3672 ﬁlia
742 3617 937 3674 Gabini
977 3621 1301 3692 presbyteri,
1356 3624 1530 3693 patris
1577 3623 1673 3679 Gai
1724 3624 1886 3697 [Caii]

309 3725 478 3780 papas.
507 3709 631 3766 Haec
672 3725 802 3782 ergo
835 3713 986 3784 virgo
1040 3716 1140 3770 sub
1185 3715 1520 3772 Diocletiano
1555 3718 1683 3788 imp.
1729 3735 1887 3790 passa

309 3811 411 3869 est,
435 3817 501 3857 eo
537 3805 680 3871 quod
703 3804 871 3860 nollet
895 3805 1128 3862 Maximo
1161 3806 1273 3863 ﬁlio
1297 3823 1396 3864 suo
1439 3809 1496 3865 in
1525 3810 1775 3881 conjugio
1802 3825 1890 3867 so-

310 3891 466 3953 ciari,
506 3891 600 3945 sed
646 3892 702 3945 in
747 3893 1054 3962 virginitate
1097 3910 1432 3964 permanere.
1461 3899 1723 3954 Hortante
1767 3915 1890 3957 eam

310 3983 442 4038 Gaio
470 3982 643 4054 [Caio]
670 3984 939 4054 episcopo,
971 4001 1072 4042 nec
1093 4002 1202 4042 non
1222 3997 1278 4043 et
1306 3989 1513 4044 Serena
1540 3991 1804 4062 Augusta,
1828 4001 1891 4048 ut

311 4075 519 4129 stabilis
562 4085 906 4145 permaneret
936 4076 990 4131 in
1017 4077 1122 4134 ﬁde
1150 4078 1354 4134 Christi
1399 4090 1455 4134 et
1491 4082 1742 4138 castitate
1771 4097 1891 4152 per—

313 4173 493 4233 petua.
516 4166 739 4236 Propter
768 4167 871 4223 hoc
891 4167 1056 4236 jussit
1082 4185 1204 4224 eam
1235 4170 1599 4228 Diocletianus
1637 4181 1759 4244 post
1785 4175 1891 4230 alia

315 4262 582 4312 tormenta
619 4257 673 4312 in
705 4259 863 4314 domo
895 4260 1112 4329 propria
1137 4261 1368 4330 percuti,
1392 4271 1446 4318 et
1473 4265 1553 4319 sic
1572 4265 1892 4335 martyrium

314 4348 728 4404 consummavit.
758 4348 1017 4404 Praedicta
1038 4365 1169 4405 vero
1199 4350 1406 4407 Serena
1453 4353 1696 4425 Augusta
1734 4354 1894 4410 colle-

1981 1897 2035 1943 et
2059 1888 2160 1959 ipsi
2190 1903 2290 1958 per
2308 1893 2558 1962 martyrii
2580 1893 2808 1962 gloriam
2839 1898 2906 1952 ad
2933 1899 3143 1954 siderea
3176 1916 3340 1970 regna
3370 1903 3567 1972 migra-

1979 1987 2125 2034 runt.
2151 1979 2353 2036 Eodem
2376 1981 2464 2037 die
2492 1983 2756 2054 depositio
2791 1987 2936 2043 beati
2976 1989 3265 2062 Gaugerici
3305 1994 3565 2063 episcopi,

1979 2069 2142 2139 quiin
2168 2069 2364 2141 Eposio
2392 2080 2570 2128 castro
2589 2084 2744 2131 ortus
2766 2076 2884 2131 fuit.
2903 2078 3001 2133 llic
3017 2082 3199 2134 statim
3223 2083 3273 2135 in
3284 2082 3569 2150 juventute

1982 2162 2316 2218 meditationi
2372 2165 2506 2237 legis
2552 2168 2649 2222 Dei
2693 2178 2748 2224 ct
2791 2171 3105 2240 psalmodiae
3154 2175 3394 2231 intentus
3443 2176 3561 2232 fttit.

1980 2251 2109 2307 Post
2129 2268 2259 2308 vero
2288 2268 2319 2308 a
2339 2255 2498 2311 beato
2523 2258 2777 2330 episcopo
2802 2263 3186 2319 Rbemensium
3231 2265 3486 2332 civitatis,
3512 2269 3569 2324 in

1980 2344 2420 2403 Cameracorensi
2452 2348 2876 2425 [Cameracensi]
2928 2355 3146 2410 civitate
3175 2358 3458 2429 cpisc0pus
3485 2370 3572 2414 cst

1980 2437 2291 2504 ordinatus;
2342 2441 2434 2510 qui
2464 2441 2650 2498 multis
2676 2444 2968 2502 virtutibus
3004 2447 3218 2514 claruit,
3247 2451 3484 2505 maxime
3513 2453 3568 2506 in

1983 2529 2321 2585 absolutione
2359 2531 2663 2588 vinctorum
2695 2535 2788 2604 qui
2832 2537 2887 2590 in
2941 2539 3252 2596 carceribus
3297 2542 3571 2596 custodie-

1982 2618 2199 2673 bantur.
2226 2619 2360 2676 Cum
2390 2636 2519 2694 ergo
2541 2638 2635 2680 eos
2663 2641 2693 2680 a
2715 2627 3038 2696 praesidibus
3083 2630 3174 2699 qui
3207 2631 3326 2687 illos
3352 2632 3408 2686 in
3446 2648 3572 2688 car-

1983 2721 2134 2763 ceres
2183 2710 2462 2779 miserant,
2496 2714 2698 2770 absolvi
2752 2732 2858 2772 non
2912 2728 3097 2788 posset
3142 2721 3455 2791 impetrare,
3503 2723 3571 2777 ad

1984 2799 2271 2856 Dominum
2298 2817 2460 2871 prece
2489 2803 2605 2860 fusa
2633 2807 2914 2863 absolvere
2938 2812 3258 2879 promeruit,
3290 2813 3383 2882 qui
3405 2813 3573 2870 etiam

1985 2906 2156 2946 caecos
2183 2893 2504 2950 illuminavit
2532 2905 2587 2951 et
2616 2897 2862 2954 inﬁrmos
2887 2901 3116 2955 curavit.
3143 2902 3278 2956 Cum
3309 2913 3490 2958 autem
3513 2905 3571 2960 in

1984 2982 2296 3054 episcOpatu
2342 3000 2440 3039 suo
2485 2985 2710 3058 triginta
2749 2995 2860 3043 tres
2901 2995 3074 3044 annos
3122 2989 3352 3046 feliciter
3389 2991 3574 3062 exple-

1986 3075 2086 3139 vit,
2117 3076 2184 3130 ad
2209 3075 2494 3130 Dominum
2522 3078 2804 3148 migravit;
2843 3080 2985 3148 quod
3017 3081 3200 3136 multis
3227 3080 3439 3138 indiciis
3465 3084 3571 3138 tui-

1909 3137 1956 3204 θ
1987 3167 2294 3222 raculorum
2321 3165 2474 3234 juxta
2509 3137 2815 3238 sepulcrum
2844 3137 2963 3238 ejus
3015 3171 3087 3226 ita
3118 3170 3321 3227 factum
3353 3173 3572 3229 claruit.

2057 3255 2100 3311 ll
2129 3255 2203 3310 In.
2234 3255 2290 3310 ln
2319 3256 2504 3311 Sicilia
2529 3258 2749 3313 civitate
2788 3258 3157 3314 Catinensium
3198 3261 3378 3316 natale
3415 3263 3571 3331 Eupli

1989 3345 2213 3419 [Euplii]
2255 3347 2489 3414 diaconi,
2541 3348 2635 3418 qui
2681 3363 2805 3402 cum
2854 3349 3157 3404 diutissime
3205 3360 3568 3420 torqueretur,

1987 3437 2288 3496 decollatus
2327 3449 2410 3494 est
2438 3455 2468 3493 a
2501 3438 2808 3495 Calvisiano
2831 3440 3140 3507 consulari,
3177 3448 3418 3510 tempore
3445 3441 3573 3497 Dio-

1988 3529 2203 3586 cletiani
2233 3539 2289 3585 et
2310 3531 2643 3586 Maximiani.
2889 3556 2933 3599 κ

2059 3624 2186 3678 lntn.
2219 3624 2425 3688 Romm,
2454 3625 2627 3679 sancti
2657 3624 2927 3695 Hippolyti
2950 3666 2964 3690 ,
2993 3627 3084 3696 qui
3131 3634 3375 3698 tempore
3423 3627 3571 3682 Decii

1988 3713 2186 3785 ligatus
2225 3714 2451 3785 pedibus
2480 3715 2547 3768 ad
2573 3714 2710 3769 colla
2747 3715 3129 3771 indomitorum
3168 3731 3450 3786 equorum,
3492 3717 3573 3772 sic

1988 3821 2089 3877 per
2116 3805 2346 3860 carduos
2374 3820 2438 3860 ac
2468 3805 2698 3862 tribulos
2728 3813 2934 3861 tractus
2980 3807 3162 3862 emisit
3205 3807 3476 3877 spiritum,
3517 3816 3576 3863 et

1991 3897 2305 3954 Concordiae
2339 3898 2567 3953 nutricis
2592 3897 2732 3966 ejus,
2771 3914 2892 3968 qua:
2917 3908 3041 3954 ante
3069 3900 3246 3969 ipsum
3287 3900 3582 3970 plumbatis

1991 4001 2130 4042 caesa
2157 3987 2552 4056 martyrizavit,
2586 3996 2641 4040 et
2666 3986 2896 4041 aliorum
2924 3989 3296 4044 uovemdecim
3329 3989 3396 4044 de
3419 3989 3581 4045 domo

1991 4075 2131 4144 ejus,
2151 4076 2244 4145 qui
2266 4075 2427 4130 simul
2449 4075 2692 4130 decollati
2729 4086 2875 4130 sunt.
2905 4077 3104 4132 Eodem
3133 4079 3219 4132 die
3247 4079 3428 4132 natale
3455 4093 3582 4134 san-

1993 4169 2067 4222 cti
2091 4167 2334 4222 Cassiani
2361 4166 2566 4233 Romzc,
2597 4167 2833 4236 quicum
2867 4168 3097 4222 adorare
3125 4168 3268 4222 idola
3293 4167 3580 4235 noluisset,

1994 4261 2353 4328 interrogatus
2393 4273 2424 4312 a
2474 4266 2818 4327 persecutore
2873 4258 3002 4328 quid
3045 4259 3177 4314 artis
3218 4259 3462 4324 haberet,
3491 4275 3582 4316 re-

1995 4350 2211 4421 spondit
2234 4349 2360 4419 quia
2405 4363 2604 4418 pueros
2640 4357 2796 4403 notas
2819 4349 3067 4414 doceret;
3092 4358 3147 4403 et
3172 4364 3297 4403 mox
3319 4348 3582 4417 spoliatus

315 4437 393 4508 git
418 4454 614 4510 corpus
648 4449 851 4497 sancta:
875 4442 1122 4514 virginis,
1169 4451 1224 4499 et
1256 4445 1573 4515 sanguinem
1599 4459 1759 4516 quem
1809 4447 1891 4501 fu-
1916 4477 1970 4542 Β
1995 4443 2254 4508 vestibus,
2282 4457 2344 4496 ac
2382 4441 2635 4496 manibus
2667 4449 2793 4512 post
2829 4450 2984 4514 terga
3013 4443 3290 4506 revinctis,
3323 4443 3584 4496 statuitur

313 4531 467 4588 derat
493 4535 547 4588 in
571 4535 759 4590 eodem
784 4536 900 4591 loco
919 4552 1044 4592 cum
1072 4552 1170 4593 suo
1207 4538 1474 4594 velamine
1504 4541 1676 4605 tersit,
1709 4548 1764 4596 et
1791 4555 1886 4612 po-

315 4624 425 4678 suit
462 4623 519 4678 in
554 4639 770 4694 capsam
805 4637 1111 4695 argenteam
1143 4629 1198 4682 in
1248 4629 1450 4698 palatio
1494 4645 1610 4686 suo.
1647 4631 1749 4687 Ubi
1795 4631 1889 4686 diu

314 4722 585 4786 noctuque
604 4716 815 4773 furtivis
840 4718 1049 4774 vicibus
1069 4732 1230 4774 orare
1255 4734 1366 4775 non
1394 4723 1664 4788 cessabat,
1692 4737 1888 4792 corpus

316 4818 498 4866 autem
540 4819 738 4866 sanctae
768 4809 1030 4867 Susannze
1076 4812 1191 4882 ipsa
1232 4812 1486 4868 manibus
1540 4812 1652 4869 suis
1677 4815 1890 4870 ornavit

316 4916 438 4956 cum
472 4901 874 4957 linteaminibus
921 4910 977 4958 et
1022 4902 1376 4969 aromatibus,
1406 4911 1462 4958 et
1511 4905 1692 4973 posuit
1733 4904 1889 4974 juxta

318 5009 544 5063 corpora
574 5002 880 5049 sanctorum
905 4994 960 5049 in
979 4995 1292 5050 cmmeterio
1311 4995 1600 5053 Alexandri
1624 5008 1670 5050 α.
1688 4997 1892 5054 Eodem

319 5086 404 5140 die
421 5085 602 5156 passio
619 5085 788 5140 sancti
826 5085 1056 5142 Tiburtii
1099 5087 1378 5157 martyris,
1401 5087 1468 5143 de
1491 5102 1600 5158 quo
1625 5088 1890 5158 scriptum

392 5269 419 5298 α
447 5257 650 5311 Eadem
667 5256 826 5311 habet
851 5255 996 5327 Beda
1026 5262 1304 5327 :_attamen
1333 5255 1473 5311 hanc
1495 5255 1778 5312 historiam
1799 5270 1892 5327 pe-

320 5327 464 5382 nitus
499 5341 656 5382 ruere
680 5336 863 5380 monet
882 5325 1132 5380 Baluzius
1154 5326 1223 5380 ad
1247 5325 1583 5380 Lactantium
1614 5345 1626 5380 :
1663 5327 1711 5380 l.
1746 5325 1889 5381 enim

322 5397 518 5452 falsum
561 5405 646 5452 est
680 5396 937 5451 Serenam
965 5395 1130 5450 fuisse
1166 5396 1482 5465 Augustam,
1514 5413 1635 5450 cum
1681 5397 1895 5451 unicam

322 5481 546 5520 uxorem
568 5467 786 5521 duxerit
805 5466 1166 5520 Diocletianus
1185 5467 1402 5520 nomine
1427 5465 1685 5521 Priscum.
1704 5466 1758 5520 2.
1775 5467 1898 5520 Fal-

323 5537 469 5605 litur“
495 5535 771 5601 Rabanus,
799 5537 889 5605 qui
915 5537 1099 5591 credat
1145 5535 1471 5590 Diocletiano
1495 5537 1660 5591 fuisse
1704 5537 1894 5602 ﬁlium,

326 5605 410 5676 cui
438 5603 739 5676 Susannam
763 5603 1014 5676 conjugio
1047 5606 1276 5676 jungere
1301 5606 1685 5676 prepriamque
1713 5607 1896 5662 dicare

327 5673 559 5756 voluerit
576 5691 608 5756 ;.
631 5677 826 5756 quippe
855 5673 1031 5756 nullos
1051 5673 1264 5756 imbuit
1301 5673 1761 5756 ﬁ_lio;s_Au_gt'tstus,
1785 5677 1893 5756 sed

336 5743 544 5798 Valeria
563 5743 678 5814 ejus
706 5743 813 5798 ﬁlia
849 5745 1064 5800 Galerio
1093 5747 1288 5816 nupsit.
1319 5747 1373 5800 5.
1403 5745 1496 5800 llla
1527 5746 1757 5815 denique
1785 5747 1891 5800 Va-

732 5839 1008 5898 PATnOL.
1045 5838 1180 5900 CX.

1996 4538 2050 4591 in
2075 4536 2274 4600 medio,
2305 4534 2619 4603 vocatisque
2650 4535 2856 4604 pueris,
2883 4536 3078 4604 quibus
3114 4535 3358 4590 docendo
3382 4549 3583 4590 exosus

1998 4626 2172 4681 factus
2191 4634 2332 4690 erat,
2356 4626 2482 4679 data
2523 4633 2607 4679 est
2638 4624 2866 4679 facultas
2891 4639 3016 4679 eum
3057 4625 3386 4692 perimendi;
3412 4633 3471 4677 at
3502 4623 3581 4678 illi

1997 4723 2258 4786 quantum
2293 4715 2575 4769 doluerant
2605 4714 2900 4778 discentes,
2923 4721 3132 4767 tantum
3153 4727 3212 4767 se
3231 4713 3418 4767 ulcisci
3441 4729 3580 4784 gau-

1997 4806 2207 4870 dentes,
2238 4804 2328 4858 alii
2356 4817 2479 4858 eum
2526 4803 2722 4858 tabulis
2752 4818 2816 4858 ac
2861 4803 3092 4858 buxibus
3134 4802 3231 4873 (sic
3269 4803 3394 4862 ms.)
3422 4803 3580 4859 ferie~

1998 4898 2146 4962 bant,
2173 4897 2264 4951 alii
2295 4896 2448 4968 stylis
2475 4895 2834 4950 vulnerabant
2866 4913 2879 4948 :
2924 4910 3153 4965 quorum
3191 4902 3396 4964 quanto
3425 4894 3554 4948 inﬁr
3593 4936 3602 4954 ,

1997 4988 2138 5042 mior
2164 4995 2284 5042 erat
2321 4999 2544 5050 manus,
2573 4992 2722 5040 tanto
2756 4985 3058 5056 graviorem
3088 4985 3332 5054 martyrii
3355 4998 3576 5055 poenam

1998 5079 2162 5136 dilata
2216 5084 2391 5132 morte
2430 5075 2680 5132 faciebat.
2727 5076 2804 5132 De
2845 5091 2951 5146 quo
2991 5076 3207 5145 scripsit
3248 5075 3576 5131 Prudentius

1995 5252 2129 5309 leria
2151 5251 2364 5324 conjugi
2390 5252 2689 5322 supervixit
2711 5259 2766 5324 et
2800 5250 3102 5324 miserabili
3120 5259 3294 5324 morte
3321 5248 3455 5324 obﬁt
3477 5247 3579 5304 sub

1999 5323 2225 5402 hicittio.
2249 5318 2473 5402 Videas
2496 5323 2821 5402 tamennhac
2861 5321 2944 5402 de.
2971 5336 3030 5375 re
3074 5318 3371 5402 Aringhum
3393 5318 3580 5402 Roma:

2001 5393 2377 5448 Subterraneae
2416 5393 2451 5445 Ι.
2486 5409 2558 5456 ιν,
2587 5408 2633 5445 c.
2666 5391 2755 5456 79,
2808 5392 2898 5458 qui
2929 5391 3043 5445 hare
3091 5388 3305 5460 subjicit
3341 5404 3408 5460 ex
3454 5388 3577 5460 cod.

2000 5479 2103 5517 ms.
2140 5479 2153 5516 :
2191 5481 2208 5513 ι
2249 5463 2432 5516 Posuit
2452 5462 2604 5530 juxta
2629 5476 2856 5529 corpora
2887 5459 3200 5514 sanctorum
3231 5459 3578 5515 Chrisanthze

1999 5543 2054 5588 ct
2101 5533 2276 5587 Darite
2321 5533 2408 5586 via
2464 5532 2672 5586 Salaria
2729 5533 2782 5585 in
2835 5531 3085 5585 arenario
3127 5530 3281 5600 juxta
3325 5537 3574 5600 sanctum

2000 5603 2363 5657 Alexandrum
2422 5601 2475 5655 in
2533 5601 2750 5655 civitate
2802 5601 3041 5670 Teiguna
3103 5598 3162 5655 Ill
3216 5600 3290 5654 ld.
3343 5598 3571 5670 _Aug.___r

2001 5674 2259 5726 Susannae
2290 5671 2570 5726 ecclesiam
2607 5688 2634 5723 a
2669 5663 3026 5725 fundamentis
3073 5670 3308 5725 restituit
3342 5663 3467 5720 Leo'
3487 5663 3574 5720 Ill.

2000 5745 2158 5797 Basn.

3067 5832 3143 5888 37
