4112 6364
243 380 393 438 1165

1572 359 1764 420 MART
1775 357 2204 426 YROLOGIUM.

3397 358 3541 416 1166

318 491 415 548 Vll
441 487 585 545 ΚΜ..
631 482 824 540 Natale
849 477 1092 537 Herenari
1127 476 1361 551 [lrenaei]
1384 483 1440 532 et
1464 475 1702 532 Abundii
1732 474 2091 540 Ro—Aomni
2115 473 2338 546 praeiret
2360 473 2538 545 gratia
2575 473 2860 540 virtutum,
2891 472 2986 530 sed
3013 472 3098 529 ita
3133 473 3341 543 ingenti
3366 474 3546 547 gloria

243 601 376 652 mae,
421 597 564 654 quos
589 579 826 637 Deciana
853 572 1228 647 persecutione
1254 571 1417 641 jussit
1444 569 1764 627 Valerianus
1793 568 1850 624 in

243 681 436 736 cloaca
474 673 696 730 necari:
729 686 793 726 eo
818 669 963 741 quod
1000 680 1197 736 corpus
1221 664 1397 720 beata:
1436 661 1754 718 Concordia:
1789 660 1851 716 in

246 770 502 828 cloacam
532 764 760 821 missum
792 757 1108 824 levaverint,
1131 763 1187 811 et
1213 756 1457 826 ipsorum
1487 767 1702 824 quoque
1730 766 1851 808 cor-

246 876 356 934 pus
385 856 596 915 levavit
619 849 1194 922 Justinuspresbyter,
1225 854 1284 904 et
1311 846 1559 918 sepelivit
1580 845 1638 901 in
1661 851 1854 916 crypta

239 952 408 1024 juxta
447 951 672 1004 beatum
703 943 1081 1000 Laurentium.

322 1041 394 1096 Vl
423 1040 567 1095 ΚΑι.
596 1038 653 1092 In
681 1036 853 1093 Gallia
876 1035 1096 1091 Arelate
1119 1034 1340 1090 civitate
1367 1031 1634 1104 depositio
1681 1031 1858 1089 sancti

246 1133 483 1191 Caesarii
505 1130 768 1202 episcopi.
797 1127 1186 1199 Augustodqu
1213 1125 1478 1196 depositio
1506 1125 1680 1182 sancti
1712 1123 1857 1196 Sya-

229 1225 360 1296 grii
394 1220 668 1295 episcopi.

230 1333 236 1338 -
288 1315 373 1368 ...V
440 1314 585 1369 ΚΜ..
659 1309 720 1366 In
767 1308 952 1364 Αἰτίαι
1014 1308 1280 1379 depositio
1340 1308 1513 1364 sancti
1573 1306 1860 1378 Augustini

249 1404 528 1476 episcopi,
559 1403 652 1472 qui
680 1402 855 1472 primo
883 1399 951 1456 de
978 1415 1074 1454 sua
1102 1399 1320 1454 civitate
1349 1408 1570 1470 propter
1599 1399 1862 1456 barbaros

255 1495 580 1551 Sardiniam
615 1493 934 1559 translatus,
962 1507 1133 1563 nuper
1159 1508 1190 1546 a
1215 1491 1549 1547 Luitbrando
1574 1507 1699 1563 rege
1721 1491 1863 1548 Lon-

253 1589 633 1660 gobardorum
662 1587 865 1643 Ticinis
913 1583 1206 1658 [Ticinum]
1235 1583 1438 1640 relatus
1460 1592 1517 1638 et
1563 1575 1866 1639 honorifice

253 1681 522 1738 conditus
571 1687 673 1736 est.
735 1678 939 1735 Eodem
999 1677 1088 1734 die
1129 1676 1318 1733 .natale
1367 1677 1543 1732 sancti
1591 1675 1865 1732 Hermetis

255 1772 547 1843 martyris.

1951 584 2065 625 suae
2085 567 2276 640 plebis,
2297 567 2482 638 populi
2502 567 2716 625 Domini
2736 566 2993 624 Ecclesiae
3011 566 3348 637 praesideret,
3369 582 3544 639 usque

1955 661 2025 717 ad
2049 658 2853 732 expulsionemejusfrementis
2873 660 3074 716 diaboli
3094 660 3302 716 exarsit
3319 660 3544 718 invidia.

1947 749 2112 808 Hunc
2139 765 2272 822 ergo
2313 766 2440 808 cum
2467 750 2664 806 seditio
2706 749 2887 822 populi
2917 750 3379 822 persequebatur,
3421 759 3548 824 post

1954 842 2152 899 multas
2169 843 2558 900 .tribulationes
2579 843 2634 898 in
2658 842 3151 914 peregrinationem
3189 847 3434 916 perrexit
3468 853 3554 902 at-

1954 953 2066 1010 que
2077 936 2194 994 solo
2209 952 2397 997 secum
2409 936 2704 993 comitante
2716 950 2886 1007 puero
2896 936 2956 992 in
2967 935 3260 1008 Egyptum
3275 938 3548 1009 pervenit,

1957 1035 2145 1107 ibique
2180 1033 2324 1088 inter
2369 1035 2730 1090 anachoretas
2759 1032 3158 1089 strictissimam
3183 1033 3357 1088 vitam
3395 1032 3552 1089 duxit

1959 1137 2016 1182 et
2036 1125 2291 1181 nobiliter
2304 1133 2661 1179 conversatus
2677 1131 2763 1180 est
2783 1142 2799 1177 :
2823 1139 2984 1193 quem
2996 1132 3218 1180 sanctus
3227 1124 3550 1193 Antiochus,

1932 1219 2245 1288 presbyter
2284 1215 2661 1288 Lugdunensis
2683 1255 2698 1282 ,
2736 1216 2829 1286 pio
2873 1216 3132 1272 incitatus
3165 1215 3342 1273 ofﬁcio
3382 1229 3554 1287 usque

1959 1310 2029 1365 ad
2051 1307 2381 1365 visitandum
2403 1321 2558 1363 suum
2577 1309 2893 1378 episcopum
2913 1323 3141 1379 pergere
3163 1309 3348 1364 animo
3373 1307 3556 1366 inten-

1963 1401 2076 1467 dit,
2131 1414 2292 1470 quem
2325 1400 2619 1455 etiamad
2669 1415 2730 1456 se
2765 1407 3056 1456 venturum
3101 1407 3323 1456 sanctus
3360 1383 3556 1457 'Justus

1964 1491 2248 1563 episcopus
2267 1491 2516 1561 przedixit
2541 1491 2627 1546 his
2657 1491 2751 1562 qui
2775 1506 2960 1547 secum
2989 1499 3165 1547 erant.
3193 1490 3325 1548 Post
3351 1489 3558 1560 aliquot

1965 1597 2098 1639 vero
2132 1583 2249 1640 dies
2277 1590 2498 1638 sanctus
2520 1581 2618 1638 Dei
2657 1583 2900 1653 migrans
2937 1582 3010 1638 de
3035 1583 3138 1638 hoc
3165 1581 3363 1638 saeculo
3381 1623 3396 1647 ,
3431 1595 3556 1638 ossa

1955 1691 2066 1734 “sua
2112 1676 2182 1732 ad
2208 1676 2403 1732 sedem
2443 1688 2599 1731 suam
2628 1675 2812 1730 divino
2838 1684 2973 1731 nutu
2999 1674 3288 1731 transferri
3334 1687 3554 1746 prome-

1967 1768 2096 1833 ruit,
2121 1767 2310 1839 ibique
2338 1766 2637 1824 honorifice
2672 1767 2909 1838 sepeliri.

332 1861 405 1918 1V
428 1861 570 1916 ΚΑι..
596 1859 657 1916 In
676 1859 932 1928 Venusio,
956 1860 1174 1916 civitate
1201 1859 1430 1930 Apuliae,
1459 1857 1636 1919 natale
1663 1857 1862 1916 Felicis
1889 1851 1938 1914 Β
2035 1857 2103 1912 Ill
2139 1855 2276 1913 Non.
2328 1857 2387 1912 In
2415 1856 2765 1924 Alexandria,
2808 1857 3070 1928 Aristippi
3091 1858 3370 1928 .episc0pi;
3415 1864 3470 1912 et
3500 1856 3558 1911 in

257 1954 511 2024 episcopi
532 1953 768 2010 civitatis
791 1953 1176 2020 Tuhrozensis,
1198 1951 1512 2008 etlannarii
1533 1951 1861 2024 presbyteri,

257 2051 318 2098 et
345 2043 730 2098 Fortunatiani
758 2052 814 2099 et
858 2043 1165 2114 Septimini,
1203 2043 1469 2100 lectorum
1488 2084 1503 2110 ,
1534 2045 1627 2114 qui
1659 2053 1865 2114 tempo-

259 2133 419 2189 ribus
446 2133 769 2190 Diocletiani
805 2135 861 2190 in
889 2149 988 2190 sua
1028 2136 1250 2190 civitate
1275 2137 1412 2191 tenti
1449 2151 1482 2190 ι
1508 2136 1866 2208 Magnelliano

261 2235 628 2295 procuratore
671 2241 803 2281 xvm
841 2223 960 2298 Kal.
984 2225 1133 2293 Julii,
1158 2227 1282 2283 inde
1306 2227 1490 2283 multis
1515 2229 1606 2284 diu
1633 2229 1867 2286 vinculis

263 2325 322 2372 et
335 2319 654 2376 carceribus
666 2319 946 2386 macerati,
959 2328 1016 2374 et
1027 2320 1084 2374 in
1100 2318 1247 2395 Asia,
1270 2328 1324 2373 et
1343 2321 1399 2375 in
1425 2320 1632 2388 Sicilia,
1648 2321 1868 2378 tandem

257 2409 322 2464 in
356 2412 633 2468 occisione
664 2413 827 2483 gladii
855 2414 1212 2468 consummati
1240 2422 1386 2469 sunt.
1426 2414 1616 2470 Natale
1666 2424 1870 2471 sanctae

269 2498 496 2556 Sabina:
539 2503 816 2573 martyris.
871 2504 1077 2559 Eadem
1122 2506 1210 2560 die
1253 2504 1560 2560 celebratur
1585 2505 1870 2562 decollatio

273 2591 456 2644 sancti
485 2588 710 2644 Joannis
735 2591 1019 2660 Baptistm,
1051 2593 1144 2663 qui
1170 2595 1345 2662 primo
1374 2595 1429 2648 in
1462 2594 1708 2649 Samaria
1735 2611 1867 2650 con-

271 2679 442 2748 ditus,
468 2697 611 2737 nunc
633 2682 690 2736 in
724 2682 1054 2739 Alexandria
1087 2705 1100 2739 :
1129 2701 1298 2757 porro
1326 2695 1490 2756 caput
1534 2687 1602 2742 de
1651 2686 1870 2744 Jeroso-

269 2770 437 2842 lymis
477 2775 546 2829 ad
577 2773 852 2831 Phoenicis
875 2777 1067 2832 urbem
1098 2775 1362 2834 Emissam
1395 2778 1698 2851 [Edessam]
1724 2780 1872 2836 dela-

269 2869 390 2918 tum
415 2874 526 2921 εει.

342 2956 412 3012 Ill
434 2958 574 3013 ΚΑι..
624 2959 810 3014 Romae
831 2959 1011 3014 natale
1029 2968 1344 3016 sanctorum
1365 2971 1664 3034 martyrum
1679 2961 1875 3019 Felicis

271 3053 331 3100 et
358 3047 593 3102 Audacti
611 3089 624 3114 ,
661 3048 977 3103 Gaudentius
1001 3050 1226 3121 virginis
1255 3065 1379 3105 cum
1410 3050 1638 3122 reliquis
1675 3051 1874 3118 tribus,

263 3145 332 3193 et
365 3140 640 3210 depositio
665 3140 805 3211 Agili
846 3139 1081 3196 abbatis.

1967 1947 2148 2021 Syria,
2177 1948 2433 2004 Antonini
2460 1949 2615 2018 pueri
2645 1963 2910 2004 annorum
2956 1950 3166 2021 viginti,
3191 1958 3246 2005 et
3284 1949 3558 2005 Aristonis

1966 2042 2239 2113 episcopi,
2261 2051 2327 2098 'et
2347 2043 2402 2097 in
2429 2043 2648 2106 Caudis,
2676 2043 2948 2099 Vitaliani.

2037 2136 2084 2192 ll
2107 2135 2244 2192 Non.
2274 2135 2333 2191 ln
2358 2137 2494 2192 urbe
2517 2136 2863 2192 Cabilonensi
2889 2136 3070 2191 natale
3118 2136 3292 2190 sancti
3319 2135 3560 2190 Marcelli

1968 2228 2227 2299 martyris
2244 2267 2262 2295 ,
2285 2227 2378 2299 qui
2407 2229 2510 2284 sub
2535 2227 2812 2284 Antonino
2839 2228 3170 2298 imperatore
3191 2241 3287 2296 per
3313 2227 3560 2281 Priscum

1969 2319 2256 2390 praesidem
2278 2333 2470 2388 passus
2490 2326 2595 2374 est.
2624 2317 2760 2374 Nam
2782 2333 2907 2374 cum
2935 2317 3101 2373 nollet
3130 2317 3272 2374 idola
3307 2318 3559 2384 adorare,

1970 2409 2344 2481 multipliciter
2385 2409 2760 2482 torquebatur.
2797 2407 3029 2464 Sanctus
3074 2423 3207 2479 ergo
3256 2416 3462 2478 martyr
3507 2408 3561 2462 in

1969 2506 2156 2560 animo
2181 2503 2390 2560 ctclesti
2418 2503 2618 2558 virtute
2645 2501 2954 2567 roboratus,
2985 2501 3287 2557 secundum
3307 2501 3424 2558 loca
3448 2501 3564 2556 ido-

1970 2592 2170 2659 lorum,
2193 2593 2270 2649 ita
2288 2601 2344 2648 et
2367 2592 2631 2662 supplicia
2655 2593 3044 2658 commutabat,
3067 2580 3314 2663 equulei‘s
3339 2602 3568 2649 extensa

1973 2684 2219 2741 membra
2253 2693 2569 2739 catenarum
2605 2684 2839 2740 stridore
2863 2684 3051 2749 laniat,
3087 2684 3291 2755 ignium
3317 2682 3568 2754 globibus

1930 2814 1938 2818 -
1975 2775 2088 2847 (Ita
2116 2775 2240 2844 me.)
2271 2775 2402 2842 urit,
2425 2782 2481 2829 et
2503 2774 2777 2829 dissolutis
2811 2775 3010 2830 ictibus
3035 2782 3189 2830 artus
3224 2781 3417 2830 exusta
3441 2789 3566 2830 cor-

1935 2879 1938 2884 '
1974 2865 2124 2937 poris
2151 2865 2422 2920 elementa
2446 2864 2748 2936 iungebant
2778 2885 2790 2919 :
2839 2865 2935 2921 sed
2964 2854 3167 2920 athleta
3201 2865 3593 2934 fortissimus,,

1977 2957 2218 3014 auctoris
2246 2959 2329 3014 sui
2355 2956 2483 3014 Jesu
2509 2958 2713 3014 Christi
2735 2958 2881 3013 intra
2915 2957 3124 3013 viscera
3163 2958 3403 3014 retinens
3435 2973 3568 3029 pas-

1971 3051 2206 3117 sionem,
2237 3051 2554 3123 gloriosiore
2581 3051 2877 3108 certamine
2912 3052 3312 3121 triumphabat,
3342 3060 3398 3108 et
3427 3054 3570 3110 anti-

1978 3163 2140 3218 quam
2157 3147 2316 3202 fidem
2335 3155 2728 3202 tormentorum
2740 3146 2953 3203 novitas
2974 3155 3184 3202 mutare
3207 3164 3314 3202 non
3329 3157 3569 3218 poterat.

348 3231 393 3286 ll
422 3232 564 3287 ΚΛι.
606 3233 847 3288 Treviris
870 3233 1137 3304 depositio
1191 3234 1366 3289 sancti
1391 3233 1602 3290 Paulini
1634 3236 1875 3306 episcopi
1903 3217 1950 3282 Ο
1981 3217 2097 3294 Hoc
2123 3253 2340 3310 semper
2379 3239 2551 3308 iniqui
2603 3239 2966 3309 persecutoris
3016 3217 3430 3310 interrogationi
3478 3253 3570 3295 re-

277 3335 334 3382 et
361 3326 715 3393 confessoris,
744 3329 980 3398 quicum
1006 3344 1105 3398 pro
1133 3329 1236 3384 fide
1265 3329 1528 3384 catholica
1555 3344 1589 3383 a
1618 3329 1880 3385 Constan-

277 3418 358 3474 tio
386 3419 716 3489 imperatore
741 3418 849 3474 filio
875 3418 1215 3476 Constantini
1239 3421 1522 3478 exsiliatus
1543 3420 1756 3489 fuisset,
1773 3423 1877 3479 ibi-

282 3511 411 3568 dem
440 3511 728 3582 requievit.

771 3645 1395 3728 SEPTEMBER.

359 3782 500 3839 ΚΜ..
531 3780 803 3838 Sarrana.
831 3781 1237 3842 Cennomannis
1257 3786 1477 3844 civitate
1491 3783 1682 3844 Gallia:
1701 3787 1883 3844 natale

291 3874 532 3932 Victoris
565 3875 836 3947 [Victorii]
869 3878 1126 3947 episcopi.
1158 3879 1293 3933 Nam
1323 3881 1454 3936 dum
1487 3892 1712 3937 sanctus
1744 3881 1883 3936 Mar-

287 3967 445 4022 tinus
476 3966 808 4021 Turonensis
837 3966 1121 4037 episcopus
1150 3971 1392 4039 perrexit
1415 3971 1485 4025 ad
1515 3973 1883 4042 sepeliendum

291 4055 611 4129 Leporium,
638 4059 950 4130 pontificem
976 4062 1301 4131 supradictae
1345 4063 1518 4129 urbis,
1549 4074 1603 4119 et
1643 4066 1884 4123 venisset

295 4150 371 4204 ad
390 4149 676 4220 oppidum,
704 4151 1001 4220 respiciens
1023 4153 1157 4208 vidit
1182 4155 1456 4210 hominem
1485 4168 1800 4228 operantem
1829 4161 1885 4215 in

297 4241 480 4309 vinea,
505 4250 731 4312 oratque
751 4241 1003 4309 clericus,
1027 4244 1342 4301 subdiacOni
1361 4245 1592 4302 cilicium
1615 4249 1843 4320 adeptus
1867 4269 1880 4303 :

297 4333 706 4405 revelatumque
730 4344 813 4390 est
839 4344 1024 4391 sancto
1058 4338 1149 4392 Dei
1175 4354 1240 4393 eo
1273 4341 1418 4410 quod
1447 4341 1562 4410 ipse
1586 4351 1730 4398 esset
1759 4359 1884 4399 suc-

299 4439 554 4483 cessurus
581 4429 652 4484 :in
685 4429 1057 4500 aepisc0palem
1089 4430 1276 4487 tlocum
1321 4451 1335 4487 :
1368 4436 1690 4506 voeavitque
1735 4436 1888 4492 illum

293 4529 524 4576 sanctus
552 4521 816 4577 Martinus
846 4522 912 4578 ad
949 4539 1007 4578 se
1052 4524 1238 4581 dicens
1281 4525 1357 4581 illi
1404 4544 1417 4582 :
1451 4547 1469 4580 ‹
1493 4528 1737 4585 Benedic
1764 4545 1885 4597 me,

1984 3331 2273 3400 spondens,
2303 3329 2421 3385 fieri
2443 3344 2785 3400 nequaquam
2807 3344 2965 3400 posse
2985 3337 3046 3385 ut
3071 3330 3166 3400 qui
3189 3330 3360 3386 Deum
3391 3331 3574 3385 vivum

1981 3422 2232 3477 sensibus
2244 3422 2559 3491 recepisset,
2586 3436 2716 3476 saxa
2735 3435 2897 3477 sensu
2915 3423 3156 3477 carentia
3175 3429 3270 3476 aut
3283 3421 3576 3478 simulacra

1981 3515 2288 3569 daemonum
2315 3514 2598 3580 adoraret;
2631 3529 2794 3584 quem
2819 3513 3183 3583 nequissimus
3207 3528 3426 3585 praises,
3451 3527 3576 3569 cum

1983 3605 2038 3659 in
2061 3606 2339 3676 suppliciis
2357 3607 2526 3660 divini
2541 3606 2746 3661 favoris
2757 3608 2932 3678 gratia
2942 3609 3251 3664 adverteret
3272 3607 3576 3674 fortiorem,

1982 3698 2227 3753 inaudito
2295 3698 2630 3756 crudelitatis
2675 3700 2965 3770 exemplo,
3013 3701 3133 3771 plus
3184 3717 3348 3772 quam
3391 3703 3578 3757 furore

1983 3791 2352 3861 persecutoris
2400 3792 2676 3847 insaniens
2701 3832 2716 3858 ,
2774 3792 2956 3848 defodi
3007 3806 3132 3848 eum
3175 3793 3393 3864 cingulo
3421 3802 3580 3850 tenus

1979 3882 2180 3953 jussit,
2210 3884 2304 3938 sed
2351 3884 2530 3939 triduo
2574 3885 2628 3939 in
2671 3885 2922 3940 laudibus
2949 3884 3152 3941 Christi
3195 3887 3580 3958 omnipotentis

1987 3973 2198 4030 Domini
2231 3991 2294 4030 ac
2323 3979 2415 4031 Dei
2444 3977 2528 4033 sui
2555 3993 2652 4033 ore
2678 3986 2733 4032 et
2773 3993 2960 4033 amore
2987 3981 3287 4048 perdurans
3307 4020 3323 4046 ,
3345 3980 3580 4034 interim

1987 4071 2150 4124 terris
2190 4071 2433 4126 membra
2463 4080 2679 4127 terrena
2726 4076 3136 4140 commendans,
3163 4075 3413 4144 spiritum
3450 4089 3577 4130 san-

1989 4168 2134 4214 ctum
2157 4144 2345 4217 emisit
2368 4162 2434 4215 ad
2461 4163 2650 4218 caelos.

2060 4253 2245 4309 Noxts.
2278 4255 2334 4309 In
2374 4264 2534 4326 portu
2560 4254 2746 4310 Romae
2780 4255 2959 4312 natale
2991 4257 3247 4324 Taurini,
3289 4258 3581 4314 Eraculani

1990 4345 2352 4420 [Herculani],
2385 4348 2518 4402 etin
2551 4346 2910 4416 Alexandria,
2936 4348 3165 4421 Nymphi
3195 4357 3249 4405 et
3278 4347 3583 4417 Saturnini,

1988 4451 2042 4499 et
2069 4443 2334 4513 depositio
2357 4442 2502 4498 beati
2523 4442 2746 4516 ingenui
2775 4444 3014 4515 episcopi
3039 4487 3052 4510 ,
3095 4452 3148 4500 et
3171 4443 3226 4499 in
3249 4442 3546 4515 Campania
3566 4485 3583 4511 ,

1993 4531 2197 4606 Quinti.
2228 4537 2284 4591 In
2313 4529 2519 4603 Galliis,
2553 4536 2772 4593 civitate
2793 4537 3141 4603 Vesontione,
3163 4536 3347 4593 natale
3368 4544 3588 4594 sancto—

299 4609 518 4665 domine
547 4610 753 4667 Victor.
795 4631 814 4662 ι
850 4612 948 4667 Cui
979 4613 1110 4669 ille:
1147 4633 1167 4666 ι
1205 4615 1442 4673 Benedic
1471 4626 1530 4673 tu
1577 4619 1743 4686 mihi,
1789 4590 1888 4676 do;
1914 4590 1967 4652 θ
1994 4590 2390 4685 Iuturnam
2412 4590 2468 4684 et
2482 4590 2845 4685 resectis.

299 4703 449 4758 mine
475 4702 572 4769 mi,
613 4711 671 4758 et
710 4703 1024 4760 benedictus
1049 4719 1231 4762 sermo
1253 4717 1400 4763 tuus.
1433 4729 1451 4760 ι
1497 4709 1696 4780 Sicque
1732 4711 1890 4780 jussu

301 4793 480 4849 sancti
503 4791 610 4848 viri
638 4801 857 4849 secutus
896 4802 981 4850 est
1006 4811 1154 4863 eum,
1185 4811 1369 4867 quem,
1394 4809 1689 4856 convocata
1731 4802 1892 4872 plebe

304 4895 468 4955 atque
527 4887 828 4942 coadunata
859 4927 874 4953 ,
930 4889 1204 4945 ordinavit
1254 4891 1565 4962 episcopum
1597 4935 1612 4960 ,
1666 4893 1890 4964 ejusque

303 4972 496 5041 tilium,
533 4976 867 5032 Victorinum
903 4981 1140 5048 nomine,
1170 4983 1482 5053 baptizavit,
1516 4995 1572 5041 et
1614 5001 1798 5044 secum
1823 4990 1892 5044 ad

305 5065 653 5121 nutriendum
683 5068 750 5123 ad
779 5067 874 5124 Dei
897 5070 1176 5126 servitium
1203 5073 1326 5129 tulit
1353 5089 1368 5128 :
1398 5091 1558 5146 quem
1581 5077 1745 5134 etiam
1769 5085 1892 5149 post

305 5156 514 5212 obitum
539 5159 708 5229 patris
745 5161 981 5219 defuncti
1009 5163 1187 5220 eidem
1237 5167 1443 5225 civitati
1477 5169 1744 5226 ordinavit
1775 5172 1878 5240 epi-

307 5262 552 5320 scopum.

264 5357 276 5392 l
379 5341 449 5396 IV
479 5343 614 5400 Non.
645 5345 907 5417 Lugduno
935 5346 1122 5405 Galliae
1154 5351 1417 5424 depositio
1473 5354 1608 5411 Justi
1657 5357 1893 5429 episcopi

306 5438 367 5490 et
391 5435 717 5495 confessoris
757 5456 769 5469 ·
804 5453 926 5495 cum
951 5449 1078 5511 post
1123 5443 1465 5500 diaconatum
1497 5449 1723 5504 antistes
1750 5449 1895 5505 ordi-

309 5533 471 5583 natus
492 5537 760 5596 est,tanta
781 5534 1031 5604 puritate,
1052 5537 1337 5603 modestia,
1367 5539 1587 5610 pietate,
1613 5542 1894 5612 patientia,

310 5635 408 5691 per
435 5621 634 5678 multos
673 5627 810 5682 rexit
852 5643 1039 5695 annos,
1077 5638 1222 5686 tanta
1249 5632 1395 5688 circa
1439 5647 1702 5704 pauperes
1732 5651 1893 5702 cura,

313 5721 464 5768 tanta
494 5715 793 5774 divinorum
825 5725 1199 5780 mandatorum
1231 5728 1593 5794 observantia,
1633 5739 1686 5783 ut
1731 5730 1896 5784 etiam

317 5810 630 5881 magnificos
660 5805 836 5884 atque~
857 5827 1174 5885 praestantes
1201 5819 1320 5878 illos
1352 5822 1564 5882 Domini
1589 5825 1896 5881 sacerdotes

2043 4722 2181 4791 [VIII
2231 4719 2308 4776 In.
2342 4723 2621 4776 Zachariae
2648 4723 2943 4793 propheta.
2993 4720 3179 4777 Romae
3205 4723 3314 4778 via'.
3341 4719 3584 4791 Salaria,

1995 4812 2247 4870 milliario
2302 4813 2370 4868 ab
2429 4811 2576 4867 Urbe
2628 4813 3112 4885 quinquagesimo,
3177 4813 3357 4869 natale
3410 4814 3589 4871 sancti

1997 4905 2297 4962 Eleutlierii
2319 4905 2577 4976 episcopi.
2603 4906 2658 4960 In
2677 4907 2950 4962 territorio
2968 4907 3340 4978 Cappadociae,
3365 4907 3589 4964 civitate

1997 4997 2290 5062 Ructensi,
2342 4995 2521 5052 natale
2571 4997 2743 5052 sancti
2773 4995 2975 5053 Cultidi
3033 4995 3297 5071 [Cottidi],
3358 4996 3590 5069 Eugenii

1997 5089 2237 5162 episcopi
2260 5097 2316 5145 et
2342 5089 2616 5146 sociorum
2650 5088 2785 5159 ejus.

2069 5181 2163 5238 Vll
2205 5182 2283 5238 In.
2315 5179 2506 5237 Natale
2551 5183 2724 5237 saneti
2769 5181 3078 5239 Chlodoaldi
3127 5181 3470 5240 confessoris.
3527 5182 3589 5240 In

2000 5273 2294 5344 Campania
2312 5273 2489 5330 natale
2506 5272 2826 5338 Innocentii,
2852 5282 2906 5329 et
2925 5274 2977 5328 in
2995 5273 3305 5330 Benevento
3322 5272 3590 5344 Januarii,

2001 5363 2171 5432 Festi,
2197 5364 2386 5430 Acuti,
2412 5371 2466 5420 et
2495 5365 2666 5420 Sancti
2691 5361 2886 5434 Synoti
2941 5374 2995 5420 et
3031 5363 3312 5420 Desiderii.
3340 5364 3586 5435 Arelate,

2005 5453 2190 5512 Gallia:
2242 5455 2495 5522 civitate,
2538 5451 2726 5509 nutrite
2749 5455 2926 5510 sancti
2969 5455 3275 5526 Augustalis
3323 5457 3584 5529 episcOpi.

2002 5548 2309 5604 Aurelianis
2338 5548 2560 5604 civitate
2583 5550 2755 5603 sancti
2785 5545 2990 5602 Evortii
3016 5549 3252 5619 episcopi
3289 5559 3343 5604 et
3371 5548 3588 5605 confes-

2005 5643 2162 5707 soris,
2196 5643 2287 5712 qui
2338 5653 2457 5711 post
2487 5642 2832 5697 Dcsinianum
2868 5642 3034 5712 ipsius
3077 5641 3330 5697 Ecclesia:
3379 5642 3590 5711 cpisco-

2003 5744 2188 5807 patutn
2219 5739 2446 5800 lllcl'llii;
2483 5737 2572 5806 qui
2619 5737 2778 5790 etiam
2806 5735 2987 5790 divino
3023 5744 3154 5790 nutu
3193 5750 3290 5806 per
3325 5721 3625 5792 columbae"

2004 5829 2237 5901 speciem
2289 5829 2522 5900 Spiritus
2570 5831 2741 5886 sancti
2796 5830 3058 5888 electione
3111 5830 3178 5887 ad
3221 5836 3593 5904 episcopatum
