4112 6364
681 269 812 328 1167

1342 278 1403 332 B.
1447 279 1694 335 RABANI
1731 280 1947 337 MAURI
1988 280 2302 357 ARCIIIEP.
2340 285 2648 346 MOGUNT.
2686 290 2970 351 OPERUM
3008 295 3189 355 PARS
3225 298 3292 356 Π.

3799 310 3950 375 1168

673 389 1073 460 percipiendum
1096 393 1289 464 dignus
1316 401 1566 450 ostensus
1589 405 1690 461 est,
1722 397 1860 451 sicut
1888 397 1940 450 in
1969 396 2095 449 Vita
2133 396 2250 463 ejus
2276 403 2325 463 Α
2352 396 2608 469 Januarii,
2666 419 2765 476 pro
2799 406 3001 467 Christi
3022 468 3025 477 λ
3043 413 3279 487 ιιοιιιὶιιθ⁵
3300 429 3457 487 passa
3476 457 3494 485 ,
3524 434 3652 485 cum
3679 427 3947 501 martyrii

673 481 1039 550 conscriptum
1067 483 1280 553 legitur.
1311 483 1409 539 llic
1441 485 1604 539 nobili
1648 493 1704 541 et
1732 495 1918 541 sancta
1958 501 2245 542 conversa-

672 573 819 627 tione
840 573 955 629 dies
981 586 1106 629 suos
1131 575 1436 647 complevit,
1467 586 1521 633 et
1550 578 1827 633 miraculis
1854 579 2075 645 claruit,
2103 580 2244 649 ipse-

669 680 773 733 que
822 650 965 722 diem
1009 668 1187 725 obitus
1231 669 1314 725 sui
1362 684 1457 739 per
1488 672 1870 727 revelationcm
1907 689 2242 744 agnoscens,

668 765 919 812 sanctum
946 757 1252 814 Annianum
1297 760 1606 831 episcopum
1640 765 1899 827 futurum,
1933 779 2000 817 ne
2050 763 2243 821 seditio

666 845 721 898 in
778 847 976 917 populo
1002 849 1256 915 oriretur,
1309 852 1588 922 pumicatis,
1642 854 1825 924 sicque
1874 854 1941 909 ad
1967 856 2243 912 caelestem

666 936 892 1006 gloriam
915 939 1181 994 transivit.
1215 938 1406 995 λΕάιίὶοὶ
1430 943 1647 998 civitate
1668 946 1719 998 in
1745 944 1952 1009 Galliis,
1985 946 2105 1002 loco
2128 946 2243 1002 Ali-

607 1057 615 1068 -
665 1029 843 1094 siuna,
894 1028 1076 1084 natale
1099 1042 1300 1085 sanctae
1335 1029 1553 1103 Reginae
1579 1036 1835 1107 martyris
1858 1077 1874 1103 ,
1901 1037 2055 1106 cujus
2093 1046 2241 1109 gesta

666 1117 957 1173 habentur.

737 1209 803 1263 ‘v’l
830 1209 906 1264 lo.
941 1209 1129 1266 Natale
1156 1222 1357 1269 sancite
1386 1214 1480 1270 Dei
1529 1215 1823 1285 genitricis.
1864 1219 1935 1276 Et
1982 1219 2039 1274 in
2076 1218 2236 1274 Nico-

663 1303 862 1365 media.
888 1304 1063 1359 sancti
1086 1304 1305 1360 Adriani
1333 1308 1589 1379 martyris
1613 1323 1738 1364 cum
1778 1310 1900 1366 aliis
1925 1310 2115 1383 viginti
2137 1310 2239 1364 tri-

663 1391 789 1457 bus;
815 1401 869 1446 et
893 1394 944 1446 in
969 1394 1294 1451 suburbanis
1313 1395 1765 1469 Mogimtiaceusis
1780 1400 2033 1457 Ecclesia:
2059 1400 2238 1458 natale

658 1486 832 1539 sancti
858 1485 1121 1541 Disibotbi
1147 1488 1494 1545 confessoris.

728 1576 771 1627 V
798 1578 870 1631 In.
898 1578 1102 1644 Horum,
1124 1579 1378 1651 Gorgonii
1404 1582 1661 1652 martyris
1680 1590 1736 1637 et
1755 1582 1999 1651 Candidi,
2025 1584 2231 1658 Cyrini,

657 1670 975 1737 Domiciani,
1025 1671 1271 1737 Eunoici,
1306 1672 1549 1740 Sisinnii,
1578 1675 1873 1742 Erachilii,
1918 1676 2230 1744 Alexandri,

2346 504 2544 546 corona
2574 495 2827 565 migravit
2854 499 2920 552 ad
2945 500 3250 559 Dominum.

2416 578 2459 634 ll
2484 579 2559 636 lo.
2596 582 2651 637 In
2679 583 2963 641 Antiochia
2994 591 3172 646 natale
3199 591 3488 666 Timothei,
3513 603 3648 658 etin
3698 606 3941 680 Pampa—

2343 669 2416 726 lia
2443 670 2653 744 (Forte,
2686 675 3017 752 Pamphylia)
3047 683 3227 739 natale
3257 684 3401 757 Syri,
3430 698 3485 746 et
3526 692 3583 749 in
3631 695 3823 754 Sicilia
3838 669 3937 757 ci-

2341 761 2513 857 vitate
2577 765 2821 857 Cathena
2881 766 3133 845 [Catana]
3186 776 3367 831 natale
3430 779 3603 850 Eupli.
3668 784 3940 857 Lugdune

2341 853 2564 947 civitate
2585 856 2850 929 depositio
2890 861 3034 918 beati
3077 863 3389 925 Sacerdotis
3417 872 3676 947 episcopi.
3707 853 3783 931 irr'
3802 878 3939 934 Gal-

2340 943 2426 1002 liis
2441 984 2463 1013 ,
2503 947 2724 1007 civitate
2768 948 3176 1023 Augustoduno,
3212 957 3477 1030 depositio
3519 943 3669 1022 beati
3710 967 3935 1028 Evantii

2338 1034 2597 1109 episcopi.

2408 1124 2484 1217 ln.
2535 1125 2597 1185 In
2638 1126 2832 1201 Gallia,
2871 1132 3093 1194 civitate
3114 1136 3381 1209 Turonis,
3408 1145 3676 1217 depositio
3719 1148 3931 1212 Lidorii

2338 1216 2597 1291 episcopi.
2686 1240 2693 1243 λ

2409 1307 2572 1403 XVIII
2593 1310 2729 1369 KAL.
2755 1315 2958 1374 Oc'ron.
3002 1318 3189 1377 Sancti
3230 1322 3467 1384 Cornelii
3506 1331 3794 1403 episcopi,
3840 1336 3932 1391 cui

2335 1400 2511 1472 primo
2534 1417 2598 1460 os
2618 1420 2740 1462 cuin
2762 1408 3055 1479 plumbatis
3074 1428 3295 1484 caesum,
3319 1426 3376 1474 et
3395 1421 3475 1476 sic
3517 1400 3824 1499 decolletus
3847 1435 3933 1483 est

2336 1508 2460 1549 cum
2485 1494 2608 1552 aliis
2634 1498 2825 1570 viginti
2866 1516 2976 1558 uno
3022 1505 3319 1574 promiscui
3348 1524 3540 1576 sexus,
3585 1522 3646 1568 et
3686 1494 3932 1570 Cerealis

2336 1586 2493 1643 miles
2519 1602 2644 1643 cum
2690 1605 2860 1647 uxore
2887 1606 2986 1647 sua
3014 1593 3268 1652 Sallustio
3289 1640 3305 1665 ,
3335 1615 3498 1670 quam
3536 1601 3831 1660 Cornelius
3859 1607 3929 1660 ab

2338 1676 2656 1736 inﬁmitate
2676 1693 2984 1740 sanaverat.
3016 1686 3215 1743 Passus
3236 1692 3335 1746 sub
3363 1692 3528 1749 Decio
3567 1712 3581 1747 :
3614 1695 3707 1751 hic
3729 1693 3929 1752 Corne-

653 1760 891 1827 Joannis,
920 1762 1149 1829 Claudii,
1177 1764 1479 1831 Athanasii,
1513 1765 1774 1834 Valentis,
1796 1766 1992 1836 Eliani,
2016 1768 2230 1836 Melicii,
2260 1748 2309 1808 B
2337 1769 2441 1826 lius
2487 1772 2820 1843 temporibus
2878 1777 2990 1834 suis
3034 1789 3254 1851 rogatus
3294 1798 3326 1838 a
3373 1748 3928 1855 quatientes—tuoin

651 1851 888 1919 Ecdicii,
939 1853 1156 1920 Acacii,
1200 1853 1444 1919 aniani,
1474 1856 1666 1923 Eliani,
1697 1859 1978 1924 Theoduli,
2014 1858 2232 1930 Cyrilli',

652 1944 843 2010 Flavii,
894 1943 1196 2011 Severiani,
1228 1947 1447 2011 Valerii,
1496 1950 1829 2017 Chudionis,
1883 1950 2229 2018 Sacerdonis,

655 2037 848 2107 Drisci,
873 2041 1079 2108 Evacii,
1102 2041 1398 2109 Iuvenalis,
1414 2043 1835 2109 Philoctimonis,
1857 2045 1989 2112 Etii,
2012 2045 2229 2113 Micalli,

649 2129 980 2203 Lysimachi,
1006 2134 1308 2206 Theophili,
1340 2133 1557 2200 Euticii,
1589 2136 1839 2203 Xanthii,
1862 2137 2042 2209 Aggii,
2060 2137 2231 2194 Leon-

649 2223 731 2287 tii,
756 2223 946 2289 lnsitii,
975 2223 1115 2291 Gaii,
1160 2224 1424 2280 Basilidis.
1469 2226 1533 2280 lli
1561 2242 1750 2282 omnes
1791 2228 1953 2282 simul
1992 2230 2226 2298 quadra-

650 2312 797 2381 ginta
831 2313 975 2382 passi
1014 2321 1140 2368 sunt
1175 2316 1507 2387 temporibus
1554 2315 1744 2370 Licinii
1793 2317 2134 2387 imperatoris
2174 2328 2231 2375 et

645 2405 917 2475 Agricolai
972 2408 1215 2476 praesidis
1241 2449 1254 2470 ,
1306 2415 1361 2462 et
1385 2408 1559 2479 Lysiae
1601 2409 1772 2463 ducis.
1808 2408 2008 2462 Eodem
2041 2409 2126 2464 die
2172 2411 2227 2465 in

647 2496 865 2553 Sabinis
898 2498 1078 2567 passio
1111 2499 1416 2554 celebratur
1440 2498 1674 2555 Jacinthi
1700 2499 1912 2552 diaconi
1944 2508 2000 2553 et
2024 2508 2225 2571 marty-

643 2590 739 2655 ris,
768 2590 859 2660 qui
889 2604 920 2644 a
954 2589 1190 2646 Luxurio
1209 2588 1567 2662 persecutore
1583 2589 1817 2649 traditus
1845 2598 1929 2646 est
1948 2590 2225 2649 'consulari

643 2684 884 2739 Leontio.
936 2685 1038 2741 llic
1083 2701 1204 2741 cum
1257 2702 1362 2741 non
1411 2696 1595 2758 posset
1640 2701 1763 2741 eum
1798 2686 2121 2756 compellere
2165 2694 2227 2741 ut

642 2776 978 2831 sacrificaret
1004 2777 1178 2842 idolis,
1202 2779 1349 2833 misit
1371 2780 1423 2834 in
1446 2779 1645 2849 ignem,
1668 2780 1758 2849 qui
1800 2779 1984 2834 statim
2021 2779 2224 2834 exstin-

642 2873 728 2921 tus
756 2873 871 2933 est;
916 2874 1103 2937 postea
1131 2869 1282 2923 misit
1325 2885 1448 2923 cum
1478 2871 1534 2925 in
1567 2885 1798 2939 aquam,
1835 2870 1929 2925 sed
1957 2884 2125 2924 sanus
2153 2867 2222 2924 ad

638 2955 789 3012 littus
841 2959 1095 3014 reductus
1138 2971 1240 3014 est.
1287 2959 1559 3015 Luxurius
1584 2975 1712 3015 vero
1740 2975 1864 3015 cum
1910 2975 1941 3013 a
1971 2967 2221 3030 serpente

636 3063 944 3120 percussus,
969 3049 1123 3119 juxta
1143 3052 1286 3120 quod
1315 3058 1534 3106 sanctus
1557 3052 1639 3105 vir
1665 3051 1714 3105 ei
1742 3050 2096 3121 praedixerat,
2126 3057 2215 3104 tu-

2325 1858 2539 1916 ‘anina
2565 1875 2793 1935 corpora
2834 1868 3201 1938 apostolorum
3226 1871 3372 1929 beati
3413 1875 3561 1931 Petri
3590 1885 3648 1932 et
3677 1878 3839 1932 Pauli
3865 1880 3931 1934 de

2334 1953 2683 2010 catacumbas
2714 1954 2917 2012 levavit
2957 1967 3123 2014 noctu
3157 1978 3170 2014 :
3202 1962 3436 2031 primum
3474 1966 3695 2034 quidem
3722 1982 3931 2036 corpus

2332 2039 2476 2099 beati
2499 2042 2657 2099 Pauli
2678 2046 2837 2102 beata
2861 2047 3067 2104 Lucina
3115 2055 3325 2123 accepit
3347 2061 3402 2109 et
3425 2055 3604 2125 posuit
3627 2057 3685 2110 in
3713 2054 3931 2127 przedio

2332 2148 2433 2189 suo
2460 2134 2548 2190 via
2580 2134 2818 2194 Ostiensi
2843 2138 2911 2193 ad
2940 2140 3102 2209 latus,
3134 2144 3226 2200 ubi
3268 2145 3564 2202 decollatus
3590 2148 3699 2203 fuit
3729 2168 3746 2204 :
3783 2149 3927 2206 beati

2333 2241 2463 2282 vero
2476 2226 2624 2284 Petri
2644 2244 2842 2302 corpus
2870 2231 3060 2290 beatus
3080 2234 3363 2293 Cornelius
3378 2240 3588 2310 accepit
3604 2241 3925 2313 episcopus,

2329 2324 2385 2371 et
2408 2319 2591 2387 posuit
2626 2317 2783 2387 juxta
2813 2321 2990 2378 locum
3020 2325 3112 2380 ubi
3142 2327 3431 2384 cruciﬁxus
3468 2335 3584 2397 est,
3629 2331 3786 2387 inter
3810 2349 3925 2389 cor-

2334 2423 2468 2477 pora
2502 2418 2812 2466 sanctorum
2839 2414 2891 2468 in
2919 2416 3117 2485 templo
3137 2416 3401 2488 Apollinis
3427 2420 3483 2475 in
3504 2431 3698 2478 monte
3721 2423 3916 2480 Aurea.

2327 2499 2384 2553 In
2414 2500 2674 2557 Vaticano
2704 2503 2891 2573 palatii
2921 2504 3248 2575 Neroniani,
3293 2526 3352 2564 in
3377 2510 3488 2568 Kal.
3515 2512 3675 2568 Julii.
3718 2515 3916 2572 Eodem

2332 2583 2420 2641 die
2436 2585 2619 2643 natale
2646 2590 2818 2644 sancti
2839 2589 3094 2662 Cypriani
3107 2595 3364 2665 episcopi,
3389 2599 3480 2667 qui
3502 2601 3605 2655 sub
3628 2602 3919 2659 Valeriano

2324 2675 2574 2748 principe
2594 2687 2719 2749 post
2748 2679 2963 2752 longum
2994 2685 3244 2740 exsilium
3277 2689 3698 2747 detruncatione
3725 2694 3919 2763 capitis

2324 2767 2650 2838 martyrium
2681 2774 3110 2839 consummavit,
3144 2786 3299 2831 sexto
3326 2777 3582 2834 milliario
3611 2796 3644 2835 a
3688 2780 3916 2838 Cartha-

2322 2852 2447 2924 gine
2464 2852 2621 2923 juxta
2653 2873 2824 2914 mare.
2854 2860 2921 2915 Et
2948 2863 3211 2932 depositio
3242 2868 3413 2921 sancti
3444 2867 3679 2925 Materni
3707 2873 3917 2941 episco-

2326 2943 2403 3012 pi.
2434 2944 2638 3002 Eodem
2666 2948 2755 3004 die
2784 2951 3039 3007 exaltatio
3061 2962 3148 3009 est
3173 2963 3375 3011 sancta:
3404 2959 3605 3013 crucis;

2388 3034 2527 3093 XVII
2553 3037 2688 3094 ΚΑΙ..
2710 3038 2897 3097 Passio
2927 3041 3233 3100 Nicomedis
3272 3048 3530 3118 martyris
3555 3065 3570 3105 :
3595 3050 3793 3105 eodem
3828 3051 3916 3107 die

636 3141 811 3197 midus
840 3141 896 3195 in
923 3142 1008 3196 via
1033 3141 1240 3211 iaceret
1278 3159 1291 3195 :
1322 3157 1449 3196 nam
1481 3156 1705 3211 serpens
1730 3155 1853 3195 cum
1878 3138 2032 3209 juxta
2059 3140 2215 3196 arbo-

2322 3125 2494 3181 natale
2523 3127 2698 3184 sancti
2724 3128 2853 3201 Apri
2895 3131 3151 3203 episcopi,
3196 3142 3251 3190 et
3290 3102 3519 3192 Leobini

634 3248 749 3287 rem
781 3233 1098 3302 praeteriret,
1127 3233 1325 3288 cecidit
1346 3235 1465 3303 ‘per
1494 3240 1659 3302 caput
1685 3231 1803 3302 ejus
1832 3231 1974 3286 inter
2013 3230 2213 3285 collum

632 3332 688 3378 ct
708 3324 963 3393 capitium
987 3324 1273 3390 tunicie,et
1286 3325 1365 3380 sic
1379 3325 1432 3380 in
1448 3333 1693 3379 ventrem
1720 3324 1933 3393 irrupit.
1958 3323 2211 3377 Attamen

633 3415 722 3470 ille
751 3414 1125 3485 impiusjussit
1151 3414 1420 3470 consulari
1449 3414 1678 3469 Leontio
1706 3422 1767 3468 ut
1786 3412 2068 3482 capitalem
2091 3425 2212 3466 sen-

632 3504 857 3559 tentiam
879 3512 1066 3560 sancto
1091 3498 1318 3575 martyri
1344 3502 1589 3558 inferret.
1622 3501 1821 3572 Sicque
1845 3516 2043 3558 corona
2066 3514 2212 3554 mar-

632 3593 756 3663 tyrii
792 3603 1019 3649 sanctus
1046 3593 1133 3649 vir
1165 3594 1421 3665 migravit
1449 3594 1515 3648 ad
1547 3586 1873 3648 Dominum.'

700 3684 769 3739 Ν
795 3685 871 3740 lo.
929 3685 1113 3740 Romae
1154 3685 1419 3756 depositio
1469 3685 1637 3740 Hilari
1682 3700 1873 3754 papae,
1906 3700 2004 3754 per
2043 3698 2207 3755 quem

629 3775 1178 3831 Victoriusﬂrdinem
1206 3775 1517 3845 paschalem
1535 3776 1874 3843 conscripsit.
1892 3775 2093 3831 Eodem
2118 3776 2206 3830 die

628 3865 891 3933 depositio
932 3866 1103 3921 sancti
1137 3864 1300 3920 Salvii
1331 3866 1600 3935 episcopi,
1632 3866 1696 3921 de
1724 3862 1877 3933 cujus
1920 3866 2206 3920 sanctitate

626 3954 917 4025 Gregorius
966 3956 1296 4011 Turonensis
1344 3957 1628 4027 episcopus
1679 3957 1923 4027 scripsit,
1974 3972 2204 4012 narrans

625 4047 764 4114 quod
799 4061 896 4114 per
931 4046 1312 4101 revelationem
1345 4048 1602 4111 vidisset,
1631 4047 1824 4102 divina:
1849 4047 1999 4102 vocis
2024 4048 2204 4118 cvagi-

626 4145 808 4191 natuin
859 4136 1092 4205 gladium
1125 4137 1405 4193 imminere
1433 4152 1597 4210 super
1625 4137 1867 4209 regulum
1898 4138 2014 4209 (Sic
2050 4139 2200 4211 παι),

622 4230 762 4298 quod
793 4229 1093 4300 llilpericns
1117 4245 1214 4285 rex
1237 4231 1399 4300 jussit
1427 4232 1689 4287 construi.
1719 4232 1828 4286 Cur
1845 4231 2040 4287 visioni
2065 4232 2202 4287 veri-

625 4330 704 4373 tas
756 4321 937 4374 statim
981 4330 1165 4375 secuta
1214 4331 1316 4376 est.
1350 4320 1479 4376 Nam
1530 4331 1653 4393 post
1679 4323 1794 4377 dies
1829 4321 2017 4392 viginti
2066 4324 2201 4379 duos

620 4408 715 4461 lilii
746 4410 886 4479 regis
915 4410 968 4463 in
998 4412 1185 4465 eadem
1221 4413 1380 4467 domo
1406 4413 1676 4468 obierunt.

2315 3215 2377 3271 In
2400 3216 2725 3275 Alexandria
2758 3222 2940 3278 natale
2980 3226 3154 3280 sancti
3199 3224 3528 3298 Serapionis,
3559 3229 3774 3283 Leontii
3807 3247 3824 3283 :
3862 3240 3915 3285 et

2315 3308 2527 3380 Ancyra
2556 3309 2780 3368 Galatiae
2804 3313 2981 3371 natale
3007 3317 3181 3371 sancti
3210 3316 3446 3384 Seleuci,
3479 3318 3675 3375 Valerii
3708 3330 3768 3375 et
3806 3319 3915 3392 Cy-

2314 3398 2519 3457 rionis-
2548 3410 2603 3456 et
2630 3400 2683 3456 in
2720 3401 2903 3459 Tomis
2934 3402 3202 3463 Stratonis
3227 3416 3280 3463 et
3306 3407 3597 3475 Macrohii;
3623 3418 3675 3465 et
3707 3410 3762 3464 in
3800 3410 3913 3465 Nu-

2312 3489 2457 3545 eeria
2481 3489 2536 3544 in
2561 3489 2854 3562 Campania
2893 3494 3072 3550 natale
3100 3496 3431 3565 Constantis,
3459 3506 3516 3553 et
3559 3498 3616 3553 in
3658 3497 3909 3569 Anquira

2314 3578 2571 3654 [Ancyra]
2602 3583 2782 3638 natale
2829 3583 2981 3641 Pauli
3015 3587 3288 3659 episcopi;
3316 3598 3371 3646 et
3398 3591 3453 3645 in
3485 3592 3771 3647 territorio
3801 3592 3907 3648 Ca-

2309 3671 2619 3741 bilonense,
2676 3681 2856 3730 castro
2898 3675 3119 3744 Nortio,
3172 3680 3349 3737 natale
3388 3680 3561 3736 sancti
3620 3682 3906 3739 Valeriani

2308 3764 2584 3835 martyris.
2613 3764 2872 3836 Lugdune
2895 3767 3079 3825 Galliae
3102 3770 3362 3841 depositio
3394 3770 3577 3826 Albini
3622 3773 3901 3846 episcopi.

2376 3873 2494 3930 XVI
2526 3875 2660 3933 ΚΜ..
2689 3876 2877 3936 Natale
2918 3890 3119 3938 sanctae
3147 3881 3458 3954 Euphemiaz
3484 3884 3745 3956 virginis,
3779 3903 3903 3958 quia

2306 3970 2677 4039 martyrizavit
2701 3973 2799 4028 sub
2825 3972 3155 4029 Diocletiano
3194 3976 3540 4046 imperatore,
3571 3979 3903 4047 proconsule

2306 4066 2483 4115 autem
2510 4060 2717 4129 Prisco,
2749 4062 2803 4117 in
2831 4064 3052 4119 civitate
3079 4064 3438 4132 Chalcedone,
3470 4082 3595 4138 qua:
3618 4078 3900 4126 tormenta

2302 4156 2358 4204 et
2391 4165 2660 4219 carceres,
2687 4153 2913 4209 verbera
2945 4163 3000 4211 et
3021 4166 3336 4227 argumenta
3361 4168 3627 4228 rotarum,
3662 4162 3817 4233 ignes
3844 4170 3900 4218 et

2300 4240 2540 4309 pondera
2567 4241 2805 4312 lapidum
2842 4245 3199 4315 angulariuiu,
3225 4250 3426 4305 bestias
3465 4261 3522 4306 et
3565 4251 3757 4323 plagas
3786 4253 3897 4307 vir-

2300 4345 2510 4402 garum,
2543 4348 2723 4388 serras
2751 4345 2938 4392 acutas
2976 4347 3032 4393 et
3073 4341 3375 4411 sartagines
3416 4344 3638 4415 ignitas,
3671 4361 3893 4402 rursum

2301 4437 2540 4479 morsum
2583 4425 2769 4480 bestiae
2804 4441 2905 4497 pro
2952 4426 3168 4485 Christo
3205 4432 3500 4502 superavit,
3535 4442 3590 4488 et
3628 4435 3702 4489 ad
3737 4436 3895 4492 mille

689 4495 755 4548 111
782 4497 858 4550 lo.
904 4496 1109 4564 Romae,
1137 4498 1287 4554 Preti
1329 4510 1386 4554 et
1423 4500 1656 4596 Jacinthi
1702 4502 2056 4596 [Hyacinthi],
2104 4507 2195 4576 qui
2222 4484 2275 4544 D
2298 4528 2492 4585 passus
2520 4514 2756 4571 civitatis
2781 4484 3157 4587 Chalcedonis,
3183 4484 3400 4592 sep‘ulta

618 4592 771 4640 erant
799 4588 1030 4642 eunuchi
1053 4595 1254 4643 sanctae
1282 4589 1533 4660 Eugeniae
1553 4590 1798 4659 virginis,
1838 4602 1894 4646 et
1920 4608 2045 4647 cum
2071 4609 2134 4649 ea
2162 4609 2192 4649 a

2298 4606 2720 4677 Philosophrone
2740 4619 3012 4665 senatore.
3029 4610 3234 4668 Eodem
3260 4612 3345 4669 die
3369 4616 3555 4684 passio
3580 4624 3887 4687 martyrum

618 4673 860 4731 Romana
912 4678 1048 4732 urbe
1092 4678 1473 4736 Alexandriam
1531 4682 1811 4737 venientes
1866 4683 1931 4737 ab
1988 4685 2192 4741 Heleno
2296 4693 2476 4751 Luciaa
2514 4673 2576 4751 et
2618 4695 2923 4753 Geminiani
2961 4699 3286 4767 celebratur,
3309 4673 3402 4772 qui
3424 4703 3525 4759 sub
3546 4673 3887 4761 Diocletiano

615 4767 887 4840 episcopo,
917 4769 1001 4824 cui
1044 4782 1231 4825 eorum
1258 4771 1519 4826 adventus
1553 4787 1650 4841 per
1675 4772 1936 4828 visionem
1981 4774 2189 4829 revela-
2294 4792 2348 4839 et
2374 4784 2700 4842 Maximiano
2724 4787 3138 4859 imperatoribus
3160 4792 3306 4860 passi
3326 4767 3476 4850 sunt.
3504 4792 3678 4866 Igitur
3714 4793 3882 4850 Luci:

614 4864 702 4912 tus
730 4866 845 4925 est,
892 4860 1096 4928 recepti
1151 4860 1205 4913 in
1245 4862 1571 4916 monasterio
1617 4862 1848 4930 quodam
1906 4864 2006 4918 sub
2047 4865 2190 4920 virili
2292 4884 2409 4931 erat
2435 4892 2758 4948 permanens
2800 4879 2854 4934 in
2889 4880 3153 4937 viduitate
3198 4898 3295 4953 per
3343 4898 3511 4940 annos
3530 4860 3779 4957 viriginta
3825 4895 3883 4941 et

616 4950 801 5006 habitu
830 4952 971 5007 inter
998 4953 1290 5008 monachos
1318 4955 1809 5020 conversabantur;
1843 4964 2027 5026 postea
2056 4973 2186 5014 vero
2293 4981 2406 5020 sex,
2438 4966 2606 5023 Eram
2644 4976 2824 5025 autem
2850 4987 3040 5028 omnes
3072 4950 3215 5028 anni.
3235 4976 3359 5031 vita;
3386 4976 3503 5047 ejus
3532 4978 3878 5050 septuaginta

613 5057 737 5098 cum
760 5040 1046 5099 Melanthia
1071 5044 1317 5115 quaedam
1355 5045 1552 5100 femina
1589 5046 1853 5102 malitiosa
1885 5047 2183 5139 Eugenium
2292 5057 2549 5128 quinque,
2581 5068 2641 5114 ut
2682 5061 2736 5115 in
2781 5062 2961 5118 libello
2989 5065 3258 5135 passionis
3282 5066 3398 5136 ejus
3414 5040 3687 5139 scriptum
3715 5040 3873 5139 repe-

610 5133 711 5190 sub
738 5133 884 5191 virili
910 5134 1094 5190 habitu
1121 5135 1403 5206 degentem
1427 5137 1726 5194 masculum
1751 5137 2059 5208 suSpicans,
2086 5152 2185 5207 per
2292 5148 2447 5202 ritur.
2478 5148 2601 5207 Haec
2626 5166 2726 5223 per
2750 5133 3078 5224 Euprepium
3120 5156 3288 5212 tilium
3312 5133 3483 5213 suum
3512 5133 3675 5231 apud
3704 5133 3875 5232 impe-

609 5240 732 5280 eam
766 5228 1020 5299 stuprarij
1046 5228 1411 5285 desiderasset
1461 5248 1474 5284 :
1514 5230 1609 5285 sed
1656 5230 1928 5301 patefacto
1981 5247 2183 5288 arcano
2290 5246 2497 5296 ratores
2524 5242 2756 5310 prodita,
2788 5258 2855 5298 eo
2888 5245 3032 5314 quod
3071 5244 3374 5303 Christiana
3404 5228 3572 5317 esset,
3604 5260 3752 5308 tenta
3776 5228 3872 5308 est

610 5314 847 5386 Eugenia
890 5334 996 5375 non
1042 5320 1146 5386 vir,
1194 5322 1288 5377 sed
1332 5320 1531 5376 femina
1570 5336 1692 5378 esse
1731 5332 2009 5393 comperta
2053 5332 2138 5380 est
2168 5342 2181 5379 :
2286 5339 2342 5386 et
2365 5332 2420 5386 in
2448 5332 2675 5388 vinculis
2702 5335 2897 5404 posita,
2925 5337 2992 5391 de
3021 5338 3299 5409 suppliciis
3326 5343 3491 5396 variis
3666 5344 3715 5398 ei
3748 5358 3873 5413 per.

609 5416 794 5463 coacta
812 5411 1072 5482 imperiali
1086 5422 1374 5485 pracepto,
1398 5430 1521 5470 cum
1544 5416 1804 5472 eunuchis
1818 5418 1930 5472 suis
1951 5416 2182 5473 Romam
2284 5428 2499 5476 secutor
2516 5422 2759 5493 ingessit,
2782 5434 2966 5495 erepta
2989 5436 3091 5484 est.
3119 5428 3252 5485 Nam
3273 5411 3550 5488 carcerem
3572 5435 3626 5490 in
3645 5411 3870 5491 ﬂuvium

609 5501 767 5556 rediit
799 5518 814 5555 :
860 5502 933 5558 ibi
986 5504 1146 5560 simul
1172 5520 1295 5561 cum
1326 5506 1518 5562 Basilla
1555 5509 1762 5578 virgine
1801 5508 2040 5578 praidicti
2071 5509 2179 5564 duo
2283 5513 2566 5579 convertit,
2594 5514 2813 5585 ipsaque
2842 5518 3156 5576 verberibus
3183 5523 3468 5593 applicata,
3491 5525 3625 5581 nihil
3648 5527 3821 5582 sensit
3849 5546 3863 5578 :

606 5592 837 5647 eunuchi
858 5591 1009 5659 jussu
1036 5594 1259 5650 Gallieni
1282 5597 1507 5665 Augusti
1530 5599 1706 5668 gladio
1736 5598 2001 5655 interfecti
2028 5610 2169 5656 sunt.
2283 5603 2389 5657 imo
2420 5605 2716 5661 cmdcntcm
2744 5622 2803 5661 se
2840 5608 3107 5678 lapideum
3150 5591 3296 5678 fecit,
3344 5616 3605 5685 templum
3636 5616 3867 5673 deorum

606 5682 768 5738 Beata
789 5699 917 5740 vero
942 5684 1175 5758 Eugenia
1204 5688 1566 5755 postmodum,
1600 5690 1702 5746 hoc
1721 5700 1801 5747 est
1832 5692 1884 5746 in
1910 5704 2003 5746 vni
2050 5692 2168 5749 Kal.
2278 5710 2341 5751 ex
2370 5697 2596 5764 gemmis
2624 5706 2677 5752 et
2702 5714 2834 5755 auro
2868 5700 3189 5760 fabricatum
3218 5700 3379 5763 ruere
3420 5682 3472 5763 ai
3486 5696 3863 5764 fundamentis
