4112 6364
226 348 376 411 4169

1543 304 2168 402 nan'rvaococmn.

3362 344 3504 438 1ης)

228 469 364 529 fecit
388 478 415 531 ;
447 464 625 538 ignem
668 468 1046 533 exsuperant,
1097 459 1275 532 picem
1319 465 1375 513 et
1430 447 1728 528 plumbum
1760 456 1817 510 in
1840 458 1894 523 Δ
1920 456 2014 513 sed
2037 457 2151 513 haec
2176 456 2263 511 illa
2290 456 2551 527 psallente
2570 456 2837 528 refriguit.
2863 456 2991 513 Haec
3017 457 3380 517 interveniens
3400 475 3505 519 vox

235 574 432 631 aquam
460 556 745 614 convertit.
776 555 887 612 Nec
914 556 970 610 in
1000 554 1086 609 his
1114 553 1291 625 pinnis
1318 551 1437 608 laedi
1467 549 1678 619 potuit:
1712 548 1821 605 imo

235 648 612 707 Geminianum
656 647 861 704 socium
902 644 1172 718 passionis
1212 658 1324 701 sua:
1361 640 1667 715 acquisivit,
1697 654 1821 697 cum

232 758 342 812 quo
370 740 811 813 persecutoribus
858 737 1073 793 fortiter
1116 735 1405 791 veritatem
1425 732 1727 806 praedicans
1752 730 1823 787 ad

236 841 542 887 extremum
566 819 1080 902 per'Apophrasium
1106 825 1390 896 praesidem
1411 822 1666 879 decollari
1686 821 1825 895 jussi

236 933 381 988 sunt,
410 933 465 981 et
493 924 570 980 sic
597 924 665 979 ad
688 912 1155 995 regnumcueleste
1187 917 1510 987 migrarunt.
1778 964 1783 970 .

305 1013 402 1071 XV
430 1015 577 1071 Kac.
596 1014 655 1070 In
677 1011 980 1079 Britannia,
1013 1010 1256 1068 Socratis
1277 1016 1335 1065 et
1364 1008 1645 1081 Stephani.
1678 1006 1783 1062 Eti

231 1105 404 1162 Gallia
422 1120 593 1187 prope
620 1104 897 1161 civitatem
919 1101 1224 1179 Traiectum
1253 1098 1612 1174 [Maestricht]
1631 1099 1685 1153 in
1699 1097 1823 1155 villa

231 1197 548 1266 Liudovico,
573 1197 759 1269 passio
797 1194 1124 1252 Landcberti
1149 1194 1406 1265 episcopi,
1433 1192 1526 1263 qui
1556 1192 1624 1247 ab
1650 1189 1824 1269 infan-

231 1291 309 1345 tia
335 1291 432 1347 Dei
472 1290 715 1351 servitio,
734 1289 1074 1360 mancipatus
1116 1286 1237 1345 fuit.
1268 1285 1370 1345 llic
1402 1294 1617 1357 septem
1653 1299 1825 1341 annos

231 1381 399 1435 vitam
450 1390 694 1437 sanctam
746 1394 912 1452 agens
974 1381 1118 1435 inter
1190 1379 1486 1434 monachos
1537 1375 1820 1432 habitavit.

231 1471 529 1543 Postquam
551 1458 733 1529 autem
762 1471 1136 1527 Faramundus
1166 1471 1231 1527 de
1254 1470 1379 1525 sedc
1408 1467 1702 1539 pontificali
1731 1467 1825 1522 dc-

231 1563 441 1631 positus
469 1570 574 1628 est,
596 1569 652 1616 et
671 1561 879 1632 eiectus
905 1562 973 1616 de
996 1559 1274 1632 provincia
1304 1556 1669 1628 Trajectense,
1696 1564 1824 1612 tunc

233 1634 444 1723 agmina
473 1652 816 1719 clericorum,
847 1660 903 1707 et
925 1651 1118 1722 vulgus
1146 1650 1465 1722 populorum
1486 1665 1591 1703 una
1620 1649 1826 1719 pariter

232 1756 362 1799 voce
396 1744 600 1814 ingenti
630 1744 976 1815 postulabant
1013 1743 1299 1800 Dominum
1327 1751 1388 1797 ut
1413 1751 1687 1817 pastorem
1732 1755 1822 1797 eo-
1870 1766 1879 1797 ;

1925 550 1991 607 de
2027 550 2165 606 coelo
2200 551 2414 606 vocavit
2452 564 2566 617 eos,
2612 558 2667 606 et
2729 550 2808 606 sic
2852 549 3191 607 tradiderunt
3232 551 3504 621 spiritum.

1924 642 2057 699 Erat
2082 651 2261 700 autem
2289 643 2491 700 Fausta
2532 658 2797 699 annorum
2842 644 3123 712 tredecim,
3158 651 3214 700 et
3239 643 3513 704 Evilasius

1914 732 2217 789 Octoginta.

1924 751 2047 789 octo
2084 751 2217 789 mra.

1914 826 1919 829 λ
1993 751 2081 881 X1g
2116 825 2251 880 Kac.
2300 824 2489 882 Natale
2540 826 2714 882 sancti
2770 825 3005 893 Matthaei
3062 827 3403 899 evangelista:
3449 825 3513 883 in

1912 915 2226 988 'Ethiopia,
2272 917 2364 987 qui
2413 931 2535 971 cum
2568 915 2642 973 ibi
2688 916 3010 986 praedicaret
3043 917 3269 974 verbum
3303 917 3430 987 Dei,
3453 925 3514 976 et

1924 1010 2122 1068 inultos
2155 1011 2223 1064 ad
2261 1007 2420 1064 fidem
2453 1007 2653 1063 Christi
2693 1016 3051 1076 converteret,
3084 1007 3376 1065 novissime
3397 1007 3515 1080 spi-

1925 1103 2132 1161 culator
2151 1103 2349 1158 missus
2370 1100 2439 1157 ab
2458 1100 2680 1156 llirtaco
2709 1116 2854 1171 rege,
2878 1100 2972 1170 qui
2998 1115 3124 1157 eum
3150 1101 3329 1174 gladio
3348 1100 3514 1162 fede-

1923 1193 2037 1261 bat,
2059 1191 2296 1249 eiliciens
2324 1201 2619 1263 martyrem
2644 1190 2866 1248 Christi.

1924 1268 1937 1323 ί
1994 1285 2045 1342 Χ
2083 1285 2218 1340 Kac.
2261 1284 2581 1340 Sanctorum
2630 1293 2931 1355 martyrum
2962 1281 3319 1339 Thebzeorum
3360 1280 3522 1344 Mau-

1925 1378 2065 1453 ricii,
2088 1375 2335 1444 Candidi,
2354 1376 2660 1447 Exsuperii,
2682 1384 2738 1433 et
2765 1375 2939 1432 sancti
2962 1374 3347 1433 Emmerammi
3368 1390 3520 1436 ωδε-ο

1916 1464 2080 1541 ὶγνίε.

1926 1644 1927 1647 η
1994 1562 2069 1616 ιΧ
2117 1562 2235 1617 Kal.
2287 1561 2476 1618 Natale
2533 1564 2707 1619 sancti
2757 1562 2897 1619 Sosii
2953 1563 3166 1620 diaconi
3222 1563 3515 1623 Mesenatls

1927 1653 2247 1727 [Misenatis]
2275 1655 2509 1712 civitatis
2531 1657 2587 1711 in
2617 1656 2932 1727 Campania,
2965 1657 3058 1726 qui
3086 1672 3211 1714 cum
3234 1666 3381 1714 esset
3413 1672 3516 1714 θην

1926 1750 2125 1801 horum
2165 1745 2404 1817 triginta,
2436 1755 2646 1817 martyr
2673 1762 2796 1802 cum
2841 1747 3003 1802 beato
3045 1745 3308 1804 Januario
3341 1746 3517 1808 Bene~

230 1850 348 1891 rum
379 1835 657 1891 dominum
681 1834 1081 1892 Landebertum
1108 1834 1379 1904 recepturi
1405 1841 1609 1899 essent,
1636 1847 1820 1903 quem,
1851 1828 1899 1888 Β
1926 1837 2074 1895 venti
2117 1837 2370 1908 episcopo
2412 1837 2606 1908 capitis
2644 1836 3051 1893 decollationem
3090 1838 3346 1909 suscepit,
3367 1846 3514 1896 temo

229 1926 598 1982 consentiente
635 1924 829 1997 Pipino
885 1932 1013 1981 tunc
1044 1925 1310 1997 principe,
1340 1923 1407 1979 ad
1434 1923 1653 1995 propria
1680 1921 1820 1979 reci-

227 2039 356 2094 pere
380 2034 699 2083 meruerunt
730 2043 743 2078 :
776 2023 960 2094 ibique
980 2037 1077 2095 per
1092 2022 1275 2094 plures
1300 2035 1471 2076 annos
1496 2019 1553 2074 in
1577 2018 1819 2076 Ecclesia

229 2116 325 2171 Dei
356 2115 606 2173 nobiliter
636 2115 791 2172 vixit.
820 2114 976 2171 Hunc
1004 2130 1133 2171 vero
1163 2112 1312 2170 Dodo
1349 2111 1681 2169 domesticus
1706 2109 1818 2181 jam

229 2209 525 2280 supradicti
542 2209 801 2281 principis
834 2208 1010 2280 Pipini
1053 2207 1455 2263 machinatione
1471 2207 1705 2277 pessima
1725 2220 1818 2261 oc-

230 2301 335 2355 cidi
363 2301 509 2357 fecit.
542 2302 659 2372 ipse
683 2315 814 2355 vero
847 2314 946 2370 per
974 2300 1317 2357 innocentem
1346 2305 1577 2354 mortem
1608 2296 1675 2352 ad
1714 2294 1822 2351 Do-

228 2386 434 2444 minum
460 2390 736 2462 migravit.
1223 2393 1227 2397 ’

300 2480 417 2537 XIV
442 2482 578 2539 Kac.
627 2481 931 2537 Mediolano
976 2482 1241 2553 depositio
1272 2479 1547 2552 Eustorgii
1580 2478 1820 2550 episcopi

231 2570 285 2629 et
312 2573 513 2646 Satyri.
560 2574 620 2629 In
666 2573 1032 2631 Chalcedonia
1076 2574 1257 2635 natale
1308 2571 1588 2644 Trophimi
1664 2578 1719 2627 et
1762 2571 1820 2627 in

231 2665 539 2723 Nicomedia
565 2666 747 2723 natale
770 2665 1003 2723 Jociani.

250 2750 263 2797 ἰ
301 2761 415 2818 ΧΙΙΙ
439 2761 574 2818 Kac.
604 2761 663 2818 In
688 2761 911 2832 Neapoli
954 2761 1263 2833 Campaniae
1301 2758 1482 2818 natale
1511 2771 1820 2818 sanctorum

230 2853 495 2931 Januarii,
523 2854 917 2911 Beneventana:
943 2855 1178 2911 civitatis
1199 2854 1459 2925 episcopi,
1488 2870 1612 2910 cum
1632 2853 1822 2909 Fossio

232 2942 433 3015 [Sosio]
479 2944 706 3001 diacono
748 2943 1040 3000 Mesenatis
1087 2943 1413 3017 [Misenatis]
1461 2944 1717 3009 civitatis,
1766 2952 1822 3000 et

229 3034 458 3107 diacono
484 3051 582 3092 suo
611 3035 770 3101 festo,
808 3043 864 3091 et
886 3035 1089 3093 lectore
1116 3051 1216 3093 suo
1241 3036 1541 3103 Desiderio,
1581 3037 1673 3107 qui
1698 3044 1822 3106 post

227 3124 442 3197 vincula
464 3132 519 3179 et
544 3139 791 3182 carceres
811 3125 989 3197 capite
1012 3134 1141 3182 sunt
1158 3126 1284 3182 cmsi
1308 3126 1605 3185 incivitate
1623 3125 1823 3181 Puteo-

1922 1920 2057 1999 pore
2093 1927 2411 1984 Diocletiani
2440 1929 2802 1999 imperatoris.
2844 1929 2895 1984 Is
2940 1944 3063 1985 cum
3098 1939 3343 2000 tempore
3374 1942 3514 1999 quo-

1924 2021 2048 2076 dam
2071 2019 2279 2091 legeret
2304 2020 2359 2075 in
2384 2019 2613 2075 ecclesia
2651 2019 2922 2076 Mesenate
2964 2019 3287 2093 [Misenatis]
3318 2020 3515 2076 civita-

1923 2109 2015 2177 tis,
2060 2119 2327 2181 praesente
2371 2110 2623 2181 episcopo
2670 2108 2928 2165 Januario
2952 2150 2967 2175 ,
3016 2110 3329 2180 frequenter
3367 2110 3514 2167 enim

1923 2186 2046 2258 eum
2066 2217 2166 2273 pro
2201 2202 2487 2257 sanctitate
2505 2209 2560 2257 et
2580 2200 2864 2272 prudentia
2896 2198 3013 2269 ejus
3034 2200 3259 2256 visitare
3285 2214 3519 2258 consue-

1921 2300 2098 2360 verat,
2146 2293 2283 2349 vidit
2328 2292 2505 2349 subito
2551 2293 2691 2349 idem
2734 2293 3019 2363 episcopus
3063 2291 3130 2347 de
3171 2292 3349 2362 capite
3396 2290 3516 2360 ejus

1922 2380 2194 2439 ﬂammam
2220 2398 2529 2456 exsurgere,
2566 2398 2728 2454 quam
2773 2398 2933 2439 nemo
2957 2381 3095 2438 alius
3118 2382 3273 2449 vidit,
3309 2391 3365 2438 et
3389 2398 3518 2454 pro-

1922 2475 2191 2530 nuntiavit
2226 2489 2351 2530 eum
2380 2482 2674 2546 martyrem
2703 2473 2967 2540 futurum,
3000 2481 3057 2528 et
3082 2481 3204 2544 post
3233 2489 3342 2530 non
3371 2469 3517 2529 mulv

1923 2575 2009 2623 tos
2040 2566 2154 2623 dies
2179 2567 2307 2623 item
2344 2565 2605 2623 diaconus
2638 2568 2816 2622 tentus
2843 2573 2899 2621 et
2924 2566 2979 2621 in
3008 2579 3283 2621 carcerem
3315 2564 3516 2645 missus

1922 2667 2006 2729 est
2048 2675 2060 2711 :
2112 2658 2183 2713 ad
2227 2672 2389 2728 quem
2433 2658 2758 2714 visitandum
2805 2673 2929 2714 cum
2966 2656 3206 2713 venisset
3227 2656 3516 2728 episcopus

1923 2764 2046 2805 cum
2075 2750 2301 2805 diacono
2340 2763 2441 2804 suo
2481 2747 2642 2804 Festo
2682 2757 2737 2803 et
2765 2748 2968 2804 lectore
2993 2762 3092 2804 suo
3129 2746 3432 2813 Desiderio,
3463 2752 3521 2801 et

1922 2840 2037 2915 ipse
2065 2856 2186 2896 cum
2210 2839 2289 2895 eis
2314 2838 2474 2895 simul
2498 2845 2677 2894 tentus
2703 2853 2766 2893 ac
2800 2838 3006 2909 pariter
3036 2851 3227 2893 omnes
3248 2851 3373 2891 cum
3399 2834 3521 2888 aliis

1923 2933 2097 2988 tribus
2139 2931 2308 2988 occisi
2359 2939 2504 2987 sunt.
2557 2930 2763 2986 Eodem
2810 2930 2898 2985 die
2953 2928 3134 2985 natale
3195 2927 3408 2984 Thecla:
3462 2927 3518 2984 in

1923 3023 2143 3080 Oriente
2160 3023 2342 3079 Iconio
2364 3023 2602 3087 civitate,
2628 3037 2749 3092 qua:
2777 3038 2807 3075 a
2839 3020 3006 3076 Paulo
3041 3019 3288 3091 apostolo
3314 3019 3521 3075 instru-

1900 3124 2011 3171 :cta
2034 3116 2090 3171 in
2115 3114 2455 3172 confessione
2494 3113 2693 3169 Christi
2719 3114 2868 3184 ignes
2891 3128 2955 3169 ac
2986 3113 3186 3169 bestias
3213 3111 3432 3178 devicit,
3462 3116 3522 3168 et

229 3214 353 3285 lana
381 3215 481 3270 sub
507 3214 845 3273 Diocletiano
868 3216 1136 3287 principe,
1159 3216 1342 3288 judice
1368 3214 1696 3273 υτοροηιίοε
1726 3216 1821 3287 qui
1847 3221 1893 3285 ρ
1922 3214 2048 3275 post
2069 3204 2237 3261 multa
2271 3204 2568 3260 certamina
2604 3220 2669 3258 ac
2712 3203 3016 3258 doctrinam
3057 3202 3382 3269 multorum,
3427 3217 3518 3258 ve-

230 3320 354 3381 cum
398 3306 726 3363 ducerentur
761 3309 831 3363 ad
876 3314 1106 3363 mortem
1136 3347 1152 3376 ,
1208 3306 1461 3363 viderunt
1505 3307 1647 3362 inter
1690 3306 1826 3363 alios

230 3394 492 3475 Proculus
523 3395 836 3452 Puteolanas
866 3396 1102 3453 civitatis
1141 3398 1420 3466 diaconus,
1458 3408 1514 3454 et
1543 3399 1649 3455 duo
1676 3397 1824 3466 laici,

232 3482 503 3555 Eutychos
542 3492 600 3541 ct
636 3483 884 3552 Acutius,
921 3494 975 3542 et
1009 3486 1477 3557 interrogaverunt
1501 3502 1671 3557 quare
1691 3486 1825 3558 justi

230 3575 403 3643 occidi
436 3575 762 3647 iuberentur
787 3592 967 3648 :.quos
1004 3576 1173 3648 judex
1198 3585 1262 3633 ut
1293 3577 1428 3633 vidit
1463 3576 1826 3647 Christianos,

227 3664 390 3737 jussit
431 3665 689 3737 decollari
728 3682 851 3722 cum
887 3667 1011 3724 illis.
1046 3666 1139 3724 Sic
1173 3681 1365 3724 omnes
1393 3676 1600 3738 septem
1624 3668 1832 3739 pariter

235 3765 363 3833 sunt
406 3755 677 3823 decollati,
707 3766 764 3814 et
792 3756 1030 3814 tulerunt
1068 3766 1232 3815 noctu
1254 3773 1482 3829 corpora
1509 3757 1826 3826 Christiani,

235 3853 291 3901 et
326 3832 661 3914 Neapolitani
705 3844 1025 3903 Januarium
1049 3858 1347 3919 posuerunt
1371 3850 1527 3921 juxta
1555 3850 1830 3906 civitatem

236 3936 291 3992 in’
335 3934 560 3990 basilica
606 3932 878 3990 Mesenate
924 3934 1266 4009 [Miscnate],
1299 3938 1544 3993 Sossium
1592 3954 1745 4008 aeque
1775 3939 1831 3994 in

235 4026 461 4086 basilica
490 4018 804 4096 Puteolani;
840 4028 1154 4097 Proculum,
1182 4030 1462 4101 Eutychen
1494 4040 1551 4086 et
1576 4032 1833 4087 Acutium

230 4118 386 4201 ju'xta
427 4106 708 4177 basilicam
743 4121 915 4177 sancti
948 4119 1239 4193 Stephani;
1275 4121 1497 4179 Festum
1528 4131 1585 4178 et
1611 4122 1833 4180 Deside-

238 4212 380 4267 rium
408 4210 771 4268 Beneventani
798 4211 1137 4284 collegerunt
1162 4224 1212 4266 ιι.

308 4302 403 4358 ΧΠ
429 4303 563 4360 Kac.
600 4303 660 4359 In
685 4302 871 4375 Cyzim
905 4305 1085 4361 natale
1130 4313 1445 4362 sanctorum
1482 4306 1698 4363 Faustae
1725 4307 1834 4363 vir-

240 4394 381 4467 ginis
421 4402 477 4451 et
520 4394 743 4451 Evilasii
782 4397 884 4454 sub
911 4395 1239 4453 Maximiano
1266 4398 1591 4470 imperatore
1625 4418 1637 4453 :
1671 4414 1834 4469 quam

241 4487 384 4542 idem
408 4484 675 4543 Evilasius
703 4503 829 4544 cum
856 4497 1003 4544 esset
1028 4488 1237 4559 primus
1263 4489 1450 4561 palatii
1467 4489 1633 4559 jussit
1658 4490 1835 4547 decal-

1927 3297 2083 3353 niens
2113 3295 2418 3353 Seleuciam
2442 3295 2707 3366 requievit
2741 3294 2796 3348 in
2840 3309 2993 3365 pace.
3042 3293 3175 3349 Item
3212 3293 3403 3350 eodem
3434 3292 3523 3349 die

1929 3388 2114 3447 Romae
2153 3389 2337 3461 passio
2374 3389 2492 3445 Lini
2523 3404 2695 3460 papae,
2724 3389 2815 3458 qui
2852 3394 2973 3459 post
3014 3386 3286 3459 apostolos
3309 3388 3521 3458 primus

1929 3462 2243 3543 cathedram
2266 3478 2645 3552 episcopalem
2685 3478 2756 3534 ibi
2806 3478 2976 3533 tenuit
3020 3493 3190 3535 annos
3246 3476 3520 3545 undecim,

1929 3586 2141 3628 menses
2166 3579 2390 3643 septem,
2426 3571 2541 3627 dies
2567 3569 2846 3626 tredecim.

1942 3707 1946 3712 ι
2000 3680 2112 3738 Vill
2139 3682 2273 3739 Kac.
2322 3682 2612 3752 Conceptio
2645 3680 2868 3736 Joannis
2913 3679 3191 3749 Baptistae,
3239 3687 3294 3733 ct
3326 3678 3380 3733 in
3404 3678 3527 3733 Au—

1930 3777 2232 3849 gustoduno
2280 3776 2459 3833 natale
2502 3776 2768 3833 Andochii
2810 3775 3135 3846 presbyteri,
3162 3773 3359 3845 Thyrsi
3399 3773 3523 3829 dia-

1930 3870 2075 3936 coni,
2103 3878 2156 3924 et
2178 3868 2402 3935 Felicis,
2443 3868 2535 3938 qui
2565 3884 2598 3924 a
2625 3876 2815 3925 sancto
2843 3865 3146 3937 Polycarpo
3170 3865 3424 3935 episcopo
3449 3864 3521 3921 ab

1931 3962 2152 4018 Oriente
2176 3960 2366 4016 directi
2413 3961 2481 4015 ad
2527 3960 2826 4015 docendam
2851 3957 3081 4013 Calliam
3103 3957 3204 4013 sub
3228 3956 3522 4012 Aureliano

1931 4053 2176 4123 principe
2203 4060 2331 4107 sunt
2371 4050 2760 4121 gloriosissime
2805 4049 3089 4106 coronati:
3123 4047 3389 4119 siquidem
3428 4047 3529 4102 lla-

1933 4144 2087 4216 gellis
2132 4145 2278 4209 caasi,
2333 4144 2391 4199 iu
2444 4143 2633 4198 ultimo
2687 4151 2800 4197 tota
2855 4142 2941 4197 die
2990 4142 3221 4197 inversis
3273 4140 3523 4196 manibus

1932 4234 2200 4302 suspensi,
2225 4234 2280 4288 in
2301 4232 2481 4303 ignem
2503 4232 2680 4301 missi,
2707 4234 2803 4289 sed
2831 4247 2939 4287 non
2964 4231 3250 4288 combusti.
3282 4230 3524 4287 Tandem

1932 4324 2178 4381 vectibus
2203 4323 2339 4380 colla
2366 4323 2654 4391 feriuntur,
2691 4324 2783 4380 ubi
2810 4323 3242 4395 Symphorianus
3283 4332 3409 4379 tunc
3438 4323 3524 4376 vi-

1933 4416 2067 4488 ginti
2095 4431 2378 4482 annorum,
2406 4416 2497 4485 qui
2518 4425 2707 4487 postea
2733 4430 2929 4486 passus
2949 4424 3052 4483 est,
3080 4429 3294 4487 semper
3316 4413 3528 4487 vigilias

1935 4518 1987 4563 et
2016 4510 2289 4565 orationes
2328 4508 2544 4580 agebat.
2575 4507 2778 4564 Eodem
2810 4506 2900 4564 die
2948 4507 3217 4579 depositio
3258 4505 3528 4564 Solemnis

239 4577 355 4631 vari
376 4586 433 4632 et
460 4578 600 4632 tradi
623 4579 691 4634 ad
710 4580 1117 4650 turpitudinem,
1147 4582 1345 4639 deinde
1374 4585 1613 4654 torqueri
1638 4601 1701 4641 ac
1715 4601 1827 4642 sus-

1938 4599 2198 4670 episcopi,
2230 4599 2323 4670 qui
2367 4577 2435 4654 ab
2482 4598 2713 4655 infantia
2757 4598 2851 4655 Dei
2901 4577 3124 4654 servitio
3153 4599 3377 4655 devotus
3406 4597 3524 4659 fuit.

239 4667 401 4737 pendi
433 4684 447 4720 :
486 4682 595 4737 quo
616 4675 860 4739 tempore
880 4671 1185 4727 coruscatio
1210 4673 1277 4727 de
1293 4672 1447 4728 caelis
1470 4674 1612 4730 facta
1633 4676 1833 4731 multos

242 4740 614 4816 ministrorum
639 4759 911 4831 percussit
939 4779 951 4814 :
991 4762 1186 4819 deinde
1204 4763 1367 4832 jussit
1392 4766 1596 4822 loculos
1626 4767 1832 4836 afferri,

242 4846 437 4939 et’eam
466 4851 762 4908 immissam
800 4869 864 4908 ac
888 4853 1071 4921 ﬁxam,
1098 4857 1253 4926 quasi
1282 4857 1490 4929 lignum
1519 4860 1693 4921 secari
1715 4876 1832 4917 me-

243 4942 422 5027 diam;
448 4943 542 4999 sed
563 4959 668 4999 non
692 4959 815 4999 eam
838 4944 1121 5002 carnifices
1140 4949 1305 5004 serris
1325 4948 1521 5006 laedere
1548 4950 1833 5008 valebant:

242 5051 363 5113 quae
394 5034 539 5090 inter
575 5041 796 5105 stupens
830 5035 1097 5094 Evilasius
1133 5037 1350 5095 Christo
1378 5041 1602 5097 credere
1630 5042 1832 5113 ccepit;

248 5138 300 5183 et
324 5108 433 5182 hoc
457 5125 549 5181 ubi
582 5125 899 5197 imperatori
941 5128 1249 5185 nuntiatum
1301 5140 1403 5198 est,
1456 5133 1605 5188 misit
1646 5108 1839 5204 praefe-

252 5227 412 5301 rtuin,
468 5217 562 5289 qui
606 5232 731 5272 eum
775 5233 1095 5290 suspensum
1142 5222 1356 5279 fortiter
1384 5232 1709 5296 torqueret:
1744 5228 1837 5299 qui

251 5298 407 5392 etiam
456 5300 619 5380 jussit
669 5306 928 5367 Faustam
976 5313 1178 5369 nudam
1213 5324 1268 5371 et
1297 5316 1415 5373 sine
1455 5318 1687 5374 maforte
1729 5298 1840 5392 [Sic

249 5390 374 5479 mal]
400 5401 555 5457 educi
585 5400 653 5457 de
678 5417 917 5472 carcere,
943 5413 1002 5461 et
1023 5406 1074 5460 ei
1095 5415 1257 5478 caput
1285 5409 1546 5465 terebrari
1570 5426 1635 5467 ac
1658 5390 1842 5468 clavos

253 5488 424 5562 infigi,
472 5491 563 5549 cui
606 5499 950 5565 postmodum
998 5514 1104 5555 non
1146 5501 1317 5556 solum
1358 5512 1519 5574 caput
1555 5513 1611 5561 ct
1653 5505 1840 5574 facies;

254 5580 430 5667 sedet
456 5589 644 5653 pectus
672 5596 923 5663 et‘totum
956 5606 1150 5662 corpus
1180 5608 1351 5663 usque
1380 5596 1449 5649 ad
1489 5597 1639 5664 tibia,
1675 5597 1842 5655 clavis

257 5672 536 5769 impletum
569 5685 672 5737 est.
712 5679 839 5737 Post
870 5684 987 5741 haec
1013 5693 1071 5741 et
1088 5685 1426 5756 sartaginem
1470 5687 1629 5761 igniri
1654 5691 1838 5761 jussit,

1939 4691 2225 4761 quietiam
2249 4688 2528 4744 miraculis
2572 4689 2786 4744 claruit.
2828 4687 2966 4745 Nam
3006 4704 3130 4746 cum
3168 4689 3400 4759 quadam
3442 4688 3529 4742 die

1939 4779 2151 4839 itineris
2192 4778 2277 4833 sui
2319 4777 2758 4847 proficisceretur
2806 4777 3034 4846 callem,
3077 4778 3298 4835 obvium
3341 4777 3530 4835 habuit

1937 4869 2211 4931 hominem
2258 4885 2289 4923 a
2329 4868 2613 4925 nativitate
2663 4884 2889 4938 caecum,
2935 4871 3159 4928 surdum
3202 4880 3258 4927 et
3295 4878 3527 4938 mutum,

1938 4976 2100 5031 quem
2129 4961 2442 5032 complexus
2469 4961 2610 5018 collo
2630 4962 2919 5029 osculavit,
2945 4970 3003 5019 et
3034 4962 3145 5020 cito
3184 4977 3376 5018 sanum
3403 4962 3500 5018 red

1940 5050 2092 5107 didit.
2153 5050 2253 5106 llic
2306 5051 2472 5107 etiam
2510 5068 2636 5107 cum
2682 5053 2934 5109 defuncto
2992 5051 3311 5110 Carnotensi
3379 5053 3533 5110 urbis

1938 5144 2194 5216 episcopo
2221 5144 2425 5202 electus
2460 5152 2543 5199 est
2569 5145 2638 5199 ad
2663 5147 3055 5216 episcOpatum,
3090 5161 3254 5217 quem
3287 5160 3417 5216 ergo
3443 5144 3530 5200 in—

1941 5236 2085 5293 vitus
2127 5236 2355 5306 accepit.
2399 5235 2729 5292 Ludovicum
2770 5251 2901 5292 vero
2945 5252 3130 5309 regem
3164 5236 3342 5292 adhuc
3366 5251 3506 5308 paga

1943 5344 2091 5394 num,
2131 5329 2222 5399 qui
2253 5329 2442 5386 eodem
2479 5336 2719 5399 tempore
2761 5326 2988 5383 Francis
3037 5326 3362 5398 imperabat,
3406 5342 3530 5382 cum

1941 5418 2103 5476 vellet
2130 5427 2321 5474 contra
2347 5418 2552 5475 Gothos
2580 5419 2638 5474 in
2664 5418 2864 5475 bellum
2892 5433 3137 5491 pergere,
3166 5419 3322 5490 signo
3350 5418 3532 5476 crucis

1942 5509 2001 5566 in
2038 5512 2198 5568 corde
2236 5521 2291 5567 et
2329 5512 2382 5568 iu
2418 5519 2639 5583 pectore
2665 5512 2920 5579 armavit,
2966 5520 3021 5569 et
3064 5512 3145 5568 sic
3190 5509 3422 5567 victoria
3463 5508 3532 5564 de

1942 5592 2186 5663 hostibus
2216 5603 2463 5671 potitum,
2491 5617 2555 5655 ac
2584 5602 2729 5657 domi
2757 5617 3037 5659 reversum
3066 5600 3225 5658 simul
3254 5614 3379 5658 cum
3405 5612 3531 5654 san-

1942 5701 2030 5747 cto
2068 5692 2352 5763 Rhetnigio
2400 5691 2787 5748 Rhemcnsium
2828 5692 2980 5750 urbis
3017 5692 3300 5764 episcopo,
3350 5688 3532 5746 divina

330 5799 359 5831 ι
388 5786 488 5845 llic
530 5791 713 5849 omisit
756 5793 1006 5855 Rabanus
1043 5798 1317 5857 Eustachii
1352 5809 1722 5873 portentosum
1749 5802 2051 5873 historiam,
2083 5811 2137 5861 et
2179 5804 2374 5863 merito
2398 5805 2657 5877 quidem:
2696 5808 2775 5865 sic
2819 5817 2873 5866 et
2908 5807 3198 5865 Nutkerus.
3224 5805 3382 5887 ξλεμ.
