4112 6364
655 325 787 386 1171

1290 326 1348 380 Β.
1392 325 1643 380 RABANI
1679 323 1896 382 MAURI
1928 323 2246 380 ARCHIEP.
2285 324 2595 384 IOGUNT.
2631 324 2917 384 OPERUM
2955 323 3135 381 PARS
3173 326 3235 382 ΙΙ.

3773 331 3918 387 1172

647 441 863 498 favente
895 443 1110 506 virtute,
1138 455 1264 495 cum
1288 441 1474 510 gratia:
1501 439 1780 497 alacritate
1813 439 2135 509 baptizavit;
2172 447 2226 494 et
2252 445 2305 506 Α
2328 442 2556 511 sumpsit
2593 443 2892 497 exordium.
2932 440 3130 510 Sicque
3170 441 3394 498 devotus
3418 445 3474 499 in
3511 445 3744 502 servitio
3770 449 3917 505 inter

647 548 770 590 cum
797 532 986 588 eodem
1034 539 1302 589 trecentos
1349 531 1687 602 septuaginta
1734 531 1938 587 nobiles
1978 540 2221 601 satrapas

645 637 804 679 sacro
829 621 978 682 fonte
1006 632 1356 693 regeneratos
1379 623 1432 678 in
1463 622 1666 692 Spiritu
1708 630 1895 679 sancto
1922 622 2221 692 adoptionis

644 716 936 785 parturivit
963 716 1137 772 ﬁlios:
1169 717 1354 786 sicque
1377 725 1708 771 memoratus
1739 725 1958 772 sanctus
1990 715 2086 771 Dei
2111 724 2222 772 tres

643 809 978 880 olympiadas
1005 823 1196 880 gerens
1226 808 1280 865 in
1306 809 1616 879 episcopatu
1643 807 1710 863 de
1735 808 1838 866 hac
1878 807 1996 862 luce
2025 807 2222 876 migra-

644 903 722 956 vit
761 902 836 958 ad
1212 899 1408 956 Roma:
1443 899 1620 954 natale
1668 897 1926 954 Priscilla:
1950 907 2005 954 et
2040 897 2221 953 Liberi

641 991 881 1061 episcopi
927 1000 983 1049 et
1026 989 1376 1047 confessoris.
1416 988 1678 1061 Lugdune
1728 986 1913 1045 Galliae
1959 987 2220 1058 depositio

640 1083 811 1140 sancti
843 1083 988 1153 Lupi-
1008 1082 1264 1152 episcopi.

712 1175 802 1230 νυ
828 1173 962 1229 ΚΑι.
1001 1173 1186 1228 Natale
1216 1172 1390 1228 sancti
1425 1171 1657 1228 Firmini
1684 1170 1959 1242 martyris.
1997 1170 2055 1226 In
2092 1169 2219 1226 Asia

641 1265 834 1322 natale
860 1262 1236 1328 Bardomiani,
1267 1262 1498 1331 Eucarpi
1537 1270 1592 1316 et
1637 1260 1862 1318 aliorum
1891 1260 2077 1330 viginti
2101 1274 2216 1314 sex.

713 1355 778 1412 Vl
803 1354 938 1413 Κιι..
981 1355 1312 1412 Sanctorum
1343 1363 1642 1426 martyrum
1669 1355 1924 1426 Cypriani
1958 1354 2217 1424 episcopi,

637 1456 694 1502 et
725 1445 969 1514 Iustinae,
1018 1461 1245 1516 quorum
1287 1445 1495 1502 Justina
1537 1447 1637 1501 sub
1679 1447 2009 1502 Diocletiano
2051 1445 2221 1502 multa

634 1543 856 1606 propter
902 1534 1174 1591 Christum
1226 1549 1502 1605 perpessa,
1545 1536 1720 1606 ipsum
1747 1550 1960 1606 quoque
2000 1534 2220 1606 Cypria-

635 1641 794 1694 num,
817 1641 943 1682 cum
976 1635 1120 1683 esset
1153 1642 1362 1698 magus,
1393 1636 1448 1682 et
1467 1628 1688 1699 magicis
1719 1627 1831 1684 suis
1857 1643 1978 1684 eam
2004 1629 2221 1684 demen-

635 1725 757 1772 tare
780 1726 1090 1785 conaretur,
1113 1718 1382 1774 convertit
1407 1719 1474 1775 ad
1501 1718 1774 1777 Christum
1793 1760 1810 1787 ,
1833 1734 1957 1776 eum
1975 1719 2220 1794 quoiam

2325 533 2619 587 monachos
2644 533 2892 588 habitans
2914 532 3102 586 multis
3127 533 3417 591 virtutibus
3442 536 3660 602 clamit,
3686 549 3744 594 et
3769 541 3914 600 mal.

2324 631 2409 679 tos
2446 624 2513 678 ad
2542 625 2700 680 ﬁdem
2731 624 2931 679 Christi
2975 626 3239 680 convertit
3267 645 3278 679 :
3324 626 3400 680 ad.
3429 636 3746 684 extremum.
3779 646 3915 688 vero

2322 724 2448 785 post
2487 730 2670 771 sacros
2715 715 2948 781 labores,
2973 717 3064 786 qui
3103 731 3199 785 per
3237 716 3465 787 insignia
3491 718 3751 774 virtutum
3795 721 3915 792 ejus

2321 805 2652 870 claruerunt,
2687 822 2718 860 a
2759 808 3012 876 prmsenti
3054 808 3405 866 tribulatione
3429 811 3498 864 ad
3523 821 3788 869 sternam
3811 815 3913 868 mi-

2323 896 2500 968 gravit
2535 897 2798 966 requiem.

2396 986 2462 1042 Vl
2500 987 2634 1043 Non.
2664 987 2951 1044 Oet-emus.
2979 987 3050 1043 Inv
3073 987 3268 1045 Galliis.
3293 989 3470 1045 natale
3496 993 3674 1047 sancti
3697 990 3907 1048 Leude-

2321 1076 2455 1146 garii
2502 1080 2740 1148 episcopi
2778 1087 2835 1135 et
2873 1079 3219 1136 confessoris.
3257 1080 3318 1136 in
3346 1080 3689 1150 Nicomedia,
3736 1087 3910 1142 sancti

2322 1165 2637 1222 Eleutherii.

2395 1259 2435 1313 ν
2462 1258 2596 1313 Non.
2639 1259 2798 1330 Apud
2839 1261 3090 1331 antiquos
3136 1261 3380 1319 Saxones
3439 1265 3624 1321 natale
3676 1267 3910 1324 duorum

2321 1345 2698 1404 Hewaldorum
2751 1351 3214 1420 presbyterorum,
3265 1354 3360 1422 qui
3412 1369 3536 1409 cum
3578 1356 3910 1413 Wilibrordo

2319 1439 2572 1508 episcOpo
2615 1439 2892 1496 venientes
2941 1441 2994 1496 in
3044 1441 3386 1499 Germaniam
3442 1446 3784 1501 transierunt
3840 1449 3912 1502 ad

2321 1529 2583 1597 Saxones,
2612 1541 2811 1587 etcum
2838 1533 3134 1602 praedicare
3159 1534 3435 1592 Christum
3471 1538 3545 1592 ibi
3589 1540 3907 1608 cmpissent,

2320 1625 2696 1694 comprehensi
2737 1634 2864 1679 sunt
2905 1640 2937 1679 a
2984 1626 3212 1696 paganis
3244 1635 3298 1681 et
3337 1629 3419 1683 sic
3443 1627 3614 1683 occisi
3641 1637 3771 1683 sunt
3795 1647 3814 1685 :
3839 1629 3912 1684 ad

2321 1732 2548 1786 quorum
2576 1732 2800 1788 corpora
2847 1726 3008 1773 noctu
3046 1717 3137 1772 diu
3176 1718 3346 1774 multa
3380 1720 3472 1775 lux
3512 1735 3807 1790 apparens,
3855 1726 3918 1777 α

637 1806 892 1878 episcopo
921 1816 976 1864 et
1019 1808 1182 1863 nobili
1231 1809 1451 1866 doctore
1493 1810 1638 1868 facto
1658 1851 1674 1877 ,
1717 1813 2087 1882 martyrizavit
2121 1814 2219 1869 sub
2249 1811 2296 1873 B
2322 1809 2414 1892 tibi
2445 1816 2626 1864 essent
2667 1818 2723 1863 et
2761 1809 2915 1878 cujus
2939 1816 3122 1864 essent
3152 1811 3332 1864 meriti
3359 1809 3679 1866 declaravit.
3703 1811 3918 1868 [Sodali

635 1895 859 1953 Claudio
881 1899 1143 1969 principe.
2315 1900 2404 1956 die
2424 1901 2604 1970 passio
2637 1901 2811 1956 sancti
2842 1900 3110 1970 Leutgarii
3139 1900 3642 1972 Angustodunensis
3668 1901 3918 1972 episcopi

705 1984 750 2039 Υ
773 1986 907 2043 ΚΑι..
940 1988 1148 2044 Cosmze
1175 1998 1228 2044 et
1271 1989 1515 2048 Damiani
1545 1973 1645 2049 sub
1682 1995 2056 2062 persecutione
2090 1994 2214 2052 Dio-
2316 1990 2644 2055 celebratur,
2679 1989 2771 2059 qui
2837 1989 3267 2045 Christianorum
3332 2006 3520 2060 regum
3571 1993 3918 2062 temporibus

637 2074 855 2130 clctiani
885 2085 942 2130 et
963 2077 1294 2145 Maximiani,
1335 2079 1562 2149 praeside
1593 2082 1708 2152 ejus
1731 2083 1893 2153 Lysia
1915 2084 1971 2138 in
1999 2084 2218 2140 civitate
2315 2080 2540 2140 effectus
2562 2091 2648 2138 est
2673 2089 2901 2153 martyr,
2926 2082 3027 2136 hoc
3051 2089 3154 2147 est,
3181 2080 3439 2136 Ludharii
3467 2082 3626 2152 regis,
3653 2093 3710 2136 et
3737 2082 3920 2138 Theo-

635 2164 839 2235 IEgea;
864 2167 956 2238 qui
983 2177 1105 2239 post
1135 2170 1302 2226 multa
1337 2181 1629 2240 tormenta,
1660 2175 1873 2230 vincula
1897 2185 1951 2232 et
1970 2193 2220 2234 carceres
2317 2174 2487 2230 dorici
2515 2174 2699 2228 fratris
2717 2173 2854 2242 ejus,
2881 2189 2979 2228 nec
3009 2189 3114 2228 non
3145 2183 3196 2228 et
3227 2171 3462 2238 Hiltrici,
3487 2188 3582 2242 per
3613 2172 3912 2231 factionem

634 2259 908 2327 toleratos,
951 2272 1073 2332 post
1105 2280 1254 2322 mare
1275 2275 1331 2320 et
1351 2267 1524 2338 ignes,
1562 2283 1802 2335 crucem,
1833 2270 2211 2340 lapidationem
2321 2263 2646 2319 mlitiosam
2673 2264 2970 2330 Ebul'Wiﬂi,
3004 2265 3096 2334 (μή
3141 2264 3506 2333 maiordomus
3548 2264 3676 2328 Τυίῑι
3719 2263 3912 2319 ετυάθο

632 2360 688 2404 et
712 2352 934 2423 sagittas
969 2354 1226 2413 divinitus
1261 2368 1562 2428 superatas,
1594 2361 1771 2430 capite
1791 2361 2117 2432 plectuntur.

702 2440 769 2496 IV
794 2441 927 2498 KAL.
960 2443 1145 2500 Romae
1178 2448 1356 2502 natale
1397 2448 1620 2517 Stactei,
1661 2462 1716 2508 et
1742 2452 1793 2506 in
1838 2452 2036 2518 Africa,
2070 2453 2213 2508 Mar-

634 2534 794 2600 tialis,
838 2534 1114 2592 Laurentii
1139 2547 1195 2595 et
1221 2540 1452 2598 aliorum
1480 2544 1691 2612 viginti.
1721 2545 2100 2601 Antissiodoro
2122 2547 2218 2603 de-

630 2625 826 2695 positio
861 2629 1033 2683 sancti
1079 2630 1234 2685 Alodi
1279 2633 1533 2702 episcopi.
1575 2633 1634 2690 In
1670 2635 1841 2692 Gallia
1869 2638 2086 2692 civitate
2114 2638 2219 2693 Ge-

632 2732 740 2772 nua
781 2718 1041 2788 depositio
1089 2721 1270 2778 Saloni
1315 2723 1664 2798 [Salomonis]
1711 2729 1967 2799 episcopi.
2015 2730 2222 2786 Eodem

631 2806 721 2861 die
761 2809 818 2864 in
865 2810 1153 2869 Germania
1211 2815 1474 2886 depositio
1542 2818 1736 2876 Leoba
1789 2821 2052 2892 virginis,
2096 2837 2218 2890 quae

633 2900 689 2956 in
715 2901 990 2960 Britannia
1026 2907 1201 2964 insula
1225 2924 1288 2964 ex
1325 2910 1598 2968 Saxonum
1635 2923 1792 2983 gente
1822 2922 1964 2978 nata,
1993 2914 2218 2985 virgini-

633 2992 762 3048 tatis
784 2997 1116 3065 propositum
1164 2998 1218 3054 in
1257 3004 1584 3058 monasterio
1605 3005 1784 3074 posita
1814 3004 2068 3060 nobiliter
2094 3019 2210 3060 ser-

2323 2353 2546 2411 lissimis
2590 2357 2872 2411 tormentis
2912 2355 3137 2411 atllictus
3183 2355 3574 2425 oculorumque
3621 2356 3910 2411 effossiotte

2323 2447 2593 2502 cruciatus
2622 2464 2636 2500 :
2669 2446 2735 2501 ad
2764 2455 3065 2502 extremum
3097 2446 3275 2518 gladio
3301 2457 3609 2517 peremptus
3646 2457 3756 2512 est,
3794 2459 3907 2518 post

2320 2538 2482 2608 cujus.
2500 2539 2813 2609 martyrium
2835 2539 3018 2594 multis
3038 2539 3418 2596 miraculorum
3441 2539 3614 2610 signis
3648 2539 3907 2596 Dominus

2319 2629 2575 2698 reliquias
2601 2630 2767 2700 ipsius
2793 2630 3132 2698 gloriﬁcavit.

2388 2719 2455 2774 IV
2487 2718 2621 2776 Nos.
2653 2721 2712 2774 ln
2741 2719 2995 2792 ZEgypto,
3047 2721 3203 2778 Marti
3231 2730 3290 2780 et
3320 2721 3662 2776 Maurieiani.
3696 2719 3903 2783 Rom,

2320 2810 2555 2868 Marcelli
2582 2815 2817 2886 episcopi
2836 2832 2850 2881 ;
2869 2824 2922 2870 et
2945 2817 2999 2870 in
3026 2815 3228 2883 Africa,
3248 2817 3497 2874 Audacti.
3523 2816 3912 2872 Antissiodoro

2318 2901 2580 2972 depositio
2607 2902 2764 2958 Marsi
2786 2907 3104 2977 presbyteri.

2385 2993 2452 3048 lll
2478 2994 2609 3051 Non.
2640 2997 2696 3049 In
2720 2995 2902 3051 Sicilia
2933 2998 3110 3054 natale
3136 2998 3309 3055 Eutici
3350 2997 3656 3071 [Eutychii]
3681 3007 3735 3054 et
3763 2997 3901 3053 alio-

630 3085 795 3152 vavit,
839 3097 1024 3158 postea
1052 3106 1179 3148 vero
1208 3107 1239 3146 a
1283 3102 1472 3151 sancto
1500 3093 1776 3152 Bonifacio
1807 3095 2211 3166 archiepiscopo
2315 3097 2436 3136 ιύω
2481 3083 2717 3152 triginta.
2757 3083 2815 3138 Ῑιλ
2848 3084 3054 3153 Galliis,
3099 3089 3318 3143 CiVimlB
3340 3087 3607 3154 Valentia,
3637 3089 3906 3158 (19906350

635 3174 1086 3248 Moguntiacensis
1128 3182 1400 3250 [Ecchsiae
1424 3187 1502 3257 [in
1547 3186 1891 3243 Germaniam
1937 3189 2214 3252 advocata,

2319 3171 2464 3227 beati
2493 3171 2814 3243 Apollinaris
2844 3177 3097 3248 episcopi.
3130 3178 3196 3234 Et
3219 3178 3274 3234 in
3309 3178 3519 3243 Galliis,
3548 3178 3773 3234 civitate
3795 3179 3908 3242 Ana

639 3274 698 3320 ut
748 3266 973 3325 famulas
1020 3271 1114 3326 Dei
1174 3273 1231 3328 in
1285 3277 1627 3333 monasteriis
1675 3276 1977 3333 Germania:
2021 3277 2218 3334 divinis
2252 3271 2265 3285 ⁸

639 3359 936 3432 Scripturis
960 3365 1288 3423 instrueret:
1319 3369 1411 3425 ubi
1438 3386 1545 3426 non
1571 3371 1740 3428 solum
1769 3371 1934 3426 multa
1955 3371 2218 3427 miracula

637 3451 826 3509 vivens
869 3454 1022 3522 fecit,
1067 3457 1177 3512 imo
1218 3467 1340 3527 post
1378 3461 1582 3516 obitum
1631 3463 1685 3516 in
1732 3461 2001 3517 Bochonia
2039 3461 2214 3528 silva,

639 3541 742 3596 hoc
770 3553 853 3598 est
879 3545 932 3598 in
963 3548 1291 3605 monasterio
1321 3549 1510 3617 Fulda,
1539 3548 1694 3619 juxta
1731 3553 2005 3608 decretum
2044 3553 2219 3608 sancti

631 3631 896 3692 Bonifacii
933 3639 1159 3710 sepulta,
1207 3656 1313 3697 non
1348 3643 1535 3714 paucis
1573 3645 1848 3701 miraculis
1874 3647 2215 3702 sanctitatem

635 3741 788 3783 suam
815 3729 1133 3787 declaravit.

700 3816 767 3872 ΠΙ
804 3817 923 3874 Kal.
954 3820 1230 3878 Dedicatio
1252 3823 1495 3880 ecclesiae
1520 3826 1692 3897 sancti
1720 3825 1908 3898 Angeli
1939 3825 2216 3884 Michaelis

631 3905 687 3960 in
717 3918 899 3964 monte
925 3909 1192 3982 Gargano.
1213 3911 1273 3968 In
1295 3913 1528 3970 Thracia
1545 3915 1765 3972 civitate
1789 3915 2016 3974 Eraclea
2035 3917 2218 3973 natale

631 3994 829 4054 Euticii
856 3997 1137 4076 [Eutichii]
1173 4002 1349 4061 Plauti
1374 4005 1778 4065 :Antissiodoro
1803 4009 2064 4084 depositio
2087 4010 2215 4068 Fra-

634 4089 774 4144 terni
805 4089 1061 4164 episc0pi.

699 4181 745 4236 ll
789 4182 908 4238 Kal.
957 4183 1015 4238 1n
1055 4183 1366 4242 Bethlehem
1391 4185 1564 4258 Iudae,
1603 4189 1865 4260 depositio
1900 4187 2216 4262 Hieronymi

631 4272 954 4345 presbyteri,
980 4275 1130 4347 cujus
1154 4277 1265 4332 vita
1295 4287 1351 4334 et
1374 4279 1620 4335 doctrina
1650 4281 1847 4354 ubique
1871 4281 1929 4338 in
1957 4282 2216 4340 Ecclesiis

632 4363 835 4422 Christi
860 4366 1144 4425 laudabilis
1167 4378 1378 4437 exstat;
1415 4373 1685 4443 quomodo
1714 4373 1920 4432 divinos
1948 4373 2117 4430 libros
2144 4391 2214 4431 ex

2269 3260 2281 3272 '
2320 3261 2608 3318 tissiodoro
2631 3304 2646 3330 ,
2673 3264 2851 3320 natale
2895 3275 3204 3323 sanctorum
3254 3285 3624 3340 germanorum
3665 3268 3707 3325 Ε
3715 3270 3906 3330 innati

2318 3353 2550 3419 diaconi,
2575 3362 2629 3409 et
2654 3355 2939 3421 Flaviana},
2972 3357 3198 3428 virginis
3222 3360 3335 3415 Deo
3355 3368 3598 3416 sacratre.

2386 3445 2430 3500 ll
2470 3445 2604 3500 Non.
2650 3447 2930 3517 Depositio
2976 3451 3149 3504 sancti
3203 3449 3369 3506 Marci
3415 3450 3684 3521 episcopi;
3737 3459 3796 3504 et
3849 3449 3907 3506 in

2315 3534 2528 3606 Apulia,
2550 3535 2697 3592 Casii
2720 3545 2776 3592 et
2801 3537 2985 3592 ιἘιηίΙὶ
3017 3537 3292 3611 [Ᾱῐωίιὶη.
3334 3540 3392 3594 In
3435 3540 3649 3605 Galliis,
3684 3540 3910 3596 civitate

2314 3629 2560 3701 Agenno,
2586 3631 2763 3687 natale
2786 3633 2958 3688 sancti
2987 3633 3135 3690 Fidei
3158 3636 3426 3706 martyris.
3458 3635 3522 3692 lu
3545 3636 3908 3708 civitateAn-

2315 3723 2601 3780 tissiodoro
2632 3724 2894 3796 depositio
2922 3726 3150 3782 Romani
3175 3729 3423 3799 episcOpi.
3831 3793 3836 3800 _

2385 3814 2518 3872 Non.
2549 3814 2682 3872 Ocr.
2725 3816 2912 3874 Passio
2941 3831 3250 3876 sanetorum
3291 3827 3592 3890 martyrum
3630 3817 3818 3891 Sergii
3855 3831 3909 3876 et

2313 3905 2504 3970 Baebi,
2545 3907 2638 3976 qui
2680 3908 2780 3963 sub
2815 3908 3138 3966 Maximiano
3185 3911 3510 3981 imperatore
3555 3927 3662 3981 pro
3701 3911 3909 3967 Christi

2315 3998 2531 4055 nomine
2556 3999 2703 4069 passi
2727 4009 2868 4054 sunt.
2903 3999 3038 4056 Nam
3065 3999 3286 4072 Sergius
3305 4000 3658 4072 primicerius
3677 4012 3734 4056 et
3754 4003 3910 4072 prino

2313 4109 2445 4166 ceps
2467 4105 2586 4151 erat
2605 4097 2906 4167 gentilium,
2933 4099 3141 4155 amicus
3159 4099 3521 4170 imperatoris.
3549 4099 3752 4155 Beatus
3774 4115 3908 4157 rem

2313 4185 2526 4244 Bachus
2553 4189 2952 4247 secundicerius
2973 4200 3092 4246 erat
3109 4190 3352 4261 ejusdem
3373 4192 3576 4248 schola
3593 4191 3902 4264 gentilium.

2316 4277 2382 4332 Hi
2413 4294 2541 4350 ergo
2575 4280 2645 4335 ab
2667 4281 2934 4338 Antiocho
2956 4284 3090 4339 duce
3113 4299 3210 4354 pro
3248 4283 3453 4340 Christi
3479 4285 3723 4349 nulline,
3741 4285 3903 4356 jussu

2315 4368 2623 4427 Maximiani
2666 4373 3030 4444 imperatoris,
3063 4377 3208 4446 passi
3238 4383 3368 4432 sunt.
3399 4395 3410 4430 :
3464 4377 3546 4432 ita
3585 4384 3643 4431 ut
3683 4376 3908 4432 Bacbus

629 4455 810 4526 lingua
830 4456 1055 4514 Hebraea
1087 4459 1142 4514 in
1169 4460 1416 4518 Latinam
1438 4464 1735 4531 transtulit,
1762 4467 2212 4538 propheticosque
2234 4529 2282 4539 __
2314 4463 2441 4520 dum
2488 4474 2744 4521 extensus
2794 4467 2977 4523 crudis
3020 4465 3244 4539 ﬂagellis
3283 4468 3576 4524 crederetur
3616 4467 3907 4522 emitteret

631 4543 798 4601 libros
837 4560 998 4603 sensu
1039 4547 1326 4619 allegorico
1367 4554 1634 4622 exposuit.
1665 4529 1801 4610 Cum
1833 4529 2012 4612 autem
2055 4529 2208 4614 ocio-
2234 4529 2290 4590 D
2315 4553 2581 4624 spiritum.
2619 4553 2839 4626 Sergius
2874 4571 3003 4612 vero
3044 4529 3168 4627 post
3198 4558 3368 4612 multa
3411 4565 3679 4614 tormenta
3721 4557 3908 4629 gladio

630 4639 778 4709 ginta
805 4645 859 4694 et
881 4647 1003 4695 octo
1029 4655 1296 4698 annorum
1326 4642 1443 4702 dies
1461 4645 1713 4718 explevit,
1758 4649 1924 4704 vitam
1966 4665 2208 4721 praasen-

630 4736 738 4783 tem
766 4727 1041 4799 deserens,
1072 4731 1137 4788 ad
1164 4741 1424 4792 azternam
1458 4738 1700 4809 requiem
1727 4739 2030 4810 emigravit.

1159 4864 1646 4944 OGTOBER.

700 4989 835 5045 KAL.
877 4989 1080 5049 Ocrea.
1125 4993 1183 5049 In
1227 4993 1432 5062 Galliis,
1471 4998 1688 5055 civitate
1706 4999 2207 5072 Antissiodorense,

630 5081 891 5149 depositio
935 5083 1107 5138 sancti
1145 5081 1400 5140 Germani
1441 5087 1674 5160 episcopi
1706 5087 1928 5150 Rhemis
1968 5093 2206 5162 civitate,

628 5167 873 5226 Rcmcdii
919 5173 1174 5245 episcopi.
1203 5174 1420 5231 Adratis
1445 5175 1786 5252 [Attrebatis]
1819 5181 2034 5238 civitate
2062 5183 2205 5240 beati

629 5254 850 5315 Vedasti
879 5263 1134 5335 episcopi.
1159 5261 1343 5319 Ganda
1371 5268 1718 5333 monasterio,
1756 5271 1927 5326 sancti
1972 5270 2205 5329 Babonis

629 5349 884 5423 episcopi.
913 5354 1149 5425 Quorum
1193 5359 1431 5413 omnium
1469 5362 1905 5418 conversationes
1953 5371 2008 5419 et
2055 5375 2206 5436 gesta

631 5441 909 5501 miraculis
931 5449 1090 5520 plena
1114 5453 1418 5523 conscripta
1450 5453 1735 5510 habentur.
1771 5456 1973 5513 Eodem
2001 5459 2085 5514 die
2109 5477 2206 5516 na-

628 5531 738 5586 tale
762 5531 945 5592 Fronti
987 5537 1316 5614 [Frontonis]
1358 5545 1593 5615 episcopi
1630 5554 1686 5602 et
1719 5547 2066 5617 confessoris,
2097 5561 2206 5608 ter-

629 5625 866 5682 minibus
891 5626 1178 5705 [terminis]
1209 5635 1354 5691 urbis
1402 5637 1760 5697 Petrocoricaa
1802 5641 2200 5720 [Pctragoricae]

629 5727 695 5768 ex
733 5716 850 5774 loco
875 5718 965 5788 qui
1001 5720 1196 5779 dicitur
1220 5725 1491 5786 Linicasio
1532 5729 1740 5788 felicem
1787 5733 1957 5811 [felix]
1991 5716 2203 5796 luminis

2316 4657 2486 4698 ctesus
2513 4651 2615 4709 est,
2639 4651 2694 4698 et
2719 4644 2798 4700 sic
2827 4645 3077 4716 migravit
3102 4645 3172 4702 ad
3193 4644 3490 4702 Christum.

2385 4729 2498 4786 Vill
2519 4731 2597 4786 In.
2621 4731 2756 4789 Ocr.
2781 4733 2966 4790 Natale
2985 4734 3269 4804 Reparatte
3288 4735 3513 4803 virginis
3538 4745 3594 4789 et
3615 4737 3901 4806 martyris,

2315 4836 2433 4892 qua:
2459 4837 2617 4892 passa
2645 4832 2731 4880 est
2767 4825 2824 4879 in
2852 4823 3115 4892 Caesarea,
3146 4827 3278 4881 urbe
3303 4826 3627 4892 Palaestinae,
3656 4826 3758 4881 sub
3799 4825 3904 4881 De-

2313 4911 2400 4967 cio
2455 4913 2703 4982 prteside.
2756 4913 2882 4971 Haec
2941 4932 3062 4971 cum
3115 4917 3282 4974 nollet
3334 4917 3492 4973 idolis
3541 4919 3860 4974 sacrificare
3882 4960 3897 4983 ,

2313 5001 2490 5076 primo
2513 5001 2757 5076 adhibita
2781 5012 2864 5060 est
2884 5004 2957 5059 illi
2983 5005 3085 5061 olla
3112 5007 3328 5077 plumbo
3370 5006 3613 5065 fervente
3637 5008 3896 5078 intpleta:

2312 5102 2502 5163 postea
2539 5094 2789 5150 abscissae
2831 5106 2956 5152 sunt
2989 5097 3061 5152 illi
3104 5099 3374 5164 mamillae,
3401 5109 3457 5154 et
3495 5100 3773 5170 lampades
3814 5117 3900 5154 ar-

2315 5180 2504 5239 dentes
2533 5184 2818 5251 adhibitac;
2849 5187 3038 5242 deinde
3077 5189 3130 5244 in
3173 5190 3446 5245 caminum
3473 5191 3615 5262 ignis
3649 5190 3898 5246 ardentis

2314 5271 2480 5328 missa
2505 5283 2586 5329 est
2613 5293 2623 5326 :
2653 5290 2771 5344 qua:
2797 5292 2920 5332 cum
2947 5279 3002 5333 in
3028 5279 3175 5334 nullo
3204 5281 3277 5337 ibi
3303 5279 3493 5336 fuisset
3518 5280 3674 5348 lusa,
3701 5280 3766 5336 ad
3799 5299 3898 5336 cx-

2313 5373 2545 5422 tremum
2573 5369 2830 5425 decollata
2860 5381 2964 5436 cst,
3009 5381 3062 5430 ct
3110 5374 3363 5432 continuo
3389 5374 3457 5430 de
3483 5374 3628 5430 collo
3649 5373 3766 5442 eius
3802 5391 3900 5430 cx-

2311 5461 2408 5517 ivit
2463 5462 2709 5518 columba
2765 5464 2915 5532 alba;
2972 5467 3124 5537 cujus
3173 5483 3367 5538 corpus
3403 5478 3699 5537 rapuerunt
3731 5466 3898 5523 Chri-

2310 5552 2492 5620 stiani,
2527 5564 2582 5610 et
2605 5557 2878 5612 conditura
2909 5560 3242 5615 aromatibus
3267 5559 3616 5630 sepelierunt.

2384 5648 2472 5703 VII
2500 5648 2576 5703 In.
2605 5649 2661 5703 In
2684 5649 2890 5706 Parisio
2917 5652 3096 5720 passio
3125 5653 3360 5724 Dionysii
3402 5653 3638 5726 episcopi
3668 5662 3726 5710 et
3745 5669 3900 5708 mar-

2311 5739 2463 5812 tyris,
2488 5738 2777 5797 Eleutherii
2810 5740 3108 5813 presbyteri
3150 5743 3424 5802 etRustici
3471 5745 3681 5803 diaconi
3710 5763 3722 5798 :
3752 5760 3898 5817 quos
