4112 6364
350 224 500 280 M77

1693 226 2316 319 umrrnotociuu.

3497 235 3637 298 H78

343 310 514 421 nivea
548 339 621 395 de
648 351 888 405 carcere,
919 337 1243 421 Christianis
1283 316 1690 409 aspicientibus,
1733 339 1802 393 ad
1839 352 1952 394 coe-
1979 352 2030 408 Α
2054 340 2262 395 Leontii
2293 341 2596 399 consularis
2618 342 2689 399 ob
2714 357 2835 400 eam
2863 345 3099 406 maxime
3122 362 3343 408 causam
3366 349 3493 421 quia
3516 348 3639 409 Cai-

342 414 433 485 los
461 431 742 500 ascendit,
767 418 982 489 ct’odor
1015 428 1368 488 Suavissimus
1400 432 1553 503 quasi
1588 432 1824 503 paradisi
1871 446 1955 487 se-

341 529 514 580 cutus
559 533 653 581 est
676 542 689 580 :
715 525 1028 581 discedente
1054 523 1353 581 Aureliano
1392 538 1425 579 a
1463 524 1604 591 loco,
1644 525 1957 595 supervenit

334 611 633 691 .Leonilla,
656 625 712 673 et
739 617 1017 673 conditum
1059 615 1394 672 aromatibus
1422 630 1620 688 corpus
1649 632 1757 673 non
1795 617 1955 689 longe

341 704 417 761 ab
447 707 577 778 ipso
610 724 832 768 carcere
871 710 1141 782 sepelivit.
1181 709 1384 767 Eodem
1426 710 1514 766 die
1560 710 1741 767 natale
1781 711 1956 767 sancti

341 738 417 761 an
447 738 577 778 ιγδυ
610 738 832 768 υδΐυῦΐῦ
871 738 1141 782 πμυιινιι.
1181 738 1384 767 ωυυσιιι
1426 738 1514 766 υιυ
1560 738 1741 767 natam
1781 738 1955 767 aauuu

314 738 599 889 )Catsarii
634 802 845 858 diaconi
875 810 930 859 et
952 794 1154 860 Juliani
1200 803 1543 875 presbyteri;
1574 805 1666 875 qui
1704 803 1955 861 videlicet

312 887 634 949 tCazsarius
681 902 927 965 tempore
972 894 1178 951 Claudii
1226 892 1571 967 imperatoris
1621 897 1845 953 veniens
1887 894 1955 954 ex

340 979 544 1038 Africa
596 984 665 1040 ad
712 984 1062 1042 Terracinam
1119 984 1425 1058 Campaniae
1467 987 1775 1055 civitatem,
1827 988 1954 1044 dum

343 1079 555 1151 contra
584 1074 897 1131 idololatras
920 1075 1285 1146 proclamaret
1310 1078 1366 1134 in
1396 1078 1634 1149 publico,
1667 1088 1845 1136 tentus
1870 1091 1954 1138 est

341 1175 375 1215 a
402 1160 670 1249 'Firmino
714 1165 981 1235 pontiﬁce
1016 1175 1073 1222 et
1110 1166 1166 1222 in
1195 1169 1497 1226 custodiam
1544 1170 1805 1239 reclusus,
1855 1172 1951 1228 ubi

334 1250 554 1339 diebus
582 1254 768 1313 multis
794 1267 1103 1315 maceratus
1133 1260 1327 1317 deinde
1352 1260 1579 1318 traditus
1608 1272 1694 1320 est
1719 1262 1949 1321 Leontio

334 1338 639 1433 ronsulari
671 1348 999 1422 Campaniae.
1026 1352 1199 1420 Quem
1230 1352 1318 1409 ille
1338 1369 1463 1410 cum
1489 1355 1667 1412 verbis
1693 1370 1953 1426 superare

332 1422 835 1520 ii'equiret,'jussit
858 1444 1117 1510 ,vinctum
1161 1456 1287 1504 ante
1317 1457 1638 1520 carpentum
1663 1465 1821 1508 suum
1854 1451 1953 1506 du-

337 1504 519 1621 :cere,"
551 1532 731 1604 ligatis
778 1534 1050 1604 manibus,
1096 1537 1300 1595 nudum
1355 1555 1525 1611 usque
1569 1542 1639 1597 ad
1692 1542 1951 1613 templum

340 1612 625 1691 Apollinis
646 1637 661 1681 :
685 1638 792 1695 quo
816 1641 940 1681 cum
969 1629 1365 1699 pervenissent,
1406 1633 1472 1686 ad
1498 1612 1822 1688 orationem
1833 1630 1949 1702 ejus

2057 431 2234 487 sarius
2267 439 2481 502 patrem
2511 430 2630 502 ejus
2654 433 3025 493 Christianum
3068 436 3308 505 fecisset,
3353 447 3408 495 et
3450 440 3519 497 ad
3555 438 3642 500 fo-

2056 535 2178 576 rum
2208 521 2375 587 ducti,
2423 538 2527 579 nec
2555 526 2814 596 superati,
2848 526 2975 584 inde
3002 528 3059 584 in
3102 545 3381 587 carcerem
3411 531 3638 602 reclusi,

2055 619 2110 666 et
2134 619 2294 668 nocte
2313 613 2505 670 eadem
2531 631 2655 672 cum
2685 617 2999 676 sacriﬁcare
3026 620 3231 678 nollent
3253 621 3523 692 decollati,
3551 633 3638 682 at-

2056 716 2163 772 que
2193 702 2252 759 in
2274 702 2441 760 ﬂuvio
2460 713 2588 761 sunt
2609 707 2833 778 jactati;
2862 723 3093 779 quorum
3118 727 3346 784 corpora
3376 722 3641 771 venerunt

2054 808 2228 864 usque
2270 795 2338 851 ad
2366 811 2541 863 mare,
2572 806 2627 853 et
2671 798 2875 869 rejecta
2921 810 3047 858 sunt
3089 805 3160 862 ad
3202 805 3373 873 littus,
3408 816 3574 879 atque
3609 823 3641 864 a

2053 887 2373 959 presbytero
2410 889 2647 961 quodam
2695 891 2762 947 de
2789 890 2992 964 Capua,
3047 896 3267 952 nomine
3295 898 3524 966 Quarto,
3559 897 3643 954 in-

2053 985 2240 1042 venta,
2273 977 2366 1049 qui
2410 992 2474 1034 ea
2516 993 2643 1034 mox
2679 979 2931 1052 imposita
2977 983 3229 1040 vehiculo
3259 985 3415 1042 duxit
3459 988 3515 1042 in
3558 1001 3645 1043 ca-

2055 1080 2172 1121 sam
2204 1081 2383 1136 suam,
2411 1077 2467 1123 et
2494 1068 2710 1124 curiose
2736 1085 2986 1140 quaerens
3009 1074 3176 1128 etiam
3202 1075 3381 1145 capita
3411 1076 3639 1142 invenit,

2054 1170 2120 1212 ac
2160 1157 2349 1228 juncta
2390 1159 2713 1230 corporibus
2758 1161 3009 1232 sepelivit
3046 1162 3205 1234 juxta
3253 1173 3501 1222 sanctum
3529 1165 3643 1222 Ca:-

2053 1252 2282 1315 sarium.

2124 1345 2239 1401 Vill
2263 1345 2340 1401 ln.
2367 1345 2613 1404 Novus.
2654 1348 2932 1420 Depositio
2961 1347 3262 1407 Wilbrordi
3290 1349 3531 1421 episcopi
3573 1350 3644 1408 de

2054 1446 2215 1509 gente
2252 1437 2572 1509 Anglorum,
2604 1439 2711 1494 viri
2761 1439 3096 1496 sanctissimi
3141 1449 3199 1497 et
3250 1440 3640 1496 miraculorum

2054 1529 2227 1601 gratia
2262 1529 2635 1602 insignissimi,
2663 1529 2757 1600 qui
2799 1545 2832 1585 a
2879 1530 3070 1603 Sergio
3108 1546 3249 1603 papa
3276 1531 3463 1588 Romae
3489 1530 3640 1586 ordi-

2053 1628 2214 1675 natus
2240 1621 2297 1676 iu
2338 1620 2687 1677 Germaniam
2731 1622 2800 1677 ad
2832 1622 3238 1693 praedicandum
3290 1624 3514 1681 verbum
3546 1620 3643 1680 Dei

340 1708 569 1769 corruit
616 1715 896 1787 templum,
924 1727 982 1773 et
1026 1719 1225 1776 occidit
1262 1721 1574 1791 pontiﬁcem
1602 1722 1905 1780 Firminum
1929 1739 1944 1791 ;
1974 1712 2025 1776 B
2050 1723 2135 1771 est
2158 1714 2481 1781 destinatus,
2513 1715 2823 1787 ibidemque
2843 1715 3053 1786 (Ιυίθνίι
3082 1715 3139 1771 in
3167 1730 3323 1787 Pace-

340 1802 477 1873 pUSt
503 1804 624 1861 haec
650 1806 896 1867 reclusus
910 1808 967 1863 in
989 1823 1214 1867 carcere
1238 1826 1270 1866 a
1296 1810 1535 1869 Luxorio
1552 1814 1731 1884 primo
1758 1814 1949 1870 civita-

332 1890 440 1959 tis,
473 1894 586 1952 fuit
608 1897 683 1953 ibi
709 1908 911 1956 annum
933 1909 990 1956 et
1016 1916 1257 1959 mensem
1277 1914 1463 1960 unum.
1486 1906 1694 1963 Deinde
1719 1907 1948 1965 eductus

343 1985 403 2077 in
436 1986 588 2055 foro,
630 2004 663 2045 a
700 1991 810 2047 Deo
838 1992 968 2047 dum
1004 2003 1188 2052 oraret
1224 1996 1436 2053 caelesti
1485 1997 1607 2055 luce
1634 1999 1946 2056 circumda-

335 2082 464 2143 tus,
516 2085 579 2132 ut
623 2078 740 2150 ipse
785 2080 1044 2140 Leontius
1083 2086 1351 2155 crederet,
1391 2098 1448 2144 et
1492 2089 1812 2157 Caesarium,
1855 2093 1949 2163 qui

342 2175 473 2245 erat
500 2169 697 2238 nudus,
725 2188 821 2227 sua
851 2175 1134 2249 chlamyde
1173 2179 1441 2248 indueret,
1471 2192 1527 2237 et
1553 2182 1946 2253 baptizaretur,

342 2262 427 2312 ae“
446 2272 653 2335 corpus
675 2276 739 2317 ac
780 2267 1101 2337 sanguinem
1139 2267 1351 2326 Domini
1391 2272 1663 2343 acciperet
1691 2274 1757 2330 de
1782 2289 1948 2330 manu

338 2344 563 2404 altiliani
585 2354 909 2424 presbyteri,
951 2372 1052 2413 nec
1086 2373 1263 2427 mora,
1309 2361 1453 2418 dicta
1481 2379 1644 2435 super
1668 2380 1791 2421 eum
1830 2382 1950 2425 ora-

343 2437 526 2509 tione,
577 2442 825 2519 spiritum
873 2448 1096 2504 tradidit
1137 2466 1199 2506 m
1246 2451 1366 2507 Kal.
1396 2452 1532 2509 Nov.
1575 2455 1726 2512 Tunc
1767 2458 1948 2516 Luxo—

343 2527 467 2584 rius
493 2529 954 2600 jussitilulianum
979 2547 1033 2594 et
1058 2539 1352 2596 Caesarium
1381 2544 1522 2599 mitti
1549 2546 1605 2600 in
1648 2562 1865 2605 saccum
1893 2557 1947 2607 et

341 2622 685 2693 praecipitari
715 2625 771 2680 in
801 2640 952 2684 mare
978 2643 994 2682 :
1019 2631 1112 2699 qui
1147 2622 1340 2689 cedem
1376 2632 1466 2688 die
1506 2635 1695 2706 rejecti
1725 2648 1853 2694 sunt
1879 2640 1948 2695 ad

340 2710 507 2799 littus
535 2722 591 2769 et
629 2714 825 2787 Sepulti
855 2720 924 2776 ab
974 2719 1210 2779 Eusebio
1237 2739 1397 2783 servo
1423 2725 1723 2799 Dei,.juxta
1753 2732 1947 2787 urbem

342 2796 741 2873 Terracinam;
782 2802 843 2863 'et
888 2807 1032 2866 idem
1061 2812 1329 2871 Eusebius
1375 2796 1579 2888 postea
1619 2823 1947 2892 martyrium

339 2910 552 2987 passus
569 2907 652 2954 est
684 2916 808 2956 cum
835 2901 1017 2959 Felice
1049 2907 1388 2980 presbytero.
1417 2910 1623 2967 Eodem
1660 2915 1748 2971 die
1777 2916 1943 2987 depo-

524 2985 771 3069 Severini
809 2993 1063 3052 monachi
1113 2998 1178 3054 de
1209 2978 1490 3058 Tiburtina
1529 3004 1767 3061 civitate.
1815 2978 1937 3078 ipsa

2120 1805 2212 1860 Vll
2253 1805 2328 1861 In.
2379 1805 2441 1861 In
2486 1804 2672 1862 Africa
2718 1805 2900 1863 natale
2950 1806 3166 1879 Rogati,
3209 1808 3426 1875 Donati,
3466 1806 3638 1873 Iulias,

2046 1896 2311 1952 Januarii.
2344 1897 2547 1954 Eodem
2580 1896 2671 1952 die
2697 1897 2883 1953 natale
2904 1899 3079 1954 sancti
3112 1899 3256 1966 Ruﬁ,
3286 1900 3524 1971 episcopi
3550 1913 3643 1954 ur-

2045 1994 2133 2050 bis
2157 1992 2413 2050 Metensis
2440 2002 2494 2049 et
2522 1992 2870 2062 confessoris,
2898 1994 2993 2063 qui
3020 1992 3318 2049 translatus
3345 2000 3428 2049 est
3453 2008 3486 2047 a
3504 2006 3641 2063 prae-

2048 2086 2193 2141 dicta
2220 2086 2376 2153 urbe,
2412 2086 2787 2141 consentiente
2812 2084 3064 2155 Drogone
3099 2084 3355 2156 praesule,
3387 2084 3441 2139 in
3482 2082 3644 2140 Wor-

2047 2176 2374 2233 matiensem
2430 2191 2629 2249 pagum
2648 2216 2663 2243 ,
2707 2176 2763 2232 in
2812 2175 2996 2232 villam
3040 2191 3162 2248 qua:
3218 2184 3444 2231 vocatur
3481 2173 3641 2231 Oter-

2046 2263 2216 2334 hcim,
2257 2267 2592 2338 temporibus
2633 2265 2857 2323 Ludarii
2894 2267 3241 2338 imperatoris
3289 2275 3345 2322 et
3382 2265 3644 2324 Ludovici

2044 2357 2215 2428 regis,
2258 2357 2351 2413 ubi
2395 2358 2561 2414 etiam
2619 2358 2879 2416 sanctitas
2930 2357 3047 2429 ejus
3105 2357 3292 2415 multis
3350 2358 3643 2418 virtutibus

2049 2448 2247 2506 claruit
2270 2464 2321 2505 ιι.

2064 2526 2093 2569 ·⁵
2118 2537 2186 2594 ιν
2211 2539 2288 2593 In.
2328 2539 2517 2596 Romae
2560 2541 2826 2612 depositio
2855 2542 3028 2598 sancti
3069 2540 3265 2598 Leonis
3294 2541 3551 2612 episcopi.
3585 2540 3645 2597 In

2047 2632 2339 2688 Antiochia
2369 2634 2549 2689 natale
2594 2634 2853 2690 Demetrii
2901 2635 3162 2706 episcopi,
3184 2633 3643 2701 Amnesi,Eusta-

2048 2725 2157 2781 chii
2199 2725 2442 2800 [Aniani,
2468 2725 2730 2800 Eustosii]
2765 2736 2822 2782 et
2850 2729 3122 2784 sociorum
3148 2729 3284 2800 ejus.
3330 2727 3638 2785 Aureliauis

2049 2817 2315 2891 depositio
2345 2819 2492 2875 beati
2517 2818 2783 2875 Minitoris
2808 2817 3139 2891 [Monitoris]
3177 2820 3439 2889 episcopi.

2048 2908 2051 2911 ’
2112 2907 2286 2965 Δ11111).
2329 2909 2605 2981 Depositio
2627 2910 2775 2966 beati
2824 2908 3042 2965 Martini
3091 2908 3426 2965 Turonensis
3462 2909 3644 2966 archi-

2060 2999 2299 3071 episcopi
2323 3009 2381 3056 et
2400 2999 2750 3069 confessoris,
2765 3000 2919 3072 cujus
2935 3001 3049 3057 vita
3073 3009 3129 3057 et
3148 3001 3393 3057 doctrina
3418 3016 3517 3073 per
3538 3001 3643 3057 mi-

339 3068 435 3131 δίε
478 3078 747 3172 memoria
780 3085 1085 3144 celebratur
1127 3093 1369 3149 omnium
1416 3105 1749 3168 sanctorum,
1787 3068 1934 3172 quod
1959 3088 2007 3153 ϐ
2034 3068 2386 3161 1acula—qua:
2428 3091 2689 3148 Dominus
2734 3068 2843 3162 per:
2859 3107 2985 3147 eum
3032 3091 3182 3157 fecit,
3216 3106 3355 3163 pene
3391 3068 3646 3148 omnibus

341 3170 635 3262 constituit
660 3172 973 3235 Bonifacius
996 3194 1155 3252 papa,
1182 3186 1275 3254 qui
1313 3186 1600 3245 delubrum
1643 3170 1939 3262 vetustum,

338 3245 513 3343 quod
532 3263 603 3320 ab
643 3269 881 3339 antiquis
928 3245 1219 3331 Pantheon
1248 3278 1564 3347 vocabatur,

340 3348 554 3433 Ferrato
578 3353 807 3433 [Phoce]
845 3359 1083 3433 Ctesare,
1123 3366 1179 3422 in
1221 3367 1485 3425 honorem
1510 3381 1712 3429 sanctae
1759 3374 1944 3431 Mariae

332 3442 592 3527 Virginis
627 3461 684 3509 et
729 3457 970 3514 omnium
1014 3468 1327 3519 sanctorum
1364 3466 1655 3523 dedicavit.
1708 3469 1842 3525 ltcm
1886 3471 1942 3526 in

344 3542 542 3631 eodem
585 3545 675 3624 die
708 3547 765 3631 in
809 3554 1143 3609 monasterio
1189 3554 1357 3612 Fulda
1403 3556 1671 3615 dedicatio
1698 3561 1944 3617 ecclesiae

345 3622 530 3721 s‘a‘ncti
551 3622 839 3711 Bonifacii,
883 3654 939 3701 et
961 3647 1248 3705 translatio
1272 3651 1523 3722 corporis
1550 3650 1791 3721 ejusdem
1821 3667 1945 3710 san-

345 3724 430 3787 cti
459 3735 737 3807 martyris.
904 3746 907 3749 ‘

364 3810 491 3876 "‘t'v
518 3820 657 3878 Non.
678 3824 755 3880 'In
784 3825 968 3884 Africa
992 3832 1172 3887 natale
1193 3832 1391 3902 Publii,
1422 3824 1681 3905 Victoris,
1711 3838 1940 3896 Herme-

349 3912 445 3980 tis,
475 3912 617 3970 Iusti
643 3923 701 3971 et
721 3914 921 3988 Papiae.
1924 3934 1933 3941 ‘

426 4002 492 4058 Ill
528 4003 664 4062 Non.
704 4005 765 4061 In
797 4006 1045 4066 Caesarea
1072 4010 1428 4083 Cappadociae
1453 4016 1636 4073 natale
1659 4017 1938 4088 Germani,

355 4093 634 4164 Domnini,
670 4095 973 4169 Theophili,
1011 4100 1217 4169 Vitalis,
1268 4102 1407 4161 Justi
1438 4115 1495 4161 et
1532 4107 1807 4165 Eremitis.
1837 4110 1943 4165 Eo-

356 4180 483 4275 dem
510 4183 598 4241 die
624 4185 888 4258 depositio
913 4184 1086 4248 sancti
1113 4191 1383 4252 Permenii
1418 4196 1694 4272 [Firmini]
1726 4200 1938 4258 confes-

353 4288 516 4357 SDI‘IS.

384 4408 387 4411 ι
420 4360 470 4420 ll
496 4363 635 4424 Non.
673 4369 1061 4444 Augustoduno
1089 4375 1353 4448 depositio
1390 4378 1534 4436 beati
1579 4379 1797 4438 Proculi
1820 4382 1937 4455 epi-

351 4452 524 4545 ScOpi'.
547 4439 788 4520 Rotenus
812 4466 1121 4543 [Ruthenis]
1145 4439 1332 4527 Callia:
1353 4473 1530 4529 natale
1544 4476 1719 4531 sancti
1737 4439 1940 4533 Aman-
1962 4439 2018 4505 Β

351 4553 415 4635 1ξί
446 4553 702 4626 episcopi.
729 4558 790 4612 In
819 4557 1007 4616 Galliis
1030 4563 1307 4620 Beturicas
1332 4566 1496 4638 [apud
1523 4566 1812 4641 Bituricas]
1842 4569 1939 4625 de-

352 4648 553 4727 positio
579 4650 752 4706 sancti
796 4650 1053 4708 lnlusoris
1093 4656 1245 4725 pueri
1284 4665 1340 4711 et
1388 4657 1748 4727 confessoris;
1788 4668 1842 4715 et
1880 4661 1937 4718 in

244 4798 248 4805 ,
352 4737 555 4824 l‘licaea,
598 4740 868 4797 Domnini.
908 4742 969 4798 1n
995 4742 1181 4801 Africa
1226 4747 1406 4803 natale
1450 4746 1642 4816 Primi,
1687 4750 1933 4820 Caesarii,

354 4830 638 4902 Gregorii,
688 4832 922 4902 Porsiri,
963 4833 1243 4904 Amantis,
1287 4837 1559 4906 Saturini,
1606 4832 1931 4910 Victurinae,

350 4919 659 4995 Perpetuaa.
1848 4916 1853 4925 ’

2044 3186 2296 3244 ﬁdelibus
2328 3188 2519 3256 claret,
2564 3203 2669 3243 nec
2701 3202 2926 3244 necesse
2970 3195 3057 3243 est
3088 3186 3293 3257 aliquid
3318 3186 3407 3242 hic
3443 3186 3570 3242 inde
3611 3201 3644 3242 a

2043 3278 2203 3335 nobis
2238 3280 2676 3345 commemorari,
2707 3279 2835 3349 quia
2884 3279 3053 3351 ipsius
3080 3277 3286 3345 Vitam,
3328 3277 3561 3334 virtutes
3588 3284 3646 3336 et

2046 3370 2203 3438 signa
2234 3369 2511 3440 Sulpicius
2539 3368 2775 3425 Severus
2822 3368 3097 3424 luculento
3121 3381 3373 3424 sermone
3410 3366 3644 3423 manife-

2045 3461 2470 3532 stedescripsit;
2507 3475 2609 3515 nec
2653 3475 2764 3516 non
2793 3466 2849 3516 et
2875 3458 3192 3530 Gregorius,
3217 3456 3462 3528 ejusdem
3488 3458 3643 3516 urbis

2044 3555 2350 3625 episcopus,
2376 3554 2452 3609 in
2489 3553 2874 3609 Miraculorum
2922 3552 3080 3608 libris
3121 3551 3433 3621 plenissime
3472 3551 3644 3608 disse-

2042 3647 2172 3701 ruit.
2200 3645 2406 3701 Ebdem
2434 3644 2521 3700 die
2564 3644 2748 3714 passio
2786 3642 3092 3698 celebratur
3118 3641 3327 3697 Meunte
3354 3642 3633 3713 martyris,

2046 3736 2140 3810 qui
2166 3737 2420 3792 militiam
2449 3744 2727 3792 terrenam
2754 3735 3033 3801 deserens,
3070 3748 3137 3792 eo
3166 3733 3310 3804 quod
3348 3732 3640 3790 Diocletia-

2044 3842 2148 3883 nus
2187 3827 2487 3899 imperator
2513 3827 2724 3882 saivitia
2753 3825 3094 3882 Christianos
3124 3835 3346 3896 cogeret
3368 3822 3512 3880 idola
3551 3837 3644 3879 co-

2042 3918 2156 3974 lere
2175 3926 2233 3973 et
2257 3918 2388 3974 deos
2416 3916 2582 3974 falsos
2602 3916 2851 3984 adorare,
2876 3925 3099 3972 sanctus
3127 3914 3363 3971 famulus
3392 3914 3490 3971 Dei
3508 3915 3628 3985 pri-

2043 4026 2193 4067 mum
2229 4009 2285 4065 in
2324 4024 2567 4066 eremum
2596 4010 2856 4077 secessit,
2890 4025 2956 4065 ac
2983 4010 3059 4066 ibi
3098 4008 3328 4064 Domino
3365 4008 3632 4066 instanter

2042 4101 2289 4159 servivit.
2310 4101 2507 4159 Postea
2529 4116 2659 4158 vero
2677 4117 2803 4157 cum
2815 4101 3044 4173 gentiles
3068 4101 3305 4157 natalem
3330 4102 3474 4157 diem
3492 4117 3633 4174 prae-

2042 4193 2173 4249 dicti
2199 4192 2545 4265 imperatoris
2580 4190 2942 4258 celebrarent,
2982 4190 3134 4246 venit
3168 4190 3225 4245 in
3254 4191 3553 4259 civitatem,
3582 4201 3640 4248 et

2042 4286 2344 4357 increpavit
2380 4286 2788 4356 superstitiosos
2814 4284 3051 4341 cultores
3078 4285 3348 4342 idolorum
3391 4286 3458 4342 de
3485 4286 3639 4343 vani-

2041 4384 2153 4433 tate
2181 4392 2299 4434 sua.
2330 4376 2436 4432 Per
2474 4376 2764 4448 Bagasium
2790 4376 3091 4448 principem
3135 4376 3321 4433 multis
3351 4376 3638 4432 tormentis

2044 4464 2274 4527 amictus
2294 4478 2400 4538 est,
2426 4478 2482 4526 et
2499 4484 2625 4526 eum
2653 4485 2687 4525 a
2709 4468 2912 4527 Christi
2936 4470 3045 4527 ﬁde
3083 4479 3332 4527 avertere
3363 4470 3552 4539 voluit,
3582 4481 3640 4529 et

2044 4563 2101 4620 in
2145 4574 2390 4620 errorem
2434 4562 2719 4634 gentilium
2748 4571 2914 4633 atque
2953 4564 3022 4617 ad
3065 4564 3313 4618 militiam
3360 4573 3638 4621 terrenam

2043 4654 2324 4727 reducere.
2372 4654 2480 4710 Sed
2528 4653 2732 4709 Christi
2768 4661 2982 4725 martyr
3017 4656 3232 4725 penitus
3274 4655 3378 4710 hoc
3418 4664 3637 4711 contra-

2043 4747 2199 4803 dixit.
2250 4745 2404 4800 Tunc
2442 4759 2646 4815 praises
2672 4744 2836 4815 jussit
2891 4760 3016 4801 eum
3059 4746 3295 4817 primum
3345 4745 3402 4801 in
3455 4746 3636 4816 stipite

2044 4847 2255 4896 tensum
2286 4838 2470 4895 nervis
2491 4838 2723 4894 taurinis
2746 4838 2972 4905 caedere,
3006 4839 3081 4895 ita
3109 4847 3169 4894 ut
3199 4839 3419 4911 sanguis
3453 4854 3486 4895 e
3511 4854 3632 4898 cor—

2043 4922 2173 5004 pore
2197 4930 2314 5003 ejus
2340 4931 2512 4987 ﬂuens
2544 4931 2601 4986 in
2630 4932 2863 4988 circuitu
2887 4940 3089 4988 terram
3140 4932 3375 5003 repleret
3399 4949 3414 4999 ;
3447 4941 3633 5004 postea

350 5080 353 5087 ν
386 5010 562 5093 Γηιδᾷοιει.
594 5012 836 5072 Nomm.
874 5017 933 5074 In
984 5018 1300 5089 Tarracina,
1333 5021 1641 5096 Campania:
1686 5028 1930 5095 civitate,
2034 5020 2198 5091 jussit
2225 5022 2343 5077 fieri
2381 5022 2565 5092 spinas
2608 5022 2839 5089 ferreas,
2866 5030 2922 5077 et
2962 5021 3222 5093 praecepit
3269 5021 3424 5093 ligari
3455 5022 3632 5092 ipsum

356 5107 545 5185 natale
571 5118 883 5177 sanctorum
919 5112 1115 5171 Felicis
1147 5118 1450 5189 presbyteri
1491 5127 1545 5175 et
1573 5121 1792 5177 Eusebii
1822 5138 1939 5177 mo-

348 5202 543 5269 nachi,
590 5210 833 5274 tempore
878 5204 1085 5262 Claudii
1132 5208 1520 5279 imperatoris:
1552 5212 1645 5282 qui
1689 5212 1938 5269 videlicet

352 5291 624 5361 Eusebius
651 5310 776 5349 cum
803 5296 1085 5367 sepelisset
1116 5309 1333 5356 sanctos
1361 5311 1632 5373 martyres
1659 5302 1937 5360 Iulianum

356 5393 416 5443 et
440 5383 753 5453 Caesarium,
799 5398 853 5443 ct
880 5390 947 5444 ad
987 5390 1231 5460 sepulcra
1286 5407 1474 5449 eorum
1501 5411 1666 5453 orans
1706 5412 1771 5452 ac
1803 5396 1938 5468 jeju-

348 5488 499 5549 paus
540 5477 739 5534 multos
765 5490 1104 5537 converteret
1133 5483 1199 5538 ad
1220 5483 1401 5550 ﬁdem,
1430 5500 1567 5555 quos
1605 5485 1756 5540 Felix
1786 5503 1939 5558 prcs-

356 5568 519 5645 bytcr
552 5567 901 5647 baptizabat;
948 5575 1084 5631 tenti
1123 5583 1249 5631 sunt
1290 5577 1449 5633 ambo
1487 5594 1519 5633 a
1564 5578 1793 5637 Leontio
1826 5580 1936 5637 ﬁlio

434 5694 459 5723 ι
482 5682 580 5742 llic
608 5684 981 5746 desiderantur
1006 5689 1063 5748 in
1100 5690 1482 5761 Martyrologio
1518 5696 1624 5754 duo
1652 5697 1788 5755 dies.

2043 5121 2290 5169 sanctum
2315 5121 2610 5185 martyrem
2642 5111 2917 5180 Mcnnam,
2948 5122 3005 5169 et
3038 5129 3201 5185 super
3224 5114 3443 5169 easdem
3467 5114 3627 5169 trahi.

2043 5205 2198 5261 Tunc
2220 5219 2423 5277 praises
2456 5204 2621 5274 jussit
2658 5220 2784 5261 eum
2817 5215 3010 5261 contra
3038 5206 3293 5261 humeros
3329 5204 3631 5262 diutissime

2045 5297 2213 5363 caedi;
2254 5296 2448 5352 deinde
2475 5297 2753 5366 lampades
2800 5298 3054 5354 ardentes
3096 5298 3370 5354 mandavit
3404 5296 3631 5369 supponi

2043 5390 2258 5460 corpori
2285 5389 2439 5460 ejus:
2467 5389 2629 5444 allato
2659 5398 2838 5444 autem
2888 5390 3013 5463 igne
3042 5398 3098 5446 et
3141 5390 3419 5462 supposito
3445 5390 3497 5447 ei
3529 5403 3632 5461 per

2043 5482 2175 5537 duas
2201 5481 2369 5537 ferme
2396 5483 2557 5537 horas
2580 5482 2786 5538 nullum
2810 5483 3037 5539 verbum
3060 5483 3128 5539 ad
3151 5484 3436 5556 praesident
3464 5481 3623 5551 dixit,

2040 5571 2139 5629 sed
2168 5579 2376 5629 tantum
2402 5572 2670 5629 clamabat
2698 5573 2767 5630 ad
2786 5575 3072 5633 Dominum
3101 5573 3289 5633 dicens
3314 5592 3328 5629 :
3362 5591 3383 5627 ι
3410 5570 3635 5645 Christe,
