4112 6364
545 296 695 353 H79-

1174 290 1235 344 η.
1279 285 1533 343 RABANI
1569 284 1788 344 MAURI
1826 282 2146 341 ARCHIEP.
2184 282 2493 344 HOCUNT.
2534 287 2817 351 OPERUM
2851 287 3031 344 PARS
3068 280 3131 343 Il.

3650 279 3800 348 ita!)

543 412 705 475 Deus,
732 405 921 477 adjuva
951 420 1066 472 me;
1105 423 1129 457 ι
1155 404 1453 461 novissime
1475 418 1606 459 vero
1634 418 1759 459 cum
1781 402 1926 457 nullo
1955 402 2115 457 modo
2141 405 2193 464 Α
2216 417 2315 472 per
2344 417 2534 458 omnes
2561 402 2678 458 dies
2710 403 2839 457 vitae
2880 417 2992 457 sua:
3026 409 3331 473 perageret,
3364 408 3492 459 nutu
3529 405 3627 461 Dei
3670 405 3803 477 Spi-

542 515 663 556 cum
708 512 908 568 praeses
946 510 976 549 a
1011 494 1227 550 Christe
1270 508 1521 564 separare
1559 503 1757 564 posset,
1784 493 1944 565 jussit
1990 507 2114 547 eum

541 587 813 645 decollari.
873 585 1072 658 Sicque
1112 586 1341 642 feliciter
1396 593 1613 640 sanctus
1660 584 1773 637 Dei:
1811 583 2116 652 relinquens

539 694 777 752 praesens
802 678 1059 734 scordam
1085 678 1153 733 ad
1178 676 1400 733 caeleste
1421 690 1648 747 regnum
1679 674 1948 730 transivit.

609 772 655 826 ii
692 771 769 827 la.
808 770 869 827 In
896 770 1079 826 Africa
1117 768 1315 843 Esaia}
1358 768 1542 823 natale
1584 775 1899 823 sanctorum
1956 766 2117 821 inau-

540 862 663 928 ruli,
704 862 861 917 Publi
898 861 1123 935 [Aurelii
1165 869 1228 915 et
1272 858 1492 931 Publii].
1534 860 1591 913 lu
1620 857 1865 913 Caesarea
1908 857 2121 927 Cappa-

537 959 706 1013 dociac
734 957 914 1013 natale
954 964 1275 1013 sanctorum
1291 952 1565 1019 Germani,
1601 952 1903 1023 Theophili,
1945 952 2119 1008 Caesa.

538 1050 605 1104 rii
635 1058 691 1106 et
715 1050 893 1106 sancti
922 1047 1162 1103 Eusebii.

606 1140 735 1193 inin.
776 1139 835 1193 In
861 1137 1104 1210 '{l‘uronis
1146 1136 1369 1189 civitate
1407 1132 1599 1189 Galliae
1643 1131 1907 1200 depositio
1942 1130 2115 1186 sancti

537 1230 712 1287 Bricci
737 1230 941 1305 [Britii]
982 1228 1218 1299 episcopi
1253 1237 1308 1283 ct
1336 1225 1683 1289 confessoris,
1712 1224 1802 1294 qui
1847 1223 1952 1277 fuit
1988 1237 2118 1279 suc-

448 1316 451 1317 ⁷
537 1336 723 1377 ccssor
751 1322 919 1378 sancti
941 1320 1156 1374 Martini
1180 1321 1234 1373 in
1263 1318 1596 1389 episcopatu.

608 1409 770 1464 XVﬂl
807 1409 941 1465 KAL.
972 1409 1210 1463 Decann.
1262 1409 1321 1461 In
1351 1404 1609 1462 Heraclea
1630 1446 1644 1470 ,
1693 1404 1912 1459 civitate
1939 1402 2113 1458 Thra-

536 1501 659 1563 ciae,
700 1500 881 1555 natale
922 1500 1095 1554 sancti
1123 1498 1354 1554 Clentini
1403 1505 1457 1552 et
1501 1496 1829 1561 Theodotie,
1865 1494 2117 1549 Filomini

539 1591 906 1666 [Clementini,
929 1589 1213 1657 Theodoti,
1238 1588 1580 1660 Pbilomeui],
1616 1588 1811 1655 Eracli,
1835 1586 2115 1654 Martialis,

536 1685 728 1742 Donati
752 1694 809 1741 et
836 1684 1063 1741 aliorum
1088 1684 1379 1739 multorum
1407 1691 1736 1737 sanctorum.

2216 494 2354 549 ritus
2399 502 2617 550 sanctus
2662 495 2887 551 immisit
2928 495 2982 548 in
3023 508 3238 551 sensum
3266 496 3384 565 ejus
3419 503 3477 551 ut
3516 509 3800 556 monaste-

2218 586 2356 641 rium
2403 588 2793 657 ingrederetur.
2838 586 2975 642 Cm
3017 600 3148 657 ergo
3193 601 3304 642 non
3350 586 3516 643 multo
3551 597 3803 660 tempore

2102 678 2113 688 '
2217 675 2413 733 ibidem
2460 675 2751 743 habitaret,
2800 676 2872 731 ita
2915 675 3081 746 uepit
3118 675 3488 734 abuniVersis
3536 676 3804 738 fratribus

2217 771 2385 842 diligi,
2430 779 2492 826 ut
2529 771 2701 827 veluti
2730 778 2940 842 patrem
2978 786 3104 827 eum
3148 785 3338 828 omnes
3381 784 3799 832 metarentur.

2217 865 2462 936 Cumque
2501 865 2827 938 complesset
2865 879 3035 921 annos
3077 865 3389 922 octodecim.
3431 882 3595 937 agens
3627 868 3803 923 vitam

2216 957 2626 1023 monachorum,
2670 956 2913 1012 introivit
2945 956 2998 1011 in
3047 969 3262 1013 sensum
3304 956 3423 1026 ejus
3464 956 3804 1014 desiderium

2216 1056 2278 1102 ut
2313 1046 2488 1105 sancti
2507 1046 2652 1103 Petri
2691 1048 2919 1117 apostoli
2958 1047 3141 1104 sedem
3192 1048 3537 1115 advisitaret;
3584 1057 3643 1104 et
3671 1063 3806 1120 pro-

2217 1138 2499 1204 ﬁeiscens,
2523 1140 2634 1195 Deo
2664 1138 2977 1202 auxiliante,
3008 1138 3238 1194 Romam
3278 1138 3555 1208 pervenit,
3583 1148 3640 1194 et
3672 1154 3804 1199 cu

2216 1232 2403 1288 omnia
2447 1232 2731 1287 didicisset
2772 1233 3052 1303 mysteria,
3098 1232 3185 1287 vel
3235 1232 3477 1303 regulam
3517 1232 3802 1299 Ecclesia,

2215 1324 2385 1378 multo
2434 1325 2603 1395 magis
2656 1325 2713 1378 in
2757 1324 2897 1378 urbe
2944 1324 3115 1379 Roma
3161 1325 3329 1394 cmpit
3370 1324 3699 1381 Christianis
3745 1332 3811 1382 et

2217 1414 2409 1484 egenis
2437 1422 2693 1469 cerrsucta
2721 1412 2963 1483 prabere
2999 1414 3208 1469 solatia.
3236 1414 3371 1469 Cum
3393 1428 3528 1470 vero
3555 1414 3669 1470 illic
3697 1414 3805 1471 de-

2216 1512 2523 1558 moraretur
2550 1502 2709 1559 annis
2744 1501 2949 1567 tribus,
2979 1504 3171 1561 eodem
3210 1513 3452 1572 tempore
3476 1519 3587 1577 quo
3628 1504 3805 1573 impe-

2216 1593 2358 1649 rium
2382 1593 2621 1649 obtinuit
2636 1592 2999 1649 Numerianus
3026 1593 3397 1664 impiissimus,
3422 1600 3479 1648 et
3514 1594 3681 1664 erepit
3702 1608 3803 1664 per

2218 1685 2471 1741 civitates
2487 1685 2573 1740 vel
2598 1685 2904 1755 provincias
2932 1701 3056 1745 suas
3081 1694 3352 1756 praecepta
3381 1694 3676 1757 arguenter
3699 1687 3811 1758 (ita.

608 1778 749 1834 XVII
786 1777 919 1834 KAL.
958 1776 1018 1833 in
1054 1776 1237 1831 Africa
1274 1775 1454 1830 natale
1494 1783 1805 1829 sanctorum
1862 1770 2115 1839 Secundi,
2146 1774 2345 1845 Bm.)
2387 1774 2640 1845 dirigere,
2673 1784 2734 1830 ut
2772 1777 2819 1830 si
2852 1776 2979 1844 quis
3002 1775 3349 1833 Christianus
3377 1776 3629 1833 inventus
3669 1776 3808 1834 fuis-

532 1867 861 1935 Fidentiani,
888 1867 1071 1923 Varici
1101 1875 1156 1923 et
1184 1866 1460 1921 Martialis.

603 1958 723 2013 XVI
761 1958 895 2014 ΚΑΙ..
933 1958 992 2013 In
1023 1958 1206 2029 Capua
1242 1957 1421 2011 natale
1443 1955 1751 2026 Augustini,
1778 1953 1909 2009 etin
1932 1952 2116 2007 Africa

536 2046 750 2116 Vitalis,
790 2048 1049 2105 Januarii.
1104 2049 1379 2120 Lugduno-
1405 2047 1591 2103 Callia:
1631 2046 1899 2117 depositio
1944 2045 2119 2100 sancti

535 2139 731 2196 Euccri
761 2140 1059 2213 [Eucherii]
1089 2141 1346 2211 episcopi.

606 2230 700 2287 XV
733 2233 869 2289 ΚΑι.
916 2233 1103 2289 Sancti
1131 2233 1314 2287 Patris
1346 2232 1514 2288 nostri
1539 2230 1786 2302 Gregorii
1825 2228 2117 2285 miraculo-

535 2340 656 2380 rum
689 2323 930 2380 factoris.
963 2325 1030 2379 Et
1063 2325 1118 2379 in
1145 2323 1472 2388 Aurelianis,
1518 2323 1740 2377 civitate
1776 2319 1983 2388 Gallite,
2019 2319 2118 2375 de-

533 2416 731 2487 positio
759 2416 933 2472 sancti
951 2416 1147 2471 Aniani
1176 2415 1417 2485 episcopi
1443 2421 1497 2469 et
1520 2412 1872 2470 confessoris.

605 2504 716 2560 XIV
749 2506 882 2562 KAL.
908 2506 1097 2563 Passio
1134 2506 1308 2561 sancti
1334 2504 1563 2560 Romani
1595 2502 1873 2573 martyris,
1896 2499 1989 2570 qui
2018 2500 2119 2555 sub

531 2596 852 2669 Asclepiade
874 2596 1130 2669 praefecto
1156 2596 1382 2667 gloriam
1412 2594 1553 2650 sacri
1586 2592 1843 2664 martyris
1889 2592 2117 2661 adeptus

532 2695 638 2743 est.
678 2687 813 2743 Nam
841 2689 1133 2759 pradictus
1158 2685 1505 2757 Asclepiades
1532 2701 1657 2740 cum
1680 2684 1840 2739 vellet
1868 2690 2121 2739 sanctum

534 2777 843 2836 Romanum
876 2796 910 2835 a
936 2780 1041 2836 tidc
1067 2780 1272 2835 Christi
1306 2787 1555 2834 avertere
1603 2785 1660 2833 et
1692 2777 1750 2833 in
1793 2776 2121 2849 paganicum

536 2883 777 2925 errorem
807 2869 1070 2941 redigere,
1100 2869 1295 2925 validis
1323 2870 1607 2927 tormentis
1635 2868 1787 2923 illum
1815 2866 2114 2923 atﬁciebat:

532 2962 651 3035 ipse
675 2969 851 3018 autem
880 2962 938 3018 in
966 2962 1072 3018 fide
1100 2970 1253 3018 recta
1275 2973 1331 3018 et
1364 2963 1709 3019 confessione
1734 2976 1862 3018 vera
1900 2976 2117 3032 perma-

532 3052 717 3109 nebat.
751 3051 970 3108 Asoitus
1008 3054 1172 3109 etiam
1211 3053 1314 3109 fuit
1362 3055 1419 3109 in
1459 3054 1827 3127 testimonium
1858 3052 2116 3124 parvulus

2219 1874 2324 1931 set,
2350 1873 2406 1921 et
2441 1881 2548 1923 non
2575 1865 2683 1921 diis
2706 1865 3033 1931 immolaret,
3057 1866 3285 1923 diversis
3313 1865 3593 1935 suppliciis
3614 1881 3807 1923 mace-

2220 1965 2371 2013 natus
2424 1957 2597 2013 morti.
2634 1958 2961 2015 traderetur.
3009 1956 3131 2026 ipso
3175 1971 3411 2027 namque
3464 1958 3522 2013 in
3561 1964 3810 2027 tempore

2220 2065 2343 2105 cum
2392 2049 2779 2119 prmfecturam
2822 2049 3006 2105 Romae
3061 2051 3457 2118 promeruisset
3500 2048 3809 2113 Celerinus,

2220 2147 2275 2197 et
2300 2140 2414 2208 ipse
2445 2139 2602 2194 idolis
2629 2139 2844 2194 deditus
2867 2139 2959 2194 diu
2987 2140 3303 2209 requisisset
3326 2155 3423 2209 per
3450 2155 3642 2196 omnes
3667 2140 3813 2194 civi-

2220 2240 2361 2289 tates
2405 2231 2490 2287 vel
2536 2231 2673 2297 loca,
2725 2242 2785 2287 ut
2834 2232 3008 2287 sicubi
3059 2232 3356 2291 Christiani
3411 2232 3813 2302 reperirentur,

2221 2323 2450 2379 diversis
2485 2321 2772 2392 generibus
2819 2331 3209 2379 tormentorum
3247 2321 3429 2379 allecti
3475 2322 3811 2379 deﬁcerent:

2221 2413 2312 2471 hic
2344 2413 2561 2470 beatum
2587 2411 2835 2473 Maurum
2863 2412 3247 2482 multiplicibus
3279 2412 3564 2467 tormentis
3592 2410 3813 2476 adlinit,

2218 2507 2325 2563 hoc
2360 2517 2463 2572 est,
2485 2505 2649 2575 jussit
2695 2521 2818 2562 eum
2847 2506 3082 2576 primum
3117 2505 3349 2561 fustibus
3378 2504 3602 2560 nodosis
3632 2504 3768 2560 caedi
3794 2521 3806 2555 :

2220 2599 2417 2657 deinde
2444 2600 2737 2671 plumbatis
2757 2599 3007 2655 maxillas
3032 2597 3150 2670 ejus
3177 2599 3466 2663 contundi;
3516 2606 3715 2668 postea
3748 2598 3806 2653 in

2221 2691 2451 2760 equuleo
2498 2706 2817 2761 suspensum
2868 2690 3083 2761 ungulis
3138 2691 3267 2746 radi
3301 2700 3358 2746 et
3400 2688 3682 2760 lampades
3721 2704 3816 2747 an-

2225 2782 2418 2839 dentes
2446 2781 2706 2839 lateribus
2739 2782 2858 2851 ejus
2900 2780 3195 2851 applicari;
3239 2780 3307 2836 ad
3336 2788 3645 2837 extremum
3682 2794 3816 2835 rem

2221 2882 2380 2943 caput
2425 2873 2545 2943 ejus
2593 2872 2878 2942 amputari.
2937 2868 3107 2940 Cujus
3159 2886 3358 2941 corpus
3413 2878 3591 2929 noctu
3633 2878 3816 2929 nauta

2220 2963 2463 3021 Africani
2514 2972 2906 3035 cognoscentes
2954 2979 3079 3019 eum
3158 2979 3225 3020 ex
3265 2978 3362 3021 sua
3408 2964 3582 3033 patria
3629 2973 3825 3021 eruum.

2222 3065 2549 3127 rapuerunt,
2573 3068 2628 3115 et
2653 3057 2931 3114 volventes
2983 3071 3107 3111 eum
3155 3056 3567 3113 linteaminibus
3590 3056 3819 3113 mundis

533 3142 738 3211 infans,
773 3152 831 3199 ut
862 3144 978 3216 ipse
1006 3147 1317 3202 ostenderet
1345 3147 1399 3201 in
1426 3126 1761 3217 professione
1802 3161 1901 3205 sua
1934 3154 2116 3201 utrum
2145 3126 2192 3193 (ἶ
2224 3126 2348 3209 cum
2392 3148 2723 3209 amantibus
2768 3154 3066 3217 posuerunt
3108 3147 3163 3202 in
3207 3147 3621 3218 sarcophagum,
3672 3146 3817 3201 serio

537 3234 787 3291 Christus
816 3234 913 3292 Dei
936 3235 1107 3293 Filius
1134 3253 1204 3293 an
1237 3235 1359 3293 falsi
1403 3239 1476 3294 dii
1509 3239 1769 3294 adorandi
1802 3246 2015 3304 essent;
2049 3237 2122 3294 ad

531 3324 637 3384 hoc
674 3327 854 3385 infans
882 3329 1181 3400 respondit,
1213 3329 1493 3387 Christum
1535 3330 1631 3385 Dei
1659 3328 1857 3386 Filium
1886 3331 2119 3386 adoram-

535 3421 688 3487 dum,
721 3437 827 3478 non
865 3422 1004 3479 falsa
1038 3424 1260 3479 numina
1290 3424 1535 3480 deorum.
1574 3422 1746 3479 Iussit
1784 3432 2120 3479 memoratus

530 3511 822 3581 prmfectus
856 3513 1031 3584 ipsum
1067 3513 1389 3569 infantulum
1418 3514 1593 3568 valide
1628 3514 1875 3580 tractari,
1912 3514 2009 3568 sed
2040 3522 2119 3569 ta-

534 3618 662 3660 men
708 3619 831 3659 cum
855 3604 1075 3661 vincere
1118 3621 1224 3661 non
1254 3606 1433 3675 potuit
1470 3619 1570 3660 nec
1606 3605 1663 3660 in
1692 3619 1932 3660 errorem
1961 3603 2119 3660 sedu-

531 3706 680 3747 cere.
715 3691 865 3749 Tunc
888 3693 1240 3765 Asclepiades
1267 3693 1431 3763 jussit
1462 3694 1771 3750 Romanum
1798 3694 1959 3750 simul
1994 3708 2120 3749 cum

531 3782 743 3839 infante
775 3786 830 3839 in
858 3801 1141 3841 carcerem
1188 3786 1329 3841 mitti
1360 3794 1417 3840 et
1440 3795 1656 3856 postera
1685 3784 1775 3841 die
1797 3786 1853 3839 in
1878 3784 2120 3841 validum

534 3872 715 3946 ignem
742 3874 1023 3945 projicere,
1049 3877 1147 3931 sed
1169 3876 1349 3947 pluvia
1372 3876 1539 3931 nimia
1571 3891 1603 3930 a
1632 3876 1741 3930 Deo
1768 3876 1939 3932 missa
1966 3874 2118 3932 illum

533 3967 813 4023 exstinxit.
860 3967 945 4024 0b
982 3969 1085 4024 hoc
1122 3969 1292 4023 iratas
1336 3982 1555 4039 praises.
1584 3967 1909 4023 infantulum
1955 3967 2119 4038 jussit

528 4056 783 4131 iugulari,
808 4060 1055 4116 Romano
1078 4076 1211 4117 vero
1238 4061 1475 4131 linguam
1509 4060 1847 4116 abscindere.
1890 4057 1999 4115 Sed
2022 4059 2120 4115 Dei

537 4152 711 4223 gratia
756 4158 881 4223 post
924 4152 1123 4225 linguai
1159 4153 1555 4213 abseimionem
1568 4152 1757 4208 laudm
1790 4152 1907 4208 me
1934 4152 2117 4208 iaces.

536 4251 725 4300 santcr
747 4244 965 4311 cecinit,
1003 4254 1059 4299 et
1098 4246 1157 4300 in
1181 4244 1387 4302 Christi
1429 4244 1777 4300 confessione
1806 4258 2120 4315 perseveras-

533 4334 634 4389 vit.
677 4334 833 4403 Quod
873 4351 999 4392 cum
1039 4339 1345 4393 nuntiatum
1383 4346 1529 4394 esset
1559 4336 1878 4403 Maximino,
1920 4350 2118 4407 genere

538 4426 883 4495 Diocletiani,
908 4429 1071 4500 jussit
1096 4446 1231 4486 eum
1252 4433 1308 4487 in
1335 4446 1609 4488 carcerem
1644 4432 1785 4487 mitti
1827 4441 1885 4487 et
1909 4431 1986 4487 ibi
2020 4446 2120 4502 per

2221 3248 2453 3315 pserunt:
2491 3240 2560 3295 ad
2584 3246 2748 3308 caput
2787 3236 2909 3306 eius
2927 3239 3173 3299 dicentes
3195 3256 3211 3293 ι
3237 3237 3340 3297 Dei
3378 3248 3433 3293 et
3457 3235 3645 3293 Christi
3666 3235 3819 3290 leui.

2222 3332 2461 3403 {multis
2482 3331 2709 3389 Maurus
2731 3332 2869 3393 hunc
2899 3331 3041 3404 [hoc]
3072 3332 3335 3389 articulum.
3362 3348 3459 3401 pro
3478 3328 3671 3386 Christi
3696 3329 3823 3398 ﬁde

2222 3422 2519 3494 relinquens
2550 3423 2705 3479 vitam
2741 3431 2988 3483 internum
3019 3423 3330 3493 acquisivit;
3362 3421 3817 3493 positique-in

2219 3513 2341 3571 dies
2375 3514 2587 3570 occulte
2615 3512 2869 3570 eumdem
2909 3514 3303 3583 sarcophagum
3332 3528 3484 3569 suam
3531 3514 3595 3568 in
3613 3526 3815 3569 narem

2221 3619 2412 3665 omnes
2448 3613 2625 3660 nautae
2659 3619 2765 3661 uno
2793 3606 2975 3661 animo
3000 3605 3336 3660 levaverunt.
3364 3604 3663 3672 meacto,
3682 3617 3816 3674 par-

2220 3699 2370 3755 venit
2396 3699 2465 3754 ad
2506 3698 2747 3768 praefecti
2782 3697 3015 3769 Celerini
3048 3697 3318 3762 notitiam,
3349 3707 3401 3751 et
3434 3698 3605 3751 iratus
3637 3694 3823 3763 jussit.

2222 3805 2411 3846 omnes
2454 3799 2648 3845 nautas
2688 3789 3170 3859 comprehendere.
3220 3787 3338 3855 Quo
3382 3787 3564 3843 audito
3608 3801 3819 3851 omnes

2221 3882 2498 3955 fugerint,
2529 3890 2587 3939 et
2611 3882 2790 3939 nullus
2821 3881 3303 3940 eoruninveutus
3319 3890 3422 3937 est.
3450 3879 3657 3936 Viden
3691 3881 3814 3937 haec

2223 3973 2504 4031 Celerinus
2530 3973 2841 4044 praefectus,
2872 3972 3100 4029 consilio
3128 3971 3337 4029 diaboli.
3357 3979 3623 4038 armatus,
3640 3968 3817 4039 jussit

2222 4067 2472 4125 eamdem
2510 4066 2713 4133 navim,
2760 4066 2825 4121 in.
2847 4080 2963 4135 qua
2980 4064 3239 4136 martyris
3273 4078 3472 4135 corpus
3507 4071 3651 4129 erat,
3688 4077 3814 4131 sar-

2221 4158 2421 4217 mentis
2476 4156 2711 4228 impleri,
2760 4165 2821 4212 et
2858 4157 2985 4228 igne
3027 4157 3304 4228 supposito
3343 4157 3399 4212 in
3441 4156 3625 4213 medio
3665 4155 3814 4215 mari

2223 4249 2488 4314 comburi,
2518 4249 2611 4306 sed
2639 4249 2981 4321 gubernante
3001 4250 3253 4316 Domino,
3282 4256 3579 4320 martyrem
3624 4263 3812 4316 suum,

2223 4340 2313 4395 ubi
2341 4339 2587 4395 Christus
2612 4338 2801 4406 vo’luit,
2834 4341 2899 4395 ad
2929 4350 3145 4411 portum
3177 4340 3365 4395 salutis
3394 4338 3663 4410 perduxit.

2297 4434 2345 4489 Χ
2382 4434 2515 4490 Kac.
2549 4431 2765 4491 Sanctae
2799 4433 3035 4501 Cecilite,
3083 4450 3203 4506 quas
3250 4442 3309 4493 et
3349 4449 3599 4506 spensmn
3641 4446 3810 4489 suum

538 4527 757 4576 noctem
805 4493 1149 4593 strangulari.
1197 4522 1395 4594 Sicque
1441 4533 1661 4580 sanetam
1690 4524 1902 4580 Christi
1916 4493 2123 4594 martyr
2146 4493 2200 4556 υ
2226 4524 2594 4589 Valerianum,
2618 4532 2675 4581 et
2692 4524 2917 4582 fratrem
2933 4493 3050 4595 ejus
3063 4493 3461 4583 Tiburtium-ad

539 4619 733 4667 octavo
755 4610 965 4667 decimo
986 4612 1079 4669 die
1099 4611 1399 4673 Novembri
1424 4614 1628 4670 mensis
1658 4614 1727 4671 ad
1758 4613 2003 4671 emissus
2029 4628 2117 4671 uer

541 4716 643 4771 gna
668 4701 942 4770 migravit.

611 4789 725 4846 Xlil
766 4790 900 4848 ΚΑι..
934 4791 995 4847 in
1017 4792 1266 4853 Cmsarea
1293 4793 1645 4867 Cappadocia
1674 4796 1853 4853 natale
1875 4795 2118 4867 Maximi,

541 4881 794 4950 Huciani,
824 4883 1089 4956 Neopbyti
1114 4885 1423 4941 etalion
1452 4887 1837 4958 quadraginta.

612 4976 705 5034 ΧΠ
741 4977 876 5033 Κιι.
907 4978 969 5037 In
990 4977 1253 5035 Heraclea
1276 4980 1455 5035 natale
1476 4979 1654 5045 Bassi,
1679 4980 1948 5051 Dionysii;
1984 4981 2122 5037 etin

542 5070 878 5142 Cappadocia
906 5068 1156 5127 Caesarea
1176 5111 1192 5137 ,
1219 5071 1444 5141 Agapeti
1476 5071 1730 5144 [Agapii].

613 5164 684 5219 XI
726 5165 861 5221 litt.
895 5177 923 5208 ι
956 5165 1127 5221 Mauri
1166 5167 1441 5236 martyris,
1471 5167 1565 5236 qui
1605 5167 1675 5223 ab
1710 5166 1939 5222 infantia
1960 5167 2120 5225 Chri-

542 5258 754 5315 stianus
802 5258 905 5314 fuit
927 5299 943 5325 ,
1000 5259 1444 5329 orationibusque
1486 5266 1542 5313 et
1580 5258 1802 5330 jejuniis
1844 5259 2120 5316 Christum

541 5346 834 5406 Dominum
875 5351 1287 5421 deprecabatur,
1316 5351 1673 5423 eleemosynis
1696 5351 1874 5407 viduis
1903 5360 1957 5407 et
1990 5367 2118 5422 ege-

543 5441 632 5500 nis
664 5440 976 5513 frequenter
1003 5444 1263 5514 impensis
1286 5459 1395 5499 non
1419 5444 1716 5499 minuebat.
1748 5444 1995 5513 Cumque
2017 5445 2121 5500 hoc

616 5590 643 5619 ι
672 5577 919 5651 Quisille
940 5579 1184 5646 laurus,
1214 5579 1307 5651 qui
1348 5596 1489 5636 anno
1515 5579 1724 5635 decimo
1767 5584 1956 5634 octavo
2003 5594 2120 5632 mo-

543 5650 751 5721 machus
799 5649 1278 5721 fuitﬁtcmporibus
1318 5651 1652 5715 Numeriani,
1698 5651 1801 5704 hoc
1838 5657 1921 5703 est
1964 5651 2123 5705 tertio

543 5719 775 5786 smnio?
817 5719 960 5778 Nulli
994 5719 1122 5780 tuine
1163 5722 1314 5781 fuere
1352 5721 1628 5794 monachi,
1667 5735 1767 5781 nec
1801 5733 2002 5778 nomen
2040 5736 2125 5777 et»

2225 4618 2445 4677 Christo
2494 4634 2559 4674 ac
2604 4619 2927 4690 martyrium
2976 4617 3294 4688 perdocuit,
3344 4624 3415 4672 et.
3453 4616 3571 4687 ipsa
3611 4612 3813 4693 deinde

2225 4712 2617 4783 martyrizavit,
2648 4712 2829 4783 ignem
2851 4711 3066 4781 quidem
3101 4723 3389 4780 superans,
3416 4707 3517 4765 sed
3539 4707 3691 4763 ferro
3716 4721 3814 4762 oc-

2224 4806 2337 4861 cisa
2372 4806 2473 4861 sub
2502 4804 2787 4861 Almachio
2820 4804 2968 4859 urbis
2993 4800 3273 4873 praefecto.
3309 4799 3519 4859 Eadem
3550 4801 3641 4856 die
3682 4815 3815 4855 san-

2223 4905 2330 4954 cta:
2342 4896 2689 4953 Mederasmaa
2709 4894 2952 4966 virginis.
2964 4893 3085 4963 ipso
3108 4894 3196 4950 die
3214 4890 3645 4963 natalelongini
3660 4905 3815 4947 mar-

2221 4992 2380 5063 tyris,
2414 4990 2506 5060 qui
2534 4989 2781 5044 militiam
2824 4997 3095 5044 terrenam
3134 5002 3414 5053 exercens,
3443 4984 3539 5041 illo
3565 4993 3814 5054 tempore

2223 5096 2333 5152 quo
2358 5081 2623 5137 Dominus
2660 5079 2807 5135 cruci
2845 5076 3057 5144 aliisue,
3097 5087 3303 5145 astans,
3323 5076 3527 5146 jussus
3552 5090 3585 5131 a
3614 5072 3813 5131 Pontio

2222 5173 2398 5229 Pilato
2423 5172 2672 5243 praeside,
2705 5171 2846 5226 latus
2871 5169 3087 5229 Domini
3122 5168 3309 5229 lancea
3336 5166 3655 5238 percutiens
3682 5176 3809 5233 ape-

2222 5264 2357 5329 ruit,
2380 5273 2439 5320 et
2466 5264 2650 5319 videns
2674 5262 2827 5330 signa
2853 5278 2975 5333 quae
3000 5261 3213 5321 fiebant;
3239 5268 3461 5331 propter
3490 5255 3809 5318 Dominum,

2223 5356 2334 5413 sole
2359 5354 2648 5412 obscurato
2675 5363 2730 5408 et
2760 5361 2904 5408 terra
2936 5359 3233 5418 commota,
3260 5349 3488 5407 credidit
3521 5348 3579 5403 in
3618 5343 3806 5403 Domi-

2222 5462 2352 5503 num
2380 5452 2627 5501 nostrum
2651 5440 2836 5497 Jesum
2864 5440 3160 5508 Christum,
3191 5449 3247 5497 et
3272 5438 3589 5512 percutiens
3612 5442 3811 5508 pectus

2224 5596 2343 5661 rum
2374 5588 2578 5661 notum.
2634 5574 2827 5631 Omisit
2857 5574 3005 5657 illum
3032 5573 3318 5638 Baronius,
3345 5588 3445 5628 nec
3473 5566 3812 5697 ejus

2224 5651 2417 5697 ὶραιιιιι·
2462 5666 2516 5697 m
2558 5646 2940 5697 Martvrolonio
2966 5662 2980 5697 :
3008 5646 3239 5697 habetur
3281 5643 3456 5697 solum
3491 5642 3567 5697 ad
3690 5638 3812 5697 No-

2224 5651 2417 5721 legitur
2462 5650 2517 5721 in
2558 5646 2940 5721 Martyrologio
2966 5662 2980 5697 :
3008 5646 3239 5721 habetur
3281 5643 3456 5721 solum
3491 5638 3567 5698 ad
3600 5638 3815 5700 i150-

2225 5712 2429 5779 vcvmbr.
2463 5712 2980 5793 Maurus'episcépur
3014 5712 3341 5772 Veronensis.
3377 5712 3543 5772 Βλειι.
