4112 6364
420 201 585 262 “Si

1759 203 2394 269 MARTYROLOGIUM.

3566 219 3711 281 “82

418 336 603 383 suum
640 334 775 381 voce
815 336 1015 396 magna
1048 319 1305 379 dicebat:
1340 317 1469 377 Vere
1490 316 1665 379 Filius
1705 320 1806 377 Dei
1843 331 1916 381 est
1939 323 2027 381 hic
2050 324 2102 389 Α
2125 331 2462 395 protegente,
2492 338 2689 396 corpus
2717 323 2834 396 ejus
2860 327 3135 400 integrum
3189 329 3333 393 inter
3376 333 3707 404 asperrimos

410 411 656 487 (Matth.
683 414 877 486 xxvn).
913 415 985 471 Et
1023 423 1148 487 post
1182 415 1298 473 haec
1327 413 1585 471 recedens
1634 429 1664 468 a
1701 413 1893 469 militia
1934 415 2027 471 in-

416 508 787 567 strueabatur
828 508 1043 567 Domini
1088 508 1372 580 praeceptis
1420 524 1452 563 a
1490 509 1697 583 sanctis
1741 509 2029 580 apostolis,

414 606 485 655 et
519 598 855 659 venerabilia
880 598 1081 657 Christi
1128 598 1385 657 mandata
1416 613 1665 664 servans,
1696 600 1904 670 accepit
1947 601 2021 661 si-

414 693 725 764 gnaculum
756 692 904 761 fidei,
925 700 1208 763 totumque
1234 706 1294 749 se
1322 691 1518 750 obludit
1538 692 1789 760 Domino,
1816 692 2021 750 faciens

415 784 841 859 eleemosynas,
862 793 921 843 et
953 785 1210 843 castitate
1257 799 1454 854 corpus
1498 784 1801 852 continens,
1829 801 2027 856 puram

415 875 783 931 custodiebat
822 874 1233 940 conscientiam,
1285 873 1568 932 caelestem
1609 875 1777 931 vitam
1828 890 2022 946 gerens

414 963 479 1019 in
514 972 687 1021 terra.
717 964 821 1023 Hic
854 980 979 1023 cum
1022 973 1168 1023 esset
1195 963 1456 1025 Ca-sarete
1481 965 1853 1037 Cappadociae,
1884 967 2024 1027 vixit

412 1055 644 1127 habens
696 1058 939 1128 quietam
985 1059 1375 1115 monachorum
1414 1058 1581 1114 vitam
1631 1059 1788 1115 annis
1830 1058 2019 1130 viginti

410 1156 575 1218 octo,
602 1157 663 1206 et
685 1150 889 1209 multos
935 1158 1189 1207 avertens
1236 1151 1302 1209 ab
1348 1150 1631 1221 iniquitate
1678 1150 2017 1207 illuminabat

409 1241 599 1300 verbo
622 1243 868 1299 veritatis
902 1260 917 1295 :
958 1241 1253 1312 prohibens
1294 1242 1563 1303 idolorum
1606 1241 1893 1309 sacrificia,
1927 1257 2016 1298 se-

413 1335 644 1393 minans
672 1336 844 1392 verbo
875 1335 1091 1391 Domini
1134 1335 1467 1392 venerabilia
1507 1346 1800 1408 praecepta.
1848 1336 2016 1407 Igitur

411 1443 553 1484 cum
573 1427 903 1489 Octavianus
930 1444 1133 1499 praeses
1159 1430 1263 1485 hoc
1291 1431 1554 1497 audisset,
1575 1430 1741 1499 jussit
1762 1446 1884 1487 eum
1900 1431 2017 1488 sibi

413 1517 695 1586 exhiberi,
721 1518 911 1575 volens
952 1528 1198 1575 avertere
1219 1520 1369 1576 illum
1397 1536 1428 1575 a
1450 1520 1650 1577 Christi
1678 1522 1782 1577 fide
1805 1530 1859 1577 et
1885 1538 2013 1577 vera

409 1609 705 1682 religione,
734 1610 1028 1682 multisque
1061 1626 1188 1667 cum
1232 1613 1522 1668 tormentis
1559 1613 1628 1667 ob
1655 1614 1758 1669 hoc
1783 1612 2007 1670 afflixit:

2125 414 2371 484 scopulos
2415 426 2577 488 atque
2615 417 2957 477 acutissimos
3017 428 3295 478 servatum
3335 432 3419 480 est
3458 441 3473 479 :
3526 424 3706 483 anima

2122 520 2254 560 vero
2285 520 2505 577 egressa
2536 507 2605 563 de
2629 510 2871 580 corporis
2899 512 3172 584 ergastulo
3212 515 3281 571 ad
3307 514 3473 575 vitam
3501 517 3704 590 migra-

2121 600 2203 657 vit
2226 610 2505 660 aeternam.
3658 590 3659 599 χ

2194 692 2261 751 Vl
2299 692 2432 770 Kac.
2462 684 2945 768 Romac‘depositio
2975 699 3139 757 Sirici
3163 701 3407 775 episcopi
3431 713 3486 761 et
3514 700 3705 762 Satur-

2121 783 2270 847 nini;
2303 793 2359 843 ct
2383 784 2437 840 in
2461 784 2709 859 Aquilea,
2736 785 3005 845 Valentini
3029 792 3298 863 episcopi;
3334 801 3391 853 cl.
3416 795 3469 850 in
3498 795 3700 867 Capua,

2120 875 2428 942 Nicanoris,
2453 876 2700 937 Cassiani
2729 888 2783 935 et
2806 880 3145 945 Felicissimi.
3182 884 3577 957 Augustoduno
3608 890 3700 947 tle-

2118 967 2318 1040 positio
2348 970 2525 1026 sancti
2556 970 2829 1027 Amatoris
2855 973 3118 1045 episcopi.

2192 1060 2237 1115 V
2274 1061 2409 1118 ΚΜ..
2445 1063 2505 1118 lu
2536 1061 2846 1121 Nicomedia
2884 1066 3066 1122 natale
3111 1064 3371 1135 Marcelli,
3402 1067 3569 1133 Petri,
3596 1068 3705 1123 Nu-

2118 1156 2278 1222 meri,
2328 1154 2575 1217 llierenae
2618 1165 2673 1215 et
2712 1157 2945 1224 Melosze,
2978 1166 3033 1214 et
3062 1158 3329 1229 depositio
3364 1159 3545 1231 Optati
3593 1160 3705 1231 epi-

2117 1246 2287 1316 sc0pi.
3648 1316 3655 1331 Ἣ

2186 1337 2256 1394 lV
2296 1338 2431 1397 ΚΜ..
2462 1340 2520 1395 In
2559 1338 2739 1411 Syria,
2769 1340 3075 1411 Trophimi,
3104 1340 3391 1408 Theodoli,
3420 1341 3703 1417 Expieaci,

2116 1427 2334 1494 Euceri,
2362 1429 2582 1486 Eusebii
2611 1438 2666 1485 et
2686 1429 2837 1487 Julii.
3646 1504 3653 1509 Α

2186 1517 2247 1571 lll
2287 1518 2421 1572 Kac.
2473 1519 2656 1574 Roma:
2709 1520 2887 1575 natale
2937 1522 3112 1577 sancti
3184 1519 3507 1587 Saturnini,
3557 1520 3698 1579 Serii

2118 1606 2346 1681 [Senis],
2386 1618 2440 1665 et
2469 1608 2693 1667 Sisiunii
2728 1611 2939 1671 diaconi
2987 1612 3085 1667 sub
3116 1610 3462 1677 Maximiano,
3523 1629 3555 1671 a
3597 1628 3705 1683 quo

411 1702 721 1758 novissime
765 1716 895 1759 vero
946 1703 1235 1773 capitalem
1286 1706 1614 1762 sententiam
1665 1706 1815 1763 illum
1853 1707 2018 1777 jussi;
2042 1688 2093 1753 Β
2118 1698 2293 1769 primo
2338 1700 2478 1754 inter
2502 1700 2636 1757 alios
2658 1701 2899 1756 damnati
2926 1702 2993 1755 ad
3022 1701 3329 1762 fodiendam
3362 1718 3585 1767 arenam
3614 1688 3696 1756 ad

411 1793 635 1860 subire,
682 1794 911 1866 ipseque
962 1811 1165 1865 praeses
1204 1805 1392 1866 postea
1436 1813 1599 1854 orans
1617 1797 1774 1868 juxta
1818 1814 2017 1871 corpus

410 1885 599 1940 sancti
646 1888 908 1958 martyris
950 1889 1159 1960 recepit,
1198 1889 1379 1945 visum
1404 1897 1461 1947 et
1487 1890 1797 1957 sanitatem,
1847 1907 2015 1962 quam

409 1985 644 2046 propter
669 1978 876 2036 scelera
908 1996 1005 2036 sua
1035 1989 1163 2037 ante
1188 1981 1446 2050 perdidit.

492 2065 569 2123 lx
604 2066 739 2124 ΚΑι..
768 2068 976 2135 Romae,
1003 2071 1177 2128 sancti
1198 2070 1492 2128 Clementis
1512 2071 1770 2142 episcopi,
1794 2072 1910 2141 qui,
1927 2071 2010 2141 ju-

412 2155 587 2213 bente
610 2157 866 2228 Trajano,
902 2160 1101 2216 missus
1138 2171 1221 2217 est
1251 2162 1305 2217 in
1332 2161 1581 2218 exsilium
1613 2171 1763 2218 trans
1785 2162 2014 2218 Pontum

416 2262 611 2315 mare,
647 2248 739 2305 ubi
768 2250 952 2307 multis
1003 2253 1070 2307 ad
1101 2250 1265 2309 (idem
1312 2252 1519 2307 vocatis
1546 2268 1644 2322 per
1676 2252 1932 2307 miracula
1960 2260 2019 2308 et

414 2334 731 2395 doctrinam
775 2338 910 2408 ejus,
947 2342 1317 2413 praacipitatus
1357 2352 1440 2399 est
1480 2343 1535 2398 in
1565 2359 1716 2399 mare
1748 2343 1911 2415 ligata
1945 2345 2017 2400 ad

414 2425 621 2483 collum
657 2430 922 2499 anchora,
971 2434 1066 2491 sed
1100 2434 1328 2492 recessit
1357 2449 1507 2489 mare
1537 2435 1820 2491 orantibus
1849 2436 2011 2493 disci-

416 2518 570 2592 pulis
608 2519 727 2590 eius
761 2538 862 2594 per
901 2525 1007 2581 tria
1048 2526 1240 2592 millia,
1275 2535 1335 2580 et
1370 2526 1694 2583 invenerunt
1730 2544 1931 2598 corpus
1958 2528 2015 2583 in

406 2622 551 2671 arca
575 2626 741 2669 saxea
767 2613 827 2668 in
850 2615 1400 2686 templomarmoreo,
1432 2625 1487 2673 et
1515 2619 1814 2674 anchoram
1831 2618 2008 2688 juxta.

408 2699 626 2760 Eodem
660 2703 955 2763 dienamle
985 2717 1189 2765 sancta:
1224 2709 1543 2775 Felicitatis,
1570 2712 1762 2766 matris
1806 2720 2013 2782 septem

408 2794 655 2855 filiorum
672 2837 688 2866 ,
726 2801 1002 2871 martyris,
1026 2816 1168 2872 qum,
1183 2800 1407 2870 iubente
1426 2802 1727 2869 Antonino,
1750 2802 2012 2858 decollata

408 2894 505 2944 est
528 2902 630 2957 pro
654 2886 892 2947 Christo.
942 2890 1013 2948 Et
1054 2892 1112 2949 in
1159 2892 1495 2951 monasterio
1532 2892 1699 2949 Bobio
1749 2893 2012 2963 depositio

408 2977 601 3035 sancti
640 2976 962 3039 Columbani
1008 2980 1241 3039 abbatis.
1282 2981 1474 3039 Natale
1520 2983 1694 3039 sancti
1739 2983 2009 3041 Trudonis

409 3067 772 3128 confessoris.
1692 3138 1697 3143 _

490 3160 604 3218 Vlll
630 3160 769 3219 Κιι..
792 3162 977 3219 Romae
1000 3163 1183 3220 natale
1209 3164 1383 3221 sancti
1409 3162 1765 3237 Chrysogoni,
1787 3166 1880 3236 qui
1910 3167 2011 3221 sub

408 3251 756 3311 Diocletiano
792 3255 1116 3325 martyrium
1146 3254 1456 3325 complevit.
1493 3256 1768 3328 Scriptum
1794 3258 1849 3313 in
1879 3272 2008 3328 pas-

411 3344 574 3400 sione
618 3352 821 3401 sanctae
846 3344 1169 3403 Anastasius.
1198 3346 1320 3417 Ipso
1351 3347 1439 3404 die
1467 3348 1649 3405 natale
1671 3348 1845 3405 sancti
1876 3347 2011 3404 Cre-.

412 3435 709 3504 scentiani,
738 3437 831 3507 qui
859 3444 980 3493 erat
1027 3453 1152 3495 cum
1181 3437 1418 3495 Caesario
1444 3439 1692 3507 diacono,
1727 3448 1782 3497 et
1808 3440 2007 3511 Largo,

415 3534 477 3582 et
497 3526 816 3601 Smaragdo,
851 3529 906 3585 in
934 3545 1155 3587 carcere
1189 3532 1292 3587 sub
1324 3533 1706 3601 persecutione
1726 3533 2005 3588 Maximini

413 3617 512 3677 ﬁlii
538 3617 871 3687 Maximiani,
899 3630 957 3678 et
994 3622 1243 3689 eductus,
1284 3620 1509 3691 jubente
1548 3622 1809 3694 Carpasio
1854 3624 2005 3681 νὶω-

416 3712 526 3777 rio,
552 3712 622 3767 de
646 3728 889 3780 carcere,
938 3730 1236 3786 suspensus
1264 3726 1351 3773 est
1392 3716 1447 3771 in
1487 3716 1802 3786 equuleum,
1828 3726 1883 3775 et
1922 3716 2006 3773 fu-

417 3805 595 3861 stibus
621 3819 815 3873 caesus,
848 3807 1122 3877 unguibus
1142 3822 1302 3867 rasus
1330 3808 1555 3865 diutius.
1606 3808 1817 3867 Deinde
1854 3808 2004 3869 ﬂam-

419 3895 526 3951 mis
552 3895 761 3953 circum
781 3895 952 3951 latera
1008 3894 1126 3965 ejus
1149 3896 1411 3967 appositis
1434 3896 1527 3953 diu
1553 3897 1843 3965 ustulatus,
1873 3899 2003 3957 cmi-

419 3990 493 4047 sit
520 3989 792 4060 spiritum,
816 3997 875 4045 et
901 3990 979 4044 ab.
1004 3987 1215 4045 Joanne
1238 3988 1808 4059 presbyterosepultus
1833 3991 2005 4051 estin

418 4079 737 4137 cmmeterio
785 4078 1063 4139 Priscillae.
1114 4079 1237 4150 Ipso
1280 4087 1523 4150 tempore
1548 4078 1875 4137 Maximinus
1920 4082 2006 4136 in-

420 4172 640 4230 terfecit
679 4187 926 4232 sororem
950 4188 1107 4233 suam
1148 4172 1471 4235 Artem.
1522 4170 1799 4244 Scriptum
1830 4174 1887 4229 in
1911 4188 2003 4245 ge-

419 4266 523 4323 stis
549 4263 788 4323 Hareclli
814 4281 985 4337 papae.

493 4359 589 4417 Vll-
618 4359 753 4419 ΚΑι..
783 4360 974 4418 Natale
995 4360 1171 4419 sancti
1188 4359 1342 4421 Petri
1364 4360 1603 4432 episcopi
1628 4359 1999 4419 Alexandriae:
2026 4405 2083 4477 Β
2106 4360 2277 4432 scopi.

419 4456 517 4527 qui
533 4471 659 4513 an
679 4466 825 4514 esset
844 4458 1097 4515 annilius
1119 4458 1410 4515 adornatus
1433 4458 1746 4525 virtutibus,
1772 4458 1829 4517 in
1857 4457 2002 4516 Seri-

419 4547 594 4617 pturis
638 4562 854 4619 quoque
881 4549 1077 4605 divinis
1126 4549 1259 4607 nulli
1291 4551 1534 4621 priorum
1578 4550 1824 4618 inferior,
1871 4566 2003 4609 vere

420 4643 477 4690 et
506 4635 762 4693 sacerdos
786 4644 843 4693 et
868 4636 1047 4697 hostia
1070 4636 1201 4705 Dei,
1236 4638 1417 4697 subito
1468 4638 1693 4710 rapitur,
1739 4648 1905 4711 atque
1929 4654 1997 4695 ex

420 4723 698 4783 Maximini
745 4734 1017 4799 prmeepto
1072 4727 1249 4796 capite
1290 4728 1673 4796 obtruncatur;
1723 4745 1845 4786 cum
1891 4746 2000 4801 quo

421 4816 583 4875 simul
609 4825 670 4879 et
685 4816 775 4877 alii
794 4818 982 4890 plures
1010 4833 1077 4875 ex
1102 4816 1338 4890 [Egypto
1364 4820 1602 4891 episcopi
1632 4821 1992 4877 trucidantur.

423 4908 703 4981 Scriptum
751 4909 805 4966 in
842 4909 1081 4968 Historia
1105 4909 1505 4976 Ecclesiastica,
1529 4910 1667 4967 libro
1696 4928 1771 4967 ιχ.
1823 4912 1883 4969 In
1906 4913 2002 4969 Ni-

422 5001 668 5060 comedia
695 5003 875 5079 passio
901 5004 1047 5063 beati
1072 5003 1294 5061 Marculi
1324 5005 1622 5063 sacerdotis
1648 5014 1704 5062 et
1721 5008 2002 5081 martyris,

424 5094 520 5166 qui
566 5095 899 5167 temporibus
924 5095 1237 5153 Constantis
1275 5096 1420 5168 regis
1450 5098 1716 5169 tyrannici
1765 5114 1863 5173 per
1889 5098 2003 5157 lla-

420 5185 743 5246 chariaaum
769 5196 831 5244 et
848 5186 1098 5255 Paulum,
1124 5197 1503 5260 persecutores
1536 5191 1829 5256 maximos,
1857 5207 2004 5251 mar-

420 5281 625 5354 tyrium
653 5294 755 5352 pro
776 5278 976 5337 Christi
1002 5280 1227 5341 nomine,
1247 5280 1490 5353 pertulit.
1520 5279 1657 5337 Nam
1684 5297 1810 5341 cum
1833 5283 2000 5341 variis

424 5373 710 5429 tormentis
734 5370 961 5428 amictus
999 5383 1162 5439 esset,
1196 5381 1375 5429 tamen
1403 5390 1434 5429 a
1469 5372 1808 5443 professione
1836 5384 1999 5431 rectae

424 5461 551 5518 ﬁdei
578 5463 729 5520 nullo
758 5462 923 5519 modo
960 5463 1133 5519 averti
1181 5464 1387 5533 potuit;
1440 5465 1509 5520 ad
1537 5472 1847 5520 extremum
1868 5482 2001 5523 vero

422 5568 525 5626 per
550 5555 864 5624 praedictum
892 5553 1301 5610 Macharianum
1343 5556 1397 5610 in
1442 5556 1762 5613 altissimam
1811 5574 1999 5629 rupem

428 5645 708 5717 adductus,
740 5645 866 5706 inde
886 5647 1253 5725 praecipitatus
1282 5654 1394 5715 est;
1428 5647 1523 5705 sed
1557 5656 1760 5717 tamen,
1785 5647 2000 5706 Christo

2117 1786 2392 1846 faciendas
2437 1791 2676 1847 thermas
2719 1791 3099 1848 Diocletianus.
3136 1793 3340 1851 Deinde
3389 1794 3446 1848 in
3481 1807 3698 1849 carcere

2116 1877 2207 1933 diu
2252 1886 2377 1934 sunt
2424 1880 2719 1947 macerati,
2770 1881 2864 1937 ubi
2912 1882 3111 1937 multos
3159 1882 3387 1955 gentiles
3438 1882 3694 1938 docentes

2114 1955 2492 2039 baptizabant;
2533 1981 2588 2028 et
2614 1973 2791 2029 denuo
2816 1974 2993 2030 educti
3028 1974 3194 2031 vineti
3224 1975 3454 2042 catenis,
3497 1990 3562 2031 ac
3589 1990 3694 2029 nu-

2114 2061 2199 2118 dis
2223 2063 2469 2133 pedibus,
2500 2051 2625 2120 ante
2674 2062 2985 2135 praefectum
3019 2065 3181 2123 Urbis
3204 2066 3522 2122 Laodicium
3564 2065 3705 2138 jussi

2116 2162 2244 2207 sunt
2272 2154 2325 2209 in
2352 2155 2581 2225 equuleo
2610 2155 2797 2221 levari,
2826 2163 2881 2214 et
2911 2157 3109 2213 attrahi
3142 2157 3325 2213 nervis
3347 2165 3402 2213 et
3441 2156 3698 2223 fustibus,

2116 2260 2181 2300 ac
2230 2246 2607 2316 scorpionibus
2674 2248 2844 2316 aedi;
2914 2248 3109 2318 quibus
3155 2248 3318 2313 etiam
3354 2249 3709 2321 postmodum

2114 2334 2363 2394 flammas
2416 2340 2485 2395 ad
2540 2340 2709 2396 latera
2764 2340 2925 2411 jussit
2952 2342 3178 2413 apponi,
3232 2342 3585 2413 ctdepositos
3634 2341 3702 2396 de

2116 2428 2349 2497 equuleo
2415 2431 2592 2501 capite
2653 2431 2924 2497 truncari;
2994 2447 3224 2502 quorum
3287 2447 3514 2503 corpora
3577 2445 3702 2489 cum

2114 2522 2321 2586 Joanne
2368 2521 2687 2594 presbytero
2734 2521 2995 2593 colligens
3024 2522 3271 2578 Thrason
3321 2521 3406 2576 vir
3432 2520 3697 2576 Christia-

2114 2613 2374 2669 nissimus
2393 2653 2408 2677 ,
2434 2614 2529 2682 qui
2558 2616 2622 2669 de
2648 2611 2995 2669 facultatibus
3026 2614 3139 2669 suis
3167 2612 3502 2685 martyribus
3528 2606 3698 2669 multa

2115 2703 2545 2769 ministraverat,
2600 2703 2846 2775 sepelivit
2896 2704 2950 2759 in
2976 2704 3180 2775 praedio
3209 2719 3308 2761 suo
3350 2703 3437 2757 via
3474 2699 3699 2757 Salaria.

2116 2795 2213 2852 llis
2238 2795 2292 2851 in
2317 2795 2497 2850 medio
2523 2795 2821 2853 certamine
2857 2795 3049 2866 positis
3087 2795 3435 2849 crediderunt
3470 2794 3576 2848 duo
3600 2792 3703 2867 mi-

2116 2886 2260 2952 lites,
2309 2886 2504 2955 Papias
2556 2894 2611 2941 et
2649 2885 2888 2953 Maurus,
2935 2885 3029 2956 qui
3073 2899 3201 2938 mox
3244 2872 3633 2955 comprehensi
3668 2896 3701 2936 a

2114 2976 2411 3041 Laodicio,
2465 2985 2521 3032 et
2569 2991 2679 3035 non
2724 2975 2892 3031 umlto
2959 2984 3083 3046 post
3131 2973 3394 3046 martyrio
3443 2972 3688 3027 coronati

2033 3046 2080 3111 ε
2113 3050 2264 3128 sunt.
2299 3070 2573 3141 Scriptum
2611 3070 2667 3125 in
2704 3068 2869 3141 gestis
2894 3066 3132 3123 Marcelli
3168 3084 3339 3140 papm.
3369 3066 3571 3121 Eodem
3616 3064 3702 3122 die

2110 3164 2166 3219 in
2196 3163 2385 3223 Galliis
2412 3163 2634 3221 civitate
2659 3160 2923 3219 Mannetis
2951 3158 3226 3234 [Tolosae],
3258 3155 3534 3215 Saturnini
3584 3156 3697 3227 cpi-

2109 3257 2260 3328 scopi
2287 3264 2344 3312 et
2374 3254 2650 3326 martyris.
2683 3255 2803 3326 Ipse
2842 3269 2972 3309 vero
3006 3251 3333 3309 Saturninus
3378 3244 3609 3320 martyr,
3639 3256 3701 3302 ut

2106 3346 2301 3412 fertur,
2327 3346 2395 3409 ab
2418 3346 2781 3418 apostolorum
2806 3342 3082 3416 discipulis
3111 3342 3392 3398 ordinatus
3415 3340 3468 3394 in
3500 3339 3694 3395 urbem

2108 3438 2447 3497 Tolosatium
2493 3446 2577 3493 est
2627 3438 2884 3501 directus,
2937 3436 3028 3507 qui
3079 3434 3311 3505 impulsu
3360 3445 3696 3505 paganorum

2104 3531 2263 3589 bovis
2288 3531 2495 3601 petulci
2537 3530 2794 3600 religatus
2819 3527 3061 3598 vestigiis
3088 3541 3185 3598 per
3209 3524 3408 3598 gradus
3442 3521 3695 3594 Capitolii

2103 3602 2493 3697 praecipitatus,
2523 3629 2844 3693 praesentem
2875 3619 3049 3674 ﬁnivit
3080 3618 3272 3683 vitam,
3306 3615 3499 3686 capitis
3543 3628 3697 3671 com-

2103 3730 2243 3788 page
2268 3715 2547 3787 dispersa;
2590 3712 2745 3785 cujus
2776 3712 3017 3783 reliquiae
3058 3710 3113 3765 in
3137 3708 3384 3781 pluribus
3412 3706 3546 3763 locis
3589 3704 3696 3761 mi-

2105 3806 2308 3871 raculis
2329 3806 2671 3865 claruerunt.

2176 3898 2220 3953 ll
2257 3897 2391 3953 ΚΔι..
2426 3896 2618 3957 Natale
2660 3881 3362 3965 sanctiAndreae‘apostoli,
3390 3888 3482 3960 qui
3526 3886 3699 3942 iniere

2103 3998 2352 4071 pretatur
2380 3989 2543 4047 virilis
2566 3988 2653 4049 vel
2682 3988 2922 4052 decorus,
2958 3985 3128 4043 frater
3150 3972 3321 4040 Petri.
3371 3980 3472 4035 Hic
3500 3972 3680 4050 praedi-

2103 4084 2249 4143 cavit
2278 4082 2559 4154 Scythiam
2588 4089 2642 4137 et
2664 4079 2948 4142 Achaiam,
2974 4077 3156 4149 ibique
3180 4073 3234 4135 in
3255 4074 3478 4130 civitate
3501 4071 3694 4126 Patras

2105 4176 2256 4235 cruci
2282 4188 2577 4245 suspensus
2609 4169 2882 4227 occubuit.
2908 4169 3117 4235 Romae,
3157 4164 3381 4237 Castuli,
3413 4170 3469 4219 et
3494 4160 3698 4217 Euers-

2103 4254 2233 4340 pilis
2264 4263 2634 4339 [Eupt'Cpitis],
2688 4272 2743 4319 et
2789 4263 2847 4321 in
2891 4246 3208 4327 Mediolano,
3252 4253 3526 4314 Ambrosii
3558 4252 3687 4328 ‘epi-

2622 4438 3189 4564 DECEMBEB.

2175 4641 2311 4698 Kac.
2350 4643 2587 4697 Decrius.
2646 4637 2833 4695 Romae
2894 4634 3071 4690 natale
3120 4630 3394 4696 Candidm,
3447 4622 3668 4682 Viribon

2107 4733 2309 4806 [Lucii,
2338 4732 2555 4803 Rogati,
2584 4706 2875 4802 Cassiani],
2910 4736 2966 4807 et
2992 4727 3223 4787 aliorum
3254 4722 3498 4795 triginta,
3522 4716 3578 4775 et
3605 4718 3692 4774 de-

2107 4824 2306 4881 dicatio
2331 4822 2566 4879 basilicae
2611 4820 2669 4879 S.
2699 4820 2893 4875 Albani
2924 4818 3209 4895 martyris,
3230 4822 3393 4885 atque
3421 4810 3693 4870 ordinatio

2103 4916 2251 4975 beati
2275 4914 2541 4973 Bouifacii
2566 4913 2843 4986 martyris.
3582 4906 3587 4907 7

2174 5008 2243 5063 IV
2282 5008 2418 5065 Nos.
2456 5008 2643 5063 Romae
2664 5005 2844 5063 natale
2866 5002 3150 5069 Primenti,
3175 4996 3448 5065 Pontiani,
3469 4992 3686 5060 Pimini,

2104 5098 2363 5163 Dafrosa‘,
2396 5096 2620 5155 Dimetri
2646 5096 2717 5171 [F
2722 5107 2853 5162 orte,
2874 5093 3174 5167 Demetrii],
3199 5088 3433 5147 Jubiani.
3464 5084 3522 5142 In
3546 5084 3690 5179 illau-

2104 5190 2303 5247 ritania
2330 5188 2457 5247 Veri
2477 5189 2739 5263 [Severi],
2762 5186 2979 5257 Securi,
3004 5184 3269 5250 Januarii,
3301 5178 3581 5238 Victorini.

2177 5280 2240 5337 lll
2289 5281 2427 5338 Nox.
2473 5281 2535 5345 lu
2555 5281 2799 5345 Oriente,
2832 5277 3080 5345 Metrobi,
3113 5273 3353 5341 Claudici
3381 5279 3437 5327 et
3467 5269 3683 5326 Felicis.

2105 5370 2165 5427 In
2195 5371 2527 5439 Nicomedia,
2572 5370 2803 5436 Ambici,
2854 5369 3063 5425 Victuri
3115 5363 3398 5440 [Victoris]
3448 5371 3503 5418 et
3536 5361 3683 5417 Julii.

2105 5463 2163 5519 In
2192 5460 2396 5527 Africa,
2422 5460 2680 5531 Crispini,
2717 5459 2964 5530 Maginte,
2997 5456 3242 5525 Joannis,
3274 5448 3685 5524 Stephani,“-

2106 5555 2270 5612 ctoris
2299 5551 2574 5625 [Claudii].
2611 5552 2667 5604 in
2696 5551 2996 5619 Pannonia,
3027 5549 3203 5607 sancti
3224 5544 3519 5620 Agricolas;
3550 5549 3605 5599 ct
3627 5540 3691 5598 in

2106 5645 2295 5723 Tingi,
2312 5643 2555 5701 Cassiani
2580 5640 2901 5717 presbyteri.
3568 5656 3575 5669 .
