4112 6364
726 281 778 290 -κι

529 333 665 408 tisi

1199 329 1281 399 ei
1302 318 1570 398 RABANI'
1596 340 1817 400 MAURI
1848 324 2189 397 Attumne?
2212 332 2525 398 uocum.
2566 338 2852 397 eranum
2895 336 3075 396 rans
3111 326 3176 396 n‘.

3653 326 3815 401 Ἡεε

524 458 847 528 Anastasiaz,
876 472 996 531 quae
1031 465 1273 529 tempore
1306 446 1651 521 Diocletiani,
1679 453 1858 525 primo
1913 452 2107 508 duram
2138 456 2192 516 Α
2214 450 2419 508 Auctus
2447 460 2501 508 et
2528 450 2770 523 Sergius,
2794 449 3045 508 conversi
3073 458 3202 509 sunt
3224 448 3297 509 ad
3320 453 3485 512 ﬁdem
3521 452 3733 514 Christi
3754 464 3816 513 et

522 564 578 612 et
607 553 872 610 immitem
899 550 1200 607 custodiam
1242 563 1277 603 a
1318 547 1437 601 viro
1465 561 1565 604 suo
1600 544 1791 601 Publio
1822 559 2104 616 perpessa.

514 645 578 702 'Iu
604 659 711 715 qua
739 652 915 698 tamen
951 657 982 696 a
1020 638 1372 712 Chrysogono
1407 634 1720 693 confessorc
1744 635 1947 692 Christi
1972 634 2111 690 mul-

519 743 636 793 ωω
666 733 944 792 consolata
969 741 1024 789 et
1048 730 1351 788 confortata
1378 737 1482 784 est.
1515 727 1718 783 Deinde
1770 743 1801 781 a
1856 727 2111 798 praefecto

508 825 721 898 ‘lllyrici
753 825 808 881 in
829 824 1150 898 gravissima
1180 838 1332 892 aeque
1357 829 1413 877 et
1438 820 1688 875 diuturna
1714 819 1959 875 custodia
1988 809 2136 874 ma-"

519 928 703 978 cerata
726 927 832 988 est,
864 919 920 975 in
950 935 1056 991 qua
1076 918 1284 975 duobus
1312 915 1587 971 mensibus
1608 913 1809 970 refecta
1836 921 1919 970 est
1944 912 2109 969 coele-

517 1015 692 1070 stibus
721 1013 860 1069 escis
883 1028 981 1083 per
1009 1019 1254 1066 sanctum
1284 1004 1621 1073 Theodoten,
1645 1020 1766 1075 quze
1792 1005 1946 1076 prius
1968 1020 2112 1060 mar-

518 1105 720 1177 tyrium
744 1119 905 1176 passa
932 1110 1046 1168 est;
1078 1100 1273 1157 deinde
1291 1099 1415 1153 navi
1442 1097 1694 1169 imposita
1715 1112 1836 1152 cum
1865 1095 2113 1152 ducentis

516 1198 649 1253 viris
676 1204 732 1253 et
758 1195 1003 1253 ducentis
1035 1191 1253 1250 feminis
1294 1201 1353 1246 ut
1400 1191 1843 1262 demergerentur
1872 1188 1926 1244 in
1948 1188 2106 1255 mari,

515 1289 723 1359 perlata
755 1296 841 1345 est
873 1287 942 1343 ad
985 1284 1192 1342 insulas
1227 1282 1553 1351 Palmarias,
1579 1283 1668 1338 ubi
1700 1299 1800 1354 per
1827 1297 2022 1338 manus
2056 1290 2113 1337 et

508 1376 682 1452 pedes
704 1388 951 1446 extensa,
966 1386 1022 1435 et
1052 1378 1216 1450 ligata
1239 1380 1306 1433 ad
1324 1377 1481 1449 palos
1508 1377 1664 1442 ﬁxos,
1686 1384 1742 1431 et
1766 1376 1911 1431 circa
1933 1375 2110 1433 media

516 1469 638 1540 ejus
665 1470 808 1542 ignis
833 1484 1094 1526 accensus
1122 1475 1224 1533 est,
1264 1462 1326 1523 in
1354 1482 1463 1538 quo
1508 1467 1832 1539 martyrium
1857 1481 2112 1522 consum—-

510 1559 707 1627 ’mavit,
736 1569 793 1616 et
820 1575 1011 1616 omnes
1051 1559 1146 1630 qui
1174 1574 1298 1615 eum
1330 1548 1421 1613 ilia
1460 1564 1723 1613 venerant
1747 1558 1915 1613 variis
1942 1558 2110 1614 inter-

514 1654 842 1711 fectionibus
868 1653 1195 1725 martyrium
1239 1652 1607 1709 celebrarunt.
1644 1651 1849 1707 Eodem
1895 1651 1983 1707 die
2014 1665 2110 1704 na-

515 1746 620 1802 tale
642 1753 849 1803 sancta:
868 1745 1129 1818 Eugeniae
1146 1744 1394 1816 virginis,
1423 1761 1544 1814 qua:
1564 1754 1681 1802 erat
1716 1745 1827 1801 filia
1842 1734 2106 1816 Philippi,

2213 547 2473 616 baptizati
2520 554 2664 602 sunt.
2722 545 2917 602 Postea
2973 560 3102 602 vero
3155 555 3343 604 sancta
3390 548 3636 622 Eugenia
3679 565 3814 606 cum

2213 638 2378 696 Proto
2398 647 2455 694 et
2476 637 2776 711 lliacyntho
2804 637 3033 694 Romam
3058 638 3322 709 perrexit,
3351 639 3442 696 ubi
3466 649 3523 696 et
3550 643 3820 715 martyri-

2213 742 2333 789 zala
2361 741 2467 800 est,
2489 732 2645 805 jussu
2693 730 2924 787 Gallieni
2963 732 3330 802 imperatoris,
3376 748 3477 805 per
3531 734 3818 792 Nicetium

2211 825 2526 897 praefectum
2557 822 2738 887 Urbis,
2781 823 2875 894 qui
2904 838 3027 877 cum
3056 839 3177 879 eam
3227 832 3448 895 cogeret
3474 814 3591 881 demi
3624 825 3817 881 Diana:

2213 914 2481 971 sacrificia
2521 913 2800 979 exhibere,
2848 920 2905 968 et
2951 913 3042 968 illa
3095 913 3263 970 nollet
3306 914 3675 985 acquiescere,
3696 915 3817 971 imo

2213 1008 2390 1077 ipsum
2420 1004 2769 1061 simulacrum
2789 1004 2844 1059 in
2860 1004 3137 1074 pulverem
3160 1004 3476 1077 redegisset,
3489 1006 3658 1078 jussit
3686 1021 3815 1062 eam

2209 1094 2501 1164 praefectus
2520 1110 2652 1151 saxo
2672 1095 2741 1177 ad
2763 1093 2961 1149 collum
2987 1093 3153 1164 ligato
3173 1094 3229 1148 in
3255 1092 3476 1150 Tiberin
3503 1093 3813 1166 projicere;

2188 1188 2312 1243 'sed
2348 1187 2473 1243 inde
2504 1188 2597 1243 Dei
2626 1189 2800 1260 gratia
2836 1187 3085 1256 liberata,
3114 1198 3302 1259 postea
3328 1191 3387 1245 in
3419 1188 3699 1246 fornacem
3721 1205 3814 1244 ar-

2216 1281 2429 1336 dentem
2456 1281 2621 1337 missa
2653 1289 2759 1348 est,
2792 1282 2889 1337 sed
2916 1281 3064 1337 nullo
3094 1283 3256 1339 modo
3282 1282 3351 1337 ab
3383 1282 3509 1353 igne
3549 1292 3634 1338 est
3658 1283 3812 1337 laesa.

2214 1364 2516 1429 Novissime
2541 1388 2669 1429 vero
2695 1373 2750 1429 in
2775 1373 2861 1429 die
2887 1373 3087 1429 natalis
3116 1374 3357 1440 Domini,
3383 1373 3526 1429 sicut
3555 1371 3816 1430 Salvator

2214 1465 2329 1536 ipse
2350 1465 2401 1520 ei
2424 1474 2549 1520 ante
2586 1463 2866 1531 revelavit,
2899 1479 2999 1536 per
3027 1463 3418 1534 spiculatorem
3455 1463 3511 1518 in
3563 1463 3817 1518 custodia

2214 1559 2387 1629 posita
2416 1556 2708 1614 interfecta
2734 1565 2843 1625 est,
2879 1557 3068 1628 sicque
3093 1556 3162 1612 ad
3188 1554 3413 1627 cmleste
3454 1569 3677 1626 regnum
3697 1554 3815 1610 mi-

2216 1659 2536 1795 Βΐῖξιιῑὶςλι.
2569 1739 2628 1795 ln
2658 1738 2856 1810 oppido
2896 1734 3388 1811 Hierosolymitano
3427 1730 3815 1810 Cofargamala

510 1835 754 1911 praefecti
772 1836 1115 1894 Alexandriae
1141 1845 1198 1893 et
1226 1837 1392 1892 totius
1418 1828 1663 1908 Egypti,
1692 1838 1760 1892 ab
1785 1837 2114 1906 imperatore
2139 1826 2189 1895 ’Β
2214 1829 2397 1901 passio
2440 1830 2614 1886 sancti
2659 1828 2941 1901 Stephani,
2978 1829 3139 1900 primi
3178 1827 3439 1899 martyris
3481 1835 3538 1884 et
3573 1826 3813 1883 diaconi.

512 1930 1004 1990 illue'transmissi.
1030 1930 1160 1988 Haec
1200 1946 1330 2003 ergo
1358 1942 1583 2002 propter
1624 1931 1782 1987 fidem
1823 1913 2032 1987 Christi.
2055 1939 2112 1986 et

511 2022 777 2080 castitatis
798 2039 1044 2080 amorem
1074 2022 1279 2094 sprevit
1314 2023 1627 2078 saecularem
1654 2021 1900 2077 habitum
1928 2030 1984 2077 et
2012 2022 2107 2077 de-

508 2104 666 2169 licias
698 2114 885 2170 mundi
911 2129 926 2169 :
952 2108 1143 2170 induta
1189 2123 1274 2170 est
1316 2124 1466 2170 veste
1491 2113 1654 2179 virili,
1685 2122 1743 2170 et
1782 2128 2015 2184 pergens
2041 2114 2111 2170 ad

510 2206 760 2263 sanctum
781 2202 1057 2262 Helenum
1102 2204 1437 2279 episcopum,
1475 2205 1639 2263 simul
1673 2221 1804 2261 cum
1846 2205 2013 2262 Proto
2057 2215 2113 2263 et

506 2294 755 2368 Eugenio
782 2296 1049 2355 eunuchis
1068 2296 1210 2363 suis,
1243 2311 1343 2368 per
1363 2311 1524 2367 quem
1555 2295 1882 2365 baptismate
1917 2295 2106 2361 abluti,

511 2388 907 2444 monasterium
949 2386 1345 2443 monachorum
1388 2384 1621 2459 ingressi
1668 2394 1815 2453 sunt,
1845 2384 1945 2441 sub
1966 2385 2112 2442 virili

510 2479 698 2536 habitu
740 2479 1040 2536 monastiee
1090 2488 1477 2536 conversantes
1508 2497 1520 2532 :
1554 2478 1670 2545 ubi,
1717 2475 1972 2533 defuncto
2006 2478 2111 2533 ab-

503 2564 656 2637 bate,
687 2576 876 2626 sancta
928 2569 1168 2642 Eugenia
1219 2569 1275 2625 in
1306 2570 1480 2625 locum
1521 2569 1733 2625 abbatis
1776 2577 1979 2624 statuta
2006 2578 2112 2636 est,

506 2658 602 2715 ubi
634 2665 819 2715 sancta
849 2659 1266 2715 cenVersatione
1314 2667 1370 2715 et
1416 2656 1692 2714 miraculis
1736 2658 1949 2713 claruit.
1974 2656 2112 2714 Nam

508 2742 821 2804 Melantiam
846 2749 1140 2819 quamdam
1170 2748 1431 2804 feminam
1469 2764 1500 2803 a
1548 2748 1700 2804 febre
1745 2748 1901 2820 signo
1937 2750 2116 2805 crucis

506 2837 727 2896 Balvans
759 2856 773 2894 :
801 2839 899 2896 sed
941 2839 1159 2898 diabolo
1203 2841 1496 2912 instigante
1538 2840 1657 2913 ipsa
1691 2840 1947 2899 Melantia
1988 2857 2114 2898 eum

509 2930 578 2988 ad
626 2932 973 2990 cencubitum
1034 2950 1193 2991 suum
1237 2934 1556 3006 pertrahere
1603 2934 1803 3001 voluit;
1856 2935 1953 2990 sed
1990 2948 2117 2990 cum

509 3024 617 3082 hoc
640 3041 749 3082 non
775 3028 1166 3095 consensisset,
1200 3030 1477 3084 accusavit
1509 3043 1631 3085 eam
1656 3027 1814 3098 quasi
1843 3027 2118 3100 Eugenius

508 3118 808 3176 monachus
862 3126 917 3175 et
967 3120 1135 3176 abbas
1187 3136 1312 3176 eum
1375 3131 1625 3192 stuprare
1671 3119 1949 3176 voluisset.
2009 3116 2117 3175 Sed

2286 1922 2352 1978 V'l
2377 1922 2513 1979 ΚΜ..
2544 1935 2570 1963 ιι
2614 1921 2934 1994 Assumptio
2966 1921 3143 1977 sancti
3189 1918 3417 1977 Joannis
3466 1920 3821 1992 evangelista:

2217 2014 2358 2084 apud
2382 2010 2679 2084 Ephesum,
2725 2021 2781 2069 et
2820 2013 3094 2069 ordinatio
3140 2012 3483 2084 episcopatus
3506 2011 3681 2067 sancti
3716 2010 3821 2067 Ja-

2217 2103 2335 2158 cobi
2363 2102 2549 2158 fratris
2576 2101 2810 2169 Domini,
2839 2104 2931 2173 qui
2958 2102 3027 2157 ab
3057 2101 3319 2175 apostolis
3355 2103 3567 2173 primus
3615 2117 3685 2158 ex
3719 2101 3824 2159 Ju-

2218 2194 2350 2250 daeis
2393 2193 2747 2267 Jerosolymis
2774 2202 2862 2250 est
2889 2194 3176 2266 episcopus
3206 2194 3510 2263 ordinatus,
3538 2204 3593 2251 et
3634 2194 3824 2252 medio

2198 2274 2428 2343 'Pascha
2455 2286 2721 2357 martyrio
2748 2293 3060 2341 coronatus.

2292 2378 2334 2433 V
2364 2377 2498 2433 KAL.
2525 2377 2585 2432 In
2610 2375 2927 2433 Bethlehem
2969 2372 3152 2432 natale
3178 2383 3497 2432 sanctorum
3544 2375 3822 2432 infantum

2204 2466 2557 2545 laetantium,
2584 2467 2677 2538 qui
2702 2464 2803 2522 sub
2824 2464 3039 2522 Herode
3058 2466 3205 2538 passi
3224 2474 3349 2523 sunt
3371 2481 3470 2539 pro
3498 2465 3746 2523 Christo.

2288 2557 2524 2616 lV‘KAL.
2552 2559 2613 2615 In
2638 2558 2825 2615 Africa
2877 2558 3056 2614 natale
3109 2557 3340 2624 Domici,
3364 2556 3581 2613 Victuri
3608 2557 3819 2630 [Domi-

2220 2653 2349 2721 nici,
2366 2650 2648 2724 Victoris],
2677 2648 2993 2718 Crescentii,
3008 2646 3295 2719 Primiani,
3326 2648 3525 2722 Lybosi
3552 2651 3816 2722 episcopi.

2219 2740 2289 2798 Et
2311 2740 2517 2808 Romae,
2546 2742 2603 2796 in
2625 2739 3197 2809 coemeterioCallisti,
3231 2738 3431 2796 Felicis
3459 2747 3513 2795 et
3548 2736 3824 2798 Bonifacii

2220 2834 2460 2907 episcopi
2481 2835 2548 2891 de
2574 2834 2917 2891 ordinatione
2943 2833 2992 2887 ι’.

2290 2925 2358 2982 ΠΙ
2378 2925 2513 2981 ΚΑι.
2546 2924 2780 2981 Turonis
2796 2924 3071 2997 depositio
3094 2923 3242 2980 beati
3261 2923 3520 2995 Perpetui
3543 2923 3819 2997 episcopi,

2221 3021 2315 3093 qui
2342 3020 2516 3078 sancti
2544 3018 2763 3075 Martini
2791 3018 3078 3075 ecclesiam
3106 3016 3418 3074 aediﬁcavit.

2294 3114 2337 3169 li
2365 3112 2501 3170 ΚΑΙ..
2532 3112 2812 3184 Depositio
2832 3112 3010 3169 sancti
3036 3110 3302 3183 Sylvestri
3325 3109 3567 3182 episcopi
3601 3120 3659 3166 et
3682 3125 3821 3167 can-

506 3202 629 3264 h‘aec
658 3210 840 3265 Omnia
877 3218 977 3282 per
1011 3210 1318 3284 Philippum
1348 3211 1675 3284 praefectum
1714 3210 1851 3279 falsa
1897 3212 2116 3267 inventa
2142 3205 2466 3277 Cfessoris,
2487 3214 2543 3262 et
2560 3204 2744 3276 passio
2777 3211 2981 3260 sach
3019 3201 3299 3259 Columbae
3345 3202 3591 3275 virginis,
3635 3199 3820 3257 Seno-

512 3306 659 3366 stmt,
686 3300 814 3372 quia
842 3301 959 3372 ipsa
987 3301 1226 3376 Eugenia
1276 3319 1397 3360 sese
1435 3303 1697 3360 feminam
1737 3318 1861 3360 esse
1887 3306 2112 3360 demon-

506 3390 722 3457 SIravit,
748 3404 856 3447 non
878 3393 1087 3448 ’virum.
1114 3392 1230 3449 Hoc
1248 3393 1421 3450 etiam
1461 3393 1811 3452 considerato
1832 3392 2112 3465 Philippus

508 3490 665 3553 pater
687 3481 825 3552 ejus,
855 3491 911 3540 et
944 3483 1182 3541 ‘Claudia
1226 3494 1437 3552 mater,
1482 3486 1789 3556 fratresque
1830 3484 2107 3557 Eugeniae,

516 3672 533 3698 ,ν
561 3624 610 3698 Aa
637 3611 871 3698 invaluit
895 3614 1036 3698 apud
1059 3616 1327 3698 plurimos
1350 3631 1421 3698 ea
1434 3616 1507 3698 de
1532 3615 1743 3673 Joanne
1755 3616 1959 3698 opinio,
1976 3630 2110 3698 eum

508 3696 618 3767 non
644 3684 885 3767 obiisse,‘
908 3684 981 3767 id
1007 3684 1176 3767 refert
1216 3687 1579 3767 Augustinus,
1617 3703 1741 3743 eam
1778 3684 2113 3767 sententiam

511 3752 825 3824 "suggillans.
857 3752 985 3821 “Alii,
1038 3752 1457 3823 obdormivisse,
1486 3752 1581 3813 sed
1620 3774 1749 3812 mox
1776 3758 1831 3812 in
1859 3757 1997 3813 caelo
2026 3772 2116 3813 as-

508 3833 790 3901 sumptum
816 3826 1181 3901 _vcredideru_nt
1212 3846 1223 3881 :
1259 3828 1316 3901 id
1360 3827 1596 3901 asseruit
1618 3826 1983 3901 _llip_polytus,
2020 3827 2114 3901 qui

508 3892 581 3948 de
604 3892 888 3969 duodecim
912 3898 1175 3969 apostolis
1190 3898 1419 3969 scripsit
1439 3898 1581 3969 apud
1600 3892 2011 3969 Cpnibeﬁ'sium.
2036 3892 2117 3954 Ne

512 3963 909 4025 credas-tamen
935 3963 1088 4025 illum
1116 3983 1239 4050 esse
1262 3963 1612 4041 Hippolytum
1637 3968 1999 4027 Portuensem
2018 3968 2117 4040 qui

2202 3302 2304 3357 'nis
2324 3299 2429 3357 sub
2458 3298 2748 3356 Aureliano
2788 3299 3140 3370 imperatore,
3183 3310 3328 3368 quae,
3376 3302 3622 3368 superato
3650 3293 3816 3367 igne,

2215 3408 2355 3451 caesa
2382 3400 2485 3450 est.

2215 3613 2353 3687 vigit
2380 3611 2542 3687 tertio
2573 3610 2802 3687 saeculo;
2838 3608 3086 3687 diversus
3106 3614 3193 3687 est
3221 3604 3367 3660 enim
3397 3600 3535 3687 “ille,
3568 3599 3825 3659 referens

2204 3682 2751 3755 ‘reliqaias-Joarrnis,
2795 3690 2920 3755 eum
2970 3678 3204 3755 fuissent
3249 3678 3502 3755 quaesitae,
3529 3688 3642 3728 non

2218 3742 2488 3812 inventas.
2530 3742 3002 3809 Eadem-sensisse
3045 3742 3560 3810 videtur—Inmunis,
3588 3742 3689 3814 qui
3720 3742 3825 3798 hic

2219 3825 2647 3896 assumptionem
2691 3822 2916 3896 Joannis
2966 3817 3316 3892 evangelista
3342 3817 3675 3874 celebratam
3714 3827 3824 3869 suo

2220 3892 2462 3979 tempore
2482 3892 2779 3979 contendit:
2803 3893 2968 3979 ‘Ba‘sn.

2278 3964 2587 4023 ‘b'Videtur
2609 3965 2822 4035 aliquid
2846 3964 3059 4021 deesse.

1100 4261 1688 4379 BEATI
1761 4261 2112 4377 ME

2210 4257 2508 4374 IN!
2583 4256 3198 4374 ΜΔΞΙῙΒῙ

1243 4473 1630 4534 FULDENSIS
1667 4470 1963 4533 ABBATIS
2004 4474 2094 4533 ET
2134 4466 2521 4534 MOGUNTINI
2553 4474 3078 4535 ARCHIEPISCOPI

1590 4646 2036 4770 OPUSC
2053 4654 2329 4770 ULA
2411 4648 2744 4771 DUO.
2858 4724 2867 4731 -

1532 4874 1698 4940 [Apud
1718 4873 1911 4939 habbo,
1930 4873 2136 4936 Concil.,
2157 4874 2372 4938 omnemi.
2395 4875 2456 4927 ad
2485 4881 2604 4927 tom.
2631 4872 2790 4939 Vill.)

1950 5006 2377 5035 ψ

2110 5118 2154 5193 Ι

595 5273 1299 5366 Βωρωιεαιεηηοηιεα
1346 5292 1555 5364 super
1627 5272 2029 5363 quibusdam
2079 5272 2109 5339 ἰ

2210 5266 2734 5362 νννοραιίοηίὒαε
2782 5268 3196 5363 Reginbatdi
3243 5271 3734 5368 chorept'seopo'.

590 5516 1050 5575 Reverentissimo
1098 5523 1260 5586 atque
1291 5512 1667 5569 amantissimo
1713 5512 1870 5569 fratri
1915 5515 2116 5573 Rscm-
2138 5523 2195 5583 D
2220 5524 2439 5576 seruare
2472 5515 2642 5573 voluit
2690 5516 2769 5572 tui
2795 5516 3123 5574 desiderium
3153 5519 3351 5575 iterum
3374 5517 3597 5605 videndi
3627 5533 3693 5603 se
3716 5531 3819 5573 va-

514 5628 688 5671 BALDO
717 5610 991 5676 Ramnes,
1010 5608 1236 5681 exiguus
1261 5622 1543 5664 servorum
1568 5604 1664 5661 Dei
1686 5622 1897 5674 servus,
1930 5609 1983 5663 in
2008 5610 2109 5666 Do-

519 5706 667 5762 mino
697 5704 946 5760 salutem.

593 5804 889 5856 Postquam
917 5793 1179 5873 sanctitas
1216 5801 1305 5848 tua
1333 5801 1534 5869 nostra:
1571 5792 1825 5870 parvitati
1876 5810 1933 5848 se
1973 5809 2135 5870 prie:

2215 5609 2323 5665 lide
2352 5609 2510 5665 nobis
2534 5609 2780 5680 ingessit.
2830 5609 2910 5665 Ita
2950 5619 3011 5665 ut
3046 5619 3436 5683 cognoscentes
3481 5593 3819 5682 gravitatem

2219 5717 2455 5766 morum,
2502 5701 2845 5756 honestatem
2878 5701 3188 5769 locutionis,
3239 5702 3602 5758 humilitatem
3656 5699 3821 5755 babi-

2220 5802 2307 5849 tus
2338 5791 2777 5871 hilaritatemque
2821 5791 3023 5851 vultus.
3061 5808 3222 5864 quam
3265 5802 3356 5849 tua
3400 5792 3621 5851 dilectio
3651 5788 3818 5862 nobis
