4112 6364
347 307 498 367 1189

1595 315 1946 370 ΠΕΞΡΟΝΞΑ
1987 316 2346 374 CANONICA.

3483 337 3620 393 H90

355 442 624 508 exhibuit,
655 440 939 513 pmsemia
964 448 1056 494 tua
1078 453 1188 496 non
1216 436 1474 494 vellemus
1500 448 1705 497 carere,
1736 434 1778 487 si
1801 448 1936 500 qum
1961 437 2011 496 Α
2039 435 2272 489 studium
2297 437 2610 505 paenitentis
2635 456 2648 492 :
2679 440 2725 494 si
2752 442 2874 511 quis
2895 442 3041 499 enim
3065 447 3332 504 veraciter
3350 463 3620 520 poeninen-

355 551 468 607 quo
520 533 678 590 modo
711 549 831 590 eam
860 545 1141 603 possemus
1185 530 1394 584 habere
1446 527 1776 582 continuam.
1830 525 1936 579 Sed

355 629 486 698 quia
507 642 648 682 verae
673 625 953 681 charitatis
981 639 1045 678 ea
1079 628 1161 676 est
1194 620 1355 686 ratio,
1380 627 1438 673 ut
1475 618 1617 689 quod
1647 617 1936 688 corporali—

353 730 444 774 "Cl‘
470 720 669 775 habere
695 731 876 773 secum
906 730 1011 769 non
1047 721 1243 783 potest,
1287 709 1637 780 spiritualiter
1662 723 1936 778 nunquam

355 811 559 864 habere
589 816 766 864 cesset
795 823 808 861 :
840 806 967 860 licet
1007 817 1238 874 corpore
1267 803 1464 856 absens
1511 801 1607 865 sis,
1635 799 1828 869 spiritu
1857 806 1936 852 ta-

349 915 480 956 men
511 913 745 970 przesens
787 913 907 952 esse
945 911 1053 950 non
1093 894 1325 949 desistis.
1352 891 1505 959 Quod
1559 905 1795 960 eousque
1823 890 1932 956 fiet,

350 995 526 1050 -lonec
551 1009 650 1064 per
672 991 764 1046 Dei
789 989 1016 1062 gratiam
1042 988 1188 1043 exuti
1216 999 1245 1040 a
1272 991 1810 1055 corpore-praesentes
1831 981 1938 1036 eri-

352 1104 475 1143 -uus
504 1088 643 1158 apud
668 1087 855 1139 Deum.
883 1083 996 1138 lloc
1022 1089 1201 1135 tamen
1237 1078 1460 1150 adipisci
1490 1093 1587 1132 nos
1607 1090 1793 1147 posse,
1819 1090 1936 1129 ma-

350 1181 438 1250 gis
465 1179 632 1234 divini
665 1185 748 1233 est
791 1174 1030 1230 muneris
1089 1188 1251 1242 quam
1306 1172 1554 1226 humanae
1610 1168 1882 1224 facultatis
1919 1185 1932 1221 :

351 1271 450 1325 sed
476 1285 570 1340 spe
586 1267 700 1338 jam
733 1266 867 1322 salvi
899 1262 1023 1320 facti
1057 1277 1277 1330 sumus;
1311 1264 1401 1334 qui
1431 1270 1611 1317 autem
1634 1262 1688 1316 in
1703 1260 1936 1316 ‘Domino

351 1359 771 1433 sperat,beatus
796 1369 896 1414 est.

425 1453 501 1508 De
524 1461 719 1508 caetero
744 1467 975 1522 quoque,
1005 1451 1130 1521 quia
1159 1451 1434 1505 veneratio
1451 1455 1554 1505 'tua
1575 1451 1822 1520 quietiam
1848 1463 1938 1504 ca-

291 1545 296 1548 ’
351 1543 526 1615 pilula
551 1543 685 1599 mihi
712 1542 767 1596 in
794 1542 1039 1597 chartula
1075 1551 1204 1596 tunc
1230 1541 1466 1596 ostendit
1491 1542 1712 1612 scripta,
1746 1541 1797 1595 in
1827 1541 1940 1609 qui-

351 1637 459 1692 bus
489 1635 768 1707 flagitabas
799 1649 885 1688 me
913 1633 1006 1688 tibi
1032 1634 1358 1705 respondere
1386 1635 1451 1688 de
1474 1633 1558 1689 his
1598 1649 1716 1704 quae
1743 1633 1939 1688 ibidem

350 1726 772 1782 continebantur
803 1744 814 1778 :
849 1723 1010 1795 relegi
1045 1729 1302 1794 quantum
1333 1724 1533 1780 licebat
1552 1723 1834 1779 volumina
1860 1722 1940 1778 di-

2043 529 2168 582 tiam
2196 531 2388 600 egerit,
2429 545 2552 586 cum
2583 533 2838 604 lacrymis
2871 536 3075 607 jejunia
3101 547 3162 594 et
3201 543 3474 600 orationes
3505 547 3615 602 sol-

2038 633 2189 686 vens,
2225 619 2595 694 eleemosynas
2644 625 2868 694 largiter
2917 630 3253 699 impendens,
3285 634 3445 704 hujus
3486 651 3618 709 ergo

2039 711 2202 766 habet
2241 715 2491 769 sacerdos
2533 723 2858 784 potestatem
2900 719 3149 789 mitigare
3190 718 3472 789 judicium.
3512 727 3615 794 Qui

2040 814 2220 859 autem
2243 806 2439 862 mentis
2458 816 2539 861 est
2570 809 2737 874 durae,
2760 817 2814 863 et
2841 811 3116 882 negligens
3143 822 3228 869 est
3257 816 3329 870 ad
3354 819 3614 887 agendam

2037 895 2412 967 pusuitentiam
2439 916 2451 950 :
2479 898 2534 952 in
2572 898 2686 953 hoc
2709 900 2940 955 omnino
2971 902 3244 958 decretum
3283 916 3368 961 est
3405 914 3618 979 tempus

2039 989 2386 1043 servandum.

2107 1079 2168 1134 II.
2189 1081 2270 1135 -‘De
2303 1079 2604 1135 infantibus
2629 1088 2804 1135 autem
2835 1082 2928 1151 qui
2969 1086 3168 1139 mortui
3209 1100 3333 1142 cum
3374 1096 3529 1158 patre
3561 1097 3618 1143 et

2038 1179 2211 1224 matre
2240 1170 2602 1234 inveniuntur,
2629 1179 2684 1224 et.
2709 1187 2816 1226 non
2843 1183 3068 1242 apparet
3091 1183 3272 1230 utrum
3307 1178 3380 1234 ab
3410 1179 3490 1233 eis
3520 1195 3616 1250 op-

2037 1277 2258 1332 pressus
2305 1261 2376 1316 sit
2405 1261 2518 1331 ipse
2570 1261 2751 1318 infans
2795 1265 2910 1319 sive
2939 1264 3253 1334 suffocatus,
3297 1283 3366 1323 an
3395 1270 3614 1341 propria

2038 1359 2211 1410 morte
2264 1354 2548 1409 defunctus
2604 1372 2618 1408 :
2674 1370 2774 1411 nec
2823 1357 3020 1411 debent
3073 1357 3196 1412 inde
3253 1361 3432 1415 securi
3493 1376 3617 1417 esse

2039 1446 2282 1502 necsine
2309 1446 2624 1515 poenitentia
2660 1447 2763 1516 ipsi
2799 1456 3070 1517 parentes.
3104 1447 3212 1504 Sed
3253 1460 3435 1506 tamen
3459 1452 3512 1507 in
3533 1453 3615 1508 eis

2039 1537 2403 1594 consideratio
2430 1538 2599 1592 debet
2641 1553 2761 1594 esse
2808 1538 3044 1609 pietatis,
3067 1539 3165 1594 ubi
3209 1557 3318 1596 non
3343 1524 3612 1610 velantes,

2040 1630 2134 1686 sed
2168 1638 2409 1701 eventus,
2464 1630 2654 1684 mortis
2700 1644 2863 1685 causa
2910 1629 3031 1685 fuit.
3155 1640 3344 1688 autem
3384 1650 3478 1690 eos
3504 1651 3614 1690 non

2039 1725 2172 1778 latet
2202 1723 2347 1793 ipsos
2367 1721 2492 1790 ejus
2527 1736 2647 1778 esse
2676 1722 3070 1788 interfectores,
3097 1725 3242 1780 scire
3267 1725 3464 1781 debent
3487 1743 3618 1798 graa

348 1819 603 1873 vinorum
631 1825 1097 1883 testamentorum,
1132 1823 1294 1887 atque
1348 1826 1662 1874 sanctorum
1703 1813 1934 1872 ‘Patrum
1961 1805 2011 1866 Β
2036 1816 2178 1871 viter
2193 1831 2252 1870 se
2282 1814 2587 1885 deliquisse,
2623 1817 2765 1885 quod
2807 1817 2861 1871 in
2911 1818 3194 1888 Ancyrano
3237 1818 3466 1874 concilio
3513 1821 3616 1876 hoc

350 1912 673 1977 sententias,
701 1920 756 1967 et
784 1919 1046 1982 quantum
1077 1920 1290 1982 tempus
1315 1910 1685 1980 permittebat,
1725 1924 1787 1964 ea
1813 1921 1932 1979 quae

349 2003 421 2058 ad
445 2003 547 2058 hoc
569 2002 873 2057 necessaria
897 2001 1328 2071 respondendum
1355 2009 1528 2068 erant,
1561 1999 1614 2056 in
1637 2015 1802 2056 unum
1825 1999 1934 2054 col-

347 2092 606 2165 ligebam.
659 2092 916 2148 Ludovici
970 2092 1114 2149 enim
1167 2093 1311 2166 regis
1367 2093 1651 2162 adventus,
1700 2091 1845 2161 quod
1879 2097 1934 2145 te

348 2187 492 2244 scire
537 2201 646 2241 non
687 2184 918 2255 ambigo,
970 2185 1258 2241 imminens
1304 2187 1548 2258 urgebat,
1595 2193 1654 2240 ut
1706 2186 1773 2240 ad
1819 2173 1933 2253 ejus

349 2277 750 2351 susceptionem
794 2278 1043 2347 occupati
1070 2291 1334 2331 essemus.
1379 2277 1489 2331 Nec
1519 2278 1630 2347 jam
1661 2275 1813 2331 licuit
1843 2289 1930 2330 se-

355 2365 736 2423 curzelectioni
767 2369 1037 2430 insistere,
1066 2366 1281 2436 quando
1324 2367 1437 2436 ipse
1481 2383 1536 2421 sc
1563 2366 1772 2420 animus
1815 2377 1934 2420 scn-

347 2456 520 2516 -iehat
542 2458 594 2511 in
626 2456 821 2511 multas
848 2465 1030 2525 partes
1061 2456 1308 2511 divisum.
1343 2455 1448 2511 Sed
1470 2457 1591 2525 quia
1623 2458 1696 2510 tui
1733 2456 1932 2511 amoris

349 2549 532 2605 fervor
553 2564 638 2601 me
663 2549 755 2602 tibi
784 2562 972 2618 parere
994 2549 1158 2619 cogit,
1175 2547 1459 2601 mundanis
1485 2547 1932 2602 sollicitudinibus

351 2640 690 2708 temperatis,
723 2647 984 2716 quantum
1034 2639 1297 2709 fragilitas
1346 2641 1597 2694 humana:
1632 2640 1829 2694 mentis
1860 2640 1932 2692 si-

349 2731 536 2794 nebat,
556 2730 895 2800 potissimum
926 2740 1026 2784 tum
1046 2731 1352 2785 consentire
1379 2731 1716 2785 decrevimus
1742 2731 1931 2785 volun-

351 2819 471 2873 tati.
506 2819 742 2886 Quorum
775 2820 1132 2890 capitulorum
1158 2821 1273 2875 haec
1303 2819 1404 2874 fuit
1426 2821 1615 2876 series.

420 2912 459 2965 l.
485 2909 669 2966 Primo
697 2913 1070 2982 interrogahas
1099 2913 1225 2982 quid
1250 2911 1315 2967 de
1344 2927 1410 2969 e0
1445 2911 1755 2968 faciendum
1785 2918 1931 2966 esset

351 3003 446 3072 qui
491 3003 763 3058 hominem
789 3001 1534 3059 Christianumsollicitando
1582 3001 1792 3057 furatus
1815 3003 1930 3057 fuc-

348 3094 442 3159 rit,
475 3101 529 3146 et
568 3094 624 3148 in
661 3105 925 3166 paganam
973 3106 1185 3165 gentem
1233 3093 1492 3149 tradendo
1546 3093 1865 3159 vendiderit,
1898 3110 1926 3147 a

2035 1909 2194 1964 modo
2221 1910 2481 1978 probatur
2508 1908 2661 1980 (Cati.
2697 1908 2810 1980 20).
2845 1929 2864 1961 ‹
2895 1910 2970 1965 De
3001 1911 3321 1968 mulieribus
3365 1926 3484 1982 quae
3507 1913 3616 1967 foro

2034 1998 2284 2055 nicantur
2309 2008 2363 2055 et
2387 2005 2574 2069 partus
2601 2015 2727 2054 suos
2751 2009 2968 2065 necant,
2993 1999 3077 2056 vel
3093 2015 3222 2072 quae
3249 2011 3614 2073 agunt-secum

2033 2100 2092 2147 tit
2113 2101 2266 2148 utero
2295 2098 2587 2161 conceptus
2631 2093 2938 2147 escutiatur
2966 2108 2979 2146 :
3011 2094 3232 2162 antiqua
3265 2095 3485 2164 quidem
3521 2096 3616 2150 de-

2033 2183 2407 2255 ﬁnitiousque
2449 2186 2514 2238 ad
2560 2183 2806 2238 ultimum
2830 2185 2952 2239 vitae
2977 2199 3071 2240 eas
3101 2185 3416 2240 ab-ecelesia
3436 2200 3617 2241 remo-

2032 2285 2141 2332 vet.
2167 2275 2466 2331 {inmanius
2494 2285 2676 2332 autem
2712 2291 2857 2331 nunc
2885 2277 3192 2343 definimus,
3222 2286 3283 2331 ut
3319 2279 3398 2334 eis
3431 2279 3616 2333 decem

2034 2383 2296 2423 annorum
2343 2376 2554 2439 tempus
2576 2370 2874 2425 secundum
2898 2370 3152 2440 praeﬁxos
3195 2372 3397 2441 gradus
3440 2372 3616 2442 poeni-

2036 2459 2216 2513 tentiae
2237 2459 2551 2528 largiamur.
2590 2481 2605 2509 ›
2636 2459 2740 2515 Sed
2761 2461 2849 2516 alii
2875 2463 3037 2518 trium
3069 2478 3330 2518 annorum
3355 2465 3619 2536 paeniten-

2035 2549 2498 2619 tiam'hujusmodi
2530 2551 2764 2606 hominis
2785 2551 3106 2609 denuntiant
3133 2569 3253 2610 esse
3270 2555 3487 2621 debere,
3518 2556 3618 2610 hoc

2034 2649 2115 2696 est
2138 2643 2229 2709 qui
2273 2641 2531 2696 infantem
2561 2643 2773 2697 incaute
2798 2645 3155 2714 oppresserit,
3181 2659 3410 2714 quorum
3450 2660 3615 2699 unum

2034 2734 2202 2787 'cx-eis
2224 2735 2403 2803 exigat
2425 2749 2545 2787 eum
2576 2749 2710 2803 pane
2742 2744 2794 2788 et
2817 2749 2975 2804 aqua,
3005 2735 3383 2793 abstineatque
3407 2738 3479 2793 ab
3497 2751 3617 2792 om-

2034 2823 2087 2876 ni
2115 2823 2327 2877 luxuria
2359 2831 2596 2893 tempore
2621 2822 2957 2892 poenitentia:
2984 2836 3113 2878 suae.

2103 2913 2185 2969 ill.
2232 2915 2306 2969 De
2352 2929 2416 2970 eo
2449 2927 2580 2969 vero
2625 2913 2714 2984 qui
2743 2913 2958 2969 viduam
2996 2914 3226 2985 proximi
3271 2915 3359 2969 sui
3403 2915 3456 2968 in
3487 2928 3615 2970 con-

2026 3011 2235 3084 jugium
2266 3009 2439 3075 (luxit,
2482 3007 2610 3063 illud
2645 3008 3095 3064 considerandum
3129 3017 3233 3072 est,
3266 3016 3430 3077 quota
3457 3021 3620 3078 gene-

2031 3103 2242 3158 ratione
2289 3101 2402 3172 ipsa
2454 3100 2720 3154 connubia
2776 3099 2922 3152 inter
2955 3099 3286 3170 propinquos
3323 3098 3439 3152 fieri
3495 3111 3619 3165 pos-

348 3183 548 3252 quibus
577 3184 717 3238 ultra
759 3183 846 3240 ille
885 3183 1134 3240 venditus
1177 3200 1234 3240 se
1266 3200 1457 3240 eruere
1499 3199 1604 3238 non
1630 3184 1818 3254 possit.
1848 3186 1929 3239 Ad
1957 3171 2002 3237 C
2036 3202 2180 3258 sum,
2246 3171 2322 3247 et,
2353 3192 2430 3246 sic
2480 3194 2545 3245 de
2606 3200 2838 3261 utroque
2893 3206 3024 3246 sexu
3086 3191 3349 3262 judicium
3407 3205 3619 3260 aequum

349 3276 492 3344 quod
524 3279 649 3327 time
692 3274 785 3329 tibi
826 3274 1099 3343 respondi,
1142 3276 1490 3329 homicidium
1521 3286 1728 3328 reatum
1755 3277 1928 3344 ipsum

346 3366 622 3423 hominem
659 3365 760 3422 sibi
789 3367 1108 3421 contrahere
1158 3365 1290 3422 mihi
1330 3365 1498 3422 videri
1551 3365 1703 3434 Quod
1741 3375 1796 3422 et
1840 3381 1932 3438 po-

345 3467 485 3523 stea,
522 3456 706 3526 legens
746 3455 982 3511 divinam
1022 3458 1356 3512 sanctionem
1397 3457 1450 3512 in
1483 3456 1925 3523 Deuteronomio,

345 3549 419 3602 ita
449 3547 761 3617 probavisse
785 3548 980 3617 reperi,
1006 3559 1128 3604 cum
1149 3549 1431 3603 homicidae
1455 3557 1509 3603 et
1529 3548 1634 3603 furi
1658 3550 1928 3606 hominem

346 3638 596 3694 vendenti
610 3645 626 3704 ,‘
644 3652 829 3709 parem
858 3639 1109 3694 vindictae
1155 3639 1371 3693 modum
1397 3640 1760 3711 imposuisset.
1793 3641 1928 3696 Nam

349 3732 492 3787 sicut
541 3731 613 3784 ibi
645 3731 842 3800 legitur
867 3730 1044 3801 (Deut.
1076 3731 1191 3802 1m)
1227 3751 1244 3784 ‹
1281 3731 1518 3786 animam
1556 3749 1653 3804 pro
1691 3734 1869 3788 anima
1904 3753 1922 3784 )

348 3822 674 3879 homicidam
720 3822 914 3876 debere
967 3824 1216 3886 reddere,
1267 3842 1284 3872 ι
1325 3822 1538 3877 oculum
1583 3833 1694 3894 'pro
1749 3824 1926 3891 oculo,

352 3937 371 3967 ‹
417 3916 629 3969 dentem
659 3929 758 3984 pro
801 3912 980 3978 dente,
1018 3928 1236 3967 manum
1268 3929 1369 3983 pro
1396 3924 1580 3978 manu,
1611 3915 1800 3984 pedem
1833 3929 1929 3983 pro

352 4029 371 4060 ‹
418 4006 584 4076 pede;
628 4024 646 4055 ι
678 4004 756 4060 sic
802 4011 856 4059 et
904 4003 1080 4073 ipsum
1128 4003 1397 4058 hominem
1431 4005 1521 4073 qui
1562 4004 1930 4074 deprehensus

351 4097 514 4151 fuerit
566 4095 881 4150 sollicitasse
913 4093 1131 4150 fratrem
1180 4109 1338 4149 suum
1382 4095 1446 4147 de
1487 4094 1611 4148 filiis
1663 4094 1849 4159 Israel,
1877 4103 1931 4148 et

348 4185 651 4242 vendidisse
696 4186 1005 4256 accipiendo
1054 4183 1474 4257 pretium,jubet
1518 4185 1841 4250 interimere,
1876 4193 1931 4240 et

351 4276 426 4332 ita
453 4276 662 4331 auferre
689 4270 885 4330 malum
917 4275 983 4329 de
1015 4275 1190 4330 medio
1216 4275 1399 4346 populi
1425 4273 1518 4329 Dei
1545 4275 1722 4346 (Deut.
1756 4274 1928 4345 xxtv).

351 4368 506 4427 Unde
550 4367 681 4422 mihi
723 4368 954 4433 videtur,
1001 4368 1139 4422 sicut
1165 4383 1264 4436 par
1301 4368 1566 4423 sententia
1607 4367 1661 4421 in
1705 4367 1820 4438 lege
1849 4367 1929 4421 di-

350 4463 475 4516 vina
503 4470 584 4515 est
624 4459 916 4515 constituta
946 4461 1011 4514 de
1051 4459 1320 4514 homicida
1383 4467 1437 4513 et
1490 4461 1606 4513 fure
1653 4459 1925 4517 hominem

2037 3281 2344 3352 agendum:
2379 3279 2506 3348 quia
2549 3279 2636 3331 alii
2690 3279 2846 3333 tertia
2894 3278 2979 3333 vel
3030 3288 3224 3348 quarta
3273 3278 3622 3350 generatione

2025 3373 2136 3428 hoc
2170 3370 2286 3428 fieri
2328 3385 2485 3440 posse
2519 3368 2879 3439 judicabant:
2926 3368 3017 3424 alii
3042 3369 3254 3439 quinta,
3301 3367 3393 3422 alii
3443 3377 3614 3424 sexta.

2027 3463 2143 3519 Sed
2182 3463 2312 3518 illud
2339 3463 2412 3516 ibi
2443 3461 2710 3531 prtecipue
2751 3460 3202 3516 considerandum
3230 3467 3332 3525 est,
3363 3463 3506 3530 quod
3535 3461 3621 3515 lex

2031 3554 2216 3608 divina
2245 3553 2367 3608 inde
2397 3552 2696 3620 praecipiat,
2737 3565 2902 3619 super
2925 3566 3030 3620 quo
3062 3550 3292 3620 capitulo
3319 3549 3621 3607 llumberto

2029 3646 2286 3716 episcopo
2311 3644 2609 3699 sciscitanti
2635 3642 2746 3711 jam
2776 3643 3172 3712 respondimus.
3195 3642 3360 3712 Cujus
3387 3659 3620 3712 respon-

2024 3739 2202 3794 sionis
2251 3736 2534 3792 formulam
2565 3735 2730 3790 etiam
2771 3749 2912 3789 nunc
2941 3734 3046 3789 rtibi
3085 3733 3402 3788 direximus.
3452 3732 3621 3787 Mani--

2029 3827 2231 3884 festum
2256 3836 2339 3883 est
2361 3829 2502 3881 enim
2525 3827 2670 3895 quod
2713 3826 2854 3880 sacri
2891 3839 3126 3880 canones
3155 3824 3206 3878 ei
3227 3825 3514 3880 anathema
3537 3825 3619 3879 di-

2029 3926 2188 3981 cunt,
2219 3917 2312 3987 qui
2346 3917 2413 3972 de
2438 3915 2654 3986 propria
2685 3917 3025 3987 cognatione,
3065 3915 3148 3970 vel
3174 3931 3336 3986 quam
3359 3924 3622 3986 cognatus

2023 4007 2244 4072 «habuit,
2275 4007 2488 4061 duxerit
2531 4019 2778 4059 uxorem.
2802 4006 2876 4059 :Et
2901 4005 3021 4060 ideo
3052 4005 3125 4059 ibi
3153 4021 3365 4060 summm
3387 4013 3470 4060 est
3494 4021 3621 4060 cau-

2023 4099 2142 4153 1ela
2172 4097 2417 4153 habenda
2469 4117 2482 4151 :
2542 4113 2609 4152 ne
2635 4097 2778 4152 forte
2827 4112 2927 4168 pro
2981 4097 3173 4153 incesti
3221 4112 3362 4153 noxa
3416 4107 3620 4154 (eterna

2035 4188 2315 4242 damnatio
2353 4196 2632 4258 sequatur.

2103 4278 2192 4332 1V.
2235 4277 2308 4332 De
2332 4286 2616 4332 eoautem
2657 4277 2802 4346 quod
2833 4275 3237 4346 .interrogabas,
3267 4277 3316 4332 si
3359 4285 3516 4347 pater
3560 4285 3614 4332 et

2020 4370 2197 4438 Itilius,
2245 4371 2328 4426 vel
2358 4371 2405 4426 si
2436 4371 2542 4424 duo
2568 4370 2796 4436 fratres,
2847 4378 2942 4424 aut
2990 4370 3288 4426 avunculus
3325 4379 3385 4426 et
3428 4385 3618 4440 nepos,

2032 4477 2156 4516 cum
2204 4477 2310 4516 una
2346 4461 2571 4516 muliere
2611 4459 3030 4528 fornicarentur,
3062 4461 3191 4532 quid
3244 4461 3367 4516 inde
3418 4461 3620 4516 facien-

350 4552 633 4617 vendente,
659 4551 738 4605 sic
767 4559 821 4603 et
850 4553 1109 4606 canonica
1135 4552 1458 4607 auctoritate
1480 4552 1596 4622 pari
1631 4555 1788 4608 modo
1811 4555 1926 4622 ple—
1951 4541 2006 4603 1)
2031 4555 2158 4609 dum
2206 4562 2349 4609 esset
2384 4571 2396 4607 :
2445 4553 2792 4608 manifestum
2841 4562 2948 4617 eat,
2991 4553 3136 4622 quod
3179 4554 3329 4622 gravi
3382 4553 3618 4606 vindicta

351 4641 606 4700 ctendum
636 4655 753 4695 esse
778 4639 869 4709 qui
895 4638 1118 4695 fratrem
1141 4640 1368 4696 furando
1395 4649 1556 4712 atque
1589 4642 1925 4697 sollicitando

352 4732 670 4795 vendiderit,
689 4738 744 4784 et
767 4729 916 4785 illum
940 4729 1030 4800 qui
1050 4730 1356 4800 proximum
1379 4747 1535 4785 suum
1562 4731 1926 4785 Christianum

352 4825 624 4884 hominem
648 4822 844 4893 injuste
871 4822 1194 4893 peremerit;
1239 4830 1293 4878 et
1315 4837 1380 4877 eo
1413 4823 1646 4894 gravius,
1673 4835 1778 4890 quo
1803 4835 1925 4876 eum

353 4917 411 4973 in
438 4928 700 4985 paganam
729 4919 944 4984 gentem
993 4912 1295 4978 tradiderit,
1330 4925 1428 4967 nec
1459 4913 1523 4967 de
1577 4911 1770 4965 animm
1816 4921 1925 4966 suae

353 5010 512 5066 ruina
542 5007 705 5062 ullam
727 5006 1157 5076 compassionem
1185 5005 1455 5060 habuerit.
1477 5003 1542 5059 In
1565 5003 1794 5060 concilio
1820 5004 1923 5057 An-

355 5115 559 5174 cyrano
585 5099 661 5154 ita
690 5098 952 5169 scriptum
978 5107 1061 5153 est
1085 5097 1238 5168 (Can.
1267 5097 1360 5165 2i,
1382 5098 1472 5170 22)
1503 5118 1515 5153 :
1554 5118 1571 5150 ‹
1605 5098 1706 5166 Qui
1737 5098 1927 5152 volun-

356 5193 494 5250 tarie
519 5187 872 5248 homicidium
910 5188 1156 5254 fecerint,
1189 5190 1520 5260 poenitentiae
1542 5189 1756 5258 quidem
1792 5187 1930 5260 iugi-

357 5296 439 5341 ter
460 5299 518 5340 se
543 5281 881 5347 submittant,
907 5279 1288 5351 perfectionem
1322 5297 1447 5335 vero
1477 5281 1620 5334 circa
1663 5279 1824 5333 linem
1852 5279 1931 5333 vi-

357 5383 426 5430 tae
455 5380 872 5444 consequantur.
900 5373 976 5426 De
1003 5371 1306 5426 homicidiis
1330 5388 1434 5426 non
1461 5381 1650 5441 Sponte
1676 5371 1931 5426 commis-

359 5464 453 5529 sis,
487 5464 636 5532 prior
660 5463 876 5532 quidem
898 5461 1138 5517 definitio
1166 5471 1287 5534 post
1317 5471 1626 5534 septennem
1657 5464 1927 5535 poeniten-

360 5556 493 5612 tiam
519 5553 903 5624 perfectionem
930 5555 1187 5624 consequi
1237 5556 1512 5624 praecepit,
1546 5555 1778 5609 secunda
1801 5567 1930 5608 vero

361 5645 712 5717 quinquennii
741 5653 948 5716 tempus
971 5646 1206 5716 explere.
1240 5667 1256 5698 ι
1288 5645 1392 5699 Sed
1433 5646 1484 5700 in
1522 5647 1768 5700 omnibus
1789 5647 1924 5715 judi-

362 5737 462 5792 ciis
494 5737 838 5803 temperanda
887 5747 968 5793 est
996 5739 1258 5794 sententia
1284 5737 1437 5809 juxta
1486 5737 1836 5791 intentionem
1880 5746 1934 5792 et

2032 4645 2373 4715 plectendum
2401 4645 2526 4709 erit,
2553 4645 2696 4714 quod
2726 4657 2889 4712 grave
2912 4642 3121 4697 facinus
3143 4655 3264 4697 esse
3293 4643 3612 4712 reperiatur.

2015 4731 2218 4786 Omnis
2248 4732 2390 4784 enim
2421 4732 2650 4785 mtechia
2687 4731 3032 4785 interdicitur
3061 4731 3447 4801 ubi‘scriptum
3490 4742 3574 4786 est
3599 4749 3611 4783 :

2035 4837 2056 4872 ι
2083 4818 2198 4876 Non
2225 4820 2604 4876 mmehaberis.
2648 4838 2665 4871 ι
2723 4821 2934 4887 Quanto
2979 4821 3152 4893 magis
3199 4836 3323 4876 cum
3363 4834 3613 4892 cognata,

2031 4911 2117 4967 vel
2147 4927 2269 4965 cum
2297 4911 2554 4983 conjuge,
2586 4910 2670 4964 vel
2715 4912 3013 4966 concubina
3063 4913 3309 4983 cognati?
3341 4913 3480 4979 Quid
3522 4928 3617 4967 au-

2036 5011 2145 5060 tem
2187 5002 2444 5059 Dominus
2493 5005 2547 5057 in
2592 5002 2712 5074 lege
2759 5004 2815 5057 in
2861 4999 3098 5059 vindicta
3137 5005 3328 5058 talium
3372 5005 3614 5074 jusserit,

2037 5093 2173 5150 liber
2218 5094 2492 5149 chiticus
2557 5094 2909 5161 demonstrat,
2968 5095 3058 5150 ubi
3107 5094 3182 5149 ita
3234 5097 3492 5164 scriptum
3533 5104 3619 5154 est

2037 5183 2383 5257 (Levit.xx):
2421 5204 2437 5234 ι
2472 5181 2528 5239 Si
2577 5185 2878 5240 amab-atus
2906 5185 3070 5240 fuerit
3110 5186 3231 5254 quis
3275 5200 3396 5240 cum
3446 5202 3617 5244 uxore

2028 5297 2062 5330 1
2093 5277 2333 5342 alterius,
2385 5285 2442 5331 et
2475 5276 2801 5332 adulterium
2855 5276 3246 5348 perpetraverit
3295 5289 3418 5332 eum
3481 5292 3611 5334 cou-

2040 5388 2059 5420 «
2086 5369 2214 5440 juge
2274 5368 2507 5439 proximi
2549 5369 2632 5423 sui
2659 5387 2672 5421 ε
2704 5375 2879 5422 morte
2903 5368 3175 5422 moriatur
3201 5375 3256 5423 et
3279 5369 3521 5424 moechus
3561 5379 3616 5424 et

2040 5479 2060 5514 ί
2089 5460 2352 5514 adultera.
2402 5459 2502 5525 Qui
2527 5459 2807 5514 dormierit
2846 5473 2972 5515 cum
3001 5473 3234 5513 noverca
3273 5474 3394 5524 sua,
3438 5468 3492 5513 et
3530 5474 3613 5514 re-

2041 5572 2060 5605 ‹
2090 5553 2350 5607 velaverit
2378 5551 2727 5620 ignominiam
2769 5552 2936 5621 patris
2975 5552 3081 5618 sui,
3113 5561 3287 5606 morte
3313 5551 3617 5605 moriantur

2044 5667 2060 5698 ς
2096 5647 2254 5700 ambo
2285 5664 2296 5675 ·
2341 5644 2560 5714 sanguis
2591 5660 2780 5699 eorum
2817 5646 2886 5699 sit
2914 5657 3076 5714 super
3111 5658 3224 5698 eos.
3259 5642 3314 5697 Si
3342 5643 3462 5711 quis
3488 5644 3613 5697 dor-

2046 5755 2063 5787 (
2098 5735 2278 5790 inierit
2329 5748 2450 5789 cum
2495 5749 2634 5788 nuru
2686 5749 2822 5798 sua,
2877 5742 3102 5802 uterque
3150 5732 3432 5795 moriatur,
3491 5732 3612 5798 quia
