4112 6364
567 371 703 428 1191

1237 368 1297 421 Β.
1335 363 1590 421 BABANI
1626 360 1844 420 MAURI
1881 348 2198 415 ARClllEP.
2234 346 2558 412 'MOGUNT.
2583 355 2868 412 OPERUM
2903 355 3083 412 PARS
3117 356 3178 412 ll.

3685 359 3832 417 1192

557 504 577 540 ‹
610 486 782 542 scelus
813 482 1021 555 operati
1052 489 1176 538 sunt
1206 499 1218 535 :
1251 480 1470 550 sanguis
1497 492 1684 533 eorum
1714 476 1786 530 sit
1823 487 1983 544 super
2013 486 2124 525 eos.
2155 471 2210 530 Α
2234 468 2432 520 malum
2462 468 2687 532 esthoc,
2713 468 2858 537 quod
2889 466 3082 550 mulier
3119 467 3326 523 duobus
3362 469 3631 536 nupserit,
3674 479 3732 524 et
3765 471 3828 524 il-

557 594 576 629 ς
607 577 711 644 Qui
755 591 919 648 supra
964 587 1191 629 uxorem
1236 571 1423 635 ﬁliam,
1469 568 1685 623 duxerit
1728 575 1960 620 matrem
2000 563 2136 632 ejus,

557 687 577 720 ‹
603 667 779 724 scelus
822 674 1075 738 operatus
1103 672 1208 730 est,
1260 663 1416 717 vivus
1461 659 1675 714 ardebit
1718 671 1840 712 cum
1887 655 1988 718 eis,
2039 668 2139 708 nec

557 776 578 811 ‹
607 758 945 830 permanebit
971 764 1178 812 tantum
1201 753 1353 808 nefas
1379 752 1435 806 in
1462 750 1639 804 medio
1678 747 1868 803 vestri.
1913 745 2016 811 Qui
2048 759 2139 798 ac-

557 868 576 901 c
607 849 810 919 ceperit
840 862 1082 902 sororem
1111 859 1266 900 suam
1296 842 1459 896 ﬁliam
1494 839 1663 911 patris
1709 838 1814 904 sui,
1841 835 1929 890 vel
1969 834 2136 888 ﬁliam

557 957 579 992 ι
607 939 796 994 matris
820 953 949 1004 suae,
974 945 1030 993 et
1066 935 1263 991 viderit
1318 931 1706 1002 turpitudinem
1751 927 1885 997 ejus,
1938 927 2138 996 illaque

557 1050 578 1086 ι
606 1030 951 1100 conspexerit
1005 1027 1190 1082 fratris
1240 1024 1591 1096 ignominiam
1641 1041 1653 1075 :
1702 1019 1974 1077 nefariam
2019 1032 2135 1072 rem

557 1141 576 1174 ι
604 1121 811 1192 operati
854 1127 1002 1185 sunt,
1041 1118 1355 1175 oceidentur
1401 1115 1558 1171 ambo
1603 1115 1658 1169 in
1703 1121 1997 1182 conspectu
2038 1125 2134 1180 po-

558 1230 576 1264 ‹
609 1213 743 1283 puli,
773 1225 838 1267 eo
872 1211 1014 1281 quod
1060 1209 1446 1280 turpitudinem
1481 1222 1636 1262 suam
1691 1213 1878 1258 mutuo
1927 1201 2135 1258 revela-

557 1323 576 1356 α
606 1304 807 1370 verint,
830 1309 887 1358 et
910 1303 1204 1373 portabunt
1225 1300 1566 1369 iniquitatem
1601 1309 1772 1352 suam.
1821 1293 2134 1364 Turpitudi-

557 1415 576 1447 ‹
610 1410 732 1450 nem
764 1400 1071 1449 materterae
1107 1401 1163 1448 et
1193 1391 1372 1445 amita:
1415 1398 1518 1444 tuae
1565 1403 1674 1444 non
1720 1385 2084 1454 discooperies
2116 1401 2130 1440 ε

557 1501 576 1536 ι
603 1485 697 1554 qui
741 1484 845 1540 hoc
885 1482 1094 1550 fecerit,
1125 1479 1479 1553 ignominiam
1507 1477 1688 1534 carnis
1733 1492 1844 1532 suae
1886 1475 2130 1539 nudabit,

557 1593 576 1625 ι
608 1575 902 1645 portabunt
958 1574 1119 1629 ambo
1175 1572 1523 1641 iniquitatem
1572 1583 1747 1624 suam.
1797 1567 1900 1634 Qui
1939 1563 2134 1621 coierit

554 1685 576 1720 ‹
607 1682 733 1723 cum
761 1681 930 1722 uxore
957 1665 1138 1737 patrui
1164 1664 1249 1720 vel
1280 1661 1530 1718 avunculi
1563 1661 1671 1726 sui,
1720 1667 1776 1714 et
1813 1656 2134 1713 revelaverit

555 1775 573 1808 ι
612 1755 958 1828 ignominiam
981 1754 1322 1826 cognationis
1355 1768 1486 1818 suae,
1524 1751 1816 1822 portabunt
1849 1751 2006 1804 ambo
2032 1748 2135 1803 ini-

2245 556 2352 622 Iud,
2381 572 2503 610 cum
2527 557 2611 611 vir
2642 558 2776 611 duas
2811 548 3006 612 uxOres
3037 557 3272 624 duxerit,
3303 568 3394 612 aut
3420 568 3577 628 pater
3600 568 3659 614 et
3681 561 3830 618 ﬁlius

2241 647 2288 702 si
2311 662 2434 702 cum
2460 662 2567 701 una
2597 647 2824 701 muliere
2853 647 3104 702 fornicati
3145 646 3365 712 fuerint,
3403 657 3498 701 aut
3521 650 3830 706 avunculus

2239 746 2295 794 et
2320 752 2490 808 nepos
2527 737 2574 793 si
2597 752 2720 792 cum
2748 753 2858 790 una
2904 737 3133 792 muliere
3177 737 3537 802 dormierunt,
3585 749 3681 795 aut
3729 741 3830 795 ali-

2237 828 2367 899 quid
2410 826 2720 897 hujuSmodi
2765 826 2970 882 factum
3012 825 3192 881 fuerit.
3243 825 3583 898 Quapmpter
3618 830 3829 899 justum

2237 927 2340 987 est,
2377 929 2439 975 ut
2463 921 2646 976 taliter
2668 929 2984 990 peccantes,
3014 931 3186 989 usque
3233 919 3303 972 ad
3352 919 3518 974 ﬁnem
3543 920 3672 976 vita:
3714 938 3832 992 pa:-

2235 1011 2517 1088 nitentiam
2551 1019 2730 1082 agant.
2763 1010 2880 1066 Nisi
2907 1009 3046 1064 forte
3093 1017 3318 1080 propter
3363 1009 3586 1064 nimium
3639 1009 3828 1067 ﬂetum

2235 1111 2290 1160 et
2329 1104 2798 1174 eompunctionem
2841 1102 3098 1168 validam,
3145 1105 3502 1171 devotamque
3547 1104 3826 1172 [miniten-

2234 1194 2364 1250 tiam
2411 1193 2614 1264 aliquid
2648 1192 2938 1248 humanius
2983 1193 3236 1248 sacerdos
3284 1193 3426 1262 apud
3471 1193 3827 1263 poenitentem

2234 1287 2502 1356 agendum
2532 1300 2654 1341 esse
2692 1285 2954 1340 decrevit.
2986 1282 3122 1350 Quia
3166 1282 3321 1352 cujus
3359 1283 3622 1339 Dominus
3650 1299 3745 1339 cor
3775 1285 3829 1339 in

2235 1376 2652 1446 compunctione
2696 1374 3061 1446 lacrymarum
3105 1380 3161 1428 et
3201 1372 3566 1427 amaritudine
3600 1371 3829 1428 ﬂetuum

2232 1464 2558 1531 visitaverit,
2601 1463 2760 1534 hujus
2787 1463 3067 1518 breviandi
3099 1471 3310 1533 tempus
3347 1463 3679 1534 pmniteutize
3723 1481 3828 1535 po-

2235 1563 2485 1612 testatem
2529 1557 2786 1611 sacerdos
2836 1554 3080 1620 habebit,
3132 1555 3272 1609 sicut
3326 1554 3589 1624 scriptum
3636 1563 3719 1610 est
3770 1556 3830 1609 in

2233 1645 2551 1702 Laodicensi
2581 1645 2812 1702 concilio
2844 1644 2999 1718 (Can.
3038 1645 3096 1712 2)
3123 1665 3137 1700 :
3169 1665 3187 1696 (
3221 1644 3300 1699 De
3341 1644 3428 1700 his
3475 1645 3571 1716 qui
3598 1645 3831 1702 diversis

2233 1737 2567 1793 facinoribus
2614 1744 2999 1808 peccaverunt,
3043 1746 3099 1791 et
3142 1745 3556 1806 perseverantes
3603 1736 3660 1791 in
3706 1751 3830 1791 ora-

554 1867 572 1901 ,
600 1825 862 1920 ,ιῖιίιαιεω
881 1825 1292 1916 εηεωίεδεφιθ
1320 1845 1507 1899 uberis
1545 1842 1862 1898 moriemur,
1910 1840 2013 1908 Qui
2038 1840 2136 1894 du-
2162 1825 2384 1917 Btionc
2413 1830 2771 1888 confessionis
2814 1839 2868 1886 et
2903 1830 3238 1902 paenitentiae
3267 1830 3682 1886 conversionem
3731 1831 3831 1884 ha-

553 1957 574 1991 c
600 1939 748 1994 xerit
784 1953 1010 1995 uxorem
1051 1937 1238 1993 fratris
1273 1937 1376 2002 sui,
1406 1950 1520 1990 rem
1553 1935 1682 1991 facit
1716 1934 1980 1998 illicitam,
2015 1942 2132 1987 tur-

554 2047 574 2081 ι
608 2028 912 2098 pitudinem
961 2027 1146 2084 fratris
1208 2027 1291 2082 sui
1357 2026 1618 2081 revelavit
1678 2042 1691 2078 :
1755 2026 1959 2095 absque
2012 2023 2135 2078 ﬁliis

555 2139 573 2171 ι
603 2127 788 2174 erunt.
823 2139 840 2172 ι
891 2119 987 2175 llis
1023 2119 1168 2175 enim
1205 2117 1426 2187 judiciis
1447 2125 1597 2188 patet
1617 2124 1879 2186 quantum
1908 2115 2135 2170 Domino

548 2208 834 2280 displiceat
869 2209 1048 2266 omnis
1093 2209 1331 2265 incestus
1372 2217 1428 2262 et
1465 2207 1692 2277 pollutio
1718 2205 1892 2261 coitus
1939 2203 2131 2272 illiciti,

548 2300 676 2370 quia
730 2301 922 2356 mortis
968 2299 1174 2370 judicio
1224 2299 1532 2370 hujusmodi
1576 2297 1753 2354 scelus
1802 2297 2135 2368 puniendum

549 2403 668 2444 esse
689 2388 975 2457 judicavit.
1018 2386 1128 2446 Nec
1157 2389 1302 2444 enim
1349 2389 1522 2444 ﬁlium
1567 2401 1694 2444 cum
1731 2402 1901 2443 uxore
1939 2387 2131 2458 patris,

549 2493 652 2535 nec
676 2488 887 2549 patrem
916 2494 1042 2536 cum
1066 2494 1236 2535 uxore
1267 2479 1362 2534 ﬁlii
1407 2479 1534 2534 licet
1581 2479 1956 2543 concumbere,
2008 2478 2135 2548 quia

549 2564 788 2622 dormire
814 2582 940 2623 cum
968 2582 1202 2624 noverca
1229 2583 1324 2624 seu
1354 2583 1476 2623 cum
1513 2582 1654 2622 nuru
1696 2565 1990 2636 prohibuit.
2030 2565 2135 2621 Sed

548 2669 723 2723 neque
759 2657 958 2712 ducere
985 2671 1210 2712 uxorem
1251 2657 1437 2712 fratris
1483 2656 1755 2723 convenit,
1795 2657 1920 2727 quia
1950 2656 2135 2724 hujus-

551 2746 697 2798 modi
732 2745 938 2816 absque
960 2747 1084 2802 ﬁliis
1110 2747 1249 2814 ﬁeri,
1276 2747 1379 2802 hoc
1408 2756 1490 2803 est
1511 2747 1702 2802 mortis
1726 2761 1852 2803 reus
1871 2763 2013 2812 esse,
2042 2747 2133 2817 ju-

549 2834 776 2889 dicatur.
805 2834 864 2890 Si
892 2836 1040 2891 enim
1075 2837 1332 2892 Dominus
1355 2838 1410 2892 in
1433 2838 1549 2910 lege
1575 2839 1963 2909 turpitudinem
1989 2839 2138 2895 ince-

548 2932 666 2980 stus
696 2926 888 2983 mortis
924 2929 1192 2984 sententia
1219 2929 1479 2984 vindicari
1514 2929 1700 2999 jussit,
1763 2930 2034 3001 quomodo
2075 2931 2133 2985 in

548 3017 860 3089 Evangelia,
905 3021 998 3076 ubi
1037 3018 1478 3089 summajustitia
1505 3030 1606 3088 est,
1646 3022 1984 3078 incestuosus
2021 3037 2136 3093 pte-

2234 1926 2402 1981 buere
2427 1926 2749 1996 perfectam,
2771 1939 2872 1995 pro
2901 1923 3165 1995 qualitate
3194 1922 3379 1979 delicti
3408 1941 3424 1978 :
3459 1922 3681 1990 talibus,
3703 1933 3832 1994 post

2235 2017 2565 2088 pmniteutia:
2599 2026 2813 2087 tempus
2855 2017 3178 2084 impensum,
3219 2021 3440 2084 propter
3473 2013 3834 2070 clementiam

2236 2120 2292 2164 et
2322 2109 2617 2164 bonitatem
2645 2107 2954 2164 communio
2995 2107 3345 2162 concedatur.
3381 2125 3400 2158 ι
3437 2104 3498 2160 In
3536 2105 3835 2177 Ancyram

2237 2214 2450 2270 quoque
2481 2199 2730 2265 concilio,
2775 2199 2843 2255 de
2869 2198 3131 2254 adulterio
3161 2197 3236 2252 ita
3268 2196 3532 2268 scriptum
3559 2207 3645 2253 est
3669 2197 3833 2267 (Can.

2237 2293 2422 2366 19)::
2456 2291 2514 2348 Si
2572 2291 2727 2361 cujus
2779 2304 2915 2347 uxor
2967 2290 3212 2345 adultera
3248 2289 3430 2356 fuerit,
3481 2290 3568 2345 vel
3621 2291 3669 2346 si
3718 2292 3836 2361 ipse

2237 2384 2560 2440 adulterium
2603 2382 2958 2450 commiserit,
2993 2389 3202 2452 septem
3245 2398 3511 2438 annorum
3554 2382 3832 2454 poeniten-

2235 2477 2311 2531 tia
2335 2483 2547 2546 oportet
2597 2490 2723 2531 eum
2775 2475 3164 2546 perfectionem
3218 2475 3474 2545 consequi
3528 2474 3829 2530 secundum

2237 2566 2494 2637 pristinos
2518 2567 2736 2637 gradus.
2772 2584 2792 2618 ι
2841 2565 3008 2637 Igitur
3034 2566 3350 2623 Theodorus
3385 2567 3678 2636 judicavit,
3705 2583 3829 2622 eum

2236 2660 2327 2730 qui
2355 2661 2620 2716 incestum
2647 2659 2860 2727 fecerit,
2889 2660 3173 2716 duodecim
3221 2658 3380 2716 annis
3419 2660 3692 2730 paenitere
3736 2661 3832 2715 de-

2234 2753 2384 2808 bere.

2304 2839 2442 2909 Quid
2467 2850 2647 2899 autem
2668 2842 2794 2899 inde
2814 2843 3050 2898 sentiant
3078 2841 3258 2898 caueri
3286 2842 3561 2909 doctores,
3589 2842 3647 2897 in
3673 2841 3831 2897 libel-

2235 2935 2303 2991 lis
2335 2948 2523 2990 eorum
2557 2950 2692 3005 quos
2725 2935 2792 2990 de
2816 2934 3134 3005 paenitentia
3167 2933 3614 3004 conscripserunt
3671 2935 3828 2988 inve-

2234 3027 2352 3083 nire
2376 3028 2600 3098 poteris,
2631 3028 2748 3099 qui,
2780 3028 2874 3082 alii
2918 3013 3229 3098 quindecim
3271 3028 3451 3093 annis,
3483 3026 3573 3082 alii
3619 3027 3827 3081 duode-

550 3121 677 3162 nam
703 3109 913 3178 peccati
939 3108 1196 3182 effugiet?
1224 3112 1459 3167 maxime
1493 3127 1617 3168 cum
1641 3113 1716 3168 ibi
1744 3127 1903 3184 poena
1929 3121 2136 3182 tempo-
2179 3187 2203 3189 ,ν
2237 3119 2342 3175 cim
2372 3120 2551 3187 annis,
2583 3119 2676 3175 alii
2711 3120 2923 3186 decem,
2976 3119 3068 3174 alii
3109 3119 3343 3189 septem,
3393 3119 3463 3174 de
3512 3118 3828 3188 hujusmodi

548 3200 676 3256 ralis
699 3200 1028 3269 decernitur,
1064 3202 1156 3259 hic
1197 3203 1441 3273 gehenna
1482 3204 1623 3275 ignis
1666 3205 1911 3276 perpetui
1933 3204 2130 3275 praedi-
2160 3187 2206 3251 Ο
2236 3211 2532 3268 sceleribus
2589 3210 2970 3281 judicaverunt
3035 3187 3433 3281 pmnitudinem
3481 3213 3824 3282 explendam.

549 3293 714 3347 citur.

616 3405 789 3472 Quam
828 3406 1211 3466 discretionem
1255 3411 1497 3468 sentiens
1541 3410 1855 3481 Apostolus,
1905 3411 1975 3466 ad
2027 3408 2133 3465 He-

547 3493 721 3549 braaos
748 3496 994 3552 scribens
1040 3499 1117 3552 ait
1143 3498 1332 3569 (Hebr.
1367 3499 1462 3569 x):
1499 3494 1516 3550 ά
1553 3500 1766 3554 lrritam
1807 3499 2011 3554 faciens
2049 3500 2132 3555 le-

554 3606 572 3638 ‹
604 3603 724 3658 gem
757 3587 946 3659 Moysi,
973 3591 1226 3646 sineulla
1251 3592 1599 3648 miseratione
1640 3594 1740 3648 sub
1787 3594 1999 3648 duobus
2042 3593 2132 3650 vel

553 3693 572 3725 ‹
603 3676 774 3731 tribus
814 3678 1048 3734 testibus
1072 3681 1324 3735 moritur.
1355 3681 1566 3748 Quanto
1607 3683 1779 3753 magis
1801 3683 2003 3753 putatis
2031 3683 2128 3740 de-

555 3784 573 3816 ‹
614 3766 814 3820 teriora
844 3769 1041 3822 mereri
1083 3770 1364 3839 supplicia,
1396 3771 1486 3839 qui
1508 3769 1698 3824 Filium
1727 3771 1823 3826 Dei
1847 3771 2132 3827 conculca-

554 3873 574 3905 ι
610 3855 773 3921 verit,
802 3864 859 3911 et
903 3859 1221 3930 sanguinem
1265 3859 1576 3914 testamenti
1603 3858 1866 3928 pollutum
1895 3860 2128 3926 duxerit,

553 3961 572 3993 ς
604 3942 659 3996 in
688 3959 795 4013 quo
836 3946 1206 4003 sanctiﬁcatus
1236 3956 1340 4014 est,
1367 3956 1422 4003 et
1456 3947 1682 4018 Spiritui
1723 3949 1910 4020 gratiae
1940 3960 2132 4005 contu-

554 4053 572 4085 ‹
608 4035 826 4091 meliam
866 4035 1095 4093 fecerit?
1135 4057 1156 4091 ι
1189 4039 1423 4095 Proinde
1448 4039 1604 4096 valde
1631 4042 1998 4096 necessarium
2025 4049 2129 4109 est,

549 4131 607 4176 ut
628 4123 820 4180 duram
848 4124 1037 4194 judicii
1074 4117 1398 4184 sententiam
1424 4130 1675 4201 mitigare
1701 4132 1915 4187 studeat
1939 4147 2131 4202 pecca-

549 4220 725 4267 torum
755 4229 852 4285 per
878 4218 1198 4289 condignam
1237 4221 1615 4291 paenitentiam
1639 4239 1652 4275 :
1694 4236 1760 4276 ne
1792 4220 1931 4277 forte
1952 4222 2131 4278 scelus

548 4302 908 4362 incorrectum
949 4308 1084 4364 ultio
1128 4310 1318 4380 puniat
1375 4319 1657 4381 perpetua.
1710 4310 1864 4367 Unde
1910 4319 2016 4378 est,
2071 4319 2134 4368 ut

547 4390 781 4451 Joannes
805 4395 1047 4465 Baptista
1089 4399 1144 4453 in
1189 4400 1482 4471 Evangelio
1525 4401 1713 4456 turbas
1761 4417 1882 4472 qua:
1911 4402 2132 4458 exibant

548 4483 1037 4550 ut‘baptizarentur
1063 4489 1132 4543 ab
1173 4504 1257 4554 eo,
1290 4490 1537 4544 hortatus
1575 4499 1681 4556 est,
1713 4492 1934 4546 dicens:
1976 4510 1995 4542 ι
2032 4492 2133 4548 Gc-

554 4591 572 4624 ι
602 4572 806 4628 nimina
850 4575 1178 4645 viperarum,
1221 4578 1344 4647 quis
1388 4581 1624 4634 ostendit
1673 4580 1823 4634 vobis
1870 4580 2055 4651 fugere
2100 4597 2132 4636 a

553 4680 573 4714 ι
607 4671 834 4718 ventura
873 4666 988 4721 ira?
1019 4666 1206 4723 Facite
1247 4683 1377 4739 ergo
1405 4669 1596 4740 dignos
1635 4668 1841 4724 fructus
1869 4671 2134 4740 pwniten-

551 4773 572 4808 ι
607 4756 711 4820 tiae,
747 4755 861 4825 jam
886 4759 1031 4814 enim
1058 4761 1265 4817 securis
1304 4762 1372 4816 ad
1401 4761 1637 4816 radicem
1676 4761 1931 4816 arborum
1960 4761 2135 4831 posita

551 4863 572 4898 ‹
606 4853 708 4899 est.
733 4845 920 4901 Omnis
939 4862 1070 4916 ergo
1091 4851 1255 4904 arbor
1281 4865 1392 4905 non
1424 4849 1627 4904 faciens
1651 4848 1888 4904 fructum
1910 4850 2130 4916 bonum,

553 4954 571 4986 ι
602 4934 880 4991 excidetur
937 4945 991 4992 et
1020 4937 1074 4992 in
1103 4938 1282 5010 ignem
1323 4940 1568 4994 mittetur
1609 4939 1759 5011 (Luc.
1785 4939 1887 5009 ιιι).
1925 4957 1943 4990 ι
1981 4938 2136 4993 Sacri

547 5035 727 5081 autem
763 5041 1000 5082 canones
1029 5030 1159 5099 quid
1202 5030 1269 5084 de
1308 5029 1628 5084 incestuosis
1674 5027 2012 5099 praecipiant,
2053 5026 2132 5081 fa-

547 5119 648 5174 cile
672 5130 756 5176 est
799 5136 1117 5192 agnoscere.
1149 5122 1288 5178 Nam
1329 5123 1385 5178 in
1412 5122 1734 5180 Caesariensi
1781 5123 2010 5178 concilio
2055 5124 2130 5178 ita

548 5212 805 5280 scriptum
835 5222 917 5271 est
948 5214 1103 5286 (Can.
1135 5217 1190 5289 2)
1217 5235 1230 5271 :
1267 5235 1287 5270 ‹
1316 5215 1508 5272 Mulier
1550 5215 1595 5270 si
1625 5215 1835 5270 duobus
1876 5213 2132 5269 fratribus

549 5305 809 5372 nupserit,
856 5307 1141 5376 abjiciatur
1166 5324 1338 5380 usque
1365 5310 1432 5364 ad
1467 5315 1716 5363 mortem.
1747 5308 2132 5362 Verumtamen

548 5393 603 5447 in
634 5394 804 5461 exitu,
835 5408 1048 5468 propter
1081 5400 1530 5465 misericordiam,
1556 5400 1601 5454 si
1642 5397 1952 5470 promiserit
1983 5398 2128 5466 quod

547 5482 694 5538 facta
725 5483 1024 5554 incolumis,
1077 5490 1236 5560 hujus
1277 5489 1673 5560 conjunctionis
1696 5485 1910 5542 vincula
1938 5486 2129 5542 dissol-

548 5581 662 5639 vat,
688 5572 922 5630 fructum
954 5579 1284 5646 pmnitentiaa
1316 5588 1699 5649 consequatur.
1727 5576 1881 5643 Quod
1910 5576 1955 5631 si
1983 5574 2128 5632 defc-

548 5666 684 5720 ccrit
719 5669 913 5726 mulier
942 5680 1035 5725 aut
1071 5669 1152 5726 vir
1181 5674 1235 5726 in
1277 5673 1475 5728 talibus
1513 5671 1730 5740 nuptiis,
1764 5668 1996 5725 difﬁcilis
2024 5668 2130 5722 erit

545 5761 940 5826 pmnitentia'in
967 5765 1076 5822 vita
1099 5766 1355 5823 manenti.
1387 5785 1405 5819 ι
1444 5764 1595 5821 Unde
1615 5771 1782 5834 patet,
1812 5763 1950 5831 quod
1978 5777 2130 5832 aeque

2236 3303 2344 3358 Sed
2379 3310 2436 3357 tu
2465 3301 2768 3372 priscorum
2797 3301 3021 3357 Patrum
3051 3303 3282 3373 vestigia
3319 3316 3567 3372 sequens,
3592 3300 3701 3355 illis
3727 3316 3826 3358 so-

2233 3390 2300 3446 lis
2328 3391 2559 3460 spatium
2594 3398 2885 3460 temperes,
2919 3391 3012 3460 qui
3058 3392 3253 3446 devote
3297 3399 3355 3448 et
3403 3407 3528 3448 cum
3564 3390 3831 3461 lacrymis

2231 3481 2607 3552 paenitentiam
2636 3490 2884 3554 egerunt.
2928 3482 3123 3538 Caeteri
3153 3492 3335 3539 autem
3365 3485 3644 3541 deﬁnitum
3688 3493 3834 3539 tem—

2231 3585 2332 3641 pus
2353 3571 2623 3640 expleant,
2649 3572 2774 3641 quia
2804 3572 2856 3626 in
2887 3571 3177 3630 Salomone
3200 3574 3463 3644 scriptum
3489 3584 3576 3631 est
3605 3589 3622 3627 τ
3652 3593 3672 3626 ι
3721 3573 3832 3640 Qui

2238 3679 2258 3713 ι
2287 3661 2572 3717 abscondit
2598 3662 2804 3718 scelera
2849 3677 2968 3728 sua,
3015 3679 3126 3719 non
3177 3665 3475 3735 dirigetur:
3514 3666 3606 3734 qui
3639 3675 3837 3720 autem

2233 3767 2260 3803 ‹
2291 3750 2571 3807 confessus
2617 3752 2781 3807 fuerit
2827 3761 2885 3807 et
2932 3754 3218 3829 reliquerit.
3260 3770 3338 3820 ea,
3381 3753 3835 3809 miscricordiam

2237 3858 2258 3891 ‹
2291 3849 2650 3910 consequetur
2679 3841 2862 3915 (Prov.
2907 3846 3122 3915 xxviii).
3158 3866 3176 3898 ι
3209 3846 3337 3902 Pius
3364 3854 3446 3902 est
3489 3845 3638 3900 enim
3678 3845 3835 3900 Deus

2231 3938 2287 3985 et
2320 3931 2666 3987 misericors:
2706 3933 2802 3989 sed
2835 3951 2854 3986 ε
2901 3936 3271 3993 misericordia
3315 3936 3435 4005 ejus
3480 3951 3514 3991 a
3562 3938 3834 4005 progenie

2239 4043 2257 4075 ‹
2289 4024 2343 4078 in
2388 4026 2673 4094 progenies
2701 4026 3019 4083 timentibus
3055 4043 3198 4082 eum.
3235 4029 3392 4084 Facit
3434 4029 3734 4099 potentiam
3771 4028 3830 4084 in

2237 4131 2258 4166 ‹
2298 4113 2518 4170 brachio
2543 4130 2662 4181 suo,
2695 4115 2956 4186 dispergit
2987 4120 3249 4188 superbos
3295 4129 3478 4174 mente
3503 4119 3687 4174 cordis
3737 4119 3827 4174 sui

2238 4224 2257 4257 ‹
2280 4204 2434 4276 (Luc.
2461 4205 2523 4276 ι).
2563 4225 2582 4258 ι
2619 4226 2638 4259 ι
2670 4205 2773 4273 Qui
2796 4218 2978 4263 autem
3005 4211 3204 4264 mentis
3229 4217 3315 4265 est
3328 4211 3498 4275 durae,
3522 4219 3741 4264 corruet
3765 4210 3826 4264 in

2238 4314 2258 4347 ί
2293 4296 2514 4350 malum.
2567 4296 2633 4352 Et
2669 4296 2763 4367 qui
2791 4299 3028 4352 custodit
3065 4300 3403 4365 mandatum,
3434 4299 3670 4354 custodit
3701 4299 3826 4354 ani-

2239 4403 2259 4437 :
2293 4400 2436 4439 mam
2466 4401 2639 4442 suam.
2669 4386 2772 4453 Qui
2799 4395 2976 4442 autem
3009 4388 3232 4458 negligit
3259 4389 3380 4444 vias
3407 4403 3555 4453 suas,
3582 4386 3820 4442 mortiﬁ-

2239 4500 2258 4533 ι
2290 4481 2504 4536 cabitur
2531 4479 2714 4552 (Prov.
2743 4497 2944 4548 xxvm;
2984 4480 3144 4536 Prov.
3171 4481 3308 4554 XIX).
3347 4500 3368 4535 ι

2306 4572 2370 4626 ν.
2432 4573 2507 4624 De
2555 4584 2717 4625 servo
2763 4579 2943 4626 autem
3005 4572 3095 4627 illo
3141 4571 3233 4642 qui
3287 4571 3486 4642 fugerit
3538 4570 3822 4626 dominum

2233 4677 2392 4718 suum
2420 4663 2816 4735 interrogabas,
2848 4665 2893 4720 si
2921 4664 3010 4719 ille
3046 4665 3100 4720 in
3140 4665 3257 4734 ipsa
3281 4665 3405 4737 fuga
3431 4674 3673 4721 mortuus
3699 4665 3823 4721 fue-

2232 4755 2324 4820 rit,
2352 4763 2535 4808 utrum
2562 4754 2749 4808 liceret
2779 4771 2876 4824 pro
2919 4771 2984 4811 eo
3030 4756 3224 4810 missas
3250 4764 3496 4822 cantare,
3549 4766 3637 4812 aut
3673 4755 3825 4826 psal-

2235 4847 2462 4900 modias.
2511 4843 2623 4900 lloc
2653 4846 2706 4899 in
2738 4845 2932 4900 divinis
2973 4846 3124 4901 libris
3153 4861 3263 4901 non
3309 4846 3614 4902 invenimus
3637 4845 3826 4916 probi-

2236 4937 2447 4991 bitum:
2496 4936 2590 4991 sed
2641 4944 2820 4990 tamen
2861 4936 3062 4991 scimus
3094 4937 3162 4992 ab
3209 4935 3471 5007 apostolis
3522 4934 3826 4992 fortissime

2229 5032 2577 5095 praeceptum,
2606 5034 2665 5079 ut
2697 5043 2715 5076 ‹
2751 5024 2892 5079 servi
2919 5025 3118 5080 subditi
3168 5024 3279 5080 sint
3327 5024 3384 5080 in
3426 5024 3576 5080 omni
3623 5024 3826 5080 timore

2232 5117 2494 5183 dominis,
2529 5132 2636 5171 non
2664 5124 2871 5171 tantum
2902 5117 3059 5172 bonis
3089 5125 3143 5172 et
3189 5116 3466 5182 modestis,
3511 5116 3608 5172 sed
3651 5116 3826 5172 etiam

2232 5209 2465 5280 dyscolis
2497 5208 2549 5280 (Ι
2576 5207 2694 5262 Pet.
2728 5206 2814 5278 ιι),
2845 5227 2862 5258 ι
2893 5216 2950 5262 et
2977 5208 3293 5264 obedientes
3319 5208 3422 5262 illis
3455 5207 3590 5262 ﬁant
3618 5206 3672 5261 in
3698 5220 3825 5262 om-

2233 5303 2408 5357 nibus.
2465 5301 2527 5356 ln
2602 5315 2810 5356 canone
2859 5308 3039 5356 autem
3093 5299 3426 5372 Gangrensis
3475 5297 3692 5355 concilii
3739 5297 3823 5354 ita

2233 5395 2490 5464 scriptum
2519 5401 2602 5448 est
2629 5391 2769 5463 (can.
2795 5391 2888 5463 5):
2933 5410 2951 5443 ι
3004 5391 3063 5446 Si
3113 5392 3235 5462 quis
3281 5406 3495 5448 servum
3543 5391 3644 5446 sub
3678 5403 3823 5460 prm-

2234 5492 2379 5538 textu
2404 5483 2570 5538 divini
2598 5483 2773 5538 cultus
2798 5485 2986 5538 doceat
3006 5481 3283 5538 dominum
3314 5492 3822 5553 contemnere-pro-

2231 5578 2430 5646 prium,
2479 5584 2536 5630 ut
2571 5575 2813 5631 discedat
2848 5575 2915 5628 ab
2951 5576 3071 5646 ejus
3118 5576 3400 5645 obsequio,
3450 5590 3554 5632 nec
3591 5577 3643 5630 ei
3688 5588 3819 5629 cum

2234 5667 2605 5723 benevolentia
2650 5675 2703 5720 et
2730 5666 2874 5720 omni
2927 5667 3132 5722 honore
3175 5667 3474 5732 deserviat,
3521 5666 3818 5720 anathema

2235 5760 2321 5814 sit.
2360 5779 2376 5810 ι
2415 5759 2564 5814 Unde
2588 5762 2741 5814 datur
2763 5757 2987 5829 intelligi
3017 5758 3159 5829 quod
3187 5760 3229 5814 si
3257 5759 3345 5815 ille
3380 5758 3671 5816 anathema
3697 5768 3821 5812 Ino-
