4112 6364
331 331 462 394 M93
555 377 560 382 .

333 444 438 502 ruit
457 442 547 514 qui
567 442 726 498 docet
751 451 986 502 servum,
1025 433 1296 514 dominum
1329 429 1603 502 proprium
1641 433 1896 513 contem-l

339 552 477 601 uere,
499 543 554 592 et
592 533 662 588 ab
687 529 803 601 ejus
829 528 1090 602 obsequio
1126 525 1376 580 recedere
1406 541 1416 574 ε
1471 527 1672 596 quanto
1719 517 1890 589 magis

336 627 416 682 ille
435 625 524 696 qui
543 622 818 680 dominum
839 633 996 676 suum
1025 615 1246 690 spernit,
1275 620 1327 666 et
1349 611 1466 681 ejus
1493 606 1711 664 servitio
1735 603 1890 696 subdi

335 695 572 772 noluerit.
603 711 711 768 Sed
745 719 922 766 tamen
947 702 1201 776 distantia
1235 710 1319 758 est
1359 700 1503 786 inter
1523 712 1646 752 eum
1677 695 1766 786 qui
1796 709 1893 786 per

333 805 652 878 superbiam,
683 809 740 858 et
762 800 909 856 illum
933 795 1024 878 qui
1055 802 1274 867 propter
1309 782 1685 845 necessitatem
1735 782 1889 855 fugit,

334 875 543 957 coactus
569 895 886 954 crudelitate
924 875 1128 948 domini
1169 887 1272 944 sui.
1319 883 1454 942 Nam
1480 883 1646 960 Agar,
1694 877 1890 948 famula

330 991 497 1056 Sarae,
523 989 707 1059 fugam
742 985 883 1050 iniit,
913 981 1181 1052 alliigente
1205 992 1322 1034 eam
1357 974 1570 1030 domina
1612 985 1708 1026 sua
1739 985 1768 1059 :7
1799 965 1893 1053 sed

333 1081 514 1153 angelo
539 1058 858 1136 admonente
888 1081 949 1129 ut
972 1077 1351 1132 reverteretur,
1379 1075 1450 1144 ‘et
1475 1063 1627 1119 fieret
1657 1058 1893 1153 subjecta

332 1147 826 1236 dominatricisuzn,
867 1177 1083 1218 reversa
1123 1167 1207 1216 est
1253 1157 1319 1212 ad
1365 1155 1656 1210 dominam.
1703 1147 1797 1204 Sic
1841 1155 1894 1202 et

331 1247 610 1317 Onesimus
635 1269 824 1314 servus
870 1250 1200 1308 Philemonis
1242 1245 1424 1316 effugit
1465 1261 1495 1298 a
1532 1241 1746 1298 domino
1775 1253 1891 1310 suo,

311 1320 425 1407 ‘sed
449 1350 616 1408 Paulo
659 1345 902 1419 apostolo
945 1331 1170 1399 docente
1199 1337 1426 1395 credidit
1449 1334 1683 1392 Christo,
1719 1321 1773 1386 et
1801 1330 1895 1419 ba-

327 1442 560 1512 ptizatus
579 1447 663 1496 est
691 1415 706 1494 ί
735 1421 792 1493 et
819 1451 897 1492 sic
933 1449 1031 1504 per
1071 1429 1428 1503 patrocinium
1469 1422 1704 1496 Apostoli
1736 1415 1900 1476 resti-'

333 1511 477 1596 tntus
509 1540 591 1590 est
612 1529 832 1604 proprio
856 1526 1206 1596 dominosuo.
1240 1517 1624 1576 Admonendus
1648 1520 1730 1568 est
1751 1511 1894 1604 enim

332 1642 516 1682 servus
558 1602 782 1694 quilibet
825 1619 1097 1694 fugitivus,
1132 1629 1228 1686 per
1252 1610 1435 1667 fideles
1469 1609 1738 1670 doctores,
1779 1602 1899 1693 ubi:

1493 363 1498 369 .
1562 307 1902 370 RESI’ONSA

2000 303 2331 414 ANONICA.‘
2393 389 2434 414 Ι.
2553 371 2602 412 ἱ,
2723 376 2766 414 ι.
2861 396 2892 412 μ
3266 331 3275 338 -
3417 303 3523 414 ira

1987 431 2068 476 est
2096 403 2357 482 Ecclesia,
2388 396 2766 471 conventicula
2781 396 3074 468 constituta
3109 420 3250 476 sunt,
3295 418 3350 465 et
3378 396 3558 494 rectd-_i

1991 503 2099 575 res,
2127 514 2182 564 et
2204 513 2396 564 caetera
2423 499 2600 563 olli'cia
2625 502 2870 561 ecel'es'iis
2899 500 3312 569 suitt'ordi'iia’ta',
3343 507 3412 558 ut'
3430 503 3574 558 nul-‘

3417 297 3566 403 ilﬂ‘i‘

1991 601 2074 656 lus
2093 600 2163 654 'de
2187 597 2334 654 clero
2363 583 2732 665 aiidere't,"qui
2765 581 3056 651 ordinatus
3078 596 3184 649 non
3225 597 3394 659 esset,
3421 591 3606 664 prin—t‘

1992 687 2204 748 sumere
2229 677 2459 746 cilicium
2489 688 2632 759 quod
2668 687 2833 743 sciret
2861 681 2994 743 ‘non‘
3033 673 3442 768 sibi'credituhi
3462 686 3576 740 vel"

1991 778 2306 841 concessum
2335 801 2347 835 :
2377 768 2756 852 et'caapit‘ali'o
2782 779 2968 836 ordine
3007 786 3062 834 et
3099 775 3576 849 previdentia'gu-'

1990 874 2208 948 bernari
2249 863 2514 928 Ecclesia.
2563 867 2808 938 Quod"Si
2847 884 3036 925 omnes
3080 867 3269 924 eadem
3318 865 3574 940 possent;

1991 958 2356 1020 irrationabile
2383 955 2550 1026 esSet‘,‘
2563 961 2569 974 '
2589 969 2644 1016 et
2665 953 2910 1033 vulgaris
2934 961 3024 1014 res
3051 955 3574 1015 et'irilissima'vidé-J

1993 1066 2160 1112 retur.
2188 1050 2330 1110 Iliae
2363 1049 2492 1126 ergo
2517 1050 2614 1107 εει⁴
2643 1050 2788 1107 unde
2832 1049 2976 1108 nunc
3020 1039 3204 1123 neque'
3241 1051 3458 1107 illaetini‘
3489 1052 3577 1106 'in‘

1991 1146 2186 1220 populo
2213 1143 2530 1218 praedicant;
2563 1137 2735 1213 neque
2761 1143 2940 1197 caeteri
2983 1135 3277 1198 clerici'w‘c‘i
3318 1135 3560 1199 ldic’i'li‘a--

1993 1222 2222 1309 ptiza'nt,
2252 1248 2424 1305 neque
2468 1231 2784 1305 quocunque
2821 1234 2906 1290 die
2945 1228 3224 1290 credentes
3281 1233 3576 1308 ti‘ngdti'tiir‘

1995 1323 2096 1384 nisi
2126 1327 2274 1400 aegri.
2301 1326 2431 1382 ldeo‘
2463 1331 2571 1380 non
2595 1316 2732 1396 'per'
2759 1319 2950 1379 omnia’
2985 1320 3313 1380 convenient
3359 1319 3579 1398 stupeo

1994 1409 2233 1489 Aposto’ll
2271 1413 2596 1472 ordinationi
2639 1409 2758 1484 quin
2787 1413 2929 1470 nunc
2958 1417 3009 1470 in
3038 1416 3574 1490 Ecclesia'es’t,"qula=

1995 1509 2110 1564 haec
2131 1497 2271 1562 inter
2299 1506 2411 1586 ipsa
2441 1501 2735 1574 primordia
2765 1505 2890 1560 sunt
2927 1505 3146 1577 Scripta.
3188 1505 3422 1564 'Nani"‘et
3443 1504 3576 1579 ipse

1997 1594 2336 1656 Timotheum
2367 1591 2739 1672 piesbyterum
2775 1599 2817 1652 'a
2855 1592 3209 1654 'se'ercatnm
3257 1587 3576 1671 e'piébbpiihi’

331 1679 539 1792 cunque
575 1679 771 1780 inerit,
820 1679 912 1768 ut"
926 1679 1228 1766 revertatur
1272 1703 1338 1759 ad
1383 1699 1655 1760 dominum
1702 1685 1896 1784 suum,
1927 1770 1973 1792 ﬁ
1997 1701 2174 1757 vocat,
2202 1693 2326 1763 quia
2356 1693 2512 1764 primi
2541 1687 2840 1782 presbyteri
2879 1679 3112 1792 episcopi
3139 1686 3580 1792 appellabantur,"

517 1770 572 1860 εἰ
599 1770 889 1874 subiectus,
934 1815 1001 1854 ne
1031 1797 1170 1853 forte
1198 1801 1547 1850 contemnens
1573 1770 1897 1859 ρι’ωοοριυιιί
1927 1770 1973 1832 Β
2003 1791 2062 1838 ut
2097 1783 2383 1838 recedente
2421 1797 2486 1838 eo
2513 1774 2742 1852 sequens
2781 1779 3112 1836 succederet.
3148 1779 3580 1854 'aniqiléua'pmr

331 1896 559 1961 Domini,
598 1901 859 1964 perpetuo
883 1889 1228 1944 anathemate
1269 1881 1615 1954 percutiatur.
1647 1877 1896 1931 Attamen

329 1988 374 2042 si
403 1987 457 2041 in
505 1987 620 2056 ipsa
681 1983 804 2055 fuga
851 1981 1062 2044 obierit,
1101 1977 1362 2033 orandum
1403 1983 1486 2029 est
1530 1986 1628 2042 pro
1676 1983 1764 2034 eo,
1794 1967 1896 2022 nisi

329 2065 469 2133 forte
497 2057 678 2145 aliquo
697 2067 925 2130 crimine
953 2067 1156 2138 majore
1180 2066 1502 2136 implicetur,
1533 2068 1626 2116 aut
1652 2061 1706 2115 in
1733 2058 1897 2129 perli-

327 2167 470 2222 diam
495 2166 826 2229 devolvatur,
857 2163 997 2218 unde
1039 2161 1310 2216 fructuosa
1351 2172 1448 2227 pro
1499 2170 1564 2209 eo
1594 2167 1699 2208 non
1729 2151 1898 2222 possit

325 2272 447 2314 esse
495 2257 688 2312 oratio.
741 2255 990 2309 Attamen
1038 2249 1387 2322 Augustinus,
1435 2247 1503 2300 ad
1542 2236 1898 2298 Laurentium

327 2349 594 2412 scribens,
623 2347 696 2402 ita
740 2347 884 2400 inter
919 2344 1021 2398 alia
1047 2343 1123 2396 ait
1152 2357 1166 2396 :
1209 2360 1226 2391 ι
1261 2338 1394 2395 Cum
1444 2352 1572 2407 ergo
1607 2332 1896 2399 sacriﬁcia,

327 2439 444 2494 sive
491 2437 716 2502 altaris,
767 2437 880 2491 sive
923 2444 1363 2506 quarumcunque
1414 2423 1896 2497 eleemosynarui‘n,

323 2523 422 2598 pro
449 2528 736 2599 baptizatis
775 2527 1024 2583 omnibus
1059 2522 1359 2580 offeruntur
1387 2537 1402 2575 :
1445 2535 1543 2590 pro
1566 2517 1721 2573 valde
1746 2511 1900 2571 Bonis

323 2617 618 2691 gratiarum
643 2617 881 2672 actiones
910 2624 1055 2678 sunt,
1081 2628 1178 2684 pro
1226 2627 1332 2664 non
1356 2608 1510 2663 valde
1538 2607 1696 2662 malis
1722 2603 1901 2675 propi-

323 2710 577 2765 tiationes
609 2719 752 2774 sunt,
801 2719 898 2778 pro
925 2703 1076 2761 valde
1119 2700 1296 2764 malis,
1331 2698 1545 2754 etiamsi
1596 2695 1740 2750 nulla
1773 2700 1900 2750 sunt

323 2798 631 2868 adjumenta
658 2807 1012 2862 mortuorum,
1065 2791 1466 2865 qualescunque
1499 2797 1678 2848 tamen
1712 2797 1900 2846 cense,

319 2875 558 2943 lationes
587 2897 712 2942 sunt
747 2887 1006 2941 vivorum.
1043 2887 1249 2954 Quibus
1291 2893 1468 2939 autem
1517 2891 1761 2955 prosunt,
1809 2891 1901 2938 aut

321 2976 391 3030 ad
421 2976 526 3030 hoc
552 2983 798 3046 prosunt,
828 2983 882 3029 ut
915 2976 986 3030 sit
1014 2975 1168 3045 plena
1195 2974 1465 3040 remissio,
1514 2980 1607 3026 aut
1652 2980 1802 3027 certe
1840 2983 1902 3026 ut

320 3066 658 3122 tolerabilior
677 3065 772 3120 fiat
792 3067 923 3136 ipsis
947 3066 1241 3120 damnatio.
1275 3083 1291 3115 i

1999 1871 2290 1948 Egyptum
2335 1873 2633 1945 presbyteri
2661 1869 3000 1942 consignant,
3039 1873 3083 1927 si
3111 1871 3395 1944 episcopus
3427 1871 3580 1945 prati

1999 1980 2122 2021 sens
2146 1979 2253 2020 non
2285 1964 2374 2019 sit.
2403 1961 2510 2019 Sed
2549 1967 2676 2032 quia
2720 1973 3002 2032 coeperunt
3027 1972 3316 2032 sequentes
3343 1957 3574 2036 presbyl

1999 2057 2100 2110 teri
2145 2055 2346 2126 indigni
2399 2053 2465 2110 ad
2513 2055 2775 2124 primatus
2829 2057 3104 2123 tenendos,
3155 2047 3576 2114 immutata‘c’sf

2000 2145 2156 2212 ratio,
2191 2147 2549 2216 prospiciente
2591 2145 2818 2202 concilio
2853 2157 2910 2200 ut
2955 2163 3058 2203 non
3095 2145 3248 2214 ordo,
3281 2151 3375 2205 sed
3403 2145 3578 2204 uteri:

2002 2244 2130 2298 tum,
2163 2242 2371 2290 crearet
2394 2235 2726 2304 episcopum,
2767 2235 3049 2291 multorum
3097 2217 3460 2292 sacerdotum!
3478 2231 3565 2308 ju‘-l

2000 2323 2138 2379 dicio
2175 2326 2546 2390 constitutum,
2577 2341 2643 2379 ne
2673 2325 2926 2396 indignus
2953 2337 3156 2382 temere
3181 2321 3586 2396 usm‘paret,'et'

1999 2425 2142 2472 esset
2166 2416 2349 2472 multis
2374 2417 2706 2473 scandalum.
2739 2417 2891 2484 Quod
2919 2427 3097 2472 autem
3129 2398 3390 2474 unum"sit
3414 2409 3585 2474 (ΣΗήέ

2001 2498 2068 2562 sti
2104 2509 2392 2579 baptisma,
2431 2519 2486 2564 et
2523 2507 2648 2566 licet
2672 2525 2700 2564 a
2728 2509 2953 2565 diversis
2978 2499 3449 2565 ministretur‘non
3479 2499 3585 2584 d3;£
3615 2521 3620 2526 ‘

2000 2601 2124 2654 beat
2144 2601 2325 2657 iterari
2355 2601 2436 2656 vel
2466 2601 2683 2665 mutari,
2705 2615 2914 2659 sacrum
2938 2591 3568 2678 EVaugeiitmtostendit;

2001 2689 2090 2743 ubi
2129 2689 2286 2744 verba
2312 2689 2532 2744 Joannis
2558 2691 2812 2767 Baptista
2837 2699 3007 2768 posita
3036 2707 3160 2753 sunt
3189 2699 3260 2752 ita
3299 2687 3566 2752 dicentis;

2007 2801 2024 2837 ‹
2059 2780 2192 2854 Quia
2219 2781 2325 2843 vidi
2352 2783 2609 2858 Spiritum
2638 2789 3050 2845 descendentem
3085 2793 3238 2861 quasi
3265 2791 3571 2847 columbam

2007 2899 2024 2931 ι
2057 2879 2123 2934 de
2152 2880 2312 2943 coelo,
2339 2889 2392 2934 et
2429 2890 2733 2934 manentem
2762 2895 2926 2950 super
2951 2896 3097 2945 eum,
3141 2889 3194 2936 et
3227 2896 3328 2951 ego
3358 2883 3568 2935 nescie-

2006 2989 2023 3021 ε
2060 2970 2201 3024 bam.
2229 2969 2333 3024 Sed
2357 2969 2446 3040 qui
2475 2970 2615 3024 misit
2636 2987 2720 3026 me
2745 2971 3022 3040 baptizare
3056 2972 3110 3026 in
3140 2985 3300 3041 aqua,
3327 2969 3413 3025 ille
3441 2967 3575 3025 milii

2007 3082 2024 3114 ε
2048 3053 2190 3118 dixit
2218 3080 2230 3116 :
2262 3060 2432 3133 Super
2451 3075 2610 3132 quem
2627 3063 2824 3118 videris
2853 3064 3110 3134 Spiritum
3136 3065 3574 3128 descemlentem,

3573 2677 3586 2708 1

392 3157 486 3212 Vl.
526 3158 603 3212 De
628 3157 719 3214 illo
744 3172 874 3212 vero
899 3158 991 3227 qui
1015 3157 1386 3229 presbyterum
1423 3171 1482 3212 se
1513 3171 1631 3212 esse
1662 3154 1895 3221 ﬁnxerit,
1926 3125 1970 3195 (ἶ
2009 3171 2027 3202 ‹
2063 3157 2116 3206 ει
2143 3160 2448 3206 manentem
2499 3167 2660 3222 super
2705 3167 2850 3218 eum,
2900 3153 2988 3208 hic
3017 3161 3098 3208 est
3125 3153 3216 3223 qui
3255 3153 3491 3224 baptizat
3520 3153 3573 3206 in

320 3264 449 3302 cum
479 3264 584 3303 non
609 3259 752 3305 esset
778 3250 1076 3316 ordinatus,
1102 3259 1160 3304 et
1196 3249 1446 3319 baptismi
1486 3247 1716 3303 cilicium
1743 3263 1902 3303 exer-

321 3340 462 3403 cuit,
494 3339 878 3408 requirendum
909 3349 994 3394 est
1015 3348 1194 3394 utrum
1225 3340 1336 3410 ipse
1363 3338 1645 3408 baptizans
1665 3339 1903 3407 baptiza-

321 3439 413 3483 tus
440 3437 601 3491 esset,
631 3437 684 3483 et
711 3438 889 3483 utrum
929 3429 982 3483 in
1005 3430 1230 3484 nomine
1275 3437 1476 3484 saneta:
1499 3429 1782 3486 Trinitatis
1804 3429 1906 3483 sub

321 3519 470 3573 trina
513 3519 781 3574 mersione
827 3519 1202 3590 baptizaverit.
1234 3519 1386 3587 Quod
1423 3519 1468 3574 si
1515 3518 1587 3573 ita
1614 3529 1752 3584 erat,
1799 3535 1904 3574 non

319 3615 406 3661 est
437 3607 634 3662 iterum
675 3605 1048 3679 baptizandus,
1080 3608 1173 3664 sed
1211 3625 1309 3679 per
1340 3609 1736 3680 impositionem
1786 3626 1904 3664 ma-

321 3717 430 3756 nus
481 3700 802 3770 episcopalis
853 3710 908 3757 et
953 3701 1260 3757 unctionem
1301 3701 1444 3756 sacri
1501 3700 1809 3756 chrismatis
1853 3703 1905 3756 id

320 3789 472 3861 quod
523 3788 724 3844 factum
757 3797 839 3844 est
884 3790 1332 3846 conﬁrmandum.
1369 3790 1504 3859 Quia
1551 3790 1691 3861 quod
1742 3789 1906 3846 semel

320 3888 410 3936 εει
447 3879 502 3934 in
547 3889 886 3934 sacramento
931 3880 1269 3950 baptismatis
1315 3881 1586 3946 etfectum,
1634 3897 1740 3937 non
1783 3882 1906 3936 licet

319 3969 540 4034 iterari,
563 3969 814 4038 quoniam
837 3976 1070 4025 unuscst
1095 3969 1375 4042 Dominus,
1405 3986 1512 4025 una
1544 3970 1699 4038 fides,
1733 3985 1902 4026 unum

317 4057 610 4129 baptisma.
656 4056 907 4111 Attamen
939 4057 1029 4112 ille
1071 4058 1164 4128 qui
1211 4067 1640 4129 praesumptuose
1670 4059 1800 4130 egit,
1849 4043 1938 4115 et.

321 4163 436 4202 non
469 4161 568 4215 pro
601 4145 921 4200 necessitate
961 4146 1157 4211 alioua,
1191 4149 1452 4202 canonica
1497 4147 1784 4219 disciplina
1821 4157 1906 4204 est

321 4234 678 4290 coercendus.
711 4234 896 4304 Igitur,
946 4245 1007 4289 ut
1044 4244 1234 4291 beatus
1289 4232 1602 4292 Ambrosius
1657 4245 1902 4304 testatur,

321 4333 612 4393 postquam
635 4324 883 4380 omnibus
908 4325 1040 4380 locis
1062 4324 1302 4382 ecclesia:
1331 4333 1457 4380 sunt
1495 4327 1822 4392 constitutae,
1850 4337 1906 4382 ει

320 4411 503 4468 cilicia
532 4413 799 4481 ordinata,
828 4413 986 4470 aliter
1009 4414 1307 4486 composita
1336 4428 1424 4470 res
1451 4422 1535 4470 est
1591 4430 1755 4486 quam
1793 4431 1901 4472 cm-

320 4511 504 4576 perat.
533 4503 774 4559 Primum
811 4506 955 4560 enim
984 4521 1173 4562 omnes
1197 4505 1484 4573 docebant,
1508 4513 1564 4561 et
1596 4521 1788 4563 omnes
1809 4508 1904 4564 ba-

319 4592 634 4662 ptizabant,
709 4593 1113 4666 quibuscunque
1171 4597 1361 4653 diebus
1425 4597 1511 4652 vel
1575 4598 1906 4669 temporibus

321 4683 521 4737 fuisset
545 4684 777 4737 occasio.
808 4683 916 4738 Nec
937 4686 1079 4739 enim
1102 4683 1380 4756 Philippus
1400 4695 1611 4756 tempus
1637 4689 1903 4758 qumsivit,

322 4781 424 4827 aut
451 4771 591 4826 diem
621 4788 726 4844 quo
754 4775 1060 4830 eunuchum
1083 4775 1405 4846 baptizaret,
1433 4794 1606 4848 neque
1639 4778 1903 4848 jejunium

323 4863 674 4932 interposuit.
708 4861 890 4932 Neque
935 4863 1136 4919 Paulus
1177 4874 1233 4920 et
1262 4869 1276 4886 '
1307 4874 1513 4936 tempus
1553 4869 1904 4941 distulerunt,

321 4967 440 5024 quo
483 4953 753 5024 optionem
791 4955 1026 5011 carceris
1055 4971 1178 5010 cum
1222 4955 1340 5024 ejus
1368 4958 1619 5013 omnibus
1664 4961 1905 5031 baptiza-

325 5049 475 5097 rent.
498 5041 680 5112 Neque
707 5043 898 5100 Petrus
925 5043 1151 5101 clericos
1177 5045 1384 5112 habuit,
1420 5056 1514 5102 aut
1537 5047 1678 5103 diem
1712 5051 1906 5119 quaesi-

321 5133 412 5185 vit
434 5132 648 5200 quando
677 5131 984 5188 Cornelium
1029 5149 1153 5189 cum
1188 5135 1338 5190 omni
1362 5135 1522 5192 domo
1548 5153 1644 5194 sua
1671 5140 1909 5210 baptiza-

324 5220 436 5285 vit,
469 5233 568 5274 nee
595 5221 725 5290 ipse,
772 5221 864 5278 sed
887 5223 1049 5292 jussit
1091 5223 1348 5282 fratribus
1391 5227 1632 5297 quicum
1661 5244 1726 5286 eo
1749 5240 1908 5288 erant

327 5309 478 5380 apud
504 5309 810 5364 Cornelium
844 5311 900 5366 in
936 5313 1124 5382 Joppe.
1169 5315 1359 5371 Adhuc
1396 5318 1539 5373 enim
1581 5329 1778 5389 prmter
1817 5338 1904 5379 se-

325 5411 482 5471 ptem
505 5403 760 5460 diaconos
779 5405 956 5461 nullus
982 5405 1158 5462 fuerat
1189 5409 1490 5466 ordinatus.
1534 5411 1604 5468 Ut
1631 5428 1761 5486 ergo
1785 5430 1904 5471 cre-

330 5501 517 5546 sceret
539 5493 687 5562 plebs
717 5503 771 5550 et
805 5496 1270 5568 multiplicaretur,
1316 5502 1566 5558 omnibus
1594 5517 1908 5561 concessum

332 5588 499 5634 estet
529 5586 916 5654 evangelizare,
956 5597 1012 5642 et
1053 5588 1349 5659 baptizare,
1379 5601 1433 5648 et
1472 5591 1804 5663 Scripturam
1852 5596 1907 5651 in

325 5671 566 5724 ecclesia
606 5673 910 5741 explanare.
952 5676 1021 5730 At
1050 5679 1138 5733 ubi
1168 5681 1346 5737 omnia
1386 5681 1502 5740 loca
1545 5683 1908 5756 circumplexa

733 5767 1007 5830 ΡΑτιιοι.
1043 5769 1178 5833 CX.

1930 4469 1984 4530 D

2011 3260 2030 3292 ι
2067 3239 2268 3310 Spiritu
2297 3249 2502 3296 sancto.
2530 3241 2597 3295 Et
2623 3257 2722 3312 ego
2749 3242 2878 3308 vidi,
2918 3251 2972 3297 et
2999 3243 3360 3298 teStimonium
3389 3243 3584 3312 perhii

2011 3352 2028 3382 ι
2064 3333 2152 3388 hui
2179 3334 2302 3402 quia
2331 3334 2416 3388 hic
2443 3342 2527 3387 est
2555 3333 2722 3390 Filius
2747 3335 2841 3390 Dei
2869 3333 3048 3405 (Joan.
3091 3335 3152 3406 ι).
3193 3353 3211 3385 ι
3247 3336 3417 3401 Quam
3461 3330 3584 3389 sen-’

2006 3426 2229 3482 tentiam
2280 3428 2470 3482 beatus
2521 3426 2850 3496 Augustinus
2903 3429 2974 3482 ita
3023 3428 3313 3498 exposuit:
3351 3425 3577 3494 ἴκριιὶιί

2003 3532 2134 3588 ergo
2159 3531 2256 3587 per
2285 3517 2585 3573 columbam
2630 3519 2816 3574 didicit
2841 3513 3096 3586 Joannes,
3146 3509 3584 3590 nisi‘quamdani‘

2005 3606 2388 3676 proprietatem
2419 3607 2474 3660 in
2515 3605 2730 3662 Christo
2754 3597 3024 3662 futuram?
3053 3615 3112 3661 ut
3137 3595 3382 3676 quamvis
3422 3609 3580 3662 multi

2007 3699 2240 3754 ministri
2271 3699 2592 3770 baptizaturi
2628 3707 2828 3764 essent,
2881 3699 2993 3754 sive
3029 3698 3160 3766 justi
3205 3700 3317 3753 sive
3367 3695 3581 3768 injusti;

2007 3804 2114 3845 non
2143 3789 2470 3845 tribueretur
2517 3791 2776 3846 sanctitas
2824 3789 3095 3860 baptismi,
3147 3789 3250 3843 nisi
3302 3787 3374 3842 illi
3419 3789 3580 3858 super

2005 3894 2164 3950 quem
2195 3881 2468 3936 descendit
2514 3881 2779 3936 columba.
2813 3879 2890 3935 De
2915 3895 3024 3950 quo
3067 3879 3266 3935 dictum
3299 3899 3309 3933 :
3356 3875 3454 3934 ilic'
3483 3883 3581 3934 “est

2006 3969 2098 4037 qui
2142 3969 2382 4038 baptizat
2409 3970 2462 4023 in
2493 3968 2699 4038 Spiritu
2725 3979 2934 4024 sancto.
2967 3967 3160 4023 Petrus
3203 3969 3460 4040 baptizct,
3493 3967 3579 4022 hic

2007 4064 2090 4112 est
2117 4057 2210 4127 qui
2237 4059 2477 4128 baptizat
2516 4077 2527 4112 :
2586 4057 2784 4114 Paulus
2828 4057 3084 4128 baptizct,
3114 4058 3203 4114 hic
3230 4045 3434 4127 estqui
3483 4061 3579 4112 has

2005 4147 2174 4218 ptizat
2199 4161 2212 4200 :
2247 4147 2414 4203 Judas
2441 4147 2699 4218 baptizct,
2723 4147 2809 4204 hic
2837 4157 2922 4204 est
2946 4150 3039 4219 qui
3068 4150 3324 4220 baptizat.
3367 4149 3502 4204 Nam
3535 4139 3585 4204 si

2007 4232 2108 4308 pro
2129 4238 2437 4294 diversitate
2461 4239 2774 4294 meritOrum
2814 4237 3112 4308 baptismus
3145 4239 3463 4310 esset,‘qui'a
3495 4237 3578 4294 di:

2007 4339 2161 4382 versa
2203 4335 2330 4383 sunt
2357 4327 2569 4393 merita,
2607 4326 2817 4383 diversa
2863 4336 3045 4384 essent
3088 4327 3582 4398 baptismata.‘Sed

2007 4437 2174 4479 unum
2200 4433 2286 4480 est
2319 4422 2606 4494 baptisma,
2637 4430 2692 4478 et
2720 4422 2868 4479 solus
2912 4431 2996 4478 est
3029 4414 3320 4488 Christus,‘
3345 4420 3586 4496 un'per

2007 4513 2248 4571 diversos
2291 4513 2571 4570 ministros
2611 4527 2736 4569 suos
2765 4513 3088 4584 baptismate
3129 4507 3364 4582 baptizat
3405 4511 3462 4568 in
3490 4503 3582 4568 “re:

2005 4605 2315 4662 missionem
2345 4605 2584 4660 omnium
2606 4613 3000 4674 peccatorum.»
3023 4603 3158 4656 "Ideo
3177 4603 3318 4657 Sacri
3347 4598 3582 4658 canones

2007 4696 2322 4766 praecipiunt
2352 4705 2409 4750 ut
2436 4697 2527 4765 qui
2553 4697 2621 4750 ab
2663 4693 2931 4750 lucreticis
2977 4691 3235 4764 baptiza’ti
3277 4700 3422 4761 sunt,
3447 4684 3582 4749 'n’on

2009 4785 2432 4855 rebaptizentur,
2481 4783 2575 4838 sed
2623 4799 2722 4852 per
2770 4783 3168 4853 impositionem
3221 4783 3414 4842 manus
3467 4781 3583 4842 sola

2009 4875 2184 4932 sancti
2207 4875 2437 4946 Spiritus
2461 4875 2816 4940 invocatione,
2841 4890 3000 4946 quem
3023 4877 3092 4931 ab
3111 4858 3398 4933 haereticis‘
3419 4888 3581 4934 nemo

2009 4967 2224 5036 accipit,
2249 4981 2278 5020 a
2307 4965 2587 5022 catholicis
2613 4966 2981 5022 sacerdotibus
3023 4967 3274 5023 Ecclesia:
3319 4969 3580 5024 securita-

2013 5067 2118 5114 tem
2141 5067 2556 5128 eonsequantur.
3560 5057 3568 5068 '

2083 5147 2188 5202 Vl].
2214 5145 2292 5201 De
2311 5147 2416 5202 illis
2441 5161 2569 5203 vero
2588 5147 2677 5217 qui
2701 5149 2753 5202 in
2775 5145 3194 5218 Quadragesima
3221 5157 3344 5204 ante
3371 5147 3579 5206 PaScha

2012 5250 2230 5296 carnem
2249 5239 2600 5305 manducant,
2627 5239 2708 5294 vel
2731 5232 3100 5309 juramentum
3133 5241 3187 5295 in
3214 5242 3368 5297 altari
3405 5243 3489 5298 vel
3513 5244 3580 5298 'in

2014 5337 2323 5385 sanetorum
2345 5328 2585 5398 reliquiis
2606 5327 2826 5395 faciunt;
2853 5312 3200 5390 manifestum
3221 5341 3305 5388 est
3324 5331 3467 5403 quod
3498 5334 3560 5388 in-

2007 5418 2153 5489 juste
2178 5424 2365 5488 agunt,
2385 5417 2509 5486 quia
2530 5417 2725 5473 divinis
2753 5419 3019 5476 mandatis
3042 5403 3295 5477 contrarii
3322 5421 3581 5478 existunt.

2017 5506 2169 5563 Unde
2209 5516 2264 5562 et
2299 5519 2397 5576 per
2450 5505 2640 5560 Isaiam
2691 5507 2946 5564 Dominus
2989 5524 3276 5579 pravorum
3316 5511 3580 5582 jejunium

2015 5583 2238 5667 spernit,
2272 5598 2343 5653 ita
2374 5597 2560 5653 dicens
2593 5615 2607 5651 τ
2647 5617 2664 5649 ι
2703 5599 2840 5655 Εεεε
2879 5601 2932 5655 in
2974 5602 3060 5658 die
3091 5601 3282 5674 jejunii
3312 5605 3476 5660 vestri
3503 5604 3584 5659 iu-

1959 5768 1972 5773 ‘
2023 5707 2040 5740 ι
2087 5685 2298 5745 venitur
2309 5688 2554 5746 voluntas
2571 5699 2776 5762 vestra,
2801 5699 2852 5749 et
2876 5707 3062 5748 omnes
3085 5694 3355 5752 debitores
3375 5703 3584 5752 vestros

2079 5782 2104 5806 ιι

2995 5786 3071 5849 38
