4112 6364
502 342 657 400 ’1195

1146 340 1207 394 Β.
1248 341 1499 399 RABANI
1538 343 1756 406 mum
1797 344 2113 403 ARCHIEP.
2153 347 2460 405 MOGUNT.
2504 348 2786 409 OPERUM
2822 351 3001 408 PARS
3039 351 3102 409 ll.

3607 351 3763 417 “96

518 478 539 510 ι
579 451 865 527 repetitis.~
897 444 1035 510 Ecce
1063 455 1130 510 ad
1170 454 1292 511 lites
1318 463 1374 511 et
1399 456 1771 512 contentiones
1806 455 2088 528 jejunatis,
2117 461 2169 524 Α
2197 457 2409 523 scindit,
2439 466 2494 514 et
2523 466 2830 515 sanctorum
2854 458 3077 515 Patrum
3107 461 3421 519 traditiones
3440 463 3623 533 solvit,
3640 468 3769 527 sine

518 569 539 602 ι
581 557 637 604 et
668 547 949 619 percutitis
991 561 1172 618 pugno
1214 548 1396 619 impie.
1439 547 1613 604 Nolite
1651 546 1899 618 jejunare
1940 549 2081 605 sicut

518 660 538 693 ι
580 654 754 711 usque
787 639 855 694 ad
878 638 1018 693 hanc
1044 639 1209 707 diem,
1234 648 1296 695 ut
1341 639 1591 696 audiatur
1629 640 1685 695 in
1724 640 1937 697 excelso
1972 640 2082 696 cla-

518 748 538 781 ‹
582 742 704 784 mor
724 735 925 783 vester.
966 725 1217 800 Nunquid
1241 727 1349 784 tale
1364 735 1449 783 est
1464 728 1727 800 jejunium
1754 729 1896 799 quod
1921 727 2079 799 elegi,

519 837 539 871 ο
582 834 681 890 per
704 819 844 875 diem
866 818 1103 890 aﬂligere
1120 818 1353 873 animam
1387 820 1578 875 suam?
1604 819 1843 889 nunquid
1873 827 2083 875 contor-

518 926 537 958 ι
584 922 753 978 quere
792 909 951 980 quasi
974 908 1235 965 circulum
1257 919 1418 980 caput
1436 910 1626 965 suum?
1653 919 1708 966 et
1740 926 1897 968 sacco
1923 918 1978 966 et
2004 913 2081 968 ci-

518 1020 537 1053 (
583 1016 716 1058 nere
740 1003 1016 1058 sternere?
1062 1000 1313 1071 Nunquid
1336 1001 1480 1057 istud
1514 1003 1701 1058 vocavi
1739 1003 2000 1074 jejunium
2026 1014 2084 1060 et

518 1112 538 1144 α
586 1095 731 1151 diem
755 1094 1139 1164 acceptabilem
1163 1095 1425 1150 Domino?
1450 1095 1639 1152 Nonne
1668 1097 1772 1153 hoc
1800 1106 1885 1153 est
1913 1100 2084 1169 magis

518 1202 537 1236 ι
577 1183 839 1253 jejunium
864 1184 1003 1253 quod
1027 1182 1199 1255 elegi?
1225 1184 1468 1241 Dissolve
1495 1185 1866 1258 eolligationcs
1893 1186 2083 1258 impie-

516 1293 537 1326 ι
580 1275 727 1340 tatis,
755 1273 901 1329 solve
926 1273 1215 1331 fasciculos
1237 1276 1617 1346 deprimentes,
1643 1278 1850 1333 dimitte
1875 1295 1969 1334 eos
1992 1280 2084 1350 qui

516 1382 538 1414 ‹
576 1362 835 1419 confracti
879 1374 1004 1419 sunt
1053 1362 1269 1432 liberos,
1305 1373 1373 1421 .et
1417 1380 1579 1422 omne
1625 1383 1763 1425 onus
1789 1369 2080 1439 disrumpe.

516 1470 537 1505 ι
580 1452 788 1525 Frange
811 1454 1174 1511 esurientibus
1204 1471 1396 1526 panem
1423 1466 1873 1531 tuum,etegenos
1897 1476 2087 1532 vagos-

516 1562 534 1595 ι
576 1558 681 1615 que
731 1544 892 1600 induc
928 1545 984 1599 in
1011 1543 1230 1601 domum
1251 1554 1418 1602 tuam.
1459 1546 1592 1603 Cum
1626 1549 1824 1605 videris
1862 1553 2084 1617 nudum,

514 1656 533 1688 ‹
576 1638 725 1709 operi
752 1652 898 1703 eum,
937 1645 992 1693 et
1024 1653 1245 1695 carnem
1291 1647 1438 1694 tuam
1475 1655 1545 1697 ne
1582 1641 2089 1712 despexeris.'Tunc

515 1748 535 1780 ι
579 1738 823 1800 erumpet
848 1729 1003 1800 quasi
1039 1744 1201 1785 mane
1230 1729 1411 1785 lumen
1446 1740 1618 1798 tuum,
1647 1739 1705 1786 et
1746 1731 1952 1789 sanitas
1995 1742 2088 1789 tua

2182 550 2418 605 vindicta
2440 558 2619 616 exeat,
2643 551 2738 606 sed
2765 565 2865 621 pro
2888 552 2992 608 hoc
3022 565 3209 623 pmnas
3236 555 3530 627 condignas
3558 558 3761 616 solvat.

2183 639 2492 696 Sacerdotis
2526 648 2707 696 autem
2728 640 2931 712 judicio
2960 645 3307 714 temperanda
3333 653 3417 701 est
3438 662 3613 717 paena:
3635 650 3768 705 vin-

2182 730 2346 798 dicta,
2382 731 2676 787 secundum
2704 734 2921 789 modum
2942 734 3296 805 paenitentis:
3326 738 3476 807 quia,
3503 747 3566 794 ut
3596 755 3771 812 supra

2183 823 2385 879 dictum
2407 830 2510 890 est,
2527 823 2619 894 qui
2646 822 2913 879 veraciter
2940 825 3249 895 poenitet-et
3266 842 3373 897 per
3398 826 3771 900 lacrymarum

2179 913 2379 970 indicia
2422 914 2598 970 cordis
2649 914 2731 970 sui
2763 914 3147 971 contritionem
3187 916 3520 985 manifestat,
3568 918 3771 978 leviori

2183 1004 2460 1075 disciplina
2489 1004 2802 1060 tractandus
2826 1012 2931 1071 est,
2961 1005 3221 1075 quia'cor
3245 1007 3538 1062 contritum
3564 1016 3624 1063 et
3658 1008 3766 1063 hu-

2184 1096 2447 1151 miliatum
2474 1096 2617 1151 Deus
2636 1110 2744 1150 non
2764 1096 2999 1167 spernit,
3023 1107 3079 1152 et
3102 1096 3159 1152 in
3181 1111 3502 1168 quocunque
3528 1097 3618 1152 die
3638 1111 3768 1167 pec-

2184 1196 2335 1243 cator
2379 1201 2671 1242 conversus
2700 1186 3071 1258 paenitentiam
3099 1188 3292 1258 egerit,
3320 1194 3376 1243 et
3401 1185 3596 1243 fecerit
3612 1186 3765 1258 judi-

2186 1283 2329 1337 cium
2356 1290 2411 1337 et
2431 1280 2717 1352 justitiam,
2747 1280 2857 1335 vita
2881 1281 3026 1336 vivet
3076 1288 3135 1337 et
3184 1294 3294 1335 non
3337 1279 3623 1335 morietur.
3650 1276 3767 1334 Nec

2188 1373 2442 1443 temporis
2465 1371 2845 1443 longinquitas,
2880 1372 2973 1429 sed
3000 1371 3166 1427 animi
3204 1370 3429 1427 ah‘ectus
3453 1370 3771 1441 pensandus

2187 1471 2289 1528 est,
2320 1463 2446 1533 quia
2482 1462 2717 1533 suscepit
2752 1462 3011 1518 Dominus
3038 1460 3344 1517 triduanam
3386 1461 3768 1532 pcenitentiam

2188 1552 2567 1620 Ninivitarum,
2595 1562 2650 1609 et
2676 1552 2822 1609 Petri
2862 1553 3220 1624 negationem,
3244 1551 3600 1608 amarissimis
3622 1548 3769 1603 fleti-

2187 1645 2289 1699 bus
2316 1643 2576 1708 ablutam,
2607 1643 2866 1699 Dominus
2899 1641 3140 1707 indulsit,
3170 1656 3294 1696 cum
3329 1654 3455 1696 eum
3479 1639 3643 1694 tertia
3675 1637 3770 1692 die

2191 1752 2477 1809 resurgens
2532 1736 2671 1791 inter
2706 1744 2929 1792 cmteros
2974 1734 3269 1804 discipulos
3317 1730 3562 1801 angelica
3602 1744 3774 1784 voea-

514 1838 537 1871 ι
578 1818 743 1875 citius
761 1820 996 1888 orietur;
1028 1828 1083 1876 et
1110 1820 1339 1877 anteibit
1357 1819 1549 1876 faciem
1574 1829 1720 1876 luam
1737 1819 1947 1890 justitia
1967 1829 2082 1889 tua,
2113 1812 2161 1872 B
2190 1830 2335 1885 tione
2359 1829 2427 1886 ad
2446 1843 2597 1883 suam
2626 1826 2969 1897 pmsentiam
2991 1833 3046 1880 et
3064 1822 3555 1880 reconciliationem
3577 1820 3776 1875 venire

514 1929 533 1962 ι
577 1918 633 1965 et
676 1911 846 1982 gloria
896 1910 1105 1968 Domini
1143 1913 1359 1984 colliget
1403 1923 1475 1969 te.
1520 1913 1672 1991 Tunc
1708 1914 2008 1981 invocabis,
2030 1922 2087 1971 et

515 2022 534 2053 ε
578 2003 838 2059 Dominus
862 2003 1134 2072 exaudiet;
1164 2005 1443 2072 clamabis,
1465 2014 1518 2062 et
1538 2004 1699 2074 dicet,
1718 2006 1856 2063 Ecce
1874 2007 2086 2075 adsum,

518 2111 536 2144 ι
581 2093 708 2162 quia
763 2094 1072 2151 misericors
1111 2111 1231 2152 sum
1273 2096 1533 2154 Dominus
1581 2098 1725 2154 Deus
1771 2107 1895 2154 tuus
1937 2097 2084 2169 (Isa.

517 2204 535 2235 ι
581 2185 755 2258 LVIII).
797 2205 817 2239 ι
852 2187 988 2243 Hinc
1017 2189 1069 2244 in
1100 2204 1307 2245 canone
1350 2200 1660 2245 sanctorum
1693 2190 1913 2245 Patrum
1952 2190 2087 2246 scri-

508 2287 661 2350 ptum
681 2290 765 2336 est
798 2282 981 2354 (Cone.
1013 2283 1253 2350 Laertia,
1286 2303 1405 2340 can.
1431 2286 1501 2342 50
1529 2296 1576 2340 et
1602 2285 1716 2354 52),
1744 2287 1889 2356 quod
1922 2307 1940 2339 ι
1978 2303 2084 2343 non

507 2378 757 2440 oporteat
782 2372 837 2428 in
859 2372 1280 2446 Quadragesima
1323 2376 1539 2447 nuptias
1563 2385 1656 2432 aut
1677 2377 1923 2432 natalitia
1948 2377 2087 2433 cele-

508 2461 691 2528 brare,
726 2477 828 2518 nec
844 2462 1107 2535 jejunium
1149 2465 1378 2532 solvere,
1415 2475 1689 2537 totamque
1730 2466 2088 2539 Quadragesi-

508 2567 654 2607 mam
683 2553 800 2609 sine
827 2557 1174 2616 veneratione
1203 2558 1464 2625 transire;
1514 2577 1531 2613 ι
1570 2559 1847 2633 magisque
1882 2573 2083 2618 conve-

512 2640 623 2699 niat
651 2656 866 2701 omnem
894 2647 1375 2720 Quadragesimam
1395 2651 1643 2707 districto
1671 2653 1916 2707 venerari
1940 2651 2082 2722 judi-

513 2736 617 2791 cio.
650 2736 767 2793 Non
800 2747 885 2795 est
908 2741 1054 2795 enim
1075 2741 1319 2812 dignum,
1346 2750 1406 2797 ut
1426 2743 1517 2812 qui
1541 2743 1796 2799 Ecclesia:
1819 2743 2080 2798 unitatem

2185 1921 2366 1991 jussit.

2265 2011 2390 2068 [hec
2410 2011 2528 2077 tibi,
2553 2019 2740 2066 sancte
2764 2007 2951 2074 frater,
2967 2012 3134 2077 prout
3161 2004 3537 2077 opportunitas
3559 2010 3777 2071 tempo-

2194 2104 2271 2160 ris
2304 2118 2363 2159 se
2391 2100 2634 2165 contulit,
2657 2099 2975 2155 festinanter
2994 2097 3194 2153 dictavi
3240 2113 3254 2150 :
3301 2102 3544 2166 paratus,
3569 2092 3616 2147 si
3639 2089 3776 2161 quid

2195 2196 2346 2250 deest
2377 2192 2429 2246 in
2461 2190 2756 2261 responsis.
2788 2197 3030 2259 tempore
3063 2192 3365 2257 opportuno
3408 2183 3508 2239 tibi
3551 2180 3779 2254 planius

2193 2283 2482 2353 explicare.
2511 2280 2591 2335 Tu
2621 2288 2800 2335 autem
2839 2287 2894 2334 et
2923 2276 3357 2334 commendatum
3403 2274 3500 2329 tibi
3544 2285 3773 2344 gregem

2189 2373 2475 2444 diligenter
2520 2371 2744 2435 instrue,
2776 2378 2832 2425 et
2862 2385 2961 2425 nos
3004 2366 3341 2423 orationibus
3370 2362 3503 2432 juva
3528 2380 3544 2415 :
3574 2369 3777 2433 quate~

2190 2477 2292 2516 nus
2321 2461 2521 2531 aliquid
2559 2460 2654 2515 tibi
2699 2460 2917 2530 dignum
2957 2458 3281 2523 scribamus,
3304 2461 3362 2508 et
3385 2453 3453 2509 de
3492 2460 3587 2507 tuo
3626 2451 3775 2505 bono

2187 2567 2350 2626 opere
2375 2551 2465 2612 tibi
2496 2550 2736 2623 quotidie
2756 2547 3211 2621 congratulemur.
3246 2543 3505 2599 Dominus
3522 2541 3779 2609 omnipoo

2187 2660 2304 2707 tens
2331 2652 2385 2706 in
2418 2650 2521 2704 hac
2546 2650 2657 2703 vita
2693 2658 2746 2704 te
2783 2643 2938 2702 bonis
2971 2641 3223 2717 oneribus
3253 2644 3468 2712 augeat,
3500 2642 3558 2694 et
3592 2631 3653 2690 in
3683 2628 3774 2685 fa-

2187 2749 2310 2796 turo
2332 2740 2578 2796 mercede
2600 2747 2908 2794 remaneret
2929 2736 3274 2806 sempiterna.

522 2887 3775 2927 W—M

2098 3056 2185 3131 Π

555 3202 635 3273 Si
675 3204 868 3274 liceat
906 3202 1389 3293 chorepiscopt's
1422 3208 1835 3294 presbyteros
1873 3222 1931 3277 et
1970 3210 2282 3280 diaconos
2320 3208 2645 3276 ordinare
2682 3228 2830 3275 cum
2869 3226 3185 3273 consensu
3226 3201 3525 3295 episcopi
3547 3198 3681 3270 uti.

578 3464 870 3532 Postquam
908 3476 1007 3533 per
1043 3477 1142 3517 nos
1178 3471 1517 3517 transeuntes
1559 3462 1770 3517 abiistis
1791 3502 1805 3527 ,
1849 3462 2079 3532 cogitavi
2107 3466 2152 3528 C
2185 3459 2534 3529 apostolicam
2572 3465 2891 3528 sequuntur,
2926 3456 2994 3511 de
3030 3469 3137 3525 qua
3172 3454 3544 3526 Philippenses
3565 3454 3770 3512 Paulus

512 3568 724 3610 meeum
743 3555 809 3609 de
835 3555 939 3609 hoc
964 3553 1104 3621 quod
1128 3553 1537 3623 praesentialiter
1563 3553 2084 3624 retulistis,qualiter

510 3646 731 3718 quidam
771 3644 838 3701 de
886 3643 1304 3699 occidentalibus
1348 3645 1618 3714 episcopis
1675 3655 1963 3701 senserunt
2017 3646 2085 3702 de

509 3734 1019 3804 cborepiscOporum
1071 3733 1291 3797 ordine,
1334 3741 1389 3787 ct
1439 3734 1582 3802 quod
1626 3734 1846 3802 quidam
1895 3749 2081 3789 eorum

506 3826 887 3882 reordinarent
909 3824 1048 3889 illos,
1070 3823 1160 3893 qui
1185 3822 1516 3892 temporibus
1536 3831 1936 3880 antecessorum
1959 3839 2084 3880 suo-

508 3931 629 3971 rum
653 3930 684 3969 a
713 3913 1113 3984 cborepiscOpis
1154 3911 1389 3973 ordinati
1424 3920 1571 3978 sunt,
1616 3913 1960 3985 presbyteros
2000 3921 2082 3968 at-

506 4020 615 4077 que
655 4005 928 4069 diaconos,
958 4017 1058 4057 nec
1086 4016 1194 4057 non
1215 4008 1272 4057 et
1311 4001 1567 4057 ecclesias
1602 4003 1671 4057 ab
1710 4003 1789 4058 eis
1835 4001 2085 4058 similiter

506 4102 884 4159 consecratas,
937 4092 1285 4163 profanantes
1328 4107 1546 4148 onmem
1603 4092 2081 4148 sanctiﬁcationem

498 4184 811 4255 pristinam,
833 4183 989 4254 quasi
1028 4199 1135 4238 non
1181 4183 1497 4254 legitimam,
1526 4197 1690 4253 quam
1734 4192 1913 4239 tamen
1957 4199 2079 4238 cum

506 4289 773 4331 consensu
821 4283 983 4345 atque
1012 4281 1280 4343 praecepto
1322 4273 1691 4344 episcoporum
1725 4288 1944 4329 suorum
1980 4273 2080 4343 ipsi

505 4363 875 4434 chorepiscopi
901 4370 1367 4433 perpetraverunt.

580 4448 731 4503 Unde
766 4457 824 4502 et
860 4449 1156 4503 schismata
1186 4449 1240 4502 in
1263 4448 1499 4504 Ecclesia
1534 4450 1631 4504 Dei
1658 4450 1924 4516 oriuntur,
1958 4465 2079 4505 cum

508 4543 749 4591 rectores
789 4536 971 4605 populi
1008 4536 1106 4591 Dei
1142 4537 1197 4590 in
1227 4536 1471 4592 doctrina
1501 4554 1596 4592 sua
1617 4540 1686 4594 ab
1716 4540 1946 4595 invicem
1971 4541 2079 4595 dis-

506 4635 732 4697 crepant
758 4645 770 4680 :
804 4626 894 4681 alii
938 4627 1179 4684 dicentes
1206 4627 1368 4684 licere
1388 4629 1787 4700 cborepiscopis
1811 4647 1931 4686 cum
1954 4646 2079 4686 con-

505 4731 669 4773 sensu
695 4726 752 4773 et
768 4727 1038 4788 prcccepto
1066 4721 1334 4791 majorum
1364 4736 1605 4788 suorum,
1638 4721 1741 4777 hoc
1765 4730 1848 4778 est
1875 4737 2078 4792 prmsu-

2186 3551 2457 3614 obsecrat,
2496 3548 2681 3603 dicens
2708 3545 2961 3618 (Philipp.
2994 3544 3056 3615 ιι)
3084 3563 3096 3599 :
3127 3562 3146 3596 ι
3182 3543 3239 3599 Si
3278 3559 3384 3614 qua
3411 3560 3541 3614 ergo
3565 3560 3771 3601 causa-

2190 3660 2210 3693 ι
2252 3640 2381 3695 latio
2407 3640 2461 3694 in
2484 3638 2719 3704 Christo,
2746 3639 2791 3693 si
2811 3637 2952 3708 quod
2972 3636 3226 3692 solatium
3253 3635 3554 3701 charitatis,
3585 3636 3635 3690 si
3654 3651 3773 3706 qua

2192 3750 2210 3781 ε
2257 3731 2488 3785 societas
2532 3728 2847 3799 spiritualis,
2880 3729 2924 3783 si
2958 3743 3067 3799 qua
3107 3727 3316 3783 viscera
3354 3726 3727 3783 miserationis
3752 3742 3773 3781 :

2191 3836 2209 3870 ‹
2254 3818 2468 3888 implete
2492 3817 2742 3886 gaudium
2767 3832 2969 3881 meum,
3000 3824 3061 3872 ut
3084 3818 3227 3872 idem
3253 3816 3488 3888 sapiatis,
3508 3817 3773 3872 eamdem

2191 3925 2209 3959 ι
2255 3909 2579 3965 cbaritatem
2622 3910 2905 3974 habentes,
2934 3909 3241 3976 unanimes,
3266 3909 3501 3980 idipsum
3524 3910 3773 3965 sentien-

2189 4018 2210 4051 ε
2250 4008 2352 4067 tes,
2401 4000 2533 4056 nihil
2574 4016 2672 4071 per
2712 4000 3131 4067 contentionem,
3178 4015 3354 4070 neque
3402 4014 3502 4070 per
3545 4001 3771 4055 inanem

2189 4110 2208 4145 ι
2255 4091 2478 4163 gloriam
2502 4108 2516 4145 :
2541 4090 2636 4145 sed
2662 4090 2715 4144 in
2742 4089 3042 4145 humilitate
3067 4091 3373 4161 superiores
3397 4090 3503 4145 sibi
3530 4090 3768 4146 invicem

2190 4200 2207 4233 ι
2253 4181 2601 4248 arbitrantes,
2628 4194 2735 4234 non
2760 4195 2882 4250 quae
2924 4194 3021 4235 sua
3057 4188 3183 4235 sunt
3206 4179 3617 4236 considerantes
3645 4182 3763 4236 sin-

2189 4291 2206 4322 ι
2254 4270 2387 4341 guli,
2410 4270 2505 4325 sed
2533 4285 2594 4326 ea
2630 4284 2750 4340 quae
2794 4268 3043 4325 aliorum.
3084 4290 3103 4321 ι
3130 4268 3285 4325 Unde
3311 4277 3367 4325 et
3414 4269 3533 4340 ipse
3575 4269 3765 4326 volens

2174 4357 2415 4427 iuniores
2442 4375 2569 4414 suos
2594 4358 2927 4415 auditoribus
2948 4358 3346 4425 commendare,
3369 4366 3427 4415 et
3446 4375 3553 4415 non
3572 4361 3766 4429 despe-

2178 4460 2322 4517 ctos,
2350 4450 2441 4505 sed
2464 4448 2823 4519 acceptabiles
2868 4448 3116 4517 reddere,
3137 4447 3453 4506 Corinthios
3477 4450 3755 4514 admonet,

2181 4542 2365 4597 dicens
2393 4538 2442 4610 (Ι
2469 4539 2592 4594 Car.
2624 4539 2697 4610 IV)
2734 4559 2746 4594 :
2784 4559 2803 4591 ι
2837 4538 2988 4610 Rogo
3016 4554 3144 4610 ergo
3176 4553 3294 4607 vos,
3336 4539 3548 4605 fratres,
3575 4538 3760 4594 imita-

2187 4652 2205 4683 ι
2252 4641 2397 4687 tores
2418 4631 2525 4686 mei
2547 4639 2740 4697 estote,
2771 4630 2983 4686 sicutet
3007 4645 3107 4703 ego
3130 4626 3354 4687 Christi.
3386 4631 3508 4687 Ideo
3532 4630 3657 4687 misi
3688 4633 3759 4685 ad

2187 4740 2207 4773 ι
2250 4737 2346 4776 vos
2375 4720 2736 4787 Timotheum,
2757 4721 2850 4790 qui
2880 4728 2963 4776 est
2994 4719 3136 4776 ﬁlius
3160 4736 3313 4777 meus
3336 4721 3688 4778 cbarissimus
3708 4731 3763 4777 et

507 4809 619 4863 lum
641 4808 919 4863 civitatum
946 4810 1048 4864 sub
1080 4810 1275 4880 quibus
1301 4811 1403 4880 ipsi
1431 4810 1653 4882 degunt,
1681 4828 1874 4893 manus
1897 4813 2074 4882 bapti-
2104 4805 2156 4865 D
2186 4832 2206 4864 ι
2250 4810 2426 4867 ﬁdelis
2479 4809 2536 4865 in
2578 4809 2826 4876 Domino,
2871 4810 2963 4879 qui
3006 4825 3103 4865 vos
3147 4809 3598 4866 commonefaciat
3642 4810 3764 4865 vias

506 4898 644 4954 satis
669 4899 961 4970 imponere,
978 4909 1039 4954 ut
1064 4899 1335 4970 accipiant
1359 4899 1619 4971 Spiritum
1639 4909 1906 4966 sanctum,
1928 4915 2077 4970 prcs-

506 4988 828 5058 byterosque
868 4996 1032 5058 atque
1063 4988 1351 5055 diaconos,
1383 5004 1593 5045 necnon
1631 4998 1685 5043 et
1717 4997 1941 5044 caeteros
1976 4988 2077 5043 Ec-

505 5074 680 5132 clesia:
709 5077 908 5148 gradus
930 5078 1185 5134 ordinare
1211 5094 1225 5133 :
1250 5078 1341 5133 alii
1386 5093 1514 5134 vero
1555 5076 1898 5145 alllrmantes,
1932 5078 2076 5134 nullo

507 5167 665 5222 modo
708 5170 789 5225 eis
833 5171 937 5226 hoc
964 5170 1322 5226 ministerium
1370 5177 1693 5240 competere,
1730 5171 1827 5226 sed
1864 5176 2073 5226 tantum

505 5253 610 5309 illis
634 5255 898 5328 episcopis
938 5260 1030 5329 qui
1061 5261 1283 5315 urbibus
1302 5268 1558 5330 praesunt.
1591 5259 1665 5313 Ex
1689 5274 1797 5329 quo
1826 5259 2072 5315 videlicet

504 5345 809 5401 excitantur
841 5359 1017 5414 sectae,
1058 5351 1290 5417 invidiae,
1340 5350 1457 5418 iur,
1488 5350 1640 5416 rixae,
1683 5350 2072 5415 aemulationes,

506 5433 886 5504 dissensiones,
909 5441 1420 5509 contentiones:per
1452 5456 1572 5511 quae
1594 5440 1744 5495 multi
1768 5440 1837 5495 de
1856 5438 2068 5508 populo,

506 5523 747 5582 videntes
767 5529 1143 5599 magistrorum
1165 5531 1573 5597 dissensionem,
1599 5547 1701 5585 non
1729 5529 2072 5585 mediocriter

505 5617 955 5675 scandalizantur.

575 5706 687 5763 Non
714 5710 857 5766 enim
892 5709 1191 5777 hujnsmodi
1218 5712 1511 5783 litigatores
1558 5715 1697 5770 illam
1723 5714 2065 5772 concordiam

2191 4921 2210 4952 ε
2255 4915 2421 4963 meas,
2458 4914 2580 4971 qua:
2620 4906 2746 4954 sunt
2783 4900 2836 4954 in
2881 4898 3099 4955 Christo
3126 4898 3278 4967 Jesu,
3311 4899 3454 4956 sicut
3479 4900 3681 4970 ubique
3706 4899 3761 4953 in

2190 5008 2223 5040 ε.
2253 4990 2490 5047 Ecclesia
2523 4990 2711 5046 doceo.
2752 5007 2771 5041 ι
2807 4988 2875 5044 Et
2910 5004 3128 5044 rursum
3177 4989 3230 5061 (Ι
3273 4988 3395 5045 Cor.
3439 4988 3555 5061 xvi)
3587 5006 3602 5042 :
3635 5007 3658 5041 ι
3699 4987 3761 5043 Si

2188 5102 2207 5134 ε
2250 5091 2450 5149 autem,
2486 5082 2679 5152 inquit,
2708 5081 2919 5137 venerit
2959 5081 3298 5147 Timotheus,
3322 5081 3502 5137 videte
3545 5088 3607 5136 ut
3639 5080 3763 5136 sine

2166 5178 2207 5223 ’c
2250 5172 2440 5228 timore
2474 5172 2544 5227 sit
2565 5172 2706 5241 apud
2733 5187 2828 5227 vos
2854 5186 2870 5225 :
2897 5188 3033 5242 opus
3058 5172 3201 5228 enim
3235 5169 3449 5226 Domini
3476 5180 3756 5242 operatur,

2188 5281 2207 5312 ι
2252 5262 2392 5316 sicut
2414 5272 2470 5317 et
2493 5277 2612 5333 ego.
2645 5260 2722 5316 Ne
2743 5262 2866 5331 quis
2888 5277 3020 5332 ergo
3044 5261 3191 5317 illum
3240 5267 3481 5332 spernat,
3503 5259 3758 5315 deducite

2187 5369 2205 5403 ι
2252 5350 2398 5406 illum
2423 5351 2474 5406 in
2507 5366 2658 5421 pace,
2690 5359 2750 5406 ut
2770 5351 2951 5406 veniat
2984 5351 3052 5406 ad
3094 5366 3181 5407 me
3209 5367 3221 5405 :
3245 5358 3498 5424 exspecto
3520 5350 3669 5406 enim
3693 5348 3757 5404 il-

2186 5461 2204 5494 (
2252 5442 2359 5496 lum
2381 5457 2502 5496 cum
2543 5441 2821 5497 fratribus.
2861 5460 2880 5496 ι
2913 5440 3028 5497 Hoc
3075 5450 3252 5496 autem
3297 5449 3622 5513 praeceptum
3653 5439 3757 5495 hu-

2179 5533 2419 5589 militatis
2440 5533 2586 5589 clare
2615 5534 2682 5588 ab
2704 5534 2819 5604 ipsa
2840 5534 3080 5590 Veritate
3100 5536 3344 5606 sumpsit,
3366 5534 3551 5605 quatit:
3576 5533 3755 5588 Evan-

2179 5624 2318 5693 gelio
2346 5625 2636 5694 discipulos
2665 5627 2731 5680 de
2774 5626 3011 5696 primatu
3053 5628 3438 5684 contendentes
3470 5623 3749 5690 instruxit,

2179 5714 2361 5769 dicens
2388 5714 2599 5785 (Manli.
2638 5714 2728 5786 xx)
2771 5734 2783 5769 :
2829 5736 2845 5768 ε
2898 5715 3072 5789 Reges
3119 5717 3359 5785 gentium
3400 5716 3749 5775 dominantur
