4112 6364
333 363 464 420 H97

1599 345 1689 401 DE
1732 344 2286 402 CilOliEi’lSCOPlS.

3430 337 3572 398 ll98t

335 500 355 532 ε
397 487 616 538 eorum,
650 477 707 528 et
728 468 820 540 qui
842 466 1387 539 potestatembabent
1411 477 1573 533 super
1591 476 1707 527 eos,
1742 457 1973 522 bene-’A
1999 459 2315 531 signationis
2354 461 2676 533 pontificalis
2716 460 3036 516 adhibenda:
3075 457 3292 512 sibimet
3334 456 3574 525 arripere

331 588 352 621 ‹
395 566 481 622 fici
504 570 786 619 vocantur.
810 561 919 616 Vos
960 567 1140 614 autem
1180 571 1287 612 non
1318 556 1432 610 sic:
1467 554 1561 610 sed
1590 554 1683 623 qui
1725 551 1896 621 major

333 679 351 710 ι
397 665 482 712 est
507 654 563 709 in
584 652 760 718 vobis,
795 650 889 705 fiat
933 650 1074 704 sicut
1093 646 1311 716 junior;
1369 653 1425 702 et
1466 645 1557 715 qui
1602 658 1899 715 prmeessor

331 769 350 802 ι
395 754 499 812 est,
525 746 663 801 sicut
696 743 1048 798 tninistrator.
1084 758 1102 791 ι
1135 739 1204 793 Et
1224 752 1320 793 suo
1344 751 1438 792 eos
1461 735 1707 804 exemplo
1733 734 1900 790 infor-

327 853 482 893 mans
505 835 767 906 sequitur,
794 833 978 887 dicens
1004 827 1155 901 (Luc.
1181 842 1329 893 xxn;
1357 825 1547 880 Matth.
1578 825 1672 897 xx)
1699 844 1711 879 :
1743 843 1761 875 ι
1788 824 1898 895 Ego

333 947 351 978 ε
393 935 573 982 autem
598 926 656 980 in
690 922 870 978 medio
893 927 1133 974 vestrum
1155 932 1274 973 sum
1304 917 1445 972 sicut
1465 915 1559 986 qui
1580 914 1854 971 ministrat
1883 931 1897 969 :

332 1041 351 1071 ι
394 1019 536 1074 ﬁlius
558 1017 702 1072 enim
734 1012 970 1069 hominis
1000 1002 1110 1065 non
1134 1009 1283 1065 venit
1320 1007 1640 1072 ministrari,
1672 1005 1766 1061 sed
1799 1005 1901 1059 mi-

331 1130 351 1160 ‹
395 1108 646 1168 nistrare.
675 1113 730 1160 et
758 1104 887 1159 dare
909 1102 1141 1156 animam
1174 1113 1330 1155 suam
1360 1096 1780 1167 redemptionem
1801 1110 1901 1165 pro

334 1218 352 1247 ι
394 1197 594 1253 multis.
628 1214 648 1247 ι

398 1285 679 1340 Habebant
702 1282 845 1337 enim
870 1281 971 1351 ipsi
1006 1279 1233 1350 apostoli
1264 1278 1541 1347 adjutores
1566 1276 1623 1332 in
1646 1276 1903 1348 praedica-

326 1378 476 1432 tione
505 1373 780 1445 Evangelii
804 1372 1029 1437 Christi,
1060 1372 1152 1442 qui
1180 1371 1345 1427 etiam
1367 1370 1737 1425 ordinationes
1767 1368 1905 1423 fece-

331 1473 459 1520 runt
504 1482 569 1520 ex
617 1462 899 1534 prmeeptis
943 1476 1152 1517 eorum.
1178 1461 1330 1517 Unde
1386 1460 1581 1530 legitur
1624 1458 1679 1513 in
1718 1458 1903 1513 codice

327 1569 492 1624 quem
517 1554 781 1608 Damasus
804 1565 942 1621 papa
963 1552 1029 1608 de
1050 1550 1317 1622 episcopis
1343 1551 1599 1605 Romana:
1625 1548 1900 1613 Ecclesiae,

328 1654 545 1714 petente
586 1645 914 1715 Hieronymo
959 1643 1308 1715 presbytero,
1364 1642 1706 1712 conscripsit,
1761 1640 1904 1710 quod

332 1735 498 1803 Linus
521 1745 577 1790 et
598 1735 783 1791 Cletus
808 1749 877 1791 ex
904 1743 1173 1806 praecepto
1195 1734 1341 1790 beati
1368 1733 1515 1789 Petri
1536 1733 1904 1789 ordinationes

2000 551 2307 607 facultatem
2336 570 2350 605 :
2374 568 2482 607 non
2506 556 2769 620 praesente
2792 547 3032 618 quolibet
3053 546 3313 611 antistite,
3340 545 3445 599 nisi
3465 543 3575 598 for-

2003 649 2146 696 tasse
2163 639 2474 709 jubeantur,
2503 642 2586 695 vel
2610 636 2870 693 orationis
2890 635 2972 691 vel
3000 635 3227 692 actionis
3252 650 3422 690 sacra:
3449 649 3577 703 sup-

2000 741 2186 802 petere
2220 730 2321 786 sibi
2373 738 2703 801 przcsumant
2745 727 3018 782 licentiam
3054 745 3067 780 :
3097 740 3272 795 neque
3319 725 3418 781 sub
3456 725 3574 796 ejus

2002 831 2247 894 aspectu,
2279 821 2385 876 nisi
2412 821 2725 892 jubeantur,
2753 826 2849 873 aut
2891 818 3079 875 sedere
3105 825 3455 888 praesumant,
3487 826 3585 871 aut

2001 913 2328 971 venerabilia
2353 920 2589 967 tractare
2612 910 2870 982 mysteria
2900 927 2914 963 :
2946 923 3047 965 nec
3091 909 3194 965 sibi
3231 907 3578 964 meminerint

2001 1005 2109 1061 ulla
2140 1004 2346 1061 ratione
2390 1000 2634 1067 concedi,
2665 999 2783 1055 sine
2811 1013 3022 1053 summo
3050 996 3329 1068 pontifice,
3353 995 3575 1052 subdia-

2002 1112 2197 1155 conum
2224 1095 2308 1151 vel
2336 1094 2642 1164 acolythum
2662 1090 2753 1161 jus
2775 1089 2977 1146 habere
3001 1088 3231 1143 faciendi
3255 1106 3268 1141 :
3292 1102 3393 1143 nec
3418 1101 3576 1156 pror-

2002 1204 2094 1245 sus
2119 1187 2382 1252 dubitent,
2420 1184 2463 1239 si
2489 1183 2781 1254 quidquam
2808 1180 2877 1236 ad
2897 1178 3199 1251 episcopale
3219 1178 3579 1233 ministerium

2002 1277 2310 1349 specialiter
2331 1276 2626 1347 pertinens,
2653 1288 2753 1330 suo
2782 1280 2914 1328 nutu
2955 1270 3262 1342 putaverint
3279 1283 3579 1340 exsequen-

2003 1370 2153 1443 dum,
2178 1367 2432 1423 eontinuo
2460 1379 2519 1421 se
2545 1362 2867 1436 presbyterii
2894 1361 3157 1434 dignitate
3177 1368 3231 1416 et
3259 1374 3415 1415 sacra
3436 1375 3584 1416 com-

2004 1460 2259 1517 munione
2285 1458 2508 1530 privari.
2542 1477 2561 1508 ι

2074 1550 2151 1606 De
2174 1548 2571 1620 Cborepiscopis
2595 1557 2777 1604 autem
2827 1548 2881 1602 in
2920 1546 3204 1618 Ancyrano
3229 1546 3460 1602 concilio
3508 1546 3584 1601 ita

2006 1647 2265 1717 scriptum
2293 1654 2378 1702 est
2406 1644 2560 1718 (Cau.
2593 1644 2684 1717 12)
2724 1663 2737 1698 :
2775 1664 2793 1695 ι
2822 1643 3237 1713 Cborepiscopis
3284 1657 3392 1697 non
3420 1639 3586 1695 licere

2008 1740 2356 1812 presbyteros
2380 1745 2473 1794 aut
2500 1738 2757 1794 diaconos
2794 1736 3070 1802 ordinare,
3096 1735 3192 1793 sed
3235 1750 3339 1791 nec
3365 1733 3589 1805 presby-

330 1826 766 1896 presbyterorum
789 1824 1033 1880 fecerunt
1060 1841 1073 1877 :
1104 1838 1228 1879 cum
1253 1832 1433 1878 tamen
1452 1832 1576 1894 post
1597 1822 1907 1892 passionem

2020 1806 2156 1888 teres
2174 1806 2432 1897 civitatis,
2469 1829 2587 1886 sine
2613 1838 2882 1902 praecepto
2917 1829 3154 1901 episcopi
3181 1827 3269 1885 vel
3290 1826 3504 1891 litteris,
3530 1824 3589 1879 in

331 1917 497 1983 Petri,
528 1934 637 1972 non
670 1918 767 1983 illi,
802 1919 905 1977 sed
943 1917 1209 1985 Clemens,
1240 1918 1294 1974 in
1336 1918 1596 1973 honorem
1638 1919 1911 1974 cathedrae

331 2009 674 2074 successerit,
706 2010 823 2080 ipso
856 2009 1030 2065 eidem
1070 2010 1314 2065 tradente
1349 2008 1592 2079 principe
1636 2008 1909 2078 apostolo-

332 2114 475 2165 rum,
516 2100 656 2155 sicut
703 2099 929 2170 epistola
976 2098 1217 2168 ejusdem
1244 2099 1556 2166 Clementis,
1600 2100 1801 2169 scripta
1843 2114 1912 2155 ex

332 2188 588 2244 mandato
611 2188 758 2245 Petri
782 2190 850 2245 ad
872 2188 1130 2246 Jacobum
1156 2189 1380 2246 fratrem
1405 2191 1639 2258 Domini,
1663 2200 1909 2247 testatur.

334 2275 480 2357 lline
500 2294 627 2334 reor
651 2280 797 2351 quod
830 2296 963 2337 usus
992 2280 1501 2352 cborepiscoporum
1525 2281 1702 2351 primo
1743 2281 1910 2351 origi-

334 2384 460 2425 nem
483 2372 798 2441 sumpserit,
836 2381 893 2427 et
931 2373 1195 2429 hactenus
1227 2373 1284 2427 in
1322 2371 1561 2429 Ecclesia
1584 2372 1909 2438 retineatur,

335 2466 395 2512 ut
422 2459 522 2530 ipsi
565 2462 935 2532 ehorepiseopi
978 2478 1011 2517 a
1060 2462 1296 2533 propriis
1349 2463 1617 2534 episcopis
1656 2463 1912 2530 ordinati,

326 2548 486 2619 juxta
509 2560 837 2622 praeceptum
858 2565 1070 2620 eorum,
1091 2552 1344 2607 diaconos
1376 2560 1432 2606 et
1455 2551 1826 2623 presbyteros,
1852 2566 1917 2608 ac

335 2649 564 2719 caeteros
596 2639 797 2710 gradus
819 2641 1088 2708 ordinent,
1112 2647 1276 2710 atque
1303 2639 1516 2711 reliqua
1542 2639 1715 2697 ofﬁcia
1736 2655 1916 2698 sacer-

339 2730 542 2786 dotalia
572 2739 853 2802 peragant.
1033 2759 1048 2774 -
1356 2768 1367 2798 _i

416 2820 569 2878 Unde
596 2821 767 2877 miror
790 2823 1061 2892 quomodo
1083 2822 1173 2877 isti
1199 2823 1292 2894 qui
1332 2824 1474 2880 hanc
1516 2822 1918 2880 contentionem

338 2919 576 2976 movent,
589 2911 833 2966 ordinem
854 2910 1356 2981 chorepiscoporum
1376 2920 1585 2968 tantum
1596 2912 1915 2984 despiciant,

338 3008 399 3053 ut
426 3014 563 3069 pene
594 3000 676 3055 eis
700 2999 834 3054 nihil
865 3000 1095 3070 amplius
1121 3017 1152 3056 a
1191 3001 1455 3072 dignitate
1480 3003 1917 3075 presbyterorum

340 3091 584 3146 tribuant
613 3107 627 3145 :
655 3104 780 3146 eum
819 3092 923 3148 hoc
951 3105 1052 3146 nec
1095 3106 1380 3159 novorum,
1426 3108 1527 3149 nec
1550 3092 1916 3163 antiquorum,

2009 1938 2334 1994 unaquaque
2381 1922 2660 1993 parochia.
2697 1942 2715 1973 ι
2748 1922 3018 1986 Attendo,
3068 1920 3215 1992 quod
3283 1933 3393 1975 non
3435 1917 3587 1981 dicit,

2011 2013 2411 2084 Cborepiscopis
2441 2028 2548 2069 non
2573 2013 2735 2068 licere
2775 2012 2991 2083 penitus
3027 2011 3285 2067 diaconos
3308 2017 3400 2064 aut
3424 2020 3581 2079 pres-

2010 2104 2229 2177 byteros
2272 2103 2526 2158 ordinare
2543 2142 2559 2167 ,
2584 2102 2678 2156 sed
2703 2116 2809 2157 non
2831 2101 2986 2156 aliter
3014 2100 3202 2166 licere,
3231 2098 3335 2154 nisi
3360 2113 3429 2153 ex
3452 2111 3590 2168 pra:-

2012 2202 2170 2265 cepto
2208 2194 2443 2266 episcopi
2485 2193 2569 2249 sui
2606 2191 2691 2249 vel
2735 2192 2930 2248 litteris
2969 2192 3023 2247 in
3066 2202 3389 2261 unaquaque
3426 2201 3588 2258 paro-

2012 2286 2156 2341 cltia.

2083 2377 2214 2433 Item
2243 2377 2298 2432 in
2319 2376 2652 2431 Antiocheno
2678 2372 2907 2431 concilio
2941 2372 3235 2443 siolegitur
3270 2369 3425 2436 (Can.
3456 2366 3543 2440 10)
3574 2386 3588 2421 :

2022 2486 2039 2519 ι
2076 2466 2178 2534 Qui
2205 2467 2260 2522 in
2286 2466 2421 2522 vicis
2443 2465 2530 2522 vel
2565 2463 2996 2536 possessionibus
3027 2459 3399 2533 cliorepiscopi
3420 2458 3593 2514 nomi-

2021 2566 2239 2623 nantur,
2265 2557 2516 2628 quamvis
2550 2572 2745 2612 manus
2778 2554 3178 2627 impositionem
3213 2550 3592 2623 episcoporum

2016 2650 2379 2721 perceperint,
2419 2659 2476 2705 et
2512 2658 2573 2706 ut
2617 2649 2854 2720 episcopi
2881 2645 3183 2705 consecrati
3225 2644 3356 2710 sint,
3413 2650 3596 2698 tamen

2017 2757 2188 2798 sacra:
2212 2741 2418 2812 synodo
2444 2740 2669 2812 placuit,
2698 2750 2760 2795 ut
2782 2740 3000 2796 modum
3033 2737 3309 2810 proprium
3330 2748 3596 2804 recogno-

2018 2842 2193 2900 scant,
2222 2840 2277 2889 et
2302 2832 2605 2904 gubernent
2632 2829 2903 2899 subjectas
2938 2828 3041 2884 sibi
3065 2826 3348 2891 ecclesias,
3379 2838 3597 2879 earum-

2019 2940 2125 2995 que
2180 2923 2549 2979 moderamine
2576 2935 2812 2990 curaque
2867 2917 3106 2975 contenti
3151 2916 3280 2972 sint.
3337 2913 3602 2971 Ordincnt

2019 3016 2184 3071 etiam
2210 3015 2441 3071 lectores
2459 3021 2515 3070 et
2535 3012 2891 3068 subdiaconos
2916 3019 3081 3080 atque
3122 3006 3442 3063 exorcistas.
3464 3001 3597 3070 Qui-

2020 3107 2123 3162 bus
2162 3105 2529 3176 promotiones
2574 3103 2690 3159 ista:
2728 3099 2993 3158 sufﬁciant
3030 3116 3046 3154 :
3082 3113 3185 3154 nec
3222 3096 3602 3167 presbyterum

340 3197 445 3237 nec
470 3181 634 3237 etiam
657 3183 790 3253 ipsis
811 3183 1176 3252 apostolorum
1202 3183 1549 3255 dogmatibus
1569 3184 1917 3240 consuetudi-

2020 3214 2167 3263 vero,
2201 3214 2301 3254 nec
2321 3197 2606 3253 diaconum
2632 3193 2867 3250 audeant
2892 3190 3143 3246 ordinare
3184 3195 3381 3259 praeter
3406 3184 3598 3240 civita-

341 3271 609 3341 nibusque
639 3273 945 3338 conveniat,
980 3273 1074 3328 sed
1112 3274 1166 3328 in
1209 3289 1372 3330 sensu
1398 3273 1559 3330 simul
1598 3290 1629 3329 a
1670 3275 1920 3346 dogmate

340 3362 645 3418 dissentiat.
675 3363 1015 3419 Claretenim
1046 3364 1171 3431 hoc,
1201 3367 1345 3436 quod
1370 3366 1424 3421 in
1450 3366 1536 3421 his
1568 3381 1675 3422 non
1703 3366 1843 3421 ratio
1866 3374 1922 3421 et

341 3452 642 3521 humilitas,
689 3454 786 3510 sed
814 3454 1016 3509 invidia
1050 3463 1211 3525 atque
1238 3456 1492 3525 superbia
1527 3456 1874 3512 dominentur
1902 3474 1915 3510 :

341 3543 417 3597 ita
442 3550 502 3598 ut
522 3543 794 3614 despectis
828 3545 1271 3614 eooperatoribus
1298 3546 1430 3612 suis,
1461 3547 1561 3616 ipsi
1589 3547 1688 3602 soli
1728 3556 1919 3617 poten-

342 3642 427 3690 tes
456 3648 521 3690 ac
550 3633 977 3689 sanetilicatione
1021 3632 1285 3705 pollentes
1330 3636 1502 3691 videri
1543 3644 1801 3706 appetant
1828 3654 1840 3689 :
1869 3644 1925 3691 et

340 3726 448 3782 hoc
472 3726 617 3797 quod
652 3726 827 3782 sancti
853 3726 1041 3782 Patres
1075 3726 1145 3781 ad
1174 3727 1520 3784 concordiam
1558 3736 1617 3783 et
1662 3729 1920 3783 unionem

341 3816 569 3886 singulis
596 3816 946 3886 dignitatibus
965 3817 1424 3886 conscripserunt,
1454 3817 1556 3887 ipsi
1585 3817 1760 3888 magis
1779 3819 1927 3874 dam-

343 3909 621 3964 nationem
671 3907 915 3973 noxiam,
963 3922 1126 3977 quam
1182 3908 1475 3964 discretam
1520 3909 1924 3979 dispositionem

341 4013 466 4055 esse
517 4004 724 4067 putent.
755 3994 1081 4065 Praecipiunt
1106 3996 1252 4052 enim
1294 3997 1435 4051 sacri
1470 4011 1708 4052 canones
1747 3995 1925 4065 quali-

346 4098 430 4143 ter
456 4085 826 4157 unusquisque
869 4085 1003 4141 ordo
1029 4100 1339 4142 mensuram
1378 4101 1533 4143 suam
1572 4087 1863 4153 custodiat,
1894 4102 1926 4140 a

346 4177 574 4231 minimo
618 4190 791 4245 usque
820 4174 888 4230 ad
907 4175 1226 4242 maximum,
1249 4185 1306 4231 et
1326 4176 1504 4232 minor
1517 4178 1716 4249 gradus
1737 4177 1925 4248 majori

346 4279 565 4335 semper
584 4263 831 4320 subditus
851 4264 948 4319 ﬁat
978 4281 992 4319 :
1025 4265 1101 4319 ita
1123 4272 1183 4320 ut
1204 4265 1416 4322 diaconi
1444 4266 1650 4337 absque
1676 4266 1928 4337 episcopo

345 4358 434 4414 vel
454 4358 770 4429 presbytero
815 4357 1094 4429 baptizare
1137 4372 1244 4413 non
1282 4367 1632 4429 praesumant,
1661 4357 1764 4413 nisi
1792 4374 1929 4430 pra:-

346 4450 509 4506 dietis
533 4448 782 4506 fortassis
825 4447 1018 4504 officiis
1041 4447 1254 4518 longius
1278 4449 1588 4505 constitutis
1631 4449 1928 4505 necessitas

345 4539 901 4610 extremaeompellat
933 4558 946 4594 :
974 4546 1032 4595 et
1052 4548 1112 4594 ut
1133 4540 1363 4612 gratiam
1398 4555 1568 4597 sacrm
1589 4540 1923 4597 communio-

347 4632 436 4686 nis
457 4637 580 4701 post
616 4630 962 4700 presbyteros
989 4630 1259 4699 accipiant
1294 4630 1527 4697 diaconi,
1552 4640 1646 4686 aut
1682 4631 1934 4701 episcopo

347 4722 429 4777 eis
447 4729 543 4776 aut
557 4720 875 4791 presbytero
896 4719 1208 4790 porrigeute
1239 4736 1253 4773 :
1286 4720 1380 4774 sed
1407 4735 1509 4776 nec
1536 4722 1724 4776 sedere
1745 4722 1802 4776 in
1825 4736 1935 4775 me-

348 4813 441 4868 dio
466 4810 910 4882 presbyterorum
949 4808 1192 4864 diaconis
1218 4807 1399 4873 liceat,
1428 4823 1530 4865 nec
1555 4809 1720 4865 etiam
1746 4824 1933 4865 coram

350 4902 671 4972 presbytero
703 4901 891 4957 sedere
921 4901 1178 4965 audeant,
1213 4899 1310 4956 sed
1341 4899 1588 4971 jussione
1630 4900 1932 4972 presbyteri

350 4997 595 5053 sedeant.
621 4996 883 5052 Similiter
905 5010 1120 5067 quoque
1162 4996 1443 5063 mandant,
1467 5005 1528 5051 ut
1565 4996 1810 5053 diaconis
1832 4997 1932 5053 ho-

351 5100 455 5140 nor
477 5084 795 5140 exhibeatur
820 5083 888 5138 ab
911 5084 1357 5154 obsequentibus,
1382 5084 1436 5140 id
1459 5093 1565 5151 est,
1586 5084 1931 5142 subdiaconis

350 5183 409 5229 et
436 5172 688 5229 omnibus
712 5171 944 5229 clericis.

424 5262 503 5317 De
524 5263 859 5333 presbyteris
891 5278 1025 5319 vero
1062 5264 1116 5318 in
1145 5262 1381 5318 decretis
1429 5262 1631 5319 Gelasii
1660 5278 1812 5334 papae
1853 5261 1929 5315 ita

354 5354 615 5424 scriptum
639 5362 723 5409 est
750 5352 949 5424 (Getas.
980 5352 1033 5419 I,
1087 5370 1170 5424 ep.
1218 5354 1275 5419 9,
1316 5371 1364 5408 ο.
1397 5355 1452 5424 6)
1482 5369 1497 5408 :
1532 5374 1550 5406 ι
1588 5354 1698 5410 Nec
1750 5354 1931 5409 minus

355 5444 517 5498 etiam
540 5444 887 5516 presbyteros
913 5443 1055 5498 ultra
1083 5458 1239 5498 suum
1271 5443 1489 5499 modum
1513 5445 1733 5500 tendere
1755 5442 1935 5513 prohi-

354 5531 566 5597 bemus,
592 5547 694 5588 nec
715 5532 1003 5603 episcopali
1035 5531 1254 5602 fastigio
1297 5531 1475 5587 debita
1524 5532 1741 5588 sibimet
1767 5532 1931 5588 auda-

358 5629 475 5675 cter
497 5634 770 5678 assumere
795 5642 809 5678 :
832 5640 933 5679 nec
959 5623 1278 5680 conficiendi
1316 5622 1648 5691 chrismatis,
1675 5638 1774 5680 nec
1803 5638 1934 5680 con-

431 5751 457 5779 ιι
480 5739 828 5797 Parenthesis
855 5752 936 5800 est
960 5744 1195 5809 Rubelli.t

2021 3291 2091 3346 tis
2116 3288 2425 3359 episcopum
2471 3284 2547 3355 (id
2581 3291 2666 3340 est
2709 3292 2906 3353 praeter
2944 3277 3331 3335 conscientiam
3365 3271 3603 3329 civitatis

2020 3381 2259 3452 episcopi
2289 3379 2338 3452 ιι)
2365 3378 2450 3434 cui
2486 3378 2602 3448 ipse
2628 3390 2750 3434 cum
2778 3371 3119 3445 possessione
3145 3376 3230 3425 est
3254 3364 3546 3436 subjectus.
3578 3382 3597 3413 ι

2021 3472 2157 3528 Cum
2181 3480 2362 3527 autem
2389 3468 2807 3539 chorepiscopos
2830 3479 3027 3521 manus
3061 3460 3458 3532 impositionem
3482 3456 3602 3527 epi—

2024 3575 2312 3631 scoporum
2335 3558 2616 3629 percipere
2641 3556 2805 3619 dicat,
2838 3562 2896 3610 et
2940 3552 3160 3623 quidem
3197 3550 3341 3607 sicut
3366 3545 3604 3617 episcopi
3634 3568 3641 3574 -

2023 3652 2330 3708 consecrati
2376 3649 2487 3704 sint
2533 3665 2547 3703 :
2591 3662 2689 3702 cur
2732 3660 2859 3700 cum
2894 3657 3163 3699 consensu
3209 3640 3603 3709 episcoporum,

2023 3743 2220 3814 quibus
2244 3738 2470 3808 subjecti
2500 3745 2648 3803 sunt,
2675 3734 3112 3792 consecrationes
3138 3742 3418 3787 sacromm
3452 3724 3602 3782 ordi-
3630 3764 3635 3769 .

2026 3850 2155 3890 num
2191 3833 2274 3888 eis
2300 3831 2484 3887 facere
2529 3844 2636 3885 non
2669 3827 2816 3892 licet,
2855 3834 2911 3883 et
2942 3840 3066 3881 eum
3109 3821 3402 3879 chrismate
3450 3830 3607 3873 sacro

2024 3921 2213 3977 fideles
2232 3918 2583 3989 consignare?
2611 3916 2823 3972 Vanum
2841 3924 2928 3971 est
2945 3914 3112 3979 enim,
3135 3921 3460 3981 quemquam
3478 3920 3610 3961 con-

2025 4012 2378 4068 secrationem
2401 4007 2765 4080 episcopalem
2789 4004 3006 4070 habere,
3033 4004 3080 4059 si
3110 3998 3471 4058 ministerium
3495 3995 3607 4067 epi-

2026 4102 2176 4172 scopi
2212 4102 2263 4157 ei
2303 4115 2411 4157 non
2456 4100 2586 4155 licet
2635 4112 2816 4169 agere.
2856 4095 2940 4152 Ad
2985 4094 3116 4165 quid
3146 4107 3279 4164 ergo
3320 4090 3606 4147 invocatur
3675 4124 3678 4127 ι

2028 4191 2263 4262 Spiritus
2288 4199 2507 4247 sanctus
2542 4189 2612 4244 ab
2643 4188 2898 4259 episcopo
2932 4184 3246 4242 ordinatore
3297 4179 3608 4238 sanctifica-

2027 4284 2231 4339 tionem
2257 4296 2508 4352 personat
2526 4279 2856 4346 ordinandas,
2879 4287 2937 4334 et
2960 4275 3167 4333 tribuat
3191 4273 3379 4348 [Forte
3396 4280 3459 4329 ut
3485 4286 3611 4328 san-

2028 4374 2412 4433 ctificationem
2458 4385 2706 4444 personm
2750 4369 3069 4429 ordinanda:
3105 4363 3357 4437 tribuat],
3397 4361 3446 4418 si
3493 4360 3612 4430 ipse

2031 4466 2311 4520 invocator
2343 4470 2400 4518 ct
2429 4462 2727 4528 ordinator,
2772 4466 2899 4532 post
2933 4456 3423 4521 consecrationem,
3448 4466 3614 4522 quam

2032 4554 2132 4608 rite
2154 4553 2381 4623 peregit,
2409 4550 2855 4623 reprehenderit?
2877 4547 3130 4618 Nunquid
3163 4545 3454 4602 Dominum
3481 4540 3610 4596 irri-

2031 4646 2142 4708 det,
2178 4642 2333 4712 cujus
2375 4643 2576 4699 donum
2610 4642 2805 4711 poscit,
2845 4656 2969 4695 cum
3007 4646 3197 4709 postea
3242 4636 3376 4692 illud
3406 4634 3611 4691 donum

2032 4733 2331 4802 spreverit?
2376 4731 2628 4801 Nunquid
2656 4746 2765 4786 non
2806 4738 2873 4785 et
2911 4727 3204 4792 calumnia,
3253 4740 3360 4797 qua
3394 4722 3613 4780 Domini

2031 4823 2474 4892 significationem
2523 4821 2710 4895 [Forte
2756 4816 3266 4889 sanetiflcationem]
3314 4814 3509 4880 illudit,
3544 4812 3616 4868 ad

2032 4914 2208 4984 ipsum
2245 4920 2523 4968 auctorem
2566 4910 3010 4969 sanctificationis
3051 4906 3349 4980 pertingit?
3385 4903 3614 4959 Planum

2036 5016 2121 5062 est
2147 5021 2277 5078 ergo
2298 5005 2518 5077 quodin
2545 5004 2751 5076 Spiritu
2792 5012 2981 5060 sancto
3006 5016 3107 5073 per
3124 5000 3350 5056 verbum
3371 4995 3471 5054 Dei
3494 5009 3614 5052 om-

2036 5095 2125 5152 nis
2148 5094 2503 5151 sanetificatio
2522 5093 2864 5163 adimpletur.
2898 5091 2970 5147 Et
2993 5103 3163 5161 quare
3208 5102 3318 5143 non
3351 5083 3613 5156 pertime-

2038 5185 2142 5241 scit
2162 5186 2561 5255 blasphemare,
2588 5193 2659 5239 et.
2675 5184 2934 5254 derogare
2956 5180 3194 5251 Spiritus
3216 5176 3391 5234 sancti
3422 5182 3614 5246 poten-

2038 5278 2162 5333 tim?
2181 5293 2305 5333 cum
2327 5278 2589 5347 scriptum
2620 5276 2692 5331 sit
2719 5273 2871 5349 (Luc.
2899 5273 3002 5344 xu)
3034 5290 3049 5327 :
3083 5289 3103 5323 ι
3142 5270 3246 5339 Qui
3269 5267 3468 5325 dixerit
3490 5281 3614 5321 ver.

2045 5387 2064 5421 ι
2109 5369 2238 5425 bum
2264 5377 2452 5424 contra
2504 5367 2676 5423 filium
2728 5365 2984 5431 hominis,
3043 5362 3352 5419 remittetur
3388 5358 3439 5415 ei
3471 5371 3487 5412 :
3519 5355 3610 5426 qui

2043 5477 2061 5511 ι
2105 5466 2282 5514 autem
2317 5457 2516 5512 dixerit
2548 5464 2739 5513 contra
2777 5455 3040 5526 Spiritum
3080 5460 3356 5517 sanctum,
3380 5464 3487 5506 non
3519 5462 3610 5503 re—

2043 5567 2061 5600 ι
2106 5548 2353 5603 mittetur
2386 5547 2457 5613 ei,
2502 5558 2680 5617 neque
2713 5546 2769 5600 in
2803 5545 2909 5601 hoc
2949 5538 3163 5607 saeculo,
3202 5553 3379 5612 neque
3425 5539 3481 5594 in
3526 5536 3610 5591 fu-

2039 5658 2058 5690 i
2107 5645 2247 5694 turo.
2277 5657 2296 5690 ι
2330 5636 2483 5694 Unde
2515 5635 2707 5694 Petrus
2726 5635 3001 5709 apostolus
3040 5635 3102 5691 in
3142 5633 3366 5691 Actibus
3396 5636 3608 5701 aposto-
