4112 6364
462 377 624 443 ’1199

1172 384 1232 439 Β.
1277 383 1527 439 ιωυΑΝι
1570 374 1784 440 MKURI
1825 381 2068 438 ARCIHE

2185 379 2491 463 MOGUNT.
2519 372 2813 437 "OPERUM
2847 374 3124 435 PARS".

3608 382 3752 439 121³6

488 503 680 563 lorum,
703 514 826 554 cum
846 483 1150 554 Cornelium
1176 497 1547 553 centurionem
1568 506 1620 551 et
1644 512 1738 563 eos
1765 496 1856 566 qui
1880 507 2064 549 secum
2093 496 2142 553 Α
2171 500 2334 545 raret.
2367 491 2441 546 De
2468 506 2574 560 quo
2598 499 2651 544 et
2679 491 2793 561 ipsa
2818 491 3054 554 Veritas,
3083 490 3371 559 dissipatos
3399 490 3465 545 ad
3493 490 3756 547 imitatio-

488 598 647 644 erant
672 590 879 643 videret
919 588 1193 658 accepisse
1218 590 1449 658 gratiam
1501 587 1736 655 Spiritus
1761 585 1956 649 sancti,
1980 583 2070 637 Ju-

491 681 633 733 daeos
657 686 847 732 contra
876 692 935 731 se
963 676 1287 741 altercantes
1333 692 1432 748 pro
1475 691 1540 730 eo
1582 676 1722 746 quod
1769 676 1836 729 ad
1883 681 2070 745 gentes

489 767 741 824 introiret
762 776 817 820 et
840 768 1187 821 manducaret
1212 782 1334 833 cum
1363 766 1488 830 illis,
1516 750 1615 820 tali
1642 780 1897 834 responso
1920 764 2069 827 refu-

489 857 591 922 t‘at,
630 858 816 913 dicens
848 877 860 911 :
905 878 922 910 c
960 856 1016 933 Si
1042 873 1173 929 ergo
1211 859 1457 933 eamdem
1494 858 1721 928 gratiam
1772 857 1920 911 dedit
1962 855 2075 935 illis)

493 970 511 1001 ι
558 950 700 1004 Deus
723 940 867 1017 sicut
896 945 949 1004 et'
979 947 1153 1013 nobis,
1180 950 1271 1019 qui
1303 947 1631 1003 credidimus
1683 947 1736 1001 in
1762 947 2068 1001 ’Dominum

493 1059 513 1091 (
554 1040 741 1095 Jesum
770 1040 1091 1096 Christum".
1126 1056 1225 1109 ego
1251 1037 1372 1109 quis
1401 1055 1547 1093 eram
1580 1038 1920 1109 quipossem
1942 1050 2067 1107 pro-

494 1152 513 1183 ι
562 1133 749 1187 bibere
778 1132 1103 1201 Dominum?
1122 1131 1229 1185 llis
1259 1131 1460 1186 auditis
1485 1138 1791 1193 tacuerunt,
1816 1139 1870 1184 et
1902 1128 2066 1200 glori-

496 1243 512 1272 ι
559 1223 858 1277 ticaverunt
904 1222 1209 1286 Dominum,
1247 1222 1489 1276 dicentes
1525 1237 1539 1275 :
1568 1221 1709 1292 Ergo
1739 1231 1793 1275 et
1822 1220 2072 1290 gentibus

494 1333 512 1365 (
561 1316 700 1370 Deus
718 1314 1087 1384 paenitentiam
1111 1311 1179 1367 ad
1203 1312 1368 1366 vitam
1393 1311 1539 1368 dedit
1562 1311 1700 1380 (Act.
1730 1310 1830 1381 xi).
1858 1330 1874 1375 ρ
1899 1297 2068 1377 Quem

487 1419 618 1471 ergo
645 1395 785 1458 Deus
807 1403 947 1457 dono
970 1403 1195 1472 spiritus
1222 1402 1305 1455 sui
1334 1402 1589 1465 honorat,
1621 1415 1722 1454 non
1752 1409 1830 1456 est
1863 1409 2068 1465 rectum

489 1505 548 1547 ut
574 1494 643 1548 ab
672 1492 978 1548 hominibus
1010 1493 1411 1549 dehonestetur.
1455 1491 1563 1545 Nec
1604 1490 1761 1545 debet
1785 1489 2068 1559 quisquam

488 1600 586 1653 pro
608 1584 876 1639 calumnia
898 1583 1332 1653 deputare,quod
1358 1582 1538 1637 divina
1569 1581 1922 1652 dispositione
1943 1596 2070 1635 cou-

488 1681 598 1728 stat
625 1674 930 1729 ordinatum
959 1688 1081 1729 esse
1109 1692 1124 1726 :
1150 1688 1270 1742 quae
1294 1672 1436 1727 enim
1459 1681 1604 1735 sunt,
1632 1686 1661 1724 a
1684 1670 1795 1726 Deo
1823 1670 2069 1725 ordinata

490 1772 636 1818 sunt.
689 1762 922 1818 Proinde
983 1778 1086 1818 nec
1122 1762 1467 1818 inferioribus
1520 1761 1787 1833 episcopis
1838 1760 2072 1831 dignitas

2122 580 2129 593 '
2172 595 2296 657 nem
2339 582 2419 635 sui
2451 595 2783 651 provocans,
2812 581 2887 634 ait
2916 598 2928 634 :
2968 600 2985 629 (
3020 579 3210 634 Tollite
3233 580 3418 651 jugum
3446 596 3624 637 meum
3655 599 3757 638 su-

2175 688 2194 720 (
2227 684 2329 739 per
2351 683 2466 735 vos,
2495 678 2551 723 et
2575 669 2767 724 discite
2796 685 2825 722 a
2854 684 2941 723 me
2974 670 3098 737 quia
3130 669 3274 723 mitis
3308 686 3427 724 sum
3454 681 3509 725 et
3533 671 3759 726 humilis

2178 775 2198 808 (
2228 744 2501 823 ’ροτὰρίὲῑ
2528 758 2813 833 invenietis
2839 758 3077 827 requiem”
3104 758 3385 813 animabus
3406 759 3617 815 vestris.
3640 759 3755 813 Ju-

2178 866 2195 900 (
2231 838 2355 925 gum
2395 849 2537 902 enim
2587 832 2762 929 meum
2812 848 2981 903 suave
3022 857 3134 914 est,
3176 858 3229 903 ct
3256 858 3396 903 unus
3423 864 3600 905 meum
3634 851 3749 905 leve

2177 957 2195 989 ‹
2231 937 2439 1008 (Matth.
2480 940 2650 1009 30).»
2692 936 3028 1008 lloc'jugum
3070 953 3168 1007 per
3204 936 3526 1013 charitatem
3568 939 3759 994 ﬁdeles

2172 1029 2361 1092 sociat,
2391 1029 3047 1099 non'per‘contentionem
3081 1030 3306 1099 dissipat
3336 1048 3349 1082 :
3378 1030 3586 1101 hocque
3613 1047 3757 1087 onus

2174 1132 2279 1171 non
2315 1117 2571 1187 opprimit
2604 1132 2669 1172 se
2704 1127 3006 1187 portantem
3042 1134 3148 1189 per
3172 1120 3425 1189 ponderis
3459 1123 3756 1191 gravide-

2173 1225 2321 1274 nem,
2351 1211 2443 1264 sed
2466 1211 2639 1281 magis
2661 1210 2902 1265 sublevat
2923 1226 2985 1266 ac
3008 1219 3276 1266 sustentat
3297 1226 3395 1283 per
3412 1214 3590 1268 solatii
3616 1228 3753 1270 con-

2125 1305 2129 1308 ’
2179 1294 2516 1355 solutionem.

2244 1391 2384 1446 Nihil
2420 1408 2549 1464 ergo
2570 1392 2721 1461 juvat
2762 1394 3181 1464 reprehensores
3219 1396 3319 1451 hos
3351 1402 3405 1449 et
3433 1396 3757 1466 vaniloquos
3802 1411 3807 1417 '

2175 1484 2462 1553 magistros
2481 1525 2494 1544 .
2525 1485 2652 1553 quia
2685 1485 2752 1539 ad
2791 1484 3155 1540 defensionem
3185 1486 3386 1540 erroris
3418 1487 3498 1540 sui
3530 1487 3659 1540 illud
3681 1488 3757 1542 de

2171 1574 2399 1647 Artibus
2424 1576 2786 1646 apostolorum
2826 1591 3038 1631 sumere
3074 1577 3350 1639 nituntur,
3394 1578 3519 1647 quia
3557 1577 3755 1632 Petrus

2175 1674 2230 1718 et
2256 1644 2514 1720 "Joannes
2562 1666 2713 1719 missi
2743 1667 2849 1719 sint
2880 1665 2948 1719 ab
2983 1667 3239 1736 apostolis
3269 1668 3335 1722 de
3363 1666 3755 1739 Hierosolymis

2175 1738 2554 1837 in’Sam’ariam
2574 1795 2588 1817 ,
2620 1764 2680 1808 ιιι
2707 1755 3043 1824 imponerent
3072 1756 3180 1810 illis
3203 1748 3423 1820 manus,
3450 1756 3541 1827 qui
3566 1773 3596 1810 a
3616 1738 3757 1811 Phi-

488 1852 693 1923 proprii
757 1853 956 1924 gradus
990 1852 1217 1917 tollitur,
1256 1867 1380 1906 cum
1445 1850 1859 1920 metropolitano
1905 1838 2145 1929 totius‘3
2171 1844 2316 1917 lippo
2358 1846 2803 1916 baptizabantur,
2842 1857 3109 1916 quatenus
3158 1848 3461 1919 acciperent
3487 1847 3755 1919 Spiritum

489 1942 780 2011 provincia:
798 1957 928 1997 cura
962 1942 1258 2012 delegatur.
1295 1941 1424 1995 Nam
1459 1941 1579 1995 sine
1608 1954 1673 1994 eo
1700 1939 1752 1992 in
1793 1939 2069 2010 provincia

488 2031 798 2101 episcopum
826 2030 1100 2094 ordinare,
1140 2045 1239 2084 nec
1279 2028 1527 2098 generale
1552 2026 1845 2082 concilium
1873 2042 2072 2097 convo-

490 2130 632 2182 care,
665 2134 765 2174 nec
792 2120 1083 2190 quidquam
1122 2119 1265 2173 aliud
1313 2119 1523 2173 emeris
1546 2117 1816 2187 episcopis
1852 2115 1988 2170 licet
2015 2117 2070 2167 in

490 2211 766 2281 provincia
794 2226 971 2281 agere,
1001 2212 1100 2265 nisi
1118 2226 1247 2281 quae
1270 2219 1393 2265 tum
1410 2208 1713 2264 constat'ad
1736 2200 2070 2279 singulorum

490 2301 773 2371 parochias
801 2310 857 2357 et
891 2302 1231 2372 episcopatus
1270 2301 1565 2371 pertinere.
1611 2299 1668 2353 Si
1705 2299 1848 2355 enim
1882 2286 2072 2369 inopi-

490 2405 778 2459 scoporum
799 2389 989 2446 ordine
1019 2391 1437 2461 chorepiscopos
1483 2405 1586 2445 non
1614 2378 1803 2444 liceret
1846 2387 2066 2451 habere,

489 2480 792 2535 nullatenus
815 2481 955 2535 inter
984 2489 1253 2537 trecentos
1287 2482 1469 2536 decem
1509 2488 1560 2534 et
1587 2489 1711 2535 octo
1739 2480 1949 2557 Patres,»
1976 2478 2068 2548 qui

490 2571 542 2624 in
587 2570 804 2627 Nicamo
851 2573 1082 2643 concilio
1124 2572 1431 2636 adfuerunt,
1475 2562 1979 2651 annumerarentur.
2011 2567 2067 2622 lti

489 2675 717 2727 quorum
765 2664 1011 2733 catalogo
1033 2662 1277 2731 amplius
1306 2678 1467 2739 quam
1511 2661 1793 2747 duodecim
1822 2661 2069 2743 cliorcpi-

493 2751 640 2819 scopi
669 2752 859 2811 inserti
882 2732 1028 2818 sunt,
1057 2753 1145 2808 ubi
1172 2732 1351 2815 nullus
1377 2732 1819 2827 presbyterorum
1840 2732 1925 2806 vel
1950 2732 2066 2805 dia-

492 2853 755 2894 conorum
786 2841 841 2895 in
877 2856 1106 2896 numero
1142 2842 1411 2911 praefinito
1439 2835 1686 2908 Patrum,
1731 2820 1828 2896 sed
1852 2826 2068 2896 solum-

487 2929 648 2985 modo
671 2930 1071 3001 metropolitani
1094 2941 1150 2986 et
1172 2932 1432 3003 episc0pi,
1470 2914 1633 3002 atque
1646 2922 1657 2971 ν’
1669 2920 2065 3001 chorepi‘sct'ipi,

486 3021 805 3076 nominatim
832 3022 1087 3078 recensiti
1125 3022 1491 3078 inveniuntur.
1518 3024 1601 3078 Ad
1641 3010 1770 3095 quid
1790 3020 1939 3078 enim
1960 3026 2070 3094 epi-

486 3125 683 3180 scopus
720 3108 1285 3180 cujuslibet-civitatis
1312 3102 1758 3184 chorepiscopuui
1798 3102 1908 3193 sibi
1930 3100 2067 3168 a'ttlt

484 3216 550 3255 ac
570 3202 814 3257 decernit
862 3203 1138 3272 ordinare,
1166 3205 1237 3260 si
1268 3204 1443 3275 ipsam
1478 3198 1872 3260 ordinationem
1914 3196 2065 3260 suam

483 3290 687 3345 nullam
713 3290 1006 3350 ellicaciam
1022 3295 1317 3371 arbitratur
1341 3293 1733 3371 habere.,Dicit
1757 3278 1905 3375 enini
1926 3290 2067 3375 Apo-

483 3378 654 3434 stolus
681 3379 999 3454 (Βοηιρχίγ)
1029 3396 1047 3436 :
1077 3400 1098 3435 (
1125 3382 1325 3439 Beatus
1354 3384 1446 3455 qui
1487 3398 1595 3440 non
1620 3376 1843 3461 .jt'tdicalt
1869 3370 2065 3439 seruet-

489 3486 509 3519 (
552 3469 726 3539 ipsum
750 3470 805 3524 in
827 3487 893 3527 eo
917 3473 1063 3542 quod
1103 3474 1317 3543 probat.
1342 3474 1465 3540 .Qui
1498 3484 1683 3529 autem
1711 3470 1991 3538 disCernit,
2018 3474 2063 3528 si

490 3579 513 3611 r
549 3561 959 3618 manducaverit
1001 3562 1288 3618 damnatus
1333 3572 1439 3627 est,
1488 3564 1617 3633 quia
1672 3577 1779 3617 non
1822 3576 1889 3616 ex
1936 3561 2060 3618 (ide.

488 3671 510 3703 ι
554 3651 727 3708 Outne
769 3660 949 3709 autem
995 3653 1140 3724 quod
1184 3667 1292 3709 non
1335 3661 1420 3709 est
1466 3668 1534 3708 ex
1594 3652 1719 3720 ﬁde,
1775 3658 2061 3722 peccatum

491 3760 511 3793 (
555 3751 657 3798 est.
688 3761 707 3794 ι
742 3741 894 3798 Hanc
917 3743 1136 3813 quidem
1163 3743 1490 3799 sententiam
1537 3756 1644 3797 non
1694 3743 1763 3796 ad
1813 3742 2060 3797 cibarutn

481 3832 821 3888 solummodo
843 3834 1159 3903 qualitatem
1181 3842 1236 3889 et
1257 3831 1612 3888 ditl‘erentiam
1632 3830 2059 3897 discernenda'ra,

482 3922 579 3977 sed
602 3921 670 3977 ad
692 3936 908 3978 omnem
932 3923 1339 3996 ambiguitatem
1383 3932 1438 3981 et
1477 3923 1846 3996 duplicitatem
1872 3923 2063 3980 tollen-
2103 3964 2107 3968 μ

482 4011 628 4077 dam,
654 4011 918 4082 prolatam
948 4027 1069 4070 esse
1096 4010 1450 4086 intelligimus
1478 4031 1493 4069 :
1523 4022 1586 4069 ut
1615 4030 1721 4070 non
1744 4014 1914 4070 simus
1934 4029 2064 4085 par-
2106 4058 2109 4059 ν

481 4102 594 4157 vuli
614 4101 935 4160 ﬂuctuantes
964 4106 1021 4160 in
1060 4106 1209 4161 omni
1233 4114 1395 4161 vento
1421 4106 1701 4173 doctrinae,
1741 4105 1835 4161 sed
1861 4105 1978 4161 sani
2006 4111 2062 4159 et

465 4193 909 4251 .stabilesintlde
933 4205 990 4251 et
1018 4195 1167 4251 ﬁrmi
1196 4197 1253 4250 in
1285 4194 1577 4267 apostolica
1603 4196 1870 4251 doctrina.
1897 4192 1929 4245 “(
1964 4195 2061 4249 Vir
2101 4235 2105 4238 .

487 4303 507 4334 ι
548 4284 693 4339 enim
716 4284 912 4355 duplex
946 4286 1129 4342 animo
1151 4286 1467 4342 inconstans
1496 4292 1581 4342 est
1603 4285 1659 4340 in
1678 4284 2059 4341 omnibus‘t‘iis‘

487 4392 508 4424 ι
551 4372 663 4428 suis
689 4381 807 4440 :~et,
831 4374 925 4455 qui
961 4374 1175 4431 haesitat
1206 4375 1400 4432 similis
1436 4372 1742 4432 est—ﬂuctui
1772 4374 1940 4431 maris
1966 4376 2056 4444 qui

487 4482 505 4513 ι
548 4475 579 4515 a
601 4470 767 4518 vento
800 4470 1050 4518 movetur
1068 4463 1686 4529 etcircumt‘erturUac‘.
1712 4462 1775 4536 i).
1807 4483 1826 4516 ι

2171 1946 2438 2002 sanctum,
2464 1937 2717 2006 quoniam
2744 1936 2899 1992 aliter
2922 1938 3021 1992 hoc
3051 1938 3163 1993 fieri
3182 1954 3296 1993 nou
3326 1940 3569 2005 decebat,
3586 1955 3756 2009 quam

2118 2042 2121 2045 ·
2171 2036 2232 2080 ut
2258 2013 2483 2096 apostoli
2534 2026 2817 2095 implerent
2849 2036 2904 2083 et
2924 2042 3014 2096 pe:
3030 2028 3252 2083 ficerent
3285 2044 3348 2083 ea
3384 2044 3505 2098 quae
3532 2046 3560 2083 a
3590 2031 3758 2084 mini-
3810 2024 3813 2031 ἱ

2172 2118 2287 2172 stro
2310 2132 2494 2171 eorum
2526 2117 2663 2171 bene
2691 2125 2865 2187 coepta
2897 2116 3129 2172 fuerant.
3157 2118 3271 2172 Nan
3296 2120 3440 2173 enim
3469 2118 3757 2190 Philippus

2172 2207 2260 2261 hic
2297 2222 2435 2261 unus
2471 2207 2537 2261 de
2575 2207 2887 2271 duodeCim,
2922 2209 3018 2262 Sed
3048 2204 3195 2263 unus
3222 2192 3529 2278 de'septem
3565 2210 3761 2264 diaco-

2172 2295 2330 2350 nibus
2354 2305 2492 2361 erat,
2522 2296 2612 2365 qui
2638 2297 2706 2351 ab
2728 2297 2984 2367 apostolis
3010 2298 3170 2367 paulo
3193 2296 3319 2354 ante
3337 2300 3573 2354 ordinati
3596 2309 3750 2362 sunt,

2170 2386 2263 2457 qui
2284 2386 2412 2440 et'in
2442 2387 2685 2457 catalogo
2705 2392 2909 2456 septem
2940 2388 3223 2443 levitarum
3248 2390 3451 2458 primus
3470 2399 3592 2459 post
3622 2387 3755 2444 Ste-

2170 2478 2405 2549 phanum
2430 2489 2815 2533 annumeratus
2836 2490 2937 2534 est.
2958 2477 3116 2535 Unde
3134 2490 3253 2551 post
3280 2480 3537 2552 Stephani
3556 2495 3754 2536 necem

2172 2567 2353 2622 statim
2383 2570 2451 2624 ad
2481 2568 2708 2638 Philippi
2744 2577 2898 2623 actus
2934 2570 3282 2640 explicandus
3311 2571 3539 2641 scriptor
3574 2572 3759 2627 histo-

2172 2658 2267 2714 riae
2294 2658 2505 2714 videtur
2531 2660 2762 2714 transire
2781 2700 2795 2725 ,
2827 2660 2902 2715 ita
2933 2661 3119 2716 dicens
3150 2679 3164 2716 :
3204 2680 3223 2711 ε
3259 2660 3425 2717 Facta
3449 2670 3535 2718 est
3568 2671 3755 2717 autem

2177 2768 2195 2802 (
2234 2752 2288 2804 in
2319 2750 2408 2805 illa
2439 2752 2526 2806 die
2553 2752 2859 2821 persecutio
2895 2767 3091 2824 magna
3120 2754 3184 2827 (in
3234 2742 3458 2809 ecclesia
3488 2770 3611 2824 quae
3635 2766 3761 2810 erat

2176 2859 2195 2891 (
2231 2839 2639 2912 Hierosolymis,
2671 2850 2727 2896 et
2751 2856 2940 2897 omnes
2969 2844 3197 2913 dispersi
3229 2852 3357 2899 sunt
3378 2840 3477 2916 per
3503 2846 3760 2916 regiones

2178 2950 2196 2982 (
2228 2930 2435 2987 Iudaeae
2461 2940 2516 2986 et
2543 2931 2804 2989 Samaria)
2840 2940 3037 3003 praeter
3072 2933 3343 3003 apostolos
3380 2935 3517 3007 (Act.
3549 2937 3700 3006 vin);
3728 2955 3751 2987 ι

2171 3022 2237 3076 Ει
2268 3031 2392 3092 post
2418 3037 2588 3093 pauca
2620 3040 2632 3075 :
2662 3042 2680 3073 ε
2698 3022 2986 3094 lgiturqui
3015 3023 3243 3094 dispersi
3273 3032 3448 3090 erant,
3469 3035 3760 3095 pertrans—

2172 3132 2194 3164 4
2224 3114 2412 3169 ierunt
2465 3114 2894 3186 evangelizantes
2918 3115 3142 3170 verbum
3183 3116 3300 3170 Dei.
3337 3116 3611 3188 Philippus
3649 3134 3755 3172 au-

2093 3175 2141 3237 c
2178 3223 2195 3255 ι
2236 3213 2343 3258 tem
2375 3175 2706 3260 descendens
2732 3204 2787 3258 in
2815 3204 3087 3260 civitatem
3116 3204 3397 3271 Samariae,
3424 3175 3753 3276 praedicabat

2174 3311 2194 3344 α
2219 3293 2337 3348 illis
2365 3293 2658 3349 Christum.
2699 3294 3054 3350 Intendehaut
3088 3304 3266 3351 autem
3304 3297 3475 3352 turba:
3514 3298 3590 3352 his
3616 3312 3745 3367 qua:

2173 3401 2192 3433 (
2228 3398 2267 3436 a-
2286 3382 2531 3453 Philippo
2562 3384 2901 3448 dicebantur,
2926 3385 3257 3439 unanimiter
3277 3378 3557 3442 audientes
3581 3394 3639 3441 et
3666 3386 3754 3441 vi-

2173 3491 2192 3523 t
2229 3474 2418 3531 dentes
2463 3474 2614 3545 signa
2656 3489 2776 3544 qua:
2804 3473 3056 3530 faciebat.
3085 3474 3235 3529 Multi
3263 3476 3409 3530 enim
3437 3489 3622 3531 eorum
3653 3478 3752 3546 qui

2172 3583 2190 3616 (
2227 3564 2501 3621 habebant
2539 3567 2763 3637 spiritus
2790 3567 3122 3635 immundos,
3155 3568 3451 3625 clamantes
3470 3586 3603 3626 voce
3632 3587 3758 3626 ma-

2171 3672 2191 3705 σ
2228 3669 2355 3725 gna,
2378 3656 2617 3712 exibant.
2649 3655 2797 3711 Multi
2825 3665 3003 3712 autem
3033 3657 3314 3728 paralytici
3338 3666 3391 3712 et
3415 3658 3588 3714 claudi
3648 3676 3758 3715 cu-

2169 3763 2189 3795 (
2224 3745 2333 3799 rati
2356 3752 2494 3799 sunt‘
2525 3762 2537 3799 :
2567 3745 2767 3800 factum
2798 3755 2882 3801 est
2903 3755 3083 3801 autem
3104 3761 3361 3817 magnum
3397 3747 3649 3817 gaudium
3690 3750 3755 3804 in

2170 3854 2189 3887 (
2223 3834 2312 3889 illa
2340 3835 2559 3891 civitate
2589 3835 2798 3909 (Ibid).
2836 3856 2854 3888 ι

2232 3924 2300 3979 Et
2322 3940 2429 3980 non
2452 3924 2679 3980 multum
2703 3933 2821 3995 post
2852 3941 2923 3981 τ’(
2953 3926 3087 3983 Cum
3105 3935 3313 3993 autem,
3342 3928 3536 3998 inquit,
3560 3929 3752 3985 audis-

2168 4035 2186 4068 ι
2217 4026 2346 4072 sent
2377 4017 2606 4086 apostoli
2646 4018 2736 4087 qui
2767 4027 2922 4073 erant
2948 4017 3356 4090 Hierosolymis,
3384 4020 3509 4089 quia
3538 4022 3753 4091 recepit

2168 4127 2188 4160 ι
2227 4106 2474 4163 Samaria
2501 4108 2852 4163 verbum‘Dei
2881 4123 2896 4163 :
2926 4110 3187 4164 miserunt
3222 4111 3290 4163 ad
3315 4125 3413 4164 eos
3435 4109 3660 4165 Petrum
3690 4119 3750 4165 et

2165 4221 2184 4253 ι
2218 4200 2479 4255 Joannem
2499 4239 2515 4267 ,
2546 4200 2637 4270 qui
2666 4215 2788 4255 cum
2828 4200 3130 4266 venissent,
3159 4209 3452 4255 oraverunt
3476 4216 3576 4272 pro
3610 4202 3749 4271 ipsis

2164 4309 2183 4342 ο
2221 4298 2282 4345 ut
2308 4291 2615 4363 acciperent
2647 4290 2907 4361 Spiritum
2934 4300 3201 4347 sanctum.
3230 4292 3479 4348 Nondum
3511 4294 3657 4349 enim
3688 4295 3742 4349 in

2164 4402 2183 4433 ‹
2222 4396 2549 4453 quemquam
2576 4381 2789 4437 illorum
2819 4391 3041 4437 venerat
3071 4399 3085 4433 :
3112 4383 3204 4437 sed
3232 4382 3492 4453 baptizati
3532 4392 3743 4439 tantum

2164 4478 2376 4528 (erant
2411 4473 2464 4526 in
2504 4472 2720 4526 nomine
2757 4471 2969 4527 Domini
3008 4470 3155 4526 Jesu.
3197 4471 3359 4525 Tunc
3395 4473 3739 4542 imponebant

551 4548 668 4606 Non
697 4561 831 4622 ergo
852 4549 1080 4609 mstimet
1106 4544 1269 4607 homo
1289 4552 1399 4617 ille,
1426 4553 1570 4621 quod
1590 4553 1826 4622 accipiat
1850 4552 2055 4624 aliquid
2083 4541 2134 4600 Ῐ)
2165 4579 2184 4612 (
2222 4575 2415 4615 manus
2434 4575 2597 4631 super
2620 4560 2761 4627 illos,
2780 4569 2834 4616 et
2855 4560 3191 4630 accipiebant
3211 4541 3475 4629 Spiritum
3495 4569 3740 4616 sanctum

478 4658 511 4697 a
540 4641 793 4708 Domino,
807 4642 887 4698 ait
903 4644 1048 4699 enim
1069 4644 1186 4723 ipsa
1205 4643 1417 4700 Veritas
1438 4642 1491 4698 in
1506 4642 1797 4715 Evangelio
1819 4661 1834 4699 :
1856 4642 2055 4699 «Amen

485 4750 505 4781 ι
539 4731 662 4787 dico
687 4732 876 4798 vobis,
895 4731 1165 4802 quidquid
1202 4732 1679 4802 orantestpetitis,
1700 4731 1907 4788 credite
1930 4732 2057 4802 quia

483 4842 504 4875 ι
540 4823 839 4896 accipietis,
862 4831 916 4879 et
936 4824 1031 4879 ﬁet
1053 4824 1223 4879 vobis.
1251 4823 1442 4878 Omnia
1462 4824 1607 4879 enim
1631 4823 1906 4893 possibilia
1933 4828 2060 4879 sunt

483 4931 504 4965 (
538 4915 781 4971 credenti
819 4912 1027 4988 (Marc.
1057 4929 1143 4979 xt;
1181 4913 1352 4969 Marc.
1380 4914 1502 4987 ix),
1539 4933 1559 4966 ι
1597 4913 1724 4984 quia
1762 4912 1895 4968 ﬁdes
1928 4924 2057 4967 vera

479 5012 630 5060 recte
655 5005 964 5061 credentem
1001 5004 1174 5060 salvat
1201 5022 1214 5058 :
1246 5012 1303 5059 et
1334 5003 1513 5072 justus"
1541 5002 1596 5058 in
1633 5002 1741 5059 {ide
1771 5016 1870 5058 sua
1899 5002 2050 5068 vivit,
2094 5042 2097 5049 .

478 5092 570 5148 illa
593 5095 840 5152 videlicet
860 5111 978 5163 quze
1001 5110 1097 5163 per
1115 5093 1453 5149 dilectionem
1474 5099 1749 5161 operatur.
1774 5092 1890 5148 Hoc
1907 5093 2052 5147 enim
2090 5140 2095 5145 .

479 5194 787 5240 sanctorum
823 5185 1049 5240 Patrum
1068 5185 1363 5255 prudentia
1395 5186 1625 5255 posteris
1657 5186 1773 5240 suis
1795 5185 2050 5255 providit,

478 5290 537 5335 et
566 5296 720 5336 sacra
740 5298 1004 5337 canonum
1030 5284 1323 5338 auctoritas
1348 5283 1599 5347 instituit,
1631 5292 1690 5337 ttt
1712 5276 1977 5337 dissensio
2001 5290 2056 5336 et

481 5371 771 5425 schismata
810 5373 864 5425 in
907 5374 1143 5428 Ecclesia
1178 5370 1379 5428 Christi
1412 5390 1519 5428 non
1558 5364 2087 5437 ﬂerent,“sed'ma-t

482 5461 565 5531 gis
601 5460 781 5516 unitas
814 5469 872 5515 et
913 5452 1217 5518 concordia
1242 5462 1396 5532 pacis
1439 5461 1570 5517 inihi
1619 5452 1949 5531 praevaleret.
1982 5461 2058 5515 'Et

483 5551 605 5607 ideo
634 5551 922 5620 unicuique
941 5554 1114 5608 ordini
1134 5552 1289 5623 juxta
1316 5540 1625 5608 mensuram
1650 5538 1801 5606 suam
1821 5546 2054 5606 cilicium

469 5637 781 5715 fdelegavit,
817 5651 881 5698 ut
908 5657 1004 5713 per
1041 5622 1277 5701 studium
1320 5633 1727 5701 httmilitatié'ét
1753 5628 2055 5698 dilectionis

470 5712 591 5805 :Pax
610 5712 924 5791 Christiana
962 5739 1018 5789 et
1054 5735 1342 5790 concordia
1378 5735 1431 5789 in
1462 5732 1658 5803 popqu
1683 5730 1776 5787 Dei
1803 5747 2049 5803 perseve-

2166 4669 2183 4701 (
2229 4649 2436 4722 (Ibid).
2480 4669 2498 4702 ι
2541 4649 2683 4704 Idem
2721 4651 2882 4704 etiam
2913 4648 3200 4719 Philippus
3238 4650 3531 4720 baptizavit
3571 4664 3743 4704 eunu-

2167 4741 2383 4794 t'cbum
2433 4737 2701 4792 Candacis
2738 4739 2937 4808 reginae
2978 4736 3328 4808 1Ethiopum,
3374 4739 3514 4793 sicut
3551 4753 3746 4793 consc-

2161 4836 2387 4897 quenter
2413 4838 2597 4882 narrat
2632 4844 2645 4881 :
2678 4834 2734 4881 et
2771 4837 2893 4898 post
2925 4826 3224 4882 discessum
3262 4829 3380 4899 ejus
3411 4845 3432 4878 (
3464 4836 3746 4899 pertrans-

2166 4938 2185 4970 ι
2208 4918 2338 4973 iens
2374 4917 2780 4989 evangelizabat
2803 4917 3112 4973 civitatibus
3144 4919 3374 4983 cunctis,
3398 4919 3570 4974 donec
3589 4921 3746 4974 venio

2165 5028 2183 5059 ‹
2209 5016 2305 5061 ret
2342 5007 2650 5063 Caesaream
2693 5006 2841 5076 (Act.
2885 5007 3034 5078 vui).
3082 5027 3102 5059 ο
3138 5007 3216 5063 De
3259 5022 3368 5077 quo
3397 5007 3573 5064 Lucas
3610 5009 3744 5064 alibi

2160 5096 2487 5152 mentionem
2520 5095 2670 5160 facit,
2698 5111 2819 5152 cum
2850 5098 3132 5153 transitum
3163 5097 3313 5152 Pauli
3345 5098 3411 5152 ad
3439 5097 3743 5155 Jerusalem

2161 5196 2561 5255 enumerasset,
2590 5189 2664 5242 ita
2692 5189 2876 5244 dicens
2904 5206 2917 5242 :
2957 5206 2975 5238 ι
3007 5188 3127 5243 Alia
3164 5199 3345 5245 autem
3368 5191 3454 5245 die
3486 5191 3739 5261 profecti,

2165 5301 2184 5331 ι
2218 5282 2465 5335 venimus
2497 5280 2825 5335 Ctesaream.
2867 5281 2935 5336 Et
2972 5283 3236 5336 intrantes
3260 5283 3476 5338 domum
3506 5281 3738 5353 Philippi

2167 5372 2199 5424 (’
2221 5371 2592 5442 evangelistze,
2623 5372 2714 5441 qui
2754 5382 2871 5425 erat
2899 5388 3037 5428 unus
3077 5387 3143 5426 ex
3175 5373 3739 5444 septem,mansimus

2166 5480 2185 5511 ι
2207 5463 2359 5531 apud
2387 5475 2532 5515 eum.
2562 5460 2699 5515 Huic
2718 5470 2894 5516 autem
2916 5473 3071 5518 erant
3097 5463 3219 5518 lilire
3242 5472 3477 5533 quatuor
3499 5462 3741 5532 virgines

2167 5570 2186 5602 (
2221 5553 2606 5621 prophetanles
2635 5551 2773 5622 (Act.
2811 5553 2946 5625 nt).
2995 5574 3015 5607 ›
3051 5553 3205 5612 Unde
3229 5554 3453 5625 apparet
3477 5554 3603 5623 quia
3630 5555 3738 5608 iste

2159 5641 2435 5710 Philippus
2459 5656 2566 5696 non
2604 5640 2705 5709 fuit
2735 5643 3016 5713 episcopus
3039 5683 3053 5709 ,
3092 5658 3268 5713 neque
3293 5644 3733 5715 chorepiscopus,

2159 5734 2251 5787 sed
2283 5742 2487 5787 tantum
2528 5731 2787 5788 diaconus
2822 5743 2877 5788 et
2909 5733 3255 5803 evangelista.
3299 5733 3356 5789 Si
3391 5733 3535 5789 enim
3564 5733 3729 5789 chor-
