4112 6364
559 338 699 395 1205

1231 345 1287 398 Β.
1335 345 1585 402 MBANI
1622 348 1839 406 MAURI
1875 350 2194 407 ARCIHEI’.
2238 353 2549 414 MOGUN'I‘.
2589 357 2875 416 OPERUM
2908 363 3088 422 PARS
3124 364 3188 421 Il.

3690 378 3843 436 1204

625 455 861 513 Grandis
889 458 1062 511 honor
1093 469 1209 523 cst,
1240 459 1440 516 Christi
1469 462 1777 518 ministrum
1806 479 1926 519 esse
1957 482 1970 516 :
2000 466 2141 520 unde
2168 469 2219 527 Α
2253 485 2270 515 ι
2308 466 2459 520 vobis
2490 467 2706 538 (Matth.
2741 469 2840 543 vi).
2879 490 2897 522 ι
2946 492 2966 523 ι
2997 472 3099 540 Ωιι⁸
3135 489 3241 530 non
3280 482 3674 540 renuntiaverit
3706 503 3841 542 0m-

554 556 610 603 et
643 549 846 619 grande
869 549 1151 618 praemium
1188 550 1326 605 bene
1353 551 1727 609 ministrantes
1763 554 2027 624 sequitur,
2061 557 2135 610 ita

553 648 613 694 ut
655 655 780 696 cum
825 640 1043 696 Christo
1083 649 1139 697 et
1188 644 1391 699 sanctis
1426 645 1630 716 angelis
1675 645 1793 715 ejus
1832 647 1886 702 in
1931 649 2136 706 cmlesti

549 732 882 789 beatitudine
909 733 1026 788 sine
1054 733 1160 789 ﬁne
1181 733 1432 790 laetentur
1468 753 1482 791 :
1520 745 1683 807 atque
1716 740 1835 795 ideo
1865 755 1971 795 non
2001 756 2133 797 con-

547 822 695 877 venit
719 822 891 879 servis
917 822 1121 880 Christi
1150 826 1478 883 contendere
1512 828 1579 885 de
1606 830 1934 887 sublimitate
1959 833 2130 891 hono-

548 913 655 979 ris,
688 914 782 969 sed
810 915 985 984 magis
1018 924 1230 971 certare
1255 916 1323 972 de
1356 918 1588 975 utilitate
1625 936 1769 976 sanae
1795 923 2133 992 prmdicatio-

542 1002 649 1066 nis,
673 1012 729 1057 et
754 1004 1073 1060 assiduitate
1093 1005 1248 1060 bona:
1271 1009 1623 1077 operationis,
1644 1021 1704 1066 ut
1724 1014 1951 1084 populus
1972 1015 2130 1072 Chri-

540 1093 612 1147 sti
639 1095 823 1151 audiat
844 1112 913 1152 ex
936 1112 1032 1169 ore
1052 1112 1240 1154 eorum
1260 1098 1483 1155 verbum
1511 1110 1673 1159 recta:
1701 1104 1846 1173 ﬁdei,
1868 1115 1922 1162 et
1946 1107 2129 1165 videat

540 1183 596 1238 in
628 1185 839 1241 actibus
879 1201 1067 1243 eorum
1103 1188 1306 1245 bonum
1336 1191 1640 1262 exemplum
1669 1210 1768 1264 per
1803 1196 2126 1255 humilitatis

538 1276 830 1343 iudicium,
857 1279 981 1349 quia
1002 1279 1159 1348 juxta
1187 1282 1431 1337 veritatis
1472 1286 1795 1340 sententiam
1827 1304 1840 1339 :
1879 1305 1897 1338 ι
1936 1288 2123 1348 Omnis

541 1388 559 1417 ι
593 1369 686 1438 qui
721 1385 779 1424 se
804 1370 1154 1438 exaltaverit,
1196 1373 1568 1429 humiliahitur
1594 1389 1608 1428 :
1639 1385 1694 1431 et
1722 1379 1811 1446 qui
1853 1394 1912 1435 se
1939 1380 2121 1437 humi-

538 1474 558 1505 ι
592 1457 836 1526 liaverit,
866 1462 1195 1518 exaltabitnr
1224 1463 1446 1533 (Matth.
1486 1465 1595 1537 χι).
1636 1486 1655 1518 ι
1689 1467 1790 1536 Qui
1823 1471 1967 1526 enim
1998 1488 2118 1544 gra-

531 1548 658 1603 dum
698 1549 920 1607 honoris
964 1553 1020 1607 in
1067 1553 1306 1610 Ecclesia
1352 1556 1554 1614 Christi
1593 1573 1945 1632 acceperunt,
1988 1582 2118 1637 quo-

528 1640 688 1694 modo
727 1641 911 1699 vivere
941 1644 1175 1700 debeant
1205 1653 1261 1701 et
1299 1647 1427 1718 quid
1456 1665 1648 1720 agere,
1686 1654 1909 1710 audiant
1938 1656 2113 1727 ipsum

525 1730 813 1788 Dominum
842 1735 1216 1793 ostendentem
1242 1747 1406 1810 atque
1428 1743 1830 1814 pnecipicntem
1865 1765 1879 1801 :
1913 1768 1932 1800 ι
1968 1749 2109 1817 Sint,

2245 573 2265 607 ι
2304 556 2464 612 nibus
2491 573 2610 628 qua:
2636 561 2892 631 possidet,
2925 577 3032 618 non
3059 576 3237 635 potest
3260 580 3381 623 esse
3408 586 3562 628 meus
3587 573 3838 649 discipue

2243 663 2263 698 ι
2301 644 2386 702 lus
2410 646 2565 719 (Luc.
2592 652 2727 721 xw).
2765 670 2785 702 ι
2824 671 2842 702 ι
2875 651 2979 720 Qui
3008 654 3126 710 vult
3155 657 3341 714 venire
3365 669 3486 729 post
3516 678 3626 729 me,
3659 644 3831 724 abne-

2243 752 2263 787 ι
2298 744 2388 807 get
2412 738 2763 810 semetipsum
2782 782 2797 807 ,
2826 750 2883 797 et
2918 744 3068 799 tollat
3093 761 3313 803 crucem
3339 764 3525 818 suam,
3551 762 3608 809 et
3632 769 3831 827 sequa-

2241 845 2261 878 ι
2298 838 2386 883 tur
2418 844 2525 884 me.
2569 830 2673 898 Qui
2708 833 2854 887 enim
2891 836 3120 892 voluerit
3150 840 3388 896 animam
3423 858 3578 899 suam
3617 847 3833 905 salvam

2239 938 2257 970 ι
2290 919 2500 988 facere,
2528 923 2716 992 perdet
2743 939 2885 980 eam.
2912 925 3015 994 Qui
3048 939 3227 985 autem
3262 933 3561 1001 perdiderit
3580 938 3827 996 animam

2237 1029 2257 1062 ι
2293 1025 2444 1067 suam
2468 1021 2690 1084 propter
2711 1032 2818 1082 me,
2846 1017 3081 1075 inveniet
3108 1037 3248 1077 eam.
3273 1022 3413 1091 Quid
3432 1027 3577 1082 enim
3598 1031 3829 1100 prodest

2236 1119 2254 1153 ι
2290 1102 2528 1169 homini,
2566 1105 2612 1160 si
2648 1108 2907 1163 mundum
2948 1111 3262 1168 universum
3297 1114 3541 1173 lucretur
3571 1137 3586 1173 :
3622 1121 3823 1177 animae

2234 1212 2253 1246 ι
2292 1209 2420 1250 vero
2450 1210 2561 1251 suae
2585 1196 2970 1255 detrimentum
2990 1203 3264 1272 patiatur?
3296 1213 3402 1262 etc.
3433 1227 3453 1260 ›
3481 1208 3636 1280 (Luc.
3672 1213 3821 1282 xu.)

2225 1281 2362 1338 llinc
2382 1293 2437 1339 et
2457 1285 2668 1353 Petrus,
2690 1289 2987 1345 exhortans
3010 1291 3195 1349 ﬁdeles
3217 1295 3271 1349 in
3291 1296 3528 1366 Epistola
3550 1313 3671 1366 sua,
3696 1302 3777 1356 ait
3799 1281 3816 1356 ὲ

2229 1392 2248 1423 ι
2287 1372 2558 1431 Succincti
2599 1376 2811 1435 lumbos
2845 1382 3046 1439 mentis
3080 1395 3307 1453 vestrm,
3350 1389 3521 1445 sobrii
3572 1392 3819 1461 perfecte

2226 1482 2246 1515 ι
2283 1473 2496 1534 sperate
2521 1466 2574 1521 in
2602 1482 2724 1523 eam
2752 1485 2873 1540 qua:
2905 1472 3131 1529 oﬁ‘ertur
3164 1478 3319 1534 vobis
3345 1481 3598 1550 gratiam,
3640 1482 3695 1537 in
3730 1499 3821 1539 re—

2224 1570 2244 1606 ι
2280 1554 2601 1611 vetationem
2625 1558 2752 1614 Jesu
2779 1559 3002 1629 Christi,
3030 1566 3187 1634 quasi
3215 1566 3311 1622 ﬁlii
3332 1568 3674 1639 obedientim,
3700 1588 3814 1629 non

2224 1663 2242 1696 ι
2276 1644 2596 1716 conﬁgurati
2622 1649 2897 1719 prioribus
2921 1653 3241 1724 ignorantite
3269 1668 3464 1716 vestra:
3494 1662 3813 1731 desideriis,

2223 1753 2240 1785 ι
2276 1735 2371 1791 sed
2400 1737 2695 1792 secundum
2734 1754 2859 1795 eum
2898 1744 2991 1813 qui
3031 1748 3245 1802 vocavit
3280 1764 3409 1816 vos,
3438 1761 3725 1820 sanctum;
3757 1765 3817 1811 et

529 1838 548 1871 ι
583 1821 781 1893 inquit,
812 1823 979 1882 lumbi
1004 1828 1169 1883 vestri
1194 1832 1494 1899 praecincti,
1523 1842 1577 1888 et
1603 1836 1836 1893 lucernae
1860 1838 2090 1898 ardente:

2219 1848 2238 1880 ι
2276 1830 2379 1900 ipsi
2406 1834 2579 1889 sancti
2608 1835 2665 1890 in
2693 1839 2842 1893 omni
2870 1842 3281 1899 conversatione
3316 1853 3513 1912 estote,
3545 1847 3811 1916 quoniam

526 1932 546 1963 ι
578 1913 635 1969 in
669 1917 954 1975 manibus:
985 1928 1041 1975 et
1062 1936 1160 1977 vos
1185 1923 1388 1980 similes
1414 1925 1724 1985 hominibus
1746 1936 2111 2004 exspectandi-

524 2022 544 2054 ι
578 2004 681 2061 bus
709 2007 986 2065 dominum
1016 2026 1201 2080 suum,
1241 2017 1457 2085 quando
1485 2030 1792 2078 revertatur
1817 2040 1847 2080 a
1882 2028 2104 2098 nuptiis,

523 2112 542 2144 ι
579 2102 638 2149 ιιι
659 2110 783 2153 eum
806 2102 1015 2156 venerit
1038 2111 1094 2158 et
1118 2104 1442 2174 pulsaverit,
1473 2111 1758 2168 confestim
1788 2117 2033 2186 aperiant
2056 2122 2106 2177 ei

523 2206 541 2236 ι
576 2184 734 2257 (Luc.
772 2188 894 2263 xu).
932 2209 954 2244 ι
1005 2192 1074 2249 Ει
1122 2195 1282 2265 quale
1329 2213 1424 2254 eos
1478 2205 1756 2272 prrcmium
1795 2184 1975 2266 taliter
2028 2211 2106 2266 fas

513 2278 721 2336 cientes
746 2281 800 2336 in
839 2283 1024 2341 futuro
1068 2300 1356 2359 sequatur,
1386 2308 1509 2348 mox
1539 2296 1843 2369 subjungit,
1874 2302 2102 2360 dicens:

517 2387 537 2420 ι
578 2368 731 2427 Beati
762 2373 834 2429 illi
864 2378 1042 2443 servi,
1072 2395 1238 2450 quos,
1271 2398 1393 2438 cum
1423 2387 1633 2443 venerit
1668 2368 1927 2449 Dominus
1953 2396 2104 2452 inve-

516 2482 536 2514 ι
575 2466 717 2523 nerit
752 2469 1054 2540 vigilantes.
1082 2475 1252 2530 Amen
1302 2478 1425 2535 dico
1454 2480 1626 2546 vobis,
1672 2484 1815 2553 quod
1867 2489 2100 2557 praecin-

513 2574 532 2607 ι
573 2567 661 2628 get
688 2573 764 2628 se,
796 2570 851 2618 et
875 2562 1042 2621 faciet
1069 2566 1191 2623 illos
1215 2568 1591 2640 discumbere,
1622 2584 1678 2631 et
1704 2579 1973 2635 transiens
2000 2582 2101 2636 mi-

512 2669 532 2699 ι
572 2651 829 2713 lustrabit
854 2657 962 2715 illis
999 2660 1212 2732 (Ibid.).
1249 2682 1267 2713 ι
1302 2663 1369 2717 Ει
1396 2666 1555 2735 paulo
1583 2677 1707 2736 post
1744 2687 1757 2724 :
1793 2691 1811 2720 ‹
1840 2671 1974 2739 Quis
2000 2690 2098 2745 pu-

510 2760 527 2789 ι
565 2748 646 2796 tas
693 2756 812 2812 est,
861 2748 1062 2819 inquit,
1115 2751 1289 2808 ﬁdelis
1330 2754 1699 2827 dispensator,
1738 2768 1793 2817 et
1836 2763 2093 2831 prudens,

508 2848 527 2879 ι
564 2845 724 2901 quem
755 2838 1040 2895 constituit
1064 2842 1313 2899 dominus
1341 2860 1505 2917 super
1528 2847 1788 2906 familiam
1824 2869 1999 2921 suam,
2036 2866 2095 2911 ut

507 2940 525 2971 ι
563 2922 656 2979 det
684 2926 789 2983 illis
823 2929 877 2984 in
909 2939 1154 3004 tempore
1186 2937 1352 2994 tritici
1388 2946 1739 3000 mensuram?
1775 2946 1973 3004 Beatus
2006 2949 2094 3005 ille

505 3036 523 3066 ι
561 3032 772 3085 servus,
802 3037 983 3093 quem,
1015 3042 1138 3082 cum
1171 3032 1378 3089 venerit
1406 3034 1668 3092 Dominus
1696 3038 1843 3109 ejus,
1872 3040 2093 3098 invene-

503 3129 521 3159 ι
558 3111 630 3165 rit
656 3114 731 3168 ita
764 3114 1072 3175 facientem.
1102 3120 1242 3179 Vere
1276 3124 1398 3182 dico
1428 3128 1599 3194 vobis,
1629 3131 1754 3199 quia
1777 3147 1942 3203 super
1969 3149 2089 3189 om-

501 3224 520 3256 ι
556 3208 642 3264 nia
673 3225 794 3281 qum
826 3215 1104 3283 possidet,
1139 3220 1431 3276 constituet
1469 3222 1620 3278 illum
1662 3224 1872 3295 (Ibid).
1920 3247 1939 3280 ι
1972 3228 2087 3284 Non

480 3299 639 3355 enim
675 3304 842 3375 pigris
878 3314 934 3361 et
975 3307 1258 3366 hebetibus
1286 3313 1627 3381 doctoribus,
1656 3325 1711 3372 ct
1749 3317 1813 3372 de
1851 3319 2087 3389 primatu

494 3392 654 3463 hujus
677 3398 861 3453 mundi
882 3408 1047 3469 atque
1065 3398 1270 3460 divitiis
1290 3407 1643 3474 certantibus,
1674 3411 1781 3465 tale
1802 3413 2085 3481 prtemium

492 3485 826 3550 promittitur
851 3507 863 3542 :
895 3491 988 3547 sed
1005 3492 1143 3548 bene
1164 3494 1558 3564 laborantibus,
1582 3507 1637 3554 et
1657 3501 1817 3571 digne
1840 3503 1950 3558 Deo
1972 3519 2086 3559 ser-

490 3574 786 3633 vientibus.

562 3663 678 3721 Non
718 3676 800 3723 est
845 3671 991 3729 enim
1030 3687 1244 3744 mquam
1269 3719 1284 3742 ,
1320 3688 1381 3734 nt
1418 3682 1634 3740 collatio
1675 3687 1817 3742 sacri
1848 3689 2078 3756 ordinis,

491 3758 667 3813 servis
687 3758 890 3818 Christi
925 3764 1021 3820 ﬁat
1047 3783 1208 3824 causa
1235 3770 1486 3829 elationis
1507 3784 1562 3830 et
1587 3786 1814 3834 terrena:
1836 3782 2081 3852 volupta-

490 3849 559 3904 tis
587 3868 599 3904 :
628 3852 753 3920 quia
780 3868 881 3909 nec
914 3855 969 3911 in
998 3856 1168 3928 ipsius
1198 3864 1441 3933 magistri
1476 3881 1575 3923 nec
1606 3868 1658 3922 in
1690 3869 2076 3939 discipulorum

494 3938 602 4007 ejus
618 3942 781 4032 dictis
798 3943 913 4001 sive
932 3948 1194 4019 exemplis
1216 3951 1420 4023 aliquid
1444 3955 1753 4026 hujusmodi
1777 3938 2073 4032 reperiunt.

476 4028 768 4094 Quomodo
790 4042 971 4092 autem
999 4037 1066 4094 dc
1087 4038 1289 4096 Christi
1316 4045 1558 4102 moribus
1580 4063 1679 4104 nos
1700 4028 1934 4107 instruat
1951 4068 2079 4124 apo-

484 4122 654 4179 stolus
680 4124 898 4194 Paulus,
933 4131 1217 4188 audiamus
1248 4151 1261 4187 :
1299 4152 1318 4185 ι
1357 4135 1471 4192 Hoc
1493 4147 1694 4204 autem,
1728 4142 1923 4212 inquit,
1952 4122 2077 4201 sen-

489 4232 505 4257 σ
545 4211 639 4267 tite
680 4213 734 4268 in
774 4217 927 4272 vobis
952 4220 1096 4287 quod
1138 4231 1194 4276 et
1222 4222 1275 4277 in
1309 4221 1526 4280 Christo
1551 4226 1709 4294 Iesu,
1743 4211 1833 4300 qui
1864 4246 1987 4287 cum
2018 4235 2072 4289 in

487 4319 505 4351 ι
544 4300 718 4358 forma
748 4304 842 4360 Dei
874 4317 1050 4375 esset,
1093 4326 1201 4366 non
1233 4313 1479 4385 rapinam
1517 4318 1812 4375 arbitratus
1840 4329 1925 4376 est
1952 4336 2073 4377 esse

488 4411 506 4442 ι
542 4407 602 4450 se
635 4398 899 4466 aequalem
932 4400 1062 4467 Deo,
1092 4403 1187 4458 sed
1224 4406 1571 4477 semetipsum
1600 4411 1930 4480 exiuanivit,
1962 4413 2069 4470 for-

2217 1939 2236 1971 ι
2271 1920 2532 1992 scriptum
2558 1932 2645 1980 est
2673 1944 2686 1980 :
2719 1925 2903 1983 Sancti
2929 1928 3110 1997 eritis,
3151 1933 3408 2001 quoniam
3439 1949 3542 2005 ego
3580 1944 3817 1993 sanctus

2216 2027 2236 2059 ι
2269 2025 2389 2066 sum
2416 2010 2468 2083 (1
2500 2012 2645 2069 Petr.
2671 2015 2733 2088 1).
2770 2037 2789 2069 ι
2824 2017 2901 2073 De
2924 2034 3034 2089 quo
3058 2030 3115 2076 et
3148 2019 3383 2078 Joannes
3408 2025 3487 2079 ait
3519 2042 3535 2080 :
3571 2044 3592 2076 ι
3629 2025 3819 2082 Nolite

2216 2119 2235 2151 ι
2272 2101 2496 2173 diligere
2518 2105 2800 2174 mundum,
2823 2124 3000 2179 neque
3022 2126 3088 2167 ea
3114 2127 3234 2182 quae
3257 2112 3313 2167 in
3335 2115 3537 2171 mundo
3562 2126 3715 2172 sunt.
3748 2116 3813 2174 Si

2213 2210 2232 2241 ι
2269 2192 2390 2262 quis
2412 2193 2589 2266 diligit
2614 2198 2899 2265 mundum,
2928 2215 3035 2255 non
3058 2210 3144 2257 est
3165 2203 3407 2260 charitas
3434 2205 3618 2262 Patris
3638 2208 3694 2262 in
3716 2224 3811 2275 eo,

2212 2302 2231 2334 ι
2268 2285 2525 2354 quoniam
2554 2303 2715 2344 omne
2742 2290 2885 2358 quod
2915 2291 2969 2345 in
2997 2293 3201 2350 mundo
3222 2303 3327 2361 est,
3355 2297 3810 2369 concupiscentia

2211 2395 2229 2426 ι
2264 2376 2447 2431 carnis
2471 2385 2526 2432 et
2550 2381 2991 2450 concupiscentia
3015 2385 3295 2441 oculorum
3327 2396 3429 2453 est,
3461 2397 3518 2444 et
3545 2390 3811 2461 superbia

2209 2483 2226 2516 ι
2266 2466 2410 2533 vitae,
2438 2483 2559 2538 qum
2587 2486 2694 2525 non
2719 2480 2804 2527 est
2831 2488 2897 2528 ex
2935 2473 3116 2543 Patre,
3149 2477 3245 2533 sed
3273 2493 3341 2534 ex
3369 2479 3572 2535 mundo
3604 2489 3721 2546 est;
3752 2490 3809 2536 et

2208 2577 2226 2608 ι
2262 2561 2494 2616 mundus
2522 2564 2741 2630 transit,
2771 2571 2827 2621 et
2854 2568 3295 2639 concupiscentia
3316 2570 3588 2643 ejus.~Qui
3616 2582 3806 2629 autem

2206 2671 2225 2702 ι
2258 2653 2391 2708 facit
2419 2654 2755 2713 voluntatem
2781 2659 2909 2726 Dei,
2941 2671 3125 2718 manet
3157 2663 3215 2718 in
3258 2672 3523 2721 teternum
3550 2665 3606 2737 (1
3631 2665 3801 2721 Joan.

2206 2761 2226 2793 ι
2263 2743 2346 2815 ιι).
2381 2765 2401 2796 ι
2436 2744 2574 2803 lline
2609 2756 2667 2804 et
2699 2748 2896 2805 Paulus
2923 2753 3001 2807 ait
3030 2772 3044 2806 :
3078 2771 3097 2804 ι
3137 2753 3258 2810 Non
3289 2769 3420 2827 ergo
3447 2765 3643 2827 regnet
3666 2774 3804 2828 pee-

2205 2852 2223 2884 ι
2258 2844 2437 2890 catum
2475 2836 2530 2891 in
2571 2847 2755 2895 vestro
2797 2841 3009 2896 mortali
3056 2858 3286 2914 corpore
3330 2846 3399 2901 ad
3434 2845 3803 2903 obediendum

2202 2944 2221 2975 ι
2255 2924 2540 2983 desideriis
2562 2928 2683 2999 ejus
2717 2948 2729 2983 :
2762 2931 2858 2986 sed
2892 2946 3069 3003 neque
3095 2934 3400 2991 exhibeatis
3428 2937 3674 2993 membra
3706 2954 3795 2993 ve-

2201 3032 2220 3065 ι
2257 3024 2370 3070 stra
2408 3032 2558 3072 arma
2604 3018 2907 3090 iniquitatis
2943 3032 3167 3094 peccato
3218 3038 3234 3078 :
3274 3027 3371 3081 sed
3406 3026 3662 3083 exhibete
3698 3044 3801 3084 vos

2200 3125 2217 3156 ι
2258 3105 2391 3172 Deo,
2417 3115 2678 3178 tanquam
2709 3124 2787 3165 ex.
2817 3112 3047 3169 mortuis
3078 3113 3361 3181 viventes,
3391 3130 3547 3171 arma
3561 3113 3799 3185 iustitia:

2119 3174 2162 3236 C
2200 3217 2218 3247 ι
2254 3198 2365 3254 Deo
2395 3174 2568 3271 (ιιοηὶ.
2596 3218 2646 3266 v,
2676 3202 2776 3275 vi).
2811 3224 2830 3257 ι
2873 3204 2942 3259 Et
2976 3206 3173 3262 iterum
3214 3221 3228 3265 :
3266 3227 3284 3260 ι
3320 3174 3793 3279 Carnis,inquit,

2197 3309 2216 3339 ι
2250 3305 2439 3346 curam
2481 3308 2550 3348 ne
2586 3293 2832 3351 feceritis
2868 3297 2923 3351 in
2961 3298 3248 3354 desideriis
3276 3299 3460 3373 (Rom.
3491 3300 3627 3372 xm).
3660 3321 3681 3353 ι
3714 3302 3792 3357 Et

2191 3394 2408 3435 rursum
2451 3399 2463 3435 :
2503 3401 2523 3433 ι
2569 3382 2686 3438 Non
2728 3398 2859 3456 ergo
2902 3387 3134 3456 amplius
3164 3389 3399 3444 invicem
3434 3391 3744 3460 iudicemus
3773 3407 3795 3445 τ

2194 3488 2213 3520 ι
2250 3471 2343 3525 sed
2389 3472 2493 3527 hoc
2526 3472 2768 3542 iudicate
2804 3480 3010 3548 magis,
3050 3495 3119 3535 ne
3149 3483 3370 3550 ponatis
3402 3482 3797 3539 oﬁ'endieulnm

2192 3580 2211 3613 ι
2251 3560 2441 3628 fratri,
2478 3564 2564 3620 vel
2607 3569 2924 3623 scandalum
2959 3569 3141 3640 (Rom.
3184 3572 3333 3641 xlv).
3368 3594 3387 3625 ι
3421 3574 3488 3629 Et
3520 3576 3726 3630 iterum
3774 3595 3792 3630 :

2190 3672 2209 3703 ι
2244 3654 2514 3711 Debemus
2539 3666 2721 3712 autem
2749 3675 2849 3716 nos
2876 3661 3175 3729 ﬁrmiores,
3203 3663 3606 3723 imbecillitates
3628 3668 3797 3723 inﬁr-

2190 3761 2208 3793 ι
2247 3760 2457 3801 morum
2484 3749 2777 3816 sustinere,
2805 3760 2863 3806 et
2890 3768 2996 3807 non
3022 3754 3179 3810 nobis
3204 3756 3411 3826 placere
3437 3775 3450 3809 :
3479 3760 3798 3829 unusquis-

2188 3852 2207 3883 ι
2247 3850 2351 3905 que
2386 3839 2638 3906 proximo
2666 3857 2764 3897 suo
2791 3843 3005 3912 placeat
3038 3846 3092 3901 in
3127 3848 3330 3904 bonum
3360 3850 3426 3905 ad
3462 3849 3793 3908 :ediﬁcatio-

2186 3945 2205 3977 ι
2246 3943 2367 3984 nem
2398 3929 2577 4000 (Rom.
2602 3933 2716 4004 xv).
2752 3954 2771 3987 ι

2251 4036 2312 4094 Si
2339 4047 2519 4096 autem
2548 4044 2844 4100 secundum
2875 4047 3180 4118 huiusmodi
3210 4050 3514 4108 doctrinam
3552 4055 3782 4111 confor-

2179 4145 2390 4186 memus
2416 4147 2516 4189 nos
2536 4136 2799 4204 exemplis
2824 4138 3169 4207 obcdicntiae,
3195 4142 3518 4200 humilitatis
3540 4154 3597 4200 et
3627 4162 3759 4202 man

2176 4221 2478 4277 suetudinis
2514 4223 2750 4291 Christi,
2790 4229 3201 4287 considerantes
3238 4233 3437 4303 singuli
3483 4251 3588 4288 non
3626 4251 3765 4306 quat

2177 4314 2350 4380 nobis,
2382 4315 2476 4369 sed
2506 4318 2647 4386 quod
2681 4319 2802 4374 aliis
2829 4322 2958 4375 utile
2983 4330 3089 4388 est,
3115 4340 3217 4379 nec
3251 4326 3637 4396 cupiditatibus
3663 4330 3771 4384 hu-

2167 4403 2259 4472 jus
2300 4405 2518 4471 mundi,
2556 4415 2718 4477 atque
2758 4410 3028 4469 illecebris
3066 4429 3288 4485 operam
3322 4418 3511 4475 demus
3552 4437 3569 4474 :
3615 4421 3761 4476 nulla

487 4505 503 4533 ι
544 4499 689 4539 mam
728 4490 871 4542 servi
918 4491 1221 4560 accipiens,
1252 4495 1307 4548 in
1347 4496 1754 4556 similitudinem
1786 4504 2065 4561 hominum

2197 4494 2276 4547 :rit
2309 4495 2451 4549 inter
2488 4512 2590 4552 nos
2627 4502 2902 4558 contentio
2939 4502 3006 4560 de
3044 4505 3379 4562 sublimitate
3417 4508 3663 4575 honoris,
3704 4520 3763 4567 et

487 4595 503 4625 ι
540 4574 737 4640 factus,
765 4586 821 4633 et
848 4579 1039 4637 habitd
1067 4582 1315 4640 inventus
1341 4595 1399 4641 ut
1427 4587 1609 4645 homo.
1648 4590 1963 4650 Ilumiliavit
1988 4612 2067 4653 se-

485 4687 503 4716 ι
535 4667 826 4737 metipsum
850 4668 1026 4728 factus
1051 4673 1309 4731 obediens
1336 4692 1508 4748 usque
1531 4679 1599 4736 ad
1628 4691 1882 4751 mortem,
1912 4701 2063 4741 mor-

484 4774 503 4806 ι
542 4765 650 4811 tem
687 4766 869 4814 autem
908 4762 1089 4817 crucis
1140 4783 1153 4817 :
1192 4775 1416 4835 propter
1456 4771 1601 4839 quod
1642 4780 1696 4827 et
1731 4774 1873 4829 Deus
1912 4776 2063 4832 illum

484 4864 502 4897 ι
539 4847 830 4914 cxaltavit,
873 4859 930 4906 et
966 4851 1188 4908 donavit
1230 4854 1307 4910 illi
1332 4872 1558 4923 nomen,
1597 4864 1742 4930 quod
1780 4873 1863 4919 est
1898 4881 2063 4938 super

481 4957 499 4988 ι
537 4952 697 4992 omne
722 4954 938 5007 nomen,
967 4948 1028 4994 ut
1055 4942 1108 4996 in
1138 4945 1355 5001 nomine
1373 4945 1502 5004 Jesu
1526 4964 1687 5005 omne
1711 4967 1851 5022 genu
1878 4954 2061 5012 ﬂecta-

482 5048 497 5076 ι
537 5036 644 5094 tur,
691 5028 1014 5096 cmlestium,
1057 5035 1418 5103 terrestrium,
1463 5047 1519 5094 et
1563 5039 1898 5099 infernorum
1948 5065 1960 5100 :
2004 5055 2061 5103 ct

480 5136 498 5167 ι
535 5119 710 5174 omnis
728 5119 908 5191 lingua
929 5122 1271 5192 conﬁteatur,
1294 5128 1419 5198 quia
1447 5129 1707 5189 Dominus
1725 5133 1884 5193 Jesus
1906 5136 2060 5195 Chri-

482 5225 499 5255 ι
533 5214 621 5262 tus
646 5209 700 5264 in
727 5209 897 5281 gloria
926 5220 1010 5269 est
1038 5215 1133 5271 Dei
1156 5215 1335 5274 Patris
1364 5219 1587 5295 (Philip.
1620 5224 1729 5296 x).»
1762 5225 1898 5284 Hinc
1925 5243 2056 5301 ergo

473 5296 749 5367 discipulis
792 5302 905 5357 suis
947 5306 1233 5377 praecepit,
1277 5310 1463 5366 dicens
1506 5331 1519 5367 :
1570 5333 1590 5365 ι
1633 5314 1808 5373 Nolite
1841 5296 2055 5375 solliciti

480 5405 498 5438 ι
532 5402 675 5455 esse,
700 5388 961 5461 dicentes,
988 5394 1131 5463 Quid
1170 5400 1649 5460 manducabimus?
1677 5415 1771 5460 aut
1802 5409 1934 5477 quid
1970 5411 2054 5465 bi-

479 5498 497 5530 ι
534 5480 759 5537 bemus?
784 5491 877 5537 aut
902 5500 1009 5554 quo
1033 5488 1380 5559 operiemur?
1410 5492 1525 5549 btec
1546 5496 1690 5550 enim
1715 5498 1898 5552 omnia
1925 5514 2053 5569 gen-

476 5591 495 5621 ι
530 5579 615 5626 tes
634 5572 932 5643 inquirunt.
963 5575 1078 5632 Scit
1102 5580 1247 5635 enim
1275 5591 1429 5652 pater
1453 5594 1653 5652 vester,
1679 5588 1805 5657 quia
1832 5590 1917 5646 his
1937 5606 2051 5646 om-

477 5677 495 5709 ι
529 5661 689 5716 nibus
731 5663 1004 5734 indigetis.
1059 5668 1295 5733 Qumritc
1337 5681 1515 5730 autem
1548 5676 1781 5746 primum
1826 5666 2049 5750 regnum

476 5770 494 5803 ι
532 5752 658 5818 Dei,
688 5760 741 5808 ct
771 5753 1038 5824 justitiam
1074 5761 1190 5829 ejus
1221 5781 1231 5815 :
1271 5774 1323 5820 et
1362 5767 1476 5821 haec
1514 5771 1694 5823 omnia
1731 5770 2052 5838 adjicicntur

2170 4590 2317 4646 inani
2347 4590 2613 4659 jactantia
2647 4605 2879 4653 terrena:
2914 4600 3232 4669 potestatis,
3269 4611 3329 4658 et
3364 4603 3646 4662 conﬂictus
3672 4621 3763 4661 ne

2167 4696 2330 4750 quam
2357 4682 2423 4736 de
2448 4693 2657 4753 qumstu
2686 4686 2919 4743 nefando
2952 4691 3239 4761 praesentis
3273 4693 3454 4748 seculi
3486 4710 3501 4747 :
3529 4693 3629 4749 sed
3656 4694 3770 4750 erit

2166 4770 2327 4828 ﬁrma
2362 4788 2468 4843 pax
2506 4783 2564 4832 et
2612 4780 2901 4835 concordia
2948 4781 3091 4837 inter
3132 4798 3261 4848 nos,
3306 4784 3768 4858 exercebituqu

2165 4865 2497 4921 unanimiter
2526 4869 2703 4926 cultus
2728 4870 2947 4940 pietatis
2985 4891 2997 4927 :
3029 4882 3085 4929 et
3111 4875 3302 4948 religio
3326 4887 3538 4945 sancta,
3564 4887 3623 4935 et
3656 4879 3769 4936 im-

2165 4962 2431 5017 maculata
2453 4979 2637 5020 coram
2662 4967 2773 5022 Deo
2794 4968 3191 5040 (exspectantes
3211 4987 3504 5043 supernam
3523 4974 3763 5044 gloriam

2161 5053 2218 5109 in
2239 5056 2565 5114 revelatione
2585 5059 2800 5116 Domini
2818 5063 2988 5118 nostri
3008 5061 3134 5119 Jesu
3155 5063 3380 5139 Christi)
3395 5075 3451 5122 et
3469 5066 3761 5123 Salvatore

2158 5153 2367 5212 nostro,
2398 5147 2517 5203 sine
2545 5150 2963 5219 reprehensione
2983 5154 3321 5209 custodietur
3348 5169 3364 5208 :
3393 5156 3539 5211 etita
3565 5157 3757 5212 omnia

2159 5239 2402 5293 membra
2429 5241 2674 5310 corporis
2707 5241 2911 5298 Christi
2949 5254 3111 5300 erunt
3146 5245 3202 5300 in
3230 5260 3399 5316 pace,
3436 5263 3602 5317 quem
3624 5262 3754 5304 cum

2160 5342 2266 5381 non
2295 5328 2573 5394 videmus,
2604 5331 2910 5402 diligimus;
2953 5334 3009 5389 in
3033 5349 3195 5404 quem
3217 5351 3361 5391 nunc
3386 5351 3600 5409 quoque
3636 5353 3753 5393 non

2156 5416 2402 5473 videntes
2428 5420 2731 5486 credimus,
2768 5430 2825 5477 et
2856 5423 3148 5480 cxultando
3171 5439 3480 5496 speramus,
3509 5425 3659 5496 quod
3689 5427 3750 5482 in

2155 5506 2389 5562 adventu
2425 5509 2542 5580 ejus
2567 5511 2928 5581 percipiamus
2955 5514 3119 5570 ﬁnem
3161 5517 3286 5573 fidei
3329 5526 3558 5586 nostrze,
3598 5517 3749 5575 salu-

2156 5604 2265 5651 tem
2296 5612 2599 5653 ammarum
2623 5608 2953 5657 nostrarum.

2223 5687 2392 5755 Igitur
2425 5689 2549 5757 quia
2579 5691 2713 5745 ordo
2746 5693 3031 5761 praeterita:
3059 5699 3389 5753 narrationis
3415 5708 3646 5766 vestrm,
3681 5706 3740 5752 et

2155 5777 2518 5844 responsionis
2548 5781 2828 5836 parvitatis
2851 5790 3070 5851 nostrae,
3098 5785 3199 5843 hoc
3221 5789 3492 5858 exigebat,
3523 5799 3582 5843 ut
3602 5804 3733 5845 con-
