3922 6354
193 447 3542 511 ω-

802 621 1378 736 ΒΕΔΤῙ
1452 620 2204 738 ΒΔΒΔΝῙ
2273 621 2888 737 ΜΔΠΒῙ

918 833 1307 892 FULDENSIS
1340 832 1636 891 ABBATIS
1670 833 1763 889 ET
1796 832 2182 892 MOGUNTINI
2215 832 2739 892 ARCHIEPISCOPI

438 1012 1094 1130 OPERUM
1196 1014 1852 1128 OMNIUM
1955 1013 2361 1128 PARS
2464 1014 3218 1133 SECUNDA

1767 1253 1903 1296 SIVE

798 1398 1076 1490 Scripta
1105 1402 1188 1468 ab
1225 1402 1371 1490 ipso
1410 1400 1592 1466 edita
1641 1415 1791 1489 post
1824 1402 2129 1472 relictam
2167 1405 2570 1473 abbatialem
2608 1429 2870 1477 curam.

1711 1590 1950 1599 —-—————_

1299 1747 2414 1894 HOMILUE.

1211 2037 1341 2120 (AB
1381 2035 1602 2101 ANNO
1655 2036 1776 2099 826
1819 2036 1929 2096 AD
1972 2034 2253 2097 ANNUM
2294 2031 2466 2116 διώ.)

1594 2205 2053 2220 W

273 2552 740 2686 HOMILIIE
819 2550 954 2680 DE
1030 2548 1388 2679 FESTIS
1467 2545 2074 2732 PBIECIPUIS,
2150 2550 2412 2680 ITEM
2487 2550 2620 2681 DE
2697 2551 3370 2683 VIRTUTIBUS.

1591 2758 2077 2774 -ᾚ

801 2838 1172 2898 PREFATIO

507 2951 576 2990 AD
613 2949 952 2990 ιηιετυιευι
996 2945 1468 2989 ARCHIEPISCOPUI.

262 3028 470 3084 Sancto
516 3041 582 3082 ac
628 3024 923 3082 venerabili
971 3022 1119 3078 Patri
1164 3021 1470 3078 HAISTULFO
1511 3020 1781 3093 archiepi-

188 3136 381 3192 scopo,
412 3118 687 3182 Russus,
717 3115 838 3172 vilis
867 3114 1103 3171 servitor
1131 3113 1457 3170 servitorum
1485 3111 1603 3167 Dei.

264 3208 606 3267 Jussionibus
650 3207 752 3262 tuis
793 3207 1203 3276 obtemperans,
1249 3203 1563 3261 beatissime
1605 3202 1782 3270 Pater,

187 3315 500 3360 sermonem
526 3297 734 3354 confeci
758 3297 825 3352 ad
846 3295 1248 3367 praedicandum
1277 3295 1498 3368 papulo,
1519 3294 1586 3350 de
1611 3292 1787 3350 omni-

188 3394 297 3450 bus
336 3405 458 3461 qua:
500 3387 807 3444 necessaria
855 3387 936 3442 eis
984 3385 1222 3452 credidi;
1269 3387 1375 3442 hoc
1413 3394 1515 3452 est,
1550 3384 1787 3456 primum

187 3481 408 3556 qualem
443 3478 846 3535 observantiam
873 3478 1133 3534 deberent
1160 3477 1362 3534 habere
1390 3477 1445 3533 in
1475 3475 1786 3533 festivitati-

190 3575 300 3632 bus
327 3571 610 3644 praecipuis
632 3583 752 3641 quae
781 3577 908 3626 sunt
934 3569 987 3624 in
1015 3569 1143 3624 anni
1175 3569 1396 3633 circulo,
1437 3577 1498 3623 ut
1532 3574 1788 3623 vacantes

191 3667 269 3723 ab
289 3680 452 3736 opere
480 3649 773 3729 mundano,
805 3677 912 3718 non
933 3662 1086 3718 vacui
1113 3661 1306 3718 ﬁerent
1334 3677 1366 3717 a
1393 3661 1559 3717 verbo
1583 3659 1787 3727 divino,

192 3755 296 3813 sed
324 3753 712 3826 cognoscentes
736 3753 834 3810 Dei
853 3752 1208 3818 voluntatem,
1232 3751 1391 3807 factis
1415 3765 1539 3806 eam
1564 3749 1790 3821 implere

193 3845 525 3901 studerent:
555 3835 752 3900 deinde
789 3843 1061 3898 texuimus
1097 3841 1535 3913 praedicationem
1575 3841 1680 3897 illis
1723 3840 1794 3898 de

193 3937 431 3994 diversis
477 3934 758 4007 speciebus
800 3936 1084 4001 virtutum,
1113 3935 1167 3991 id
1197 3942 1299 4000 est,
1341 3934 1408 3990 de
1440 3933 1564 4002 ﬁde,
1606 3947 1698 4004 spe
1736 3940 1791 3988 et

193 4027 486 4092 cbaritate,
514 4026 581 4082 de
608 4025 1277 4092 castitate,.continentia,
1317 4032 1374 4081 et
1420 4024 1628 4080 caeteris
1671 4039 1792 4094 spe-

195 4119 387 4175 ciebus
433 4117 728 4183 virtutum,
776 4115 1008 4188 qualiter
1053 4129 1148 4172 eas
1194 4123 1507 4187 appetentes
1533 4121 1590 4171 et
1615 4122 1792 4170 custo—

194 4213 411 4269 dientes
445 4211 557 4266 Deo
599 4187 893 4280 placerent,
934 4215 991 4264 et
1031 4208 1198 4263 vitam
1236 4215 1494 4262 aeternam
1534 4207 1591 4261 in
1635 4205 1787 4262 caelis
1816 4187 1863 4247 Β

193 4318 328 4360 cum
367 4300 569 4355 sanctis
609 4297 813 4369 angelis
842 4297 1121 4369 percipere
1147 4305 1386 4367 possent.
1436 4295 1630 4352 Postea
1658 4310 1788 4352 vero

192 4391 370 4449 alium
400 4389 744 4460 adiunximus
780 4401 1087 4445 sermonem
1132 4387 1199 4444 de
1237 4387 1407 4443 variis
1448 4400 1694 4443 errorum
1735 4395 1790 4443 et

189 4482 458 4540 vitiorum
510 4478 912 4537 seductionibus
961 4493 1087 4534 cum
1141 4477 1340 4548 quibus
1385 4478 1640 4549 antiquus
1688 4479 1788 4534 ho-

191 4573 307 4633 stis
345 4573 641 4628 humanum
685 4585 854 4642 genus
901 4568 1105 4626 deludit
1147 4583 1212 4625 ac
1255 4570 1498 4640 decipit:
1531 4571 1636 4626 hoc
1681 4580 1787 4637 est,

195 4670 270 4727 de
304 4667 447 4725 malo
473 4664 737 4736 superbiat
760 4671 818 4720 et
832 4663 1128 4735 iactantia,
1158 4663 1274 4730 irae,
1301 4664 1534 4731 invidiae,
1561 4662 1789 4731 fraudis,

195 4759 468 4824 avaritia}.
511 4755 648 4830 gulae
686 4763 743 4811 et
785 4753 1180 4821 fornicationis,
1207 4763 1264 4811 et
1296 4754 1380 4811 bis
1413 4754 1699 4822 similibus,
1733 4763 1794 4810 ut

194 4851 410 4909 scirent
430 4847 631 4906 Christi
656 4861 786 4903 oves
807 4846 1077 4917 quomodo
1099 4846 1211 4917 lupi
1241 4846 1561 4903 ferocissimi
1587 4854 1643 4901 et
1669 4846 1793 4902 dra-

196 4939 365 4998 conis
389 4937 670 4994 saavissimi
695 4950 912 4992 morsus
943 4933 1193 5001 evadere,
1231 4944 1286 4992 et
1317 4935 1572 5006 praevisos
1598 4949 1793 4990 cavere

195 5037 451 5106 possent.
507 5028 711 5085 Verum
753 5027 882 5098 quia
919 5027 1056 5094 hac,
1098 5027 1326 5083 diversis
1353 5026 1794 5098 occupationibus

202 5121 713 5185 intervenientibus,
756 5119 915 5176 simul
941 5119 1102 5175 edere
1127 5135 1234 5176 non
1261 5119 1442 5190 potui;
1482 5119 1576 5175 sed
1610 5118 1792 5174 diver-

201 5214 289 5270 sis
325 5210 674 5281 temporibus,
699 5216 861 5280 prout
889 5209 1263 5281 opportunitas
1287 5209 1607 5275 dictaverat,
1641 5223 1794 5280 sepa-

204 5302 376 5359 ratim
416 5300 616 5370 scripta
645 5299 700 5353 in
732 5299 964 5355 scedulis
993 5298 1088 5354 tibi
1121 5300 1551 5365 transmiseram,
1580 5307 1704 5369 peto
1735 5308 1796 5354 ut

202 5393 395 5450 omnia
423 5390 480 5446 in
517 5405 682 5444 unum
708 5388 957 5445 volumen
981 5390 1298 5462 congregari
1315 5388 1526 5462 iubeas,
1551 5399 1608 5446 et
1635 5390 1795 5446 istam

1806 2844 1860 2903 Α
1882 2845 1942 2893 ut
1970 2852 2106 2896 mea:
2129 2804 2383 2911 parvitati
2408 2838 2710 2911 impendas,
2737 2848 2798 2895 ut
2823 2841 3232 2913 quibuscunque
3257 2841 3326 2899 de
3353 2846 3480 2902 θυι)-

1877 2929 2063 3001 jectis,
2089 2930 2204 2989 sive
2237 2931 2466 2999 devotis,
2496 2933 2600 2989 hoc
2627 2932 2944 3003 opusculum
2976 2933 3043 2990 ad
3084 2933 3366 3008 legendum
3396 2937 3483 2994 vel

1886 3026 1953 3082 ad
1976 3025 2377 3098 pmdicandum
2405 3024 2732 3092 committes,
2761 3041 2935 3082 meam
2962 3025 3311 3100 fragilitatem
3337 3030 3481 3100 apud

1877 3115 2240 3186 iustissimum
2267 3115 2512 3174 Iudicem
2540 3116 2880 3174 orationibus
2907 3118 3022 3174 suis
3050 3118 3307 3188 adjuvare
3343 3136 3483 3192 pra:-

1886 3205 2076 3275 cipias,
2112 3214 2382 3276 quatenus
2423 3206 2708 3278 praesentis
2751 3206 2880 3262 vitae
2922 3221 3140 3263 cursum
3189 3223 3286 3280 per
3327 3226 3482 3266 suam

1888 3295 2117 3367 gratiam
2143 3295 2347 3352 diutius
2371 3304 2607 3364 teneam,
2634 3304 2689 3351 et
2715 3295 2783 3352 ad
2812 3295 3046 3352 futuram
3088 3297 3483 3356 beatitudinem

1886 3386 2117 3444 feliciter
2152 3388 2437 3460 pervenire
2477 3401 2708 3447 merear.
2758 3387 3025 3446 Divinitas
3067 3388 3283 3445 Domini
3311 3390 3483 3446 nostri

1887 3477 2015 3535 Jesu
2036 3478 2240 3536 Christi
2267 3479 2659 3536 beatitudinem
2682 3489 2924 3536 vestram
2951 3480 3101 3535 omni
3130 3490 3372 3552 tempore
3400 3481 3483 3536 in-

1888 3569 2158 3627 columem
2185 3584 2510 3628 conservare
2533 3570 2804 3642 dignetur,
2830 3577 3017 3626 sancte
3045 3568 3247 3626 Pater:
3275 3585 3487 3627 memor

1889 3663 1967 3719 sis
1992 3662 2184 3719 nostri.

2403 3841 2685 3900 HOMILIA
2737 3841 2972 3898 PRIMA.

2028 3951 2168 3990 ANTE
2203 3950 2454 3991 κΑτΑιειι
2493 3948 2679 3989 DOIINI
2715 3949 2907 3990 NOSTM
2942 3950 3065 3991 JESU
3093 3950 3332 3990 CHRISTI.

1959 4025 2438 4096 Appropinquante
2457 4024 2571 4096 jam
2599 4024 2966 4080 sacratissima
3008 4024 3352 4081 solemnitate
3373 4041 3481 4098 qua

1893 4117 2142 4173 Salvator
2188 4125 2374 4173 noster
2413 4117 2559 4172 inter
2594 4115 2844 4172 homines
2878 4116 3030 4176 nasci
3058 4115 3487 4175 misericorditer

1889 4208 2059 4264 voluit
2077 4249 2092 4275 ,
2121 4207 2319 4264 fratres
2346 4206 2674 4273 cbarissimi,
2699 4207 2962 4264 attentius
2986 4207 3328 4264 considerate
3350 4223 3488 4279 qua-

1887 4300 2014 4356 liter
2039 4306 2287 4370 oporteat
2317 4312 2417 4354 nos
2447 4298 2502 4353 in
2541 4298 2774 4353 adventu
2803 4304 2968 4353 tanta:
2995 4299 3251 4368 potentia:
3277 4314 3490 4370 pracpao

1889 4390 2019 4456 rari,
2045 4397 2108 4445 ut
2137 4403 2318 4461 regem
2338 4396 2394 4445 et
2419 4387 2705 4443 Dominum
2735 4396 2981 4445 nostrum
3018 4389 3126 4445 laeti
3165 4397 3330 4461 atque
3352 4406 3485 4463 gau-

1889 4479 2079 4535 dentes
2117 4493 2239 4536 cum
2272 4476 2443 4550 gloria
2481 4485 2537 4533 et
2570 4477 2821 4534 laudibus
2853 4492 3160 4534 mereamur
3188 4479 3486 4550 suscipere,

1890 4571 2024 4628 etin
2054 4580 2343 4641 conspectu
2381 4570 2499 4642 ejus
2540 4569 2684 4626 inter
2721 4579 2897 4628 enatus
2948 4569 3132 4628 felices
3173 4582 3485 4630 sanctorum

1890 4661 2283 4734 gratulabundo
2309 4660 2582 4717 exsultare
2619 4660 2811 4732 magis,
2845 4677 3007 4732 quam
3043 4662 3112 4716 ab
3147 4676 3236 4726 eo,
3264 4671 3488 4734 propter

1891 4751 2191 4809 fceditatem
2237 4760 2481 4807 nostram
2530 4751 2754 4822 repulsi,
2794 4753 2936 4807 inter
2970 4760 3288 4824 peccatores
3324 4763 3487 4810 acter-

1891 4860 2018 4900 nam
2055 4842 2425 4900 confusionem
2455 4843 2674 4899 mereri.
2726 4843 2795 4899 Et
2824 4842 2944 4900 ideo
2981 4859 3113 4916 rogo
3138 4853 3194 4900 et
3219 4844 3484 4901 admoneo

1894 4942 1970 4998 ut,
2008 4941 2266 5003 quantum
2300 4932 2598 5000 valeamus,
2645 4949 2769 4991 cum
2811 4934 2907 4990 Dei
2961 4936 3231 5007 adjutorio
3268 4935 3482 4992 labore-

1892 5038 2043 5089 mus;
2083 5023 2222 5079 utin
2259 5023 2349 5080 illo
2375 5024 2462 5080 die
2497 5039 2621 5080 cum
2661 5024 2872 5080 sincera
2895 5033 2948 5080 et
2971 5041 3103 5094 pura
3131 5024 3483 5091 conscientia,

1893 5115 2096 5170 mundo
2140 5115 2304 5172 corde
2345 5123 2402 5172 et
2445 5123 2597 5171 casto
2641 5129 2888 5185 corpore,
2938 5115 3006 5170 ad
3047 5114 3220 5171 altare
3267 5115 3480 5171 Domini

1894 5206 2164 5277 possimus
2190 5207 2468 5274 accedere,
2495 5214 2551 5262 et
2584 5220 2779 5276 corpus
2809 5220 2873 5261 ac
2895 5205 3209 5277 sanguinem
3230 5205 3347 5277 ejus
3373 5219 3480 5261 non

1895 5300 1964 5355 ad
1993 5298 2278 5369 judicium,
2322 5297 2416 5354 sed
2450 5298 2520 5352 ad
2556 5297 2851 5354 remedium
2886 5297 3082 5352 animae
3109 5306 3310 5353 nostrae
3340 5297 3478 5352 acci-

1895 5404 2046 5462 pere.
2103 5389 2162 5444 ln
2194 5388 2396 5445 Christi
2425 5388 2572 5444 enim
2597 5402 2823 5457 corpore
2851 5388 2960 5443 vita
2989 5397 3173 5443 nostra
3196 5387 3481 5452 consistit;

208 5479 497 5553 epistolam
547 5479 787 5550 νηροηὶ
815 5496 829 5535 :
863 5487 922 5534 ut
963 5481 1138 5537 sciant
1184 5479 1451 5552 legentes,
1494 5481 1541 5538 si
1590 5480 1794 5554 aliquid
1824 5534 1865 5554 η
1899 5481 2013 5552 ipse
2040 5478 2302 5536 Dominus
2334 5479 2472 5536 dixit
2502 5496 2515 5533 :
2547 5477 2669 5533 Nisi
2707 5477 3146 5533 manducaveritis
3176 5495 3388 5534 carnem
3420 5477 3490 5547 ﬁ-

208 5534 468 5627 ;I‘tilitatis
508 5534 570 5626 ll;
705 5534 1166 5640 repererint,non
1821 5534 1866 5598 Ο
1897 5534 2227 5641 lii‘ltominis,
2247 5534 2304 5629 et
2329 5534 2558 5629 (tiberim
2591 5571 2704 5642 ejus
2727 5571 3055 5642 sanguinem,
3096 5587 3201 5625 non
3230 5534 3487 5625 habebitis

210 5658 479 5732 gentiam,
504 5657 600 5715 sed
633 5659 802 5715 vestri
838 5660 1050 5731 imperii
1083 5661 1465 5718 obedientiam.
1515 5660 1629 5719 Hoc
1662 5677 1797 5733 quo-

210 5763 329 5820 que
373 5749 622 5817 maxime,
670 5751 788 5805 vice
825 5751 1297 5835 remunerationis,
1339 5751 1584 5823 obsecro,
1611 5754 1797 5822 Pater,

580 5840 851 5901 Prrnon.
897 5842 1033 5904 CX.

1898 5665 2058 5720 vitam
2083 5666 2139 5720 in
2166 5665 2307 5720 vobis
2334 5663 2516 5736 (Joan.
2539 5661 2636 5732 vt).
2689 5659 2858 5716 Mutet
2884 5675 3014 5732 ergo
3033 5661 3220 5726 vitam,
3246 5658 3339 5730 qui
3367 5657 3487 5713 vult

1899 5754 2102 5813 habere
2122 5753 2291 5811 vitam
2321 5771 2335 5810 :
2366 5767 2492 5810 nam
2512 5753 2558 5810 si
2581 5767 2688 5808 non
2717 5757 2890 5808 mutet
2908 5751 3268 5822 peccatricem
3295 5747 3485 5812 vitam,

2977 5847 3005 5904 1
