  <div class='ocr_page' id='page_1' title='image "/cluster/home/n/w/nwhite01/storage/ocr_20150623/110/uva.x000827066/013.png"; bbox 0 0 3922 6330; ppageno 0'>
   <div class='ocr_carea' id='block_1_1' title="bbox 521 332 3768 402">
    <p class='ocr_par' dir='ltr' id='par_1_1' title="bbox 521 332 3768 402">
     <span class='ocr_line' id='line_1_1' title="bbox 521 332 3768 402; baseline -0.004 0"><span class='ocrx_word' id='word_1_1' title='bbox 521 350 572 402; x_wconf 88' lang='lat' dir='ltr'><strong>ll</strong></span> <span class='ocrx_word' id='word_1_2' title='bbox 1140 345 1196 399; x_wconf 82' lang='grc' dir='ltr'>Β.</span> <span class='ocrx_word' id='word_1_3' title='bbox 1240 343 1488 400; x_wconf 58' lang='grc' dir='ltr'><strong>ΒᾹΠᾹΝΙ</strong></span> <span class='ocrx_word' id='word_1_4' title='bbox 1529 342 1743 400; x_wconf 69' lang='lat' dir='ltr'><strong>MAURI</strong></span> <span class='ocrx_word' id='word_1_5' title='bbox 1783 339 2098 396; x_wconf 72' lang='lat' dir='ltr'><strong>ARCllIEP.</strong></span> <span class='ocrx_word' id='word_1_6' title='bbox 2146 339 2453 397; x_wconf 67' lang='lat' dir='ltr'><strong>MOGU&#39;NT.</strong></span> <span class='ocrx_word' id='word_1_7' title='bbox 2496 336 2775 394; x_wconf 74' lang='lat' dir='ltr'><strong>OPERUM</strong></span> <span class='ocrx_word' id='word_1_8' title='bbox 2813 335 2993 393; x_wconf 75' lang='lat' dir='ltr'><strong>PARS</strong></span> <span class='ocrx_word' id='word_1_9' title='bbox 3029 335 3092 392; x_wconf 87' lang='lat' dir='ltr'><strong>ll.</strong></span> <span class='ocrx_word' id='word_1_10' title='bbox 3608 382 3616 392; x_wconf 95' lang='lat'><strong>.</strong></span> <span class='ocrx_word' id='word_1_11' title='bbox 3701 332 3768 389; x_wconf 70' lang='lat' dir='ltr'><strong>l2</strong></span> 
     </span>
    </p>
   </div>
   <div class='ocr_carea' id='block_1_2' title="bbox 508 445 3770 523">
    <p class='ocr_par' dir='ltr' id='par_1_2' title="bbox 508 445 3770 523">
     <span class='ocr_line' id='line_1_2' title="bbox 508 445 3770 523; baseline -0.003 -13"><span class='ocrx_word' id='word_1_12' title='bbox 508 469 571 511; x_wconf 66' lang='lat' dir='ltr'><strong>nt</strong></span> <span class='ocrx_word' id='word_1_13' title='bbox 622 459 760 510; x_wconf 87' lang='lat' dir='ltr'><strong>vivat</strong></span> <span class='ocrx_word' id='word_1_14' title='bbox 803 452 963 523; x_wconf 84' lang='lat' dir='ltr'><strong>jnste.</strong></span> <span class='ocrx_word' id='word_1_15' title='bbox 1017 455 1082 508; x_wconf 73' lang='lat' dir='ltr'><strong>ad</strong></span> <span class='ocrx_word' id='word_1_16' title='bbox 1121 453 1382 522; x_wconf 76' lang='lat' dir='ltr'><strong>judicium</strong></span> <span class='ocrx_word' id='word_1_17' title='bbox 1426 454 1650 523; x_wconf 83' lang='lat' dir='ltr'><strong>accipiet</strong></span> <span class='ocrx_word' id='word_1_18' title='bbox 1684 467 1866 507; x_wconf 88' lang='lat' dir='ltr'><strong>veram</strong></span> <span class='ocrx_word' id='word_1_19' title='bbox 1896 451 2083 515; x_wconf 89' lang='lat' dir='ltr'><strong>vitam,</strong></span> <span class='ocrx_word' id='word_1_20' title='bbox 2114 453 2163 512; x_wconf 79' lang='grc' dir='ltr'>Α</span> <span class='ocrx_word' id='word_1_21' title='bbox 2188 457 2248 506; x_wconf 94' lang='lat' dir='ltr'><strong>ut</strong></span> <span class='ocrx_word' id='word_1_22' title='bbox 2286 464 2406 503; x_wconf 66' lang='lat' dir='ltr'><strong>eum</strong></span> <span class='ocrx_word' id='word_1_23' title='bbox 2452 445 2569 503; x_wconf 90' lang='lat' dir='ltr'><strong>dies</strong></span> <span class='ocrx_word' id='word_1_24' title='bbox 2603 446 2790 516; x_wconf 89' lang='lat' dir='ltr'><strong>judicii</strong></span> <span class='ocrx_word' id='word_1_25' title='bbox 2833 446 3131 511; x_wconf 71' lang='lat' dir='ltr'><strong>advenerit,</strong></span> <span class='ocrx_word' id='word_1_26' title='bbox 3181 460 3287 501; x_wconf 90' lang='lat' dir='ltr'><strong>non</strong></span> <span class='ocrx_word' id='word_1_27' title='bbox 3333 460 3456 502; x_wconf 92' lang='lat' dir='ltr'><strong>cum</strong></span> <span class='ocrx_word' id='word_1_28' title='bbox 3496 445 3676 518; x_wconf 79' lang='lat' dir='ltr'><strong>impiis</strong></span> <span class='ocrx_word' id='word_1_29' title='bbox 3709 458 3770 499; x_wconf 81' lang='lat' dir='ltr'><strong>et</strong></span> 
     </span>
    </p>
   </div>
   <div class='ocr_carea' id='block_1_3' title="bbox 513 541 2091 615">
    <p class='ocr_par' dir='ltr' id='par_1_3' title="bbox 513 541 2091 615">
     <span class='ocr_line' id='line_1_3' title="bbox 513 541 2091 615; baseline -0.003 -17"><span class='ocrx_word' id='word_1_30' title='bbox 513 562 633 615; x_wconf 81' lang='lat' dir='ltr'><strong>quze</strong></span> <span class='ocrx_word' id='word_1_31' title='bbox 659 555 740 600; x_wconf 89' lang='lat' dir='ltr'><strong>est</strong></span> <span class='ocrx_word' id='word_1_32' title='bbox 766 559 959 614; x_wconf 88' lang='lat' dir='ltr'><strong>corpus</strong></span> <span class='ocrx_word' id='word_1_33' title='bbox 993 542 1214 608; x_wconf 75' lang='lat' dir='ltr'><strong>Christi,</strong></span> <span class='ocrx_word' id='word_1_34' title='bbox 1242 551 1298 598; x_wconf 88' lang='lat' dir='ltr'><strong>ct</strong></span> <span class='ocrx_word' id='word_1_35' title='bbox 1325 543 1496 613; x_wconf 79' lang='lat' dir='ltr'><strong>magis</strong></span> <span class='ocrx_word' id='word_1_36' title='bbox 1537 557 1607 598; x_wconf 76' lang='lat' dir='ltr'><strong>ex</strong></span> <span class='ocrx_word' id='word_1_37' title='bbox 1645 543 1757 613; x_wconf 89' lang='lat' dir='ltr'><strong>ipsa</strong></span> <span class='ocrx_word' id='word_1_38' title='bbox 1793 541 2091 611; x_wconf 88' lang='lat' dir='ltr'><strong>corrumpi-</strong></span> 
     </span>
    </p>
   </div>
   <div class='ocr_carea' id='block_1_4' title="bbox 516 627 2088 706">
    <p class='ocr_par' dir='ltr' id='par_1_4' title="bbox 516 627 2088 706">
     <span class='ocr_line' id='line_1_4' title="bbox 516 627 2088 706; baseline -0.005 -17"><span class='ocrx_word' id='word_1_39' title='bbox 516 647 603 690; x_wconf 92' lang='lat' dir='ltr'><strong>tur</strong></span> <span class='ocrx_word' id='word_1_40' title='bbox 629 648 791 706; x_wconf 90' lang='lat' dir='ltr'><strong>quam</strong></span> <span class='ocrx_word' id='word_1_41' title='bbox 821 642 1060 698; x_wconf 81' lang='lat' dir='ltr'><strong>sanetur,</strong></span> <span class='ocrx_word' id='word_1_42' title='bbox 1089 631 1257 702; x_wconf 79' lang='lat' dir='ltr'><strong>magis</strong></span> <span class='ocrx_word' id='word_1_43' title='bbox 1285 632 1550 687; x_wconf 82' lang='lat' dir='ltr'><strong>occiditur</strong></span> <span class='ocrx_word' id='word_1_44' title='bbox 1577 645 1738 701; x_wconf 84' lang='lat' dir='ltr'><strong>quam</strong></span> <span class='ocrx_word' id='word_1_45' title='bbox 1765 627 2088 684; x_wconf 83' lang='lat' dir='ltr'><strong>viviﬁcetur.</strong></span> 
     </span>
    </p>
   </div>
   <div class='ocr_carea' id='block_1_5' title="bbox 517 717 2090 793">
    <p class='ocr_par' dir='ltr' id='par_1_5' title="bbox 517 717 2090 793">
     <span class='ocr_line' id='line_1_5' title="bbox 517 717 2090 793; baseline -0.005 -13"><span class='ocrx_word' id='word_1_46' title='bbox 517 726 607 781; x_wconf 85' lang='lat' dir='ltr'><strong>Sic</strong></span> <span class='ocrx_word' id='word_1_47' title='bbox 633 723 776 779; x_wconf 89' lang='lat' dir='ltr'><strong>enim</strong></span> <span class='ocrx_word' id='word_1_48' title='bbox 810 722 947 777; x_wconf 85' lang='lat' dir='ltr'><strong>dixit</strong></span> <span class='ocrx_word' id='word_1_49' title='bbox 973 721 1258 793; x_wconf 84' lang='lat' dir='ltr'><strong>Apostolus</strong></span> <span class='ocrx_word' id='word_1_50' title='bbox 1283 740 1294 775; x_wconf 93' lang='lat'>:</span> <span class='ocrx_word' id='word_1_51' title='bbox 1324 721 1425 788; x_wconf 83' lang='lat' dir='ltr'><strong>Qui</strong></span> <span class='ocrx_word' id='word_1_52' title='bbox 1459 723 1738 774; x_wconf 84' lang='lat' dir='ltr'><strong>manducat</strong></span> <span class='ocrx_word' id='word_1_53' title='bbox 1766 735 1952 789; x_wconf 86' lang='lat' dir='ltr'><strong>corpus</strong></span> <span class='ocrx_word' id='word_1_54' title='bbox 1983 717 2090 772; x_wconf 91' lang='lat' dir='ltr'><strong>Do-</strong></span> 
     </span>
    </p>
   </div>
   <div class='ocr_carea' id='block_1_6' title="bbox 515 806 2092 880">
    <p class='ocr_par' dir='ltr' id='par_1_6' title="bbox 515 806 2092 880">
     <span class='ocr_line' id='line_1_6' title="bbox 515 806 2092 880; baseline -0.005 -13"><span class='ocrx_word' id='word_1_55' title='bbox 515 813 643 868; x_wconf 85' lang='lat' dir='ltr'><strong>mini</strong></span> <span class='ocrx_word' id='word_1_56' title='bbox 677 821 724 866; x_wconf 90' lang='lat' dir='ltr'><strong>et</strong></span> <span class='ocrx_word' id='word_1_57' title='bbox 764 811 888 865; x_wconf 89' lang='lat' dir='ltr'><strong>bibit</strong></span> <span class='ocrx_word' id='word_1_58' title='bbox 934 811 1237 878; x_wconf 84' lang='lat' dir='ltr'><strong>sanguinem</strong></span> <span class='ocrx_word' id='word_1_59' title='bbox 1280 809 1394 880; x_wconf 87' lang='lat' dir='ltr'><strong>ejus</strong></span> <span class='ocrx_word' id='word_1_60' title='bbox 1435 808 1665 878; x_wconf 81' lang='lat' dir='ltr'><strong>indigne,</strong></span> <span class='ocrx_word' id='word_1_61' title='bbox 1698 808 1956 878; x_wconf 81' lang='lat' dir='ltr'><strong>judicium</strong></span> <span class='ocrx_word' id='word_1_62' title='bbox 1995 806 2092 860; x_wconf 84' lang='lat' dir='ltr'><strong>sibi</strong></span> 
     </span>
    </p>
   </div>
   <div class='ocr_carea' id='block_1_7' title="bbox 515 898 2090 974">
    <p class='ocr_par' dir='ltr' id='par_1_7' title="bbox 515 898 2090 974">
     <span class='ocr_line' id='line_1_7' title="bbox 515 898 2090 974; baseline -0.001 -16"><span class='ocrx_word' id='word_1_63' title='bbox 515 904 796 958; x_wconf 65' lang='lat' dir='ltr'><strong>mandarat</strong></span> <span class='ocrx_word' id='word_1_64' title='bbox 825 915 869 958; x_wconf 87' lang='lat' dir='ltr'><strong>et</strong></span> <span class='ocrx_word' id='word_1_65' title='bbox 897 902 1017 957; x_wconf 83' lang='lat' dir='ltr'><strong>bibit</strong></span> <span class='ocrx_word' id='word_1_66' title='bbox 1045 901 1097 974; x_wconf 87' lang='lat' dir='ltr'><strong>(I</strong></span> <span class='ocrx_word' id='word_1_67' title='bbox 1124 898 1246 956; x_wconf 88' lang='lat' dir='ltr'><strong>Cor.</strong></span> <span class='ocrx_word' id='word_1_68' title='bbox 1273 901 1370 974; x_wconf 78' lang='lat' dir='ltr'><strong>xi).</strong></span> <span class='ocrx_word' id='word_1_69' title='bbox 1419 902 1484 956; x_wconf 85' lang='lat' dir='ltr'><strong>Et</strong></span> <span class='ocrx_word' id='word_1_70' title='bbox 1513 901 1635 956; x_wconf 79' lang='lat' dir='ltr'><strong>licet</strong></span> <span class='ocrx_word' id='word_1_71' title='bbox 1657 917 1754 957; x_wconf 89' lang='lat' dir='ltr'><strong>nos</strong></span> <span class='ocrx_word' id='word_1_72' title='bbox 1777 901 1923 957; x_wconf 89' lang='lat' dir='ltr'><strong>omni</strong></span> <span class='ocrx_word' id='word_1_73' title='bbox 1952 908 2090 956; x_wconf 88' lang='lat' dir='ltr'><strong>tem-</strong></span> 
     </span>
    </p>
   </div>
   <div class='ocr_carea' id='block_1_8' title="bbox 522 995 2094 1066">
    <p class='ocr_par' dir='ltr' id='par_1_8' title="bbox 522 995 2094 1066">
     <span class='ocr_line' id='line_1_8' title="bbox 522 995 2094 1066; baseline -0.003 -13"><span class='ocrx_word' id='word_1_74' title='bbox 522 1011 649 1066; x_wconf 87' lang='lat' dir='ltr'><strong>pore</strong></span> <span class='ocrx_word' id='word_1_75' title='bbox 681 997 833 1052; x_wconf 79' lang='lat' dir='ltr'><strong>bonis</strong></span> <span class='ocrx_word' id='word_1_76' title='bbox 859 997 1110 1065; x_wconf 87' lang='lat' dir='ltr'><strong>operibus</strong></span> <span class='ocrx_word' id='word_1_77' title='bbox 1136 1004 1358 1050; x_wconf 88' lang='lat' dir='ltr'><strong>ornatos</strong></span> <span class='ocrx_word' id='word_1_78' title='bbox 1390 1011 1452 1051; x_wconf 83' lang='lat' dir='ltr'><strong>ac</strong></span> <span class='ocrx_word' id='word_1_79' title='bbox 1483 995 1786 1064; x_wconf 81' lang='lat' dir='ltr'><strong>splendidos</strong></span> <span class='ocrx_word' id='word_1_80' title='bbox 1814 1009 1933 1050; x_wconf 83' lang='lat' dir='ltr'><strong>esse</strong></span> <span class='ocrx_word' id='word_1_81' title='bbox 1967 1011 2094 1051; x_wconf 81' lang='lat' dir='ltr'><strong>con—</strong></span> 
     </span>
    </p>
   </div>
   <div class='ocr_carea' id='block_1_9' title="bbox 519 1083 2094 1158">
    <p class='ocr_par' dir='ltr' id='par_1_9' title="bbox 519 1083 2094 1158">
     <span class='ocr_line' id='line_1_9' title="bbox 519 1083 2094 1158; baseline -0.001 -18"><span class='ocrx_word' id='word_1_82' title='bbox 519 1088 715 1152; x_wconf 78' lang='lat' dir='ltr'><strong>veniat,</strong></span> <span class='ocrx_word' id='word_1_83' title='bbox 760 1086 1029 1158; x_wconf 72' lang='lat' dir='ltr'><strong>pnecipue</strong></span> <span class='ocrx_word' id='word_1_84' title='bbox 1065 1094 1240 1140; x_wconf 88' lang='lat' dir='ltr'><strong>tamen</strong></span> <span class='ocrx_word' id='word_1_85' title='bbox 1270 1085 1323 1140; x_wconf 89' lang='lat' dir='ltr'><strong>in</strong></span> <span class='ocrx_word' id='word_1_86' title='bbox 1357 1085 1442 1139; x_wconf 86' lang='lat' dir='ltr'><strong>die</strong></span> <span class='ocrx_word' id='word_1_87' title='bbox 1469 1085 1669 1138; x_wconf 76' lang='lat' dir='ltr'><strong>Natalis</strong></span> <span class='ocrx_word' id='word_1_88' title='bbox 1698 1083 1928 1150; x_wconf 87' lang='lat' dir='ltr'><strong>Domini,</strong></span> <span class='ocrx_word' id='word_1_89' title='bbox 1958 1085 2094 1140; x_wconf 72' lang='lat' dir='ltr'><strong>sicut</strong></span> 
     </span>
    </p>
   </div>
   <div class='ocr_carea' id='block_1_10' title="bbox 520 1176 2096 1249">
    <p class='ocr_par' dir='ltr' id='par_1_10' title="bbox 520 1176 2096 1249">
     <span class='ocr_line' id='line_1_10' title="bbox 520 1176 2096 1249; baseline -0.003 -13"><span class='ocrx_word' id='word_1_90' title='bbox 520 1184 573 1236; x_wconf 88' lang='lat' dir='ltr'><strong>in</strong></span> <span class='ocrx_word' id='word_1_91' title='bbox 609 1179 896 1248; x_wconf 77' lang='lat' dir='ltr'><strong>Evangelia</strong></span> <span class='ocrx_word' id='word_1_92' title='bbox 937 1179 1049 1249; x_wconf 89' lang='lat' dir='ltr'><strong>ipse</strong></span> <span class='ocrx_word' id='word_1_93' title='bbox 1095 1178 1227 1233; x_wconf 83' lang='lat' dir='ltr'><strong>dixit</strong></span> <span class='ocrx_word' id='word_1_94' title='bbox 1273 1177 1486 1246; x_wconf 74' lang='lat' dir='ltr'><strong>(llatth.</strong></span> <span class='ocrx_word' id='word_1_95' title='bbox 1532 1176 1856 1248; x_wconf 88' lang='lat' dir='ltr'><strong>v):Lucere</strong></span> <span class='ocrx_word' id='word_1_96' title='bbox 1901 1177 2096 1233; x_wconf 89' lang='lat' dir='ltr'><strong>debent</strong></span> 
     </span>
    </p>
   </div>
   <div class='ocr_carea' id='block_1_11' title="bbox 521 1268 2095 1342">
    <p class='ocr_par' dir='ltr' id='par_1_11' title="bbox 521 1268 2095 1342">
     <span class='ocr_line' id='line_1_11' title="bbox 521 1268 2095 1342; baseline -0.003 -14"><span class='ocrx_word' id='word_1_97' title='bbox 521 1272 824 1329; x_wconf 87' lang='lat' dir='ltr'><strong>hominibus</strong></span> <span class='ocrx_word' id='word_1_98' title='bbox 841 1285 1004 1342; x_wconf 82' lang='lat' dir='ltr'><strong>opera</strong></span> <span class='ocrx_word' id='word_1_99' title='bbox 1026 1277 1207 1325; x_wconf 90' lang='lat' dir='ltr'><strong>nostra</strong></span> <span class='ocrx_word' id='word_1_100' title='bbox 1230 1268 1391 1334; x_wconf 90' lang='lat' dir='ltr'><strong>bona,</strong></span> <span class='ocrx_word' id='word_1_101' title='bbox 1415 1277 1474 1323; x_wconf 95' lang='lat' dir='ltr'><strong>ut</strong></span> <span class='ocrx_word' id='word_1_102' title='bbox 1493 1269 1544 1322; x_wconf 90' lang='lat' dir='ltr'><strong>in</strong></span> <span class='ocrx_word' id='word_1_103' title='bbox 1569 1269 1815 1324; x_wconf 91' lang='lat' dir='ltr'><strong>omnibus</strong></span> <span class='ocrx_word' id='word_1_104' title='bbox 1835 1268 2095 1340; x_wconf 82' lang='lat' dir='ltr'><strong>glorifice-</strong></span> 
     </span>
    </p>
   </div>
   <div class='ocr_carea' id='block_1_12' title="bbox 520 1360 2096 1432">
    <p class='ocr_par' dir='ltr' id='par_1_12' title="bbox 520 1360 2096 1432">
     <span class='ocr_line' id='line_1_12' title="bbox 520 1360 2096 1432; baseline -0.003 -11"><span class='ocrx_word' id='word_1_105' title='bbox 520 1378 608 1422; x_wconf 90' lang='lat' dir='ltr'><strong>tur</strong></span> <span class='ocrx_word' id='word_1_106' title='bbox 644 1367 804 1421; x_wconf 88' lang='lat' dir='ltr'><strong>Deus.</strong></span> <span class='ocrx_word' id='word_1_107' title='bbox 853 1362 1195 1432; x_wconf 83' lang='lat' dir='ltr'><strong>Perpendite,</strong></span> <span class='ocrx_word' id='word_1_108' title='bbox 1238 1360 1434 1416; x_wconf 89' lang='lat' dir='ltr'><strong>fratres</strong></span> <span class='ocrx_word' id='word_1_109' title='bbox 1465 1380 1476 1414; x_wconf 88' lang='lat'>:</span> <span class='ocrx_word' id='word_1_110' title='bbox 1506 1361 1549 1416; x_wconf 93' lang='lat' dir='ltr'><strong>si</strong></span> <span class='ocrx_word' id='word_1_111' title='bbox 1593 1375 1688 1416; x_wconf 88' lang='lat' dir='ltr'><strong>vos</strong></span> <span class='ocrx_word' id='word_1_112' title='bbox 1727 1376 1821 1415; x_wconf 77' lang='lat' dir='ltr'><strong>rex</strong></span> <span class='ocrx_word' id='word_1_113' title='bbox 1851 1369 2096 1417; x_wconf 84' lang='lat' dir='ltr'><strong>terrenus</strong></span> 
     </span>
    </p>
   </div>
   <div class='ocr_carea' id='block_1_13' title="bbox 521 1451 2096 1526">
    <p class='ocr_par' dir='ltr' id='par_1_13' title="bbox 521 1451 2096 1526">
     <span class='ocr_line' id='line_1_13' title="bbox 521 1451 2096 1526; baseline -0.003 -15"><span class='ocrx_word' id='word_1_114' title='bbox 521 1465 614 1512; x_wconf 86' lang='lat' dir='ltr'><strong>aut</strong></span> <span class='ocrx_word' id='word_1_115' title='bbox 643 1458 946 1526; x_wconf 86' lang='lat' dir='ltr'><strong>quicunque</strong></span> <span class='ocrx_word' id='word_1_116' title='bbox 970 1461 1158 1523; x_wconf 90' lang='lat' dir='ltr'><strong>potens</strong></span> <span class='ocrx_word' id='word_1_117' title='bbox 1182 1451 1567 1521; x_wconf 88' lang='lat' dir='ltr'><strong>paterfamilias</strong></span> <span class='ocrx_word' id='word_1_118' title='bbox 1604 1453 1670 1507; x_wconf 89' lang='lat' dir='ltr'><strong>ad</strong></span> <span class='ocrx_word' id='word_1_119' title='bbox 1705 1467 1860 1507; x_wconf 90' lang='lat' dir='ltr'><strong>suum</strong></span> <span class='ocrx_word' id='word_1_120' title='bbox 1899 1453 2096 1508; x_wconf 87' lang='lat' dir='ltr'><strong>natali-</strong></span> 
     </span>
    </p>
   </div>
   <div class='ocr_carea' id='block_1_14' title="bbox 522 1541 2096 1612">
    <p class='ocr_par' dir='ltr' id='par_1_14' title="bbox 522 1541 2096 1612">
     <span class='ocr_line' id='line_1_14' title="bbox 522 1541 2096 1612; baseline -0.004 -9"><span class='ocrx_word' id='word_1_121' title='bbox 522 1549 656 1603; x_wconf 90' lang='lat' dir='ltr'><strong>tium</strong></span> <span class='ocrx_word' id='word_1_122' title='bbox 687 1545 956 1608; x_wconf 85' lang='lat' dir='ltr'><strong>invitaret,</strong></span> <span class='ocrx_word' id='word_1_123' title='bbox 980 1541 1227 1612; x_wconf 82' lang='lat' dir='ltr'><strong>qualibus</strong></span> <span class='ocrx_word' id='word_1_124' title='bbox 1251 1542 1584 1597; x_wconf 75' lang='lat' dir='ltr'><strong>vestimentis</strong></span> <span class='ocrx_word' id='word_1_125' title='bbox 1606 1541 1895 1597; x_wconf 88' lang='lat' dir='ltr'><strong>studeretis</strong></span> <span class='ocrx_word' id='word_1_126' title='bbox 1919 1542 2096 1597; x_wconf 89' lang='lat' dir='ltr'><strong>ornati</strong></span> 
     </span>
    </p>
   </div>
   <div class='ocr_carea' id='block_1_15' title="bbox 522 1629 2099 1703">
    <p class='ocr_par' dir='ltr' id='par_1_15' title="bbox 522 1629 2099 1703">
     <span class='ocr_line' id='line_1_15' title="bbox 522 1629 2099 1703; baseline -0.003 -13"><span class='ocrx_word' id='word_1_127' title='bbox 522 1636 790 1696; x_wconf 81' lang='lat' dir='ltr'><strong>incedere,</strong></span> <span class='ocrx_word' id='word_1_128' title='bbox 816 1647 974 1703; x_wconf 91' lang='lat' dir='ltr'><strong>quam</strong></span> <span class='ocrx_word' id='word_1_129' title='bbox 1011 1633 1180 1696; x_wconf 90' lang='lat' dir='ltr'><strong>novis,</strong></span> <span class='ocrx_word' id='word_1_130' title='bbox 1215 1645 1375 1700; x_wconf 88' lang='lat' dir='ltr'><strong>quam</strong></span> <span class='ocrx_word' id='word_1_131' title='bbox 1407 1629 1611 1696; x_wconf 88' lang='lat' dir='ltr'><strong>nitidis,</strong></span> <span class='ocrx_word' id='word_1_132' title='bbox 1657 1645 1818 1701; x_wconf 90' lang='lat' dir='ltr'><strong>quam</strong></span> <span class='ocrx_word' id='word_1_133' title='bbox 1866 1631 2099 1701; x_wconf 84' lang='lat' dir='ltr'><strong>splendi-</strong></span> 
     </span>
    </p>
   </div>
   <div class='ocr_carea' id='block_1_16' title="bbox 522 1720 2100 1795">
    <p class='ocr_par' dir='ltr' id='par_1_16' title="bbox 522 1720 2100 1795">
     <span class='ocr_line' id='line_1_16' title="bbox 522 1720 2100 1795; baseline -0.003 -14"><span class='ocrx_word' id='word_1_134' title='bbox 522 1726 636 1790; x_wconf 85' lang='lat' dir='ltr'><strong>dis;</strong></span> <span class='ocrx_word' id='word_1_135' title='bbox 665 1738 893 1795; x_wconf 89' lang='lat' dir='ltr'><strong>quorum</strong></span> <span class='ocrx_word' id='word_1_136' title='bbox 922 1736 1022 1777; x_wconf 90' lang='lat' dir='ltr'><strong>nec</strong></span> <span class='ocrx_word' id='word_1_137' title='bbox 1049 1728 1306 1785; x_wconf 88' lang='lat' dir='ltr'><strong>vetustas,</strong></span> <span class='ocrx_word' id='word_1_138' title='bbox 1328 1735 1428 1775; x_wconf 91' lang='lat' dir='ltr'><strong>nec</strong></span> <span class='ocrx_word' id='word_1_139' title='bbox 1447 1720 1647 1785; x_wconf 83' lang='lat' dir='ltr'><strong>vilitas,</strong></span> <span class='ocrx_word' id='word_1_140' title='bbox 1672 1736 1771 1776; x_wconf 91' lang='lat' dir='ltr'><strong>nec</strong></span> <span class='ocrx_word' id='word_1_141' title='bbox 1796 1721 1975 1792; x_wconf 88' lang='lat' dir='ltr'><strong>aliqua</strong></span> <span class='ocrx_word' id='word_1_142' title='bbox 2001 1720 2100 1777; x_wconf 71' lang='lat' dir='ltr'><strong>fm-</strong></span> 
     </span>
    </p>
   </div>
   <div class='ocr_carea' id='block_1_17' title="bbox 523 1788 2173 1883">
    <p class='ocr_par' dir='ltr' id='par_1_17' title="bbox 523 1788 2173 1883">
     <span class='ocr_line' id='line_1_17' title="bbox 523 1788 2173 1883; baseline -0.004 -12"><span class='ocrx_word' id='word_1_143' title='bbox 523 1788 698 1878; x_wconf 39' lang='lat' dir='ltr'><strong>ditas,-</strong></span> <span class='ocrx_word' id='word_1_144' title='bbox 717 1813 899 1869; x_wconf 90' lang='lat' dir='ltr'><strong>oculos</strong></span> <span class='ocrx_word' id='word_1_145' title='bbox 937 1811 1214 1866; x_wconf 85' lang='lat' dir='ltr'><strong>invitantis</strong></span> <span class='ocrx_word' id='word_1_146' title='bbox 1258 1809 1588 1866; x_wconf 75' lang='lat' dir='ltr'><strong>olfenderet&#39;:</strong></span> <span class='ocrx_word' id='word_1_147' title='bbox 1616 1811 1709 1864; x_wconf 85' lang='lat' dir='ltr'><strong>tali</strong></span> <span class='ocrx_word' id='word_1_148' title='bbox 1752 1788 1903 1883; x_wconf 64' lang='grc' dir='ltr'><strong>(περ’</strong></span> <span class='ocrx_word' id='word_1_149' title='bbox 1920 1812 2098 1867; x_wconf 88' lang='lat' dir='ltr'><strong>studio</strong></span> <span class='ocrx_word' id='word_1_150' title='bbox 2130 1788 2173 1846; x_wconf 82' lang='grc' dir='ltr'><strong>Β</strong></span> 
     </span>
    </p>
   </div>
   <div class='ocr_carea' id='block_1_18' title="bbox 525 1898 2102 1975">
    <p class='ocr_par' dir='ltr' id='par_1_18' title="bbox 525 1898 2102 1975">
     <span class='ocr_line' id='line_1_18' title="bbox 525 1898 2102 1975; baseline -0.002 -15"><span class='ocrx_word' id='word_1_151' title='bbox 525 1908 578 1960; x_wconf 91' lang='lat' dir='ltr'><strong>in</strong></span> <span class='ocrx_word' id='word_1_152' title='bbox 629 1913 886 1975; x_wconf 88' lang='lat' dir='ltr'><strong>quantum</strong></span> <span class='ocrx_word' id='word_1_153' title='bbox 930 1900 1252 1972; x_wconf 70' lang='lat' dir='ltr'><strong>prmvaletis,</strong></span> <span class='ocrx_word' id='word_1_154' title='bbox 1289 1898 1504 1956; x_wconf 85' lang='lat' dir='ltr'><strong>Christo</strong></span> <span class='ocrx_word' id='word_1_155' title='bbox 1540 1901 1851 1967; x_wconf 84' lang='lat' dir='ltr'><strong>auxiliante,</strong></span> <span class='ocrx_word' id='word_1_156' title='bbox 1881 1911 2102 1958; x_wconf 85' lang='lat' dir='ltr'><strong>conten-</strong></span> 
     </span>
    </p>
   </div>
   <div class='ocr_carea' id='block_1_19' title="bbox 525 1990 2102 2059">
    <p class='ocr_par' dir='ltr' id='par_1_19' title="bbox 525 1990 2102 2059">
     <span class='ocr_line' id='line_1_19' title="bbox 525 1990 2102 2059; baseline -0.001 -8"><span class='ocrx_word' id='word_1_157' title='bbox 525 1996 654 2059; x_wconf 87' lang='lat' dir='ltr'><strong>dite,</strong></span> <span class='ocrx_word' id='word_1_158' title='bbox 684 2003 744 2048; x_wconf 92' lang='lat' dir='ltr'><strong>ut</strong></span> <span class='ocrx_word' id='word_1_159' title='bbox 767 1991 995 2048; x_wconf 86' lang='lat' dir='ltr'><strong>diversis</strong></span> <span class='ocrx_word' id='word_1_160' title='bbox 1028 1990 1285 2046; x_wconf 91' lang='lat' dir='ltr'><strong>virtutum</strong></span> <span class='ocrx_word' id='word_1_161' title='bbox 1317 1992 1650 2047; x_wconf 88' lang='lat' dir='ltr'><strong>ornamentis</strong></span> <span class='ocrx_word' id='word_1_162' title='bbox 1687 1993 1879 2048; x_wconf 66' lang='lat' dir='ltr'><strong>anima:</strong></span> <span class='ocrx_word' id='word_1_163' title='bbox 1911 2002 2102 2049; x_wconf 77' lang='lat' dir='ltr'><strong>vestrte</strong></span> 
     </span>
    </p>
   </div>
   <div class='ocr_carea' id='block_1_20' title="bbox 525 2082 2104 2156">
    <p class='ocr_par' dir='ltr' id='par_1_20' title="bbox 525 2082 2104 2156">
     <span class='ocr_line' id='line_1_20' title="bbox 525 2082 2104 2156; baseline -0.003 -14"><span class='ocrx_word' id='word_1_164' title='bbox 525 2085 852 2156; x_wconf 66' lang='lat' dir='ltr'><strong>compositae,</strong></span> <span class='ocrx_word' id='word_1_165' title='bbox 894 2082 1253 2152; x_wconf 89' lang='lat' dir='ltr'><strong>simplicitatis</strong></span> <span class='ocrx_word' id='word_1_166' title='bbox 1284 2083 1511 2153; x_wconf 80' lang='lat' dir='ltr'><strong>gemmis</strong></span> <span class='ocrx_word' id='word_1_167' title='bbox 1538 2091 1593 2138; x_wconf 91' lang='lat' dir='ltr'><strong>et</strong></span> <span class='ocrx_word' id='word_1_168' title='bbox 1615 2083 1924 2139; x_wconf 86' lang='lat' dir='ltr'><strong>sobrietatis</strong></span> <span class='ocrx_word' id='word_1_169' title='bbox 1958 2083 2104 2140; x_wconf 84' lang='lat' dir='ltr'><strong>flori—</strong></span> 
     </span>
    </p>
   </div>
   <div class='ocr_carea' id='block_1_21' title="bbox 525 2171 2104 2240">
    <p class='ocr_par' dir='ltr' id='par_1_21' title="bbox 525 2171 2104 2240">
     <span class='ocr_line' id='line_1_21' title="bbox 525 2171 2104 2240; baseline -0.001 -10"><span class='ocrx_word' id='word_1_170' title='bbox 525 2181 626 2230; x_wconf 87' lang='lat' dir='ltr'><strong>bus</strong></span> <span class='ocrx_word' id='word_1_171' title='bbox 671 2174 964 2238; x_wconf 68' lang='lat' dir='ltr'><strong>adornatae,</strong></span> <span class='ocrx_word' id='word_1_172' title='bbox 1001 2173 1068 2226; x_wconf 87' lang='lat' dir='ltr'><strong>ad</strong></span> <span class='ocrx_word' id='word_1_173' title='bbox 1099 2171 1494 2227; x_wconf 83' lang='lat' dir='ltr'><strong>solemnitatem</strong></span> <span class='ocrx_word' id='word_1_174' title='bbox 1523 2173 1732 2239; x_wconf 56' lang='lat' dir='ltr'><strong>aeterni,</strong></span> <span class='ocrx_word' id='word_1_175' title='bbox 1774 2174 1828 2229; x_wconf 89' lang='lat' dir='ltr'><strong>id</strong></span> <span class='ocrx_word' id='word_1_176' title='bbox 1857 2183 1958 2240; x_wconf 88' lang='lat' dir='ltr'><strong>est,</strong></span> <span class='ocrx_word' id='word_1_177' title='bbox 1999 2174 2104 2229; x_wconf 87' lang='lat' dir='ltr'><strong>Na-</strong></span> 
     </span>
    </p>
   </div>
   <div class='ocr_carea' id='block_1_22' title="bbox 527 2262 2101 2343">
    <p class='ocr_par' dir='ltr' id='par_1_22' title="bbox 527 2262 2101 2343">
     <span class='ocr_line' id='line_1_22' title="bbox 527 2262 2101 2343; baseline 0.001 -23"><span class='ocrx_word' id='word_1_178' title='bbox 527 2265 689 2320; x_wconf 88' lang='lat' dir='ltr'><strong>talem</strong></span> <span class='ocrx_word' id='word_1_179' title='bbox 735 2263 948 2343; x_wconf 88' lang='lat' dir='ltr'><strong>Domini</strong></span> <span class='ocrx_word' id='word_1_180' title='bbox 999 2262 1324 2330; x_wconf 89' lang='lat' dir='ltr'><strong>Salvatoris,</strong></span> <span class='ocrx_word' id='word_1_181' title='bbox 1374 2279 1496 2319; x_wconf 88' lang='lat' dir='ltr'><strong>cum</strong></span> <span class='ocrx_word' id='word_1_182' title='bbox 1543 2278 1734 2320; x_wconf 87' lang='lat' dir='ltr'><strong>secura</strong></span> <span class='ocrx_word' id='word_1_183' title='bbox 1775 2267 2101 2322; x_wconf 86' lang='lat' dir='ltr'><strong>conscientia</strong></span> 
     </span>
    </p>
   </div>
   <div class='ocr_carea' id='block_1_23' title="bbox 526 2353 2101 2427">
    <p class='ocr_par' dir='ltr' id='par_1_23' title="bbox 526 2353 2101 2427">
     <span class='ocr_line' id='line_1_23' title="bbox 526 2353 2101 2427; baseline 0 -15"><span class='ocrx_word' id='word_1_184' title='bbox 526 2357 818 2427; x_wconf 87' lang='lat' dir='ltr'><strong>procedant</strong></span> <span class='ocrx_word' id='word_1_185' title='bbox 860 2373 872 2407; x_wconf 91' lang='lat'><strong>:</strong></span> <span class='ocrx_word' id='word_1_186' title='bbox 914 2354 1162 2410; x_wconf 86' lang='lat' dir='ltr'><strong>castitate</strong></span> <span class='ocrx_word' id='word_1_187' title='bbox 1205 2353 1426 2419; x_wconf 66' lang='lat' dir='ltr'><strong>nitida),</strong></span> <span class='ocrx_word' id='word_1_188' title='bbox 1475 2354 1738 2411; x_wconf 89' lang='lat' dir='ltr'><strong>cbaritate</strong></span> <span class='ocrx_word' id='word_1_189' title='bbox 1789 2355 2101 2427; x_wconf 74' lang='lat' dir='ltr'><strong>splendidze,</strong></span> 
     </span>
    </p>
   </div>
   <div class='ocr_carea' id='block_1_24' title="bbox 527 2445 2101 2518">
    <p class='ocr_par' dir='ltr' id='par_1_24' title="bbox 527 2445 2101 2518">
     <span class='ocr_line' id='line_1_24' title="bbox 527 2445 2101 2518; baseline 0 -15"><span class='ocrx_word' id='word_1_190' title='bbox 527 2447 882 2516; x_wconf 85' lang='lat' dir='ltr'><strong>eleemosynis</strong></span> <span class='ocrx_word' id='word_1_191' title='bbox 906 2446 1164 2509; x_wconf 83' lang='lat' dir='ltr'><strong>candidae,</strong></span> <span class='ocrx_word' id='word_1_192' title='bbox 1187 2445 1395 2515; x_wconf 87' lang='lat' dir='ltr'><strong>justitia</strong></span> <span class='ocrx_word' id='word_1_193' title='bbox 1433 2453 1488 2500; x_wconf 90' lang='lat' dir='ltr'><strong>et</strong></span> <span class='ocrx_word' id='word_1_194' title='bbox 1523 2446 1825 2502; x_wconf 83' lang='lat' dir='ltr'><strong>humilitate</strong></span> <span class='ocrx_word' id='word_1_195' title='bbox 1870 2446 2101 2518; x_wconf 73' lang='lat' dir='ltr'><strong>fulgidm,</strong></span> 
     </span>
    </p>
   </div>
   <div class='ocr_carea' id='block_1_25' title="bbox 529 2534 2104 2594">
    <p class='ocr_par' dir='ltr' id='par_1_25' title="bbox 529 2534 2104 2594">
     <span class='ocr_line' id='line_1_25' title="bbox 529 2534 2104 2594; baseline 0 -2"><span class='ocrx_word' id='word_1_196' title='bbox 529 2538 773 2592; x_wconf 59' lang='lat' dir='ltr'><strong>Deivante</strong></span> <span class='ocrx_word' id='word_1_197' title='bbox 797 2535 976 2590; x_wconf 90' lang='lat' dir='ltr'><strong>omnia</strong></span> <span class='ocrx_word' id='word_1_198' title='bbox 1005 2534 1291 2590; x_wconf 82' lang='lat' dir='ltr'><strong>dilectione</strong></span> <span class='ocrx_word' id='word_1_199' title='bbox 1316 2535 1523 2590; x_wconf 69' lang='lat' dir='ltr'><strong>lucidte.</strong></span> <span class='ocrx_word' id='word_1_200' title='bbox 1563 2537 1810 2592; x_wconf 86' lang='lat' dir='ltr'><strong>Christus</strong></span> <span class='ocrx_word' id='word_1_201' title='bbox 1833 2537 1978 2594; x_wconf 89' lang='lat' dir='ltr'><strong>enim</strong></span> <span class='ocrx_word' id='word_1_202' title='bbox 2003 2537 2104 2592; x_wconf 85' lang='lat' dir='ltr'><strong>Do-</strong></span> 
     </span>
    </p>
   </div>
   <div class='ocr_carea' id='block_1_26' title="bbox 528 2624 2105 2693">
    <p class='ocr_par' dir='ltr' id='par_1_26' title="bbox 528 2624 2105 2693">
     <span class='ocr_line' id='line_1_26' title="bbox 528 2624 2105 2693; baseline -0.001 -11"><span class='ocrx_word' id='word_1_203' title='bbox 528 2629 724 2690; x_wconf 88' lang='lat' dir='ltr'><strong>minus,</strong></span> <span class='ocrx_word' id='word_1_204' title='bbox 750 2627 792 2681; x_wconf 88' lang='lat' dir='ltr'><strong>si</strong></span> <span class='ocrx_word' id='word_1_205' title='bbox 824 2640 917 2680; x_wconf 87' lang='lat' dir='ltr'><strong>vos</strong></span> <span class='ocrx_word' id='word_1_206' title='bbox 947 2626 1018 2679; x_wconf 89' lang='lat' dir='ltr'><strong>ita</strong></span> <span class='ocrx_word' id='word_1_207' title='bbox 1061 2625 1387 2693; x_wconf 88' lang='lat' dir='ltr'><strong>compositos</strong></span> <span class='ocrx_word' id='word_1_208' title='bbox 1424 2624 1737 2680; x_wconf 84' lang='lat' dir='ltr'><strong>Natalitium</strong></span> <span class='ocrx_word' id='word_1_209' title='bbox 1773 2641 1929 2682; x_wconf 91' lang='lat' dir='ltr'><strong>suum</strong></span> <span class='ocrx_word' id='word_1_210' title='bbox 1965 2627 2105 2683; x_wconf 84' lang='lat' dir='ltr'><strong>cele-</strong></span> 
     </span>
    </p>
   </div>
   <div class='ocr_carea' id='block_1_27' title="bbox 527 2714 2104 2785">
    <p class='ocr_par' dir='ltr' id='par_1_27' title="bbox 527 2714 2104 2785">
     <span class='ocr_line' id='line_1_27' title="bbox 527 2714 2104 2785; baseline -0.001 -14"><span class='ocrx_word' id='word_1_211' title='bbox 527 2719 684 2771; x_wconf 89' lang='lat' dir='ltr'><strong>brare</strong></span> <span class='ocrx_word' id='word_1_212' title='bbox 707 2714 1036 2785; x_wconf 81' lang='lat' dir='ltr'><strong>cognoverit,</strong></span> <span class='ocrx_word' id='word_1_213' title='bbox 1066 2715 1177 2783; x_wconf 88' lang='lat' dir='ltr'><strong>ipse</strong></span> <span class='ocrx_word' id='word_1_214' title='bbox 1195 2729 1292 2782; x_wconf 89' lang='lat' dir='ltr'><strong>per</strong></span> <span class='ocrx_word' id='word_1_215' title='bbox 1312 2728 1369 2768; x_wconf 90' lang='lat' dir='ltr'><strong>se</strong></span> <span class='ocrx_word' id='word_1_216' title='bbox 1391 2715 1575 2770; x_wconf 86' lang='lat' dir='ltr'><strong>venire</strong></span> <span class='ocrx_word' id='word_1_217' title='bbox 1596 2724 1648 2770; x_wconf 90' lang='lat' dir='ltr'><strong>et</strong></span> <span class='ocrx_word' id='word_1_218' title='bbox 1671 2717 1875 2771; x_wconf 88' lang='lat' dir='ltr'><strong>animas</strong></span> <span class='ocrx_word' id='word_1_219' title='bbox 1898 2725 2104 2771; x_wconf 86' lang='lat' dir='ltr'><strong>vestras</strong></span> 
     </span>
    </p>
   </div>
   <div class='ocr_carea' id='block_1_28' title="bbox 531 2801 2103 2874">
    <p class='ocr_par' dir='ltr' id='par_1_28' title="bbox 531 2801 2103 2874">
     <span class='ocr_line' id='line_1_28' title="bbox 531 2801 2103 2874; baseline 0 -16"><span class='ocrx_word' id='word_1_220' title='bbox 531 2821 635 2858; x_wconf 84' lang='lat' dir='ltr'><strong>non</strong></span> <span class='ocrx_word' id='word_1_221' title='bbox 673 2804 888 2858; x_wconf 77' lang='lat' dir='ltr'><strong>visitare</strong></span> <span class='ocrx_word' id='word_1_222' title='bbox 917 2801 1111 2866; x_wconf 89' lang='lat' dir='ltr'><strong>solum,</strong></span> <span class='ocrx_word' id='word_1_223' title='bbox 1139 2805 1231 2856; x_wconf 91' lang='lat' dir='ltr'><strong>sed</strong></span> <span class='ocrx_word' id='word_1_224' title='bbox 1262 2803 1422 2857; x_wconf 89' lang='lat' dir='ltr'><strong>etiam</strong></span> <span class='ocrx_word' id='word_1_225' title='bbox 1451 2803 1786 2872; x_wconf 83' lang='lat' dir='ltr'><strong>requiescere</strong></span> <span class='ocrx_word' id='word_1_226' title='bbox 1815 2813 1868 2858; x_wconf 89' lang='lat' dir='ltr'><strong>et</strong></span> <span class='ocrx_word' id='word_1_227' title='bbox 1898 2804 1949 2858; x_wconf 93' lang='lat' dir='ltr'><strong>in</strong></span> <span class='ocrx_word' id='word_1_228' title='bbox 1979 2819 2103 2874; x_wconf 88' lang='lat' dir='ltr'><strong>pcr-</strong></span> 
     </span>
    </p>
   </div>
   <div class='ocr_carea' id='block_1_29' title="bbox 529 2891 2104 2966">
    <p class='ocr_par' dir='ltr' id='par_1_29' title="bbox 529 2891 2104 2966">
     <span class='ocr_line' id='line_1_29' title="bbox 529 2891 2104 2966; baseline 0.002 -18"><span class='ocrx_word' id='word_1_229' title='bbox 529 2904 744 2965; x_wconf 83' lang='lat' dir='ltr'><strong>pctuum</strong></span> <span class='ocrx_word' id='word_1_230' title='bbox 773 2894 822 2948; x_wconf 89' lang='lat' dir='ltr'><strong>in</strong></span> <span class='ocrx_word' id='word_1_231' title='bbox 866 2893 966 2948; x_wconf 89' lang='lat' dir='ltr'><strong>illis</strong></span> <span class='ocrx_word' id='word_1_232' title='bbox 999 2891 1308 2963; x_wconf 80' lang='lat' dir='ltr'><strong>dignabitur</strong></span> <span class='ocrx_word' id='word_1_233' title='bbox 1350 2893 1618 2958; x_wconf 88' lang='lat' dir='ltr'><strong>habitare,</strong></span> <span class='ocrx_word' id='word_1_234' title='bbox 1671 2896 1810 2950; x_wconf 85' lang='lat' dir='ltr'><strong>sicut</strong></span> <span class='ocrx_word' id='word_1_235' title='bbox 1849 2897 2104 2966; x_wconf 88' lang='lat' dir='ltr'><strong>scriptum</strong></span> 
     </span>
    </p>
   </div>
   <div class='ocr_carea' id='block_1_30' title="bbox 529 2983 2105 3054">
    <p class='ocr_par' dir='ltr' id='par_1_30' title="bbox 529 2983 2105 3054">
     <span class='ocr_line' id='line_1_30' title="bbox 529 2983 2105 3054; baseline 0.001 -13"><span class='ocrx_word' id='word_1_236' title='bbox 529 2995 613 3041; x_wconf 83' lang='lat' dir='ltr'><strong>est</strong></span> <span class='ocrx_word' id='word_1_237' title='bbox 644 3005 654 3039; x_wconf 93' lang='lat'><strong>:</strong></span> <span class='ocrx_word' id='word_1_238' title='bbox 681 2983 818 3050; x_wconf 85' lang='lat' dir='ltr'><strong>Quia</strong></span> <span class='ocrx_word' id='word_1_239' title='bbox 842 3000 954 3039; x_wconf 87' lang='lat' dir='ltr'><strong>ecce</strong></span> <span class='ocrx_word' id='word_1_240' title='bbox 979 3000 1070 3054; x_wconf 87' lang='lat' dir='ltr'><strong>ego</strong></span> <span class='ocrx_word' id='word_1_241' title='bbox 1090 2984 1290 3038; x_wconf 79' lang='lat' dir='ltr'><strong>veniam</strong></span> <span class='ocrx_word' id='word_1_242' title='bbox 1312 2996 1359 3039; x_wconf 84' lang='lat' dir='ltr'><strong>et</strong></span> <span class='ocrx_word' id='word_1_243' title='bbox 1386 2985 1684 3040; x_wconf 84' lang='lat' dir='ltr'><strong>inhabitabo</strong></span> <span class='ocrx_word' id='word_1_244' title='bbox 1705 2998 1748 3039; x_wconf 69' lang='lat' dir='ltr'><strong>et</strong></span> <span class='ocrx_word' id='word_1_245' title='bbox 1775 2987 2105 3042; x_wconf 80' lang='lat' dir='ltr'><strong>iuambulabo</strong></span> 
     </span>
    </p>
   </div>
   <div class='ocr_carea' id='block_1_31' title="bbox 529 3075 2105 3146">
    <p class='ocr_par' dir='ltr' id='par_1_31' title="bbox 529 3075 2105 3146">
     <span class='ocr_line' id='line_1_31' title="bbox 529 3075 2105 3146; baseline 0.001 -16"><span class='ocrx_word' id='word_1_246' title='bbox 529 3081 584 3131; x_wconf 77' lang='lat' dir='ltr'><strong>in</strong></span> <span class='ocrx_word' id='word_1_247' title='bbox 624 3077 720 3142; x_wconf 88' lang='lat' dir='ltr'><strong>eis,</strong></span> <span class='ocrx_word' id='word_1_248' title='bbox 762 3086 810 3130; x_wconf 91' lang='lat' dir='ltr'><strong>et</strong></span> <span class='ocrx_word' id='word_1_249' title='bbox 847 3075 947 3146; x_wconf 87' lang='lat' dir='ltr'><strong>ipsi</strong></span> <span class='ocrx_word' id='word_1_250' title='bbox 991 3084 1141 3128; x_wconf 85' lang='lat' dir='ltr'><strong>erant</strong></span> <span class='ocrx_word' id='word_1_251' title='bbox 1182 3075 1307 3128; x_wconf 87' lang='lat' dir='ltr'><strong>mihi</strong></span> <span class='ocrx_word' id='word_1_252' title='bbox 1346 3075 1588 3145; x_wconf 76' lang='lat' dir='ltr'><strong>populus,</strong></span> <span class='ocrx_word' id='word_1_253' title='bbox 1635 3085 1681 3130; x_wconf 87' lang='lat' dir='ltr'><strong>et</strong></span> <span class='ocrx_word' id='word_1_254' title='bbox 1718 3093 1809 3146; x_wconf 82' lang='lat' dir='ltr'><strong>ego</strong></span> <span class='ocrx_word' id='word_1_255' title='bbox 1837 3094 1924 3132; x_wconf 87' lang='lat' dir='ltr'><strong>ero</strong></span> <span class='ocrx_word' id='word_1_256' title='bbox 1955 3078 2105 3132; x_wconf 83' lang='lat' dir='ltr'><strong>eisin</strong></span> 
     </span>
    </p>
   </div>
   <div class='ocr_carea' id='block_1_32' title="bbox 2190 537 3771 613">
    <p class='ocr_par' dir='ltr' id='par_1_32' title="bbox 2190 537 3771 613">
     <span class='ocr_line' id='line_1_32' title="bbox 2190 537 3771 613; baseline -0.003 -15"><span class='ocrx_word' id='word_1_257' title='bbox 2190 542 2561 613; x_wconf 86' lang='lat' dir='ltr'><strong>peccatoribus</strong></span> <span class='ocrx_word' id='word_1_258' title='bbox 2594 541 2914 610; x_wconf 84' lang='lat' dir='ltr'><strong>puniantur,</strong></span> <span class='ocrx_word' id='word_1_259' title='bbox 2941 539 3034 594; x_wconf 88' lang='lat' dir='ltr'><strong>sed</strong></span> <span class='ocrx_word' id='word_1_260' title='bbox 3061 553 3182 594; x_wconf 91' lang='lat' dir='ltr'><strong>cum</strong></span> <span class='ocrx_word' id='word_1_261' title='bbox 3201 537 3365 608; x_wconf 86' lang='lat' dir='ltr'><strong>justis</strong></span> <span class='ocrx_word' id='word_1_262' title='bbox 3385 547 3443 594; x_wconf 90' lang='lat' dir='ltr'><strong>et</strong></span> <span class='ocrx_word' id='word_1_263' title='bbox 3461 538 3771 595; x_wconf 85' lang='lat' dir='ltr'><strong>misericor-</strong></span> 
     </span>
    </p>
   </div>
   <div class='ocr_carea' id='block_1_33' title="bbox 2190 619 3766 700">
    <p class='ocr_par' dir='ltr' id='par_1_33' title="bbox 2190 619 3766 700">
     <span class='ocr_line' id='line_1_33' title="bbox 2190 619 3766 700; baseline -0.001 -14"><span class='ocrx_word' id='word_1_264' title='bbox 2190 619 2347 686; x_wconf 84' lang='lat' dir='ltr'><strong>dibus</strong></span> <span class='ocrx_word' id='word_1_265' title='bbox 2369 629 2651 700; x_wconf 86' lang='lat' dir='ltr'><strong>pervenire</strong></span> <span class='ocrx_word' id='word_1_266' title='bbox 2679 628 2746 684; x_wconf 88' lang='lat' dir='ltr'><strong>ad</strong></span> <span class='ocrx_word' id='word_1_267' title='bbox 2771 638 2972 684; x_wconf 61' lang='lat' dir='ltr'><strong>aeterna</strong></span> <span class='ocrx_word' id='word_1_268' title='bbox 2997 629 3216 699; x_wconf 68' lang='lat' dir='ltr'><strong>praemia</strong></span> <span class='ocrx_word' id='word_1_269' title='bbox 3245 638 3554 685; x_wconf 89' lang='lat' dir='ltr'><strong>mereantur</strong></span> <span class='ocrx_word' id='word_1_270' title='bbox 3585 647 3599 684; x_wconf 90' lang='lat'><strong>:</strong></span> <span class='ocrx_word' id='word_1_271' title='bbox 3628 645 3766 699; x_wconf 73' lang='lat' dir='ltr'><strong>pne-</strong></span> 
     </span>
    </p>
   </div>
   <div class='ocr_carea' id='block_1_34' title="bbox 2192 717 3768 790">
    <p class='ocr_par' dir='ltr' id='par_1_34' title="bbox 2192 717 3768 790">
     <span class='ocr_line' id='line_1_34' title="bbox 2192 717 3768 790; baseline -0.001 -15"><span class='ocrx_word' id='word_1_272' title='bbox 2192 729 2366 776; x_wconf 88' lang='lat' dir='ltr'><strong>stante</strong></span> <span class='ocrx_word' id='word_1_273' title='bbox 2413 720 2638 774; x_wconf 89' lang='lat' dir='ltr'><strong>Domino</strong></span> <span class='ocrx_word' id='word_1_274' title='bbox 2671 728 2859 774; x_wconf 90' lang='lat' dir='ltr'><strong>nostro</strong></span> <span class='ocrx_word' id='word_1_275' title='bbox 2900 718 3024 774; x_wconf 85' lang='lat' dir='ltr'><strong>Jesu</strong></span> <span class='ocrx_word' id='word_1_276' title='bbox 3063 717 3300 786; x_wconf 91' lang='lat' dir='ltr'><strong>Christo,</strong></span> <span class='ocrx_word' id='word_1_277' title='bbox 3331 721 3422 790; x_wconf 88' lang='lat' dir='ltr'><strong>qui</strong></span> <span class='ocrx_word' id='word_1_278' title='bbox 3453 736 3574 775; x_wconf 90' lang='lat' dir='ltr'><strong>cum</strong></span> <span class='ocrx_word' id='word_1_279' title='bbox 3607 719 3768 775; x_wconf 70' lang='lat' dir='ltr'><strong>Paue</strong></span> 
     </span>
    </p>
   </div>
   <div class='ocr_carea' id='block_1_35' title="bbox 2191 807 3768 879">
    <p class='ocr_par' dir='ltr' id='par_1_35' title="bbox 2191 807 3768 879">
     <span class='ocr_line' id='line_1_35' title="bbox 2191 807 3768 879; baseline 0 -15"><span class='ocrx_word' id='word_1_280' title='bbox 2191 818 2247 865; x_wconf 90' lang='lat' dir='ltr'><strong>et</strong></span> <span class='ocrx_word' id='word_1_281' title='bbox 2281 809 2482 878; x_wconf 87' lang='lat' dir='ltr'><strong>Spiritu</strong></span> <span class='ocrx_word' id='word_1_282' title='bbox 2512 816 2701 864; x_wconf 90' lang='lat' dir='ltr'><strong>sancto</strong></span> <span class='ocrx_word' id='word_1_283' title='bbox 2735 807 2870 863; x_wconf 85' lang='lat' dir='ltr'><strong>vivit</strong></span> <span class='ocrx_word' id='word_1_284' title='bbox 2903 815 2959 864; x_wconf 90' lang='lat' dir='ltr'><strong>et</strong></span> <span class='ocrx_word' id='word_1_285' title='bbox 2993 817 3185 879; x_wconf 81' lang='lat' dir='ltr'><strong>regnat</strong></span> <span class='ocrx_word' id='word_1_286' title='bbox 3220 809 3273 862; x_wconf 91' lang='lat' dir='ltr'><strong>in</strong></span> <span class='ocrx_word' id='word_1_287' title='bbox 3313 809 3506 864; x_wconf 63' lang='lat' dir='ltr'><strong>saecula</strong></span> <span class='ocrx_word' id='word_1_288' title='bbox 3545 810 3768 865; x_wconf 62' lang='lat' dir='ltr'><strong>saeculo-</strong></span> 
     </span>
    </p>
   </div>
   <div class='ocr_carea' id='block_1_36' title="bbox 2193 898 2571 952">
    <p class='ocr_par' dir='ltr' id='par_1_36' title="bbox 2193 898 2571 952">
     <span class='ocr_line' id='line_1_36' title="bbox 2193 898 2571 952; baseline -0.003 0"><span class='ocrx_word' id='word_1_289' title='bbox 2193 914 2333 952; x_wconf 85' lang='lat' dir='ltr'><strong>rum.</strong></span> <span class='ocrx_word' id='word_1_290' title='bbox 2381 898 2571 952; x_wconf 82' lang='lat' dir='ltr'><strong>Amen.</strong></span> 
     </span>
    </p>
   </div>
   <div class='ocr_carea' id='block_1_37' title="bbox 2782 979 3168 1042">
    <p class='ocr_par' dir='ltr' id='par_1_37' title="bbox 2782 979 3168 1042">
     <span class='ocr_line' id='line_1_37' title="bbox 2782 979 3168 1042; baseline 0 -3"><span class='ocrx_word' id='word_1_291' title='bbox 2782 979 3065 1042; x_wconf 70' lang='lat' dir='ltr'><strong>HOMILIA</strong></span> <span class='ocrx_word' id='word_1_292' title='bbox 3101 985 3168 1040; x_wconf 87' lang='grc'><strong>11.</strong></span> 
     </span>
    </p>
   </div>
   <div class='ocr_carea' id='block_1_38' title="bbox 2569 1090 3364 1132">
    <p class='ocr_par' dir='ltr' id='par_1_38' title="bbox 2569 1090 3364 1132">
     <span class='ocr_line' id='line_1_38' title="bbox 2569 1090 3364 1132; baseline 0 -3"><span class='ocrx_word' id='word_1_293' title='bbox 2569 1090 2699 1132; x_wconf 62' lang='lat' dir='ltr'><strong>[TI-3!</strong></span> <span class='ocrx_word' id='word_1_294' title='bbox 2727 1090 2865 1130; x_wconf 68' lang='lat' dir='ltr'><strong>ANTE</strong></span> <span class='ocrx_word' id='word_1_295' title='bbox 2887 1092 3132 1130; x_wconf 71' lang='grc' dir='ltr'><strong>ΝΛΤᾹΙᾸΞΜ</strong></span> <span class='ocrx_word' id='word_1_296' title='bbox 3157 1093 3364 1131; x_wconf 71' lang='lat' dir='ltr'><strong>DOIINI.</strong></span> 
     </span>
    </p>
   </div>
   <div class='ocr_carea' id='block_1_39' title="bbox 2263 1165 3773 1238">
    <p class='ocr_par' dir='ltr' id='par_1_39' title="bbox 2263 1165 3773 1238">
     <span class='ocr_line' id='line_1_39' title="bbox 2263 1165 3773 1238; baseline 0.002 -17"><span class='ocrx_word' id='word_1_297' title='bbox 2263 1168 2699 1238; x_wconf 84' lang='lat' dir='ltr'><strong>Quotiescunque</strong></span> <span class='ocrx_word' id='word_1_298' title='bbox 2722 1168 2957 1237; x_wconf 87' lang='lat' dir='ltr'><strong>aliquam</strong></span> <span class='ocrx_word' id='word_1_299' title='bbox 2989 1165 3332 1223; x_wconf 88' lang='lat' dir='ltr'><strong>festivitatem</strong></span> <span class='ocrx_word' id='word_1_300' title='bbox 3361 1183 3391 1223; x_wconf 90' lang='lat' dir='ltr'><strong>e</strong></span> <span class='ocrx_word' id='word_1_301' title='bbox 3418 1169 3773 1224; x_wconf 82' lang='lat' dir='ltr'><strong>solemnitati-</strong></span> 
     </span>
    </p>
   </div>
   <div class='ocr_carea' id='block_1_40' title="bbox 2193 1256 3774 1327">
    <p class='ocr_par' dir='ltr' id='par_1_40' title="bbox 2193 1256 3774 1327">
     <span class='ocr_line' id='line_1_40' title="bbox 2193 1256 3774 1327; baseline 0.001 -15"><span class='ocrx_word' id='word_1_302' title='bbox 2193 1259 2292 1312; x_wconf 85' lang='lat' dir='ltr'><strong>bus</strong></span> <span class='ocrx_word' id='word_1_303' title='bbox 2318 1265 2624 1313; x_wconf 83' lang='lat' dir='ltr'><strong>sanctorum</strong></span> <span class='ocrx_word' id='word_1_304' title='bbox 2651 1272 2770 1327; x_wconf 65' lang='lat' dir='ltr'><strong>quae</strong></span> <span class='ocrx_word' id='word_1_305' title='bbox 2799 1256 2931 1311; x_wconf 83' lang='lat' dir='ltr'><strong>fiunt</strong></span> <span class='ocrx_word' id='word_1_306' title='bbox 2953 1271 3050 1326; x_wconf 90' lang='lat' dir='ltr'><strong>per</strong></span> <span class='ocrx_word' id='word_1_307' title='bbox 3077 1265 3246 1312; x_wconf 91' lang='lat' dir='ltr'><strong>totum</strong></span> <span class='ocrx_word' id='word_1_308' title='bbox 3273 1273 3471 1313; x_wconf 91' lang='lat' dir='ltr'><strong>annum</strong></span> <span class='ocrx_word' id='word_1_309' title='bbox 3495 1259 3774 1314; x_wconf 82' lang='lat' dir='ltr'><strong>celebrare</strong></span> 
     </span>
    </p>
   </div>
   <div class='ocr_carea' id='block_1_41' title="bbox 2194 1346 3776 1414">
    <p class='ocr_par' dir='ltr' id='par_1_41' title="bbox 2194 1346 3776 1414">
     <span class='ocr_line' id='line_1_41' title="bbox 2194 1346 3776 1414; baseline 0.001 -9"><span class='ocrx_word' id='word_1_310' title='bbox 2194 1348 2533 1414; x_wconf 87' lang='lat' dir='ltr'><strong>desideratis,</strong></span> <span class='ocrx_word' id='word_1_311' title='bbox 2562 1346 2759 1402; x_wconf 80' lang='lat' dir='ltr'><strong>fratres</strong></span> <span class='ocrx_word' id='word_1_312' title='bbox 2790 1349 3115 1414; x_wconf 85' lang='lat' dir='ltr'><strong>charissimi,</strong></span> <span class='ocrx_word' id='word_1_313' title='bbox 3146 1351 3290 1404; x_wconf 89' lang='lat' dir='ltr'><strong>omni</strong></span> <span class='ocrx_word' id='word_1_314' title='bbox 3317 1351 3494 1407; x_wconf 89' lang='lat' dir='ltr'><strong>studio</strong></span> <span class='ocrx_word' id='word_1_315' title='bbox 3524 1367 3589 1407; x_wconf 91' lang='lat' dir='ltr'><strong>ac</strong></span> <span class='ocrx_word' id='word_1_316' title='bbox 3621 1353 3776 1407; x_wconf 88' lang='lat' dir='ltr'><strong>solli-</strong></span> 
     </span>
    </p>
   </div>
   <div class='ocr_carea' id='block_1_42' title="bbox 2194 1437 3774 1511">
    <p class='ocr_par' dir='ltr' id='par_1_42' title="bbox 2194 1437 3774 1511">
     <span class='ocr_line' id='line_1_42' title="bbox 2194 1437 3774 1511; baseline 0.003 -18"><span class='ocrx_word' id='word_1_317' title='bbox 2194 1439 2430 1494; x_wconf 89' lang='lat' dir='ltr'><strong>citudine</strong></span> <span class='ocrx_word' id='word_1_318' title='bbox 2462 1452 2740 1493; x_wconf 89' lang='lat' dir='ltr'><strong>sacrarum</strong></span> <span class='ocrx_word' id='word_1_319' title='bbox 2775 1437 3031 1492; x_wconf 85' lang='lat' dir='ltr'><strong>virtutum</strong></span> <span class='ocrx_word' id='word_1_320' title='bbox 3061 1448 3382 1495; x_wconf 91' lang='lat' dir='ltr'><strong>ornamento</strong></span> <span class='ocrx_word' id='word_1_321' title='bbox 3417 1442 3774 1511; x_wconf 82' lang='lat' dir='ltr'><strong>vosmetipsos</strong></span> 
     </span>
    </p>
   </div>
   <div class='ocr_carea' id='block_1_43' title="bbox 2193 1529 3772 1600">
    <p class='ocr_par' dir='ltr' id='par_1_43' title="bbox 2193 1529 3772 1600">
     <span class='ocr_line' id='line_1_43' title="bbox 2193 1529 3772 1600; baseline 0.001 -16"><span class='ocrx_word' id='word_1_322' title='bbox 2193 1545 2499 1600; x_wconf 67' lang='lat' dir='ltr'><strong>praeparare</strong></span> <span class='ocrx_word' id='word_1_323' title='bbox 2522 1529 2761 1595; x_wconf 87' lang='lat' dir='ltr'><strong>statuite,</strong></span> <span class='ocrx_word' id='word_1_324' title='bbox 2790 1537 2850 1582; x_wconf 90' lang='lat' dir='ltr'><strong>ut</strong></span> <span class='ocrx_word' id='word_1_325' title='bbox 2883 1529 3132 1600; x_wconf 81' lang='lat' dir='ltr'><strong>condigni</strong></span> <span class='ocrx_word' id='word_1_326' title='bbox 3159 1529 3272 1584; x_wconf 87' lang='lat' dir='ltr'><strong>fieri</strong></span> <span class='ocrx_word' id='word_1_327' title='bbox 3305 1530 3528 1586; x_wconf 87' lang='lat' dir='ltr'><strong>valeatis</strong></span> <span class='ocrx_word' id='word_1_328' title='bbox 3563 1531 3772 1586; x_wconf 75' lang='lat' dir='ltr'><strong>cmlesti</strong></span> 
     </span>
    </p>
   </div>
   <div class='ocr_carea' id='block_1_44' title="bbox 2195 1618 3770 1690">
    <p class='ocr_par' dir='ltr' id='par_1_44' title="bbox 2195 1618 3770 1690">
     <span class='ocr_line' id='line_1_44' title="bbox 2195 1618 3770 1690; baseline -0.001 -16"><span class='ocrx_word' id='word_1_329' title='bbox 2195 1619 2440 1674; x_wconf 87' lang='lat' dir='ltr'><strong>convivio</strong></span> <span class='ocrx_word' id='word_1_330' title='bbox 2469 1626 2524 1673; x_wconf 87' lang='lat' dir='ltr'><strong>et</strong></span> <span class='ocrx_word' id='word_1_331' title='bbox 2550 1618 2806 1674; x_wconf 85' lang='lat' dir='ltr'><strong>societate</strong></span> <span class='ocrx_word' id='word_1_332' title='bbox 2844 1627 3176 1683; x_wconf 87' lang='lat' dir='ltr'><strong>sanctorum,</strong></span> <span class='ocrx_word' id='word_1_333' title='bbox 3225 1633 3347 1673; x_wconf 91' lang='lat' dir='ltr'><strong>cum</strong></span> <span class='ocrx_word' id='word_1_334' title='bbox 3393 1620 3588 1687; x_wconf 90' lang='lat' dir='ltr'><strong>quibus</strong></span> <span class='ocrx_word' id='word_1_335' title='bbox 3633 1634 3770 1690; x_wconf 76' lang='lat' dir='ltr'><strong>gau-</strong></span> 
     </span>
    </p>
   </div>
   <div class='ocr_carea' id='block_1_45' title="bbox 2197 1708 3774 1780">
    <p class='ocr_par' dir='ltr' id='par_1_45' title="bbox 2197 1708 3774 1780">
     <span class='ocr_line' id='line_1_45' title="bbox 2197 1708 3774 1780; baseline -0.001 -15"><span class='ocrx_word' id='word_1_336' title='bbox 2197 1711 2326 1766; x_wconf 84' lang='lat' dir='ltr'><strong>dere</strong></span> <span class='ocrx_word' id='word_1_337' title='bbox 2356 1709 2623 1780; x_wconf 87' lang='lat' dir='ltr'><strong>appetitis.</strong></span> <span class='ocrx_word' id='word_1_338' title='bbox 2677 1708 2734 1762; x_wconf 89' lang='lat' dir='ltr'><strong>In</strong></span> <span class='ocrx_word' id='word_1_339' title='bbox 2770 1708 2948 1762; x_wconf 92' lang='lat' dir='ltr'><strong>divina</strong></span> <span class='ocrx_word' id='word_1_340' title='bbox 2983 1723 3110 1780; x_wconf 81' lang='lat' dir='ltr'><strong>ergo</strong></span> <span class='ocrx_word' id='word_1_341' title='bbox 3149 1723 3331 1763; x_wconf 88' lang='lat' dir='ltr'><strong>mensa</strong></span> <span class='ocrx_word' id='word_1_342' title='bbox 3368 1723 3471 1763; x_wconf 93' lang='lat' dir='ltr'><strong>non</strong></span> <span class='ocrx_word' id='word_1_343' title='bbox 3511 1710 3664 1764; x_wconf 88' lang='lat' dir='ltr'><strong>cibus</strong></span> <span class='ocrx_word' id='word_1_344' title='bbox 3692 1711 3774 1764; x_wconf 86' lang='lat' dir='ltr'><strong>iu-</strong></span> 
     </span>
    </p>
   </div>
   <div class='ocr_carea' id='block_1_46' title="bbox 2201 1797 3768 1870">
    <p class='ocr_par' dir='ltr' id='par_1_46' title="bbox 2201 1797 3768 1870">
     <span class='ocr_line' id='line_1_46' title="bbox 2201 1797 3768 1870; baseline 0 -16"><span class='ocrx_word' id='word_1_345' title='bbox 2201 1801 2415 1856; x_wconf 84' lang='lat' dir='ltr'><strong>venitur</strong></span> <span class='ocrx_word' id='word_1_346' title='bbox 2454 1800 2773 1866; x_wconf 88' lang='lat' dir='ltr'><strong>hominum,</strong></span> <span class='ocrx_word' id='word_1_347' title='bbox 2825 1797 2919 1856; x_wconf 89' lang='lat' dir='ltr'><strong>sed</strong></span> <span class='ocrx_word' id='word_1_348' title='bbox 2966 1799 3120 1869; x_wconf 92' lang='lat' dir='ltr'><strong>panis</strong></span> <span class='ocrx_word' id='word_1_349' title='bbox 3166 1800 3381 1868; x_wconf 89' lang='lat' dir='ltr'><strong>ponitur</strong></span> <span class='ocrx_word' id='word_1_350' title='bbox 3425 1799 3768 1870; x_wconf 78' lang='lat' dir='ltr'><strong>angelorum;</strong></span> 
     </span>
    </p>
   </div>
   <div class='ocr_carea' id='block_1_47' title="bbox 2201 1887 3775 1960">
    <p class='ocr_par' dir='ltr' id='par_1_47' title="bbox 2201 1887 3775 1960">
     <span class='ocr_line' id='line_1_47' title="bbox 2201 1887 3775 1960; baseline -0.001 -15"><span class='ocrx_word' id='word_1_351' title='bbox 2201 1891 2336 1946; x_wconf 89' lang='lat' dir='ltr'><strong>sicut</strong></span> <span class='ocrx_word' id='word_1_352' title='bbox 2362 1891 2618 1960; x_wconf 90' lang='lat' dir='ltr'><strong>scriptum</strong></span> <span class='ocrx_word' id='word_1_353' title='bbox 2648 1899 2730 1945; x_wconf 90' lang='lat' dir='ltr'><strong>est</strong></span> <span class='ocrx_word' id='word_1_354' title='bbox 2760 1907 2773 1944; x_wconf 89' lang='lat'><strong>:</strong></span> <span class='ocrx_word' id='word_1_355' title='bbox 2803 1887 3000 1943; x_wconf 83' lang='lat' dir='ltr'><strong>Panem</strong></span> <span class='ocrx_word' id='word_1_356' title='bbox 3027 1889 3090 1944; x_wconf 85' lang='lat' dir='ltr'><strong>de</strong></span> <span class='ocrx_word' id='word_1_357' title='bbox 3113 1892 3238 1946; x_wconf 72' lang='lat' dir='ltr'><strong>caelo</strong></span> <span class='ocrx_word' id='word_1_358' title='bbox 3265 1890 3404 1944; x_wconf 83' lang='lat' dir='ltr'><strong>dedit</strong></span> <span class='ocrx_word' id='word_1_359' title='bbox 3442 1892 3551 1953; x_wconf 87' lang='lat' dir='ltr'><strong>eis;</strong></span> <span class='ocrx_word' id='word_1_360' title='bbox 3584 1908 3775 1954; x_wconf 85' lang='lat' dir='ltr'><strong>panem</strong></span> 
     </span>
    </p>
   </div>
   <div class='ocr_carea' id='block_1_48' title="bbox 2201 1976 3775 2052">
    <p class='ocr_par' dir='ltr' id='par_1_48' title="bbox 2201 1976 3775 2052">
     <span class='ocr_line' id='line_1_48' title="bbox 2201 1976 3775 2052; baseline -0.001 -17"><span class='ocrx_word' id='word_1_361' title='bbox 2201 1981 2502 2052; x_wconf 80' lang='lat' dir='ltr'><strong>angelorum</strong></span> <span class='ocrx_word' id='word_1_362' title='bbox 2536 1980 2867 2034; x_wconf 81' lang='lat' dir='ltr'><strong>manducavit</strong></span> <span class='ocrx_word' id='word_1_363' title='bbox 2906 1980 3058 2033; x_wconf 90' lang='lat' dir='ltr'><strong>homo</strong></span> <span class='ocrx_word' id='word_1_364' title='bbox 3102 1976 3270 2052; x_wconf 84' lang='lat' dir='ltr'><strong>(Psal.</strong></span> <span class='ocrx_word' id='word_1_365' title='bbox 3308 1980 3534 2051; x_wconf 73' lang='lat' dir='ltr'><strong>Lxxvtt).</strong></span> <span class='ocrx_word' id='word_1_366' title='bbox 3585 1979 3775 2035; x_wconf 86' lang='lat' dir='ltr'><strong>Probet</strong></span> 
     </span>
    </p>
   </div>
   <div class='ocr_carea' id='block_1_49' title="bbox 2201 2068 3778 2140">
    <p class='ocr_par' dir='ltr' id='par_1_49' title="bbox 2201 2068 3778 2140">
     <span class='ocr_line' id='line_1_49' title="bbox 2201 2068 3778 2140; baseline -0.001 -15"><span class='ocrx_word' id='word_1_367' title='bbox 2201 2083 2394 2138; x_wconf 86' lang='lat' dir='ltr'><strong>autem,</strong></span> <span class='ocrx_word' id='word_1_368' title='bbox 2421 2071 2712 2126; x_wconf 86' lang='lat' dir='ltr'><strong>secundum</strong></span> <span class='ocrx_word' id='word_1_369' title='bbox 2737 2068 3073 2139; x_wconf 84' lang='lat' dir='ltr'><strong>Apostolum,</strong></span> <span class='ocrx_word' id='word_1_370' title='bbox 3115 2070 3336 2140; x_wconf 82' lang='lat' dir='ltr'><strong>seipsum</strong></span> <span class='ocrx_word' id='word_1_371' title='bbox 3379 2070 3568 2136; x_wconf 85' lang='lat' dir='ltr'><strong>homo;</strong></span> <span class='ocrx_word' id='word_1_372' title='bbox 3608 2079 3658 2124; x_wconf 89' lang='lat' dir='ltr'><strong>et</strong></span> <span class='ocrx_word' id='word_1_373' title='bbox 3698 2071 3778 2125; x_wconf 89' lang='lat' dir='ltr'><strong>sic</strong></span> 
     </span>
    </p>
   </div>
   <div class='ocr_carea' id='block_1_50' title="bbox 2200 2157 3775 2232">
    <p class='ocr_par' dir='ltr' id='par_1_50' title="bbox 2200 2157 3775 2232">
     <span class='ocr_line' id='line_1_50' title="bbox 2200 2157 3775 2232; baseline 0 -18"><span class='ocrx_word' id='word_1_374' title='bbox 2200 2161 2264 2216; x_wconf 85' lang='lat' dir='ltr'><strong>de</strong></span> <span class='ocrx_word' id='word_1_375' title='bbox 2295 2177 2428 2232; x_wconf 85' lang='lat' dir='ltr'><strong>pane</strong></span> <span class='ocrx_word' id='word_1_376' title='bbox 2455 2160 2546 2214; x_wconf 88' lang='lat' dir='ltr'><strong>illo</strong></span> <span class='ocrx_word' id='word_1_377' title='bbox 2580 2161 2722 2225; x_wconf 88' lang='lat' dir='ltr'><strong>edat,</strong></span> <span class='ocrx_word' id='word_1_378' title='bbox 2747 2170 2794 2214; x_wconf 89' lang='lat' dir='ltr'><strong>et</strong></span> <span class='ocrx_word' id='word_1_379' title='bbox 2821 2159 2886 2214; x_wconf 85' lang='lat' dir='ltr'><strong>de</strong></span> <span class='ocrx_word' id='word_1_380' title='bbox 2919 2159 3084 2214; x_wconf 81' lang='lat' dir='ltr'><strong>calice</strong></span> <span class='ocrx_word' id='word_1_381' title='bbox 3109 2159 3247 2213; x_wconf 83' lang='lat' dir='ltr'><strong>bibat</strong></span> <span class='ocrx_word' id='word_1_382' title='bbox 3275 2157 3327 2231; x_wconf 86' lang='lat' dir='ltr'><strong>(I</strong></span> <span class='ocrx_word' id='word_1_383' title='bbox 3356 2158 3477 2214; x_wconf 88' lang='lat' dir='ltr'><strong>Cor.</strong></span> <span class='ocrx_word' id='word_1_384' title='bbox 3502 2161 3602 2231; x_wconf 77' lang='lat' dir='ltr'><strong>XI).</strong></span> <span class='ocrx_word' id='word_1_385' title='bbox 3638 2159 3775 2214; x_wconf 85' lang='lat' dir='ltr'><strong>Nam</strong></span> 
     </span>
    </p>
   </div>
   <div class='ocr_carea' id='block_1_51' title="bbox 2200 2249 3776 2320">
    <p class='ocr_par' dir='ltr' id='par_1_51' title="bbox 2200 2249 3776 2320">
     <span class='ocr_line' id='line_1_51' title="bbox 2200 2249 3776 2320; baseline -0.001 -14"><span class='ocrx_word' id='word_1_386' title='bbox 2200 2249 2446 2307; x_wconf 88' lang='lat' dir='ltr'><strong>Christus</strong></span> <span class='ocrx_word' id='word_1_387' title='bbox 2477 2249 2736 2305; x_wconf 87' lang='lat' dir='ltr'><strong>Dominus</strong></span> <span class='ocrx_word' id='word_1_388' title='bbox 2767 2258 2969 2315; x_wconf 88' lang='lat' dir='ltr'><strong>noster,</strong></span> <span class='ocrx_word' id='word_1_389' title='bbox 3010 2249 3136 2305; x_wconf 89' lang='lat' dir='ltr'><strong>licet</strong></span> <span class='ocrx_word' id='word_1_390' title='bbox 3171 2257 3293 2319; x_wconf 89' lang='lat' dir='ltr'><strong>post</strong></span> <span class='ocrx_word' id='word_1_391' title='bbox 3332 2250 3642 2320; x_wconf 88' lang='lat' dir='ltr'><strong>passionem</strong></span> <span class='ocrx_word' id='word_1_392' title='bbox 3684 2266 3776 2305; x_wconf 89' lang='lat' dir='ltr'><strong>re-</strong></span> 
     </span>
    </p>
   </div>
   <div class='ocr_carea' id='block_1_52' title="bbox 2201 2339 3778 2404">
    <p class='ocr_par' dir='ltr' id='par_1_52' title="bbox 2201 2339 3778 2404">
     <span class='ocr_line' id='line_1_52' title="bbox 2201 2339 3778 2404; baseline -0.001 -8"><span class='ocrx_word' id='word_1_393' title='bbox 2201 2339 2498 2396; x_wconf 77' lang='lat' dir='ltr'><strong>surrexerit</strong></span> <span class='ocrx_word' id='word_1_394' title='bbox 2522 2349 2577 2394; x_wconf 90' lang='lat' dir='ltr'><strong>et</strong></span> <span class='ocrx_word' id='word_1_395' title='bbox 2593 2339 2648 2394; x_wconf 92' lang='lat' dir='ltr'><strong>in</strong></span> <span class='ocrx_word' id='word_1_396' title='bbox 2670 2339 2864 2394; x_wconf 76' lang='lat' dir='ltr'><strong>ctelum</strong></span> <span class='ocrx_word' id='word_1_397' title='bbox 2891 2339 3214 2404; x_wconf 84' lang='lat' dir='ltr'><strong>ascenderit,</strong></span> <span class='ocrx_word' id='word_1_398' title='bbox 3237 2339 3541 2395; x_wconf 88' lang='lat' dir='ltr'><strong>considerat</strong></span> <span class='ocrx_word' id='word_1_399' title='bbox 3572 2347 3778 2404; x_wconf 88' lang='lat' dir='ltr'><strong>tamen,</strong></span> 
     </span>
    </p>
   </div>
   <div class='ocr_carea' id='block_1_53' title="bbox 2203 2430 3785 2502">
    <p class='ocr_par' dir='ltr' id='par_1_53' title="bbox 2203 2430 3785 2502">
     <span class='ocr_line' id='line_1_53' title="bbox 2203 2430 3785 2502; baseline 0 -15"><span class='ocrx_word' id='word_1_400' title='bbox 2203 2441 2263 2487; x_wconf 90' lang='lat' dir='ltr'><strong>ut</strong></span> <span class='ocrx_word' id='word_1_401' title='bbox 2286 2432 2572 2494; x_wconf 87' lang='lat' dir='ltr'><strong>credimus,</strong></span> <span class='ocrx_word' id='word_1_402' title='bbox 2607 2439 2662 2486; x_wconf 89' lang='lat' dir='ltr'><strong>et</strong></span> <span class='ocrx_word' id='word_1_403' title='bbox 2689 2430 2973 2502; x_wconf 73' lang='lat' dir='ltr'><strong>diligenter</strong></span> <span class='ocrx_word' id='word_1_404' title='bbox 3001 2431 3226 2487; x_wconf 90' lang='lat' dir='ltr'><strong>attendit</strong></span> <span class='ocrx_word' id='word_1_405' title='bbox 3248 2431 3479 2500; x_wconf 88' lang='lat' dir='ltr'><strong>qualiter</strong></span> <span class='ocrx_word' id='word_1_406' title='bbox 3517 2447 3574 2486; x_wconf 89' lang='lat' dir='ltr'><strong>se</strong></span> <span class='ocrx_word' id='word_1_407' title='bbox 3611 2446 3785 2487; x_wconf 86' lang='lat' dir='ltr'><strong>unus-</strong></span> 
     </span>
    </p>
   </div>
   <div class='ocr_carea' id='block_1_54' title="bbox 2204 2520 3786 2593">
    <p class='ocr_par' dir='ltr' id='par_1_54' title="bbox 2204 2520 3786 2593">
     <span class='ocr_line' id='line_1_54' title="bbox 2204 2520 3786 2593; baseline 0.001 -17"><span class='ocrx_word' id='word_1_408' title='bbox 2204 2523 2432 2593; x_wconf 89' lang='lat' dir='ltr'><strong>quisque</strong></span> <span class='ocrx_word' id='word_1_409' title='bbox 2456 2537 2736 2577; x_wconf 89' lang='lat' dir='ltr'><strong>servorum</strong></span> <span class='ocrx_word' id='word_1_410' title='bbox 2765 2522 2882 2592; x_wconf 87' lang='lat' dir='ltr'><strong>ejus</strong></span> <span class='ocrx_word' id='word_1_411' title='bbox 2915 2520 3032 2577; x_wconf 84' lang='lat' dir='ltr'><strong>sine</strong></span> <span class='ocrx_word' id='word_1_412' title='bbox 3067 2522 3311 2586; x_wconf 87' lang='lat' dir='ltr'><strong>avaritia,</strong></span> <span class='ocrx_word' id='word_1_413' title='bbox 3355 2522 3482 2577; x_wconf 90' lang='lat' dir='ltr'><strong>sine.</strong></span> <span class='ocrx_word' id='word_1_414' title='bbox 3518 2523 3616 2586; x_wconf 86' lang='lat' dir='ltr'><strong>ira,</strong></span> <span class='ocrx_word' id='word_1_415' title='bbox 3660 2522 3786 2578; x_wconf 82' lang='lat' dir='ltr'><strong>sine</strong></span> 
     </span>
    </p>
   </div>
   <div class='ocr_carea' id='block_1_55' title="bbox 2205 2611 3786 2683">
    <p class='ocr_par' dir='ltr' id='par_1_55' title="bbox 2205 2611 3786 2683">
     <span class='ocr_line' id='line_1_55' title="bbox 2205 2611 3786 2683; baseline 0 -15"><span class='ocrx_word' id='word_1_416' title='bbox 2205 2613 2450 2683; x_wconf 87' lang='lat' dir='ltr'><strong>superbia</strong></span> <span class='ocrx_word' id='word_1_417' title='bbox 2477 2621 2637 2682; x_wconf 89' lang='lat' dir='ltr'><strong>atque</strong></span> <span class='ocrx_word' id='word_1_418' title='bbox 2664 2611 2896 2678; x_wconf 79' lang='lat' dir='ltr'><strong>luxuria,</strong></span> <span class='ocrx_word' id='word_1_419' title='bbox 2920 2612 2985 2666; x_wconf 91' lang='lat' dir='ltr'><strong>ad</strong></span> <span class='ocrx_word' id='word_1_420' title='bbox 3016 2611 3391 2666; x_wconf 89' lang='lat' dir='ltr'><strong>celebrandum</strong></span> <span class='ocrx_word' id='word_1_421' title='bbox 3413 2611 3786 2668; x_wconf 87' lang='lat' dir='ltr'><strong>solemnitates</strong></span> 
     </span>
    </p>
   </div>
   <div class='ocr_carea' id='block_1_56' title="bbox 2205 2701 3780 2769">
    <p class='ocr_par' dir='ltr' id='par_1_56' title="bbox 2205 2701 3780 2769">
     <span class='ocr_line' id='line_1_56' title="bbox 2205 2701 3780 2769; baseline -0.001 -10"><span class='ocrx_word' id='word_1_422' title='bbox 2205 2711 2513 2759; x_wconf 85' lang='lat' dir='ltr'><strong>sanctorum</strong></span> <span class='ocrx_word' id='word_1_423' title='bbox 2561 2717 2778 2757; x_wconf 89' lang='lat' dir='ltr'><strong>suorum</strong></span> <span class='ocrx_word' id='word_1_424' title='bbox 2807 2742 2821 2768; x_wconf 94' lang='lat'><strong>,</strong></span> <span class='ocrx_word' id='word_1_425' title='bbox 2871 2710 2924 2757; x_wconf 91' lang='lat' dir='ltr'><strong>et</strong></span> <span class='ocrx_word' id='word_1_426' title='bbox 2969 2701 3201 2756; x_wconf 81' lang='lat' dir='ltr'><strong>maxime</strong></span> <span class='ocrx_word' id='word_1_427' title='bbox 3247 2703 3554 2758; x_wconf 88' lang='lat' dir='ltr'><strong>Natalitium</strong></span> <span class='ocrx_word' id='word_1_428' title='bbox 3600 2720 3780 2769; x_wconf 91' lang='lat' dir='ltr'><strong>suum,</strong></span> 
     </span>
    </p>
   </div>
   <div class='ocr_carea' id='block_1_57' title="bbox 2206 2793 3785 2864">
    <p class='ocr_par' dir='ltr' id='par_1_57' title="bbox 2206 2793 3785 2864">
     <span class='ocr_line' id='line_1_57' title="bbox 2206 2793 3785 2864; baseline -0.001 -15"><span class='ocrx_word' id='word_1_429' title='bbox 2206 2793 2418 2850; x_wconf 91' lang='lat' dir='ltr'><strong>studeat</strong></span> <span class='ocrx_word' id='word_1_430' title='bbox 2453 2809 2780 2864; x_wconf 69' lang='lat' dir='ltr'><strong>praeparare,</strong></span> <span class='ocrx_word' id='word_1_431' title='bbox 2819 2803 2978 2863; x_wconf 90' lang='lat' dir='ltr'><strong>atque</strong></span> <span class='ocrx_word' id='word_1_432' title='bbox 3007 2809 3350 2863; x_wconf 90' lang='lat' dir='ltr'><strong>componere,</strong></span> <span class='ocrx_word' id='word_1_433' title='bbox 3395 2803 3450 2850; x_wconf 91' lang='lat' dir='ltr'><strong>et</strong></span> <span class='ocrx_word' id='word_1_434' title='bbox 3487 2796 3785 2850; x_wconf 87' lang='lat' dir='ltr'><strong>secundum</strong></span> 
     </span>
    </p>
   </div>
   <div class='ocr_carea' id='block_1_58' title="bbox 2206 2883 3785 2955">
    <p class='ocr_par' dir='ltr' id='par_1_58' title="bbox 2206 2883 3785 2955">
     <span class='ocr_line' id='line_1_58' title="bbox 2206 2883 3785 2955; baseline -0.001 -15"><span class='ocrx_word' id='word_1_435' title='bbox 2206 2886 2347 2955; x_wconf 90' lang='lat' dir='ltr'><strong>quod</strong></span> <span class='ocrx_word' id='word_1_436' title='bbox 2377 2898 2812 2954; x_wconf 90' lang='lat' dir='ltr'><strong>unumquemque</strong></span> <span class='ocrx_word' id='word_1_437' title='bbox 2836 2893 3085 2939; x_wconf 90' lang='lat' dir='ltr'><strong>ornatum</strong></span> <span class='ocrx_word' id='word_1_438' title='bbox 3109 2883 3263 2939; x_wconf 91' lang='lat' dir='ltr'><strong>bonis</strong></span> <span class='ocrx_word' id='word_1_439' title='bbox 3291 2885 3542 2954; x_wconf 86' lang='lat' dir='ltr'><strong>operibus</strong></span> <span class='ocrx_word' id='word_1_440' title='bbox 3569 2885 3785 2948; x_wconf 86' lang='lat' dir='ltr'><strong>viderit,</strong></span> 
     </span>
    </p>
   </div>
   <div class='ocr_carea' id='block_1_59' title="bbox 2208 2961 3784 3046">
    <p class='ocr_par' dir='ltr' id='par_1_59' title="bbox 2208 2961 3784 3046">
     <span class='ocr_line' id='line_1_59' title="bbox 2208 2961 3784 3046; baseline -0.001 -15"><span class='ocrx_word' id='word_1_441' title='bbox 2208 2961 2400 3031; x_wconf 39' lang='lat' dir='ltr'><strong>ita\‘illi</strong></span> <span class='ocrx_word' id='word_1_442' title='bbox 2449 2976 2677 3046; x_wconf 76' lang='lat' dir='ltr'><strong>gratiam</strong></span> <span class='ocrx_word' id='word_1_443' title='bbox 2722 2991 2830 3030; x_wconf 66' lang='lat' dir='ltr'><strong>suae</strong></span> <span class='ocrx_word' id='word_1_444' title='bbox 2877 2975 3259 3030; x_wconf 72' lang='lat' dir='ltr'><strong>misericordia:</strong></span> <span class='ocrx_word' id='word_1_445' title='bbox 3310 2976 3658 3045; x_wconf 87' lang='lat' dir='ltr'><strong>dispensabit.</strong></span> <span class='ocrx_word' id='word_1_446' title='bbox 3726 2977 3784 3030; x_wconf 89' lang='lat' dir='ltr'><strong>Si</strong></span> 
     </span>
    </p>
   </div>
   <div class='ocr_carea' id='block_1_60' title="bbox 2208 3063 3791 3136">
    <p class='ocr_par' dir='ltr' id='par_1_60' title="bbox 2208 3063 3791 3136">
     <span class='ocr_line' id='line_1_60' title="bbox 2208 3063 3791 3136; baseline 0 -16"><span class='ocrx_word' id='word_1_447' title='bbox 2208 3065 2349 3120; x_wconf 92' lang='lat' dir='ltr'><strong>enim</strong></span> <span class='ocrx_word' id='word_1_448' title='bbox 2387 3064 2584 3120; x_wconf 86' lang='lat' dir='ltr'><strong>viderit</strong></span> <span class='ocrx_word' id='word_1_449' title='bbox 2629 3063 2911 3119; x_wconf 88' lang='lat' dir='ltr'><strong>charitatis</strong></span> <span class='ocrx_word' id='word_1_450' title='bbox 2957 3064 3074 3119; x_wconf 89' lang='lat' dir='ltr'><strong>luce</strong></span> <span class='ocrx_word' id='word_1_451' title='bbox 3121 3065 3396 3130; x_wconf 91' lang='lat' dir='ltr'><strong>vestitum,</strong></span> <span class='ocrx_word' id='word_1_452' title='bbox 3437 3065 3661 3136; x_wconf 73' lang='lat' dir='ltr'><strong>justitia:</strong></span> <span class='ocrx_word' id='word_1_453' title='bbox 3700 3066 3791 3122; x_wconf 81' lang='lat' dir='ltr'><strong>vel</strong></span> 
     </span>
    </p>
   </div>
   <div class='ocr_carea' id='block_1_61' title="bbox 533 3149 2108 3235">
    <p class='ocr_par' dir='ltr' id='par_1_61' title="bbox 533 3164 2101 3235">
     <span class='ocr_line' id='line_1_61' title="bbox 533 3164 2101 3235; baseline -0.001 -13"><span class='ocrx_word' id='word_1_454' title='bbox 533 3168 718 3230; x_wconf 80' lang='lat' dir='ltr'><strong>Deum,</strong></span> <span class='ocrx_word' id='word_1_455' title='bbox 759 3166 880 3220; x_wconf 83' lang='lat' dir='ltr'><strong>dicit</strong></span> <span class='ocrx_word' id='word_1_456' title='bbox 925 3166 1180 3220; x_wconf 84' lang='lat' dir='ltr'><strong>Dominus</strong></span> <span class='ocrx_word' id='word_1_457' title='bbox 1224 3165 1362 3220; x_wconf 87' lang='lat' dir='ltr'><strong>Deus</strong></span> <span class='ocrx_word' id='word_1_458' title='bbox 1399 3164 1480 3235; x_wconf 88' lang='lat' dir='ltr'><strong>(II</strong></span> <span class='ocrx_word' id='word_1_459' title='bbox 1523 3164 1644 3220; x_wconf 90' lang='lat' dir='ltr'><strong>Cor.</strong></span> <span class='ocrx_word' id='word_1_460' title='bbox 1686 3183 1774 3232; x_wconf 89' lang='lat' dir='ltr'><strong>vt;</strong></span> <span class='ocrx_word' id='word_1_461' title='bbox 1812 3167 1944 3222; x_wconf 88' lang='lat' dir='ltr'><strong>Isai.</strong></span> <span class='ocrx_word' id='word_1_462' title='bbox 1985 3168 2101 3227; x_wconf 80' lang='lat' dir='ltr'><strong>Lit).</strong></span> 
     </span>
    </p>
   </div>
   <div class='ocr_carea' id='block_1_62' title="bbox 2210 3149 3785 3235">
    <p class='ocr_par' dir='ltr' id='par_1_62' title="bbox 2210 3155 3785 3226">
     <span class='ocr_line' id='line_1_62' title="bbox 2210 3155 3785 3226; baseline 0 -14"><span class='ocrx_word' id='word_1_463' title='bbox 2210 3156 2592 3212; x_wconf 67' lang='lat' dir='ltr'><strong>misericordiae</strong></span> <span class='ocrx_word' id='word_1_464' title='bbox 2620 3155 2928 3226; x_wconf 79' lang='lat' dir='ltr'><strong>margaritis</strong></span> <span class='ocrx_word' id='word_1_465' title='bbox 2951 3165 3222 3221; x_wconf 89' lang='lat' dir='ltr'><strong>ornatum,</strong></span> <span class='ocrx_word' id='word_1_466' title='bbox 3246 3165 3474 3224; x_wconf 88' lang='lat' dir='ltr'><strong>castum,</strong></span> <span class='ocrx_word' id='word_1_467' title='bbox 3505 3158 3785 3224; x_wconf 87' lang='lat' dir='ltr'><strong>humilem,</strong></span> 
     </span>
    </p>
   </div>
   <div class='ocr_carea' id='block_1_63' title="bbox 529 3254 2110 3327">
    <p class='ocr_par' dir='ltr' id='par_1_63' title="bbox 529 3254 2110 3327">
     <span class='ocr_line' id='line_1_63' title="bbox 529 3254 2110 3327; baseline -0.001 -13"><span class='ocrx_word' id='word_1_468' title='bbox 529 3255 577 3314; x_wconf 85' lang='lat'>0</span> <span class='ocrx_word' id='word_1_469' title='bbox 602 3271 761 3327; x_wconf 90' lang='lat' dir='ltr'><strong>quam</strong></span> <span class='ocrx_word' id='word_1_470' title='bbox 791 3254 914 3311; x_wconf 80' lang='lat' dir='ltr'><strong>felix</strong></span> <span class='ocrx_word' id='word_1_471' title='bbox 941 3263 1026 3310; x_wconf 88' lang='lat' dir='ltr'><strong>est</strong></span> <span class='ocrx_word' id='word_1_472' title='bbox 1047 3255 1134 3309; x_wconf 89' lang='lat' dir='ltr'><strong>illa</strong></span> <span class='ocrx_word' id='word_1_473' title='bbox 1167 3269 1284 3324; x_wconf 68' lang='lat' dir='ltr'><strong>qua)</strong></span> <span class='ocrx_word' id='word_1_474' title='bbox 1312 3255 1466 3310; x_wconf 89' lang='lat' dir='ltr'><strong>bonis</strong></span> <span class='ocrx_word' id='word_1_475' title='bbox 1497 3255 1746 3325; x_wconf 85' lang='lat' dir='ltr'><strong>operibus</strong></span> <span class='ocrx_word' id='word_1_476' title='bbox 1771 3265 2110 3327; x_wconf 87' lang='lat' dir='ltr'><strong>promeretur</strong></span> 
     </span>
    </p>
   </div>
   <div class='ocr_carea' id='block_1_64' title="bbox 530 3345 2112 3418">
    <p class='ocr_par' dir='ltr' id='par_1_64' title="bbox 530 3345 2112 3418">
     <span class='ocr_line' id='line_1_64' title="bbox 530 3345 2112 3418; baseline 0 -16"><span class='ocrx_word' id='word_1_477' title='bbox 530 3346 806 3402; x_wconf 87' lang='lat' dir='ltr'><strong>Christum</strong></span> <span class='ocrx_word' id='word_1_478' title='bbox 834 3345 1099 3416; x_wconf 88' lang='lat' dir='ltr'><strong>hospitem</strong></span> <span class='ocrx_word' id='word_1_479' title='bbox 1128 3352 1182 3399; x_wconf 90' lang='lat' dir='ltr'><strong>et</strong></span> <span class='ocrx_word' id='word_1_480' title='bbox 1211 3345 1566 3399; x_wconf 87' lang='lat' dir='ltr'><strong>habitatorem</strong></span> <span class='ocrx_word' id='word_1_481' title='bbox 1598 3347 1865 3417; x_wconf 81' lang='lat' dir='ltr'><strong>excipere,</strong></span> <span class='ocrx_word' id='word_1_482' title='bbox 1895 3363 2112 3418; x_wconf 84' lang='lat' dir='ltr'><strong>semper</strong></span> 
     </span>
    </p>
   </div>
   <div class='ocr_carea' id='block_1_65' title="bbox 533 3436 2110 3507">
    <p class='ocr_par' dir='ltr' id='par_1_65' title="bbox 533 3436 2110 3507">
     <span class='ocr_line' id='line_1_65' title="bbox 533 3436 2110 3507; baseline 0.003 -15"><span class='ocrx_word' id='word_1_483' title='bbox 533 3439 679 3503; x_wconf 77' lang='lat' dir='ltr'><strong>lana,</strong></span> <span class='ocrx_word' id='word_1_484' title='bbox 727 3452 940 3506; x_wconf 89' lang='lat' dir='ltr'><strong>semper</strong></span> <span class='ocrx_word' id='word_1_485' title='bbox 989 3436 1194 3501; x_wconf 83' lang='lat' dir='ltr'><strong>hilaris,</strong></span> <span class='ocrx_word' id='word_1_486' title='bbox 1238 3451 1450 3507; x_wconf 85' lang='lat' dir='ltr'><strong>semper</strong></span> <span class='ocrx_word' id='word_1_487' title='bbox 1487 3437 1744 3507; x_wconf 85' lang='lat' dir='ltr'><strong>jucunda,</strong></span> <span class='ocrx_word' id='word_1_488' title='bbox 1779 3449 1832 3494; x_wconf 91' lang='lat' dir='ltr'><strong>et</strong></span> <span class='ocrx_word' id='word_1_489' title='bbox 1868 3439 1936 3494; x_wconf 88' lang='lat' dir='ltr'><strong>ab</strong></span> <span class='ocrx_word' id='word_1_490' title='bbox 1963 3443 2110 3497; x_wconf 88' lang='lat' dir='ltr'><strong>omni</strong></span> 
     </span>
    </p>
   </div>
   <div class='ocr_carea' id='block_1_66' title="bbox 532 3526 2111 3599">
    <p class='ocr_par' dir='ltr' id='par_1_66' title="bbox 532 3526 2111 3599">
     <span class='ocr_line' id='line_1_66' title="bbox 532 3526 2111 3599; baseline 0.004 -20"><span class='ocrx_word' id='word_1_491' title='bbox 532 3529 785 3583; x_wconf 82' lang='lat' dir='ltr'><strong>vitiorum</strong></span> <span class='ocrx_word' id='word_1_492' title='bbox 829 3528 1050 3581; x_wconf 90' lang='lat' dir='ltr'><strong>horrore</strong></span> <span class='ocrx_word' id='word_1_493' title='bbox 1089 3526 1260 3582; x_wconf 90' lang='lat' dir='ltr'><strong>aliena</strong></span> <span class='ocrx_word' id='word_1_494' title='bbox 1299 3545 1312 3580; x_wconf 90' lang='lat'>:</span> <span class='ocrx_word' id='word_1_495' title='bbox 1346 3527 1484 3582; x_wconf 89' lang='lat' dir='ltr'><strong>sicut</strong></span> <span class='ocrx_word' id='word_1_496' title='bbox 1531 3543 1562 3582; x_wconf 91' lang='lat' dir='ltr'><strong>e</strong></span> <span class='ocrx_word' id='word_1_497' title='bbox 1607 3530 1899 3594; x_wconf 87' lang='lat' dir='ltr'><strong>contrario,</strong></span> <span class='ocrx_word' id='word_1_498' title='bbox 1949 3545 2111 3599; x_wconf 88' lang='lat' dir='ltr'><strong>quam</strong></span> 
     </span>
    </p>
   </div>
   <div class='ocr_carea' id='block_1_67' title="bbox 535 3615 2112 3686">
    <p class='ocr_par' dir='ltr' id='par_1_67' title="bbox 535 3615 2112 3686">
     <span class='ocr_line' id='line_1_67' title="bbox 535 3615 2112 3686; baseline 0 -12"><span class='ocrx_word' id='word_1_499' title='bbox 535 3616 720 3674; x_wconf 73' lang='lat' dir='ltr'><strong>infelix</strong></span> <span class='ocrx_word' id='word_1_500' title='bbox 747 3624 828 3671; x_wconf 88' lang='lat' dir='ltr'><strong>est</strong></span> <span class='ocrx_word' id='word_1_501' title='bbox 855 3615 940 3669; x_wconf 91' lang='lat' dir='ltr'><strong>illa</strong></span> <span class='ocrx_word' id='word_1_502' title='bbox 967 3615 1292 3670; x_wconf 88' lang='lat' dir='ltr'><strong>conscientia</strong></span> <span class='ocrx_word' id='word_1_503' title='bbox 1321 3630 1440 3684; x_wconf 73' lang='lat' dir='ltr'><strong>qua:</strong></span> <span class='ocrx_word' id='word_1_504' title='bbox 1466 3630 1523 3669; x_wconf 89' lang='lat' dir='ltr'><strong>se</strong></span> <span class='ocrx_word' id='word_1_505' title='bbox 1564 3616 1634 3669; x_wconf 92' lang='lat' dir='ltr'><strong>ita</strong></span> <span class='ocrx_word' id='word_1_506' title='bbox 1673 3617 1828 3672; x_wconf 89' lang='lat' dir='ltr'><strong>malis</strong></span> <span class='ocrx_word' id='word_1_507' title='bbox 1858 3619 2112 3686; x_wconf 88' lang='lat' dir='ltr'><strong>operibus</strong></span> 
     </span>
    </p>
   </div>
   <div class='ocr_carea' id='block_1_68' title="bbox 535 3704 2110 3775">
    <p class='ocr_par' dir='ltr' id='par_1_68' title="bbox 535 3704 2110 3775">
     <span class='ocr_line' id='line_1_68' title="bbox 535 3704 2110 3775; baseline -0.002 -12"><span class='ocrx_word' id='word_1_508' title='bbox 535 3708 834 3764; x_wconf 88' lang='lat' dir='ltr'><strong>cruentavit</strong></span> <span class='ocrx_word' id='word_1_509' title='bbox 861 3715 919 3760; x_wconf 90' lang='lat' dir='ltr'><strong>ut</strong></span> <span class='ocrx_word' id='word_1_510' title='bbox 947 3707 1084 3761; x_wconf 78' lang='lat' dir='ltr'><strong>in&#39;ea</strong></span> <span class='ocrx_word' id='word_1_511' title='bbox 1110 3720 1214 3760; x_wconf 91' lang='lat' dir='ltr'><strong>non</strong></span> <span class='ocrx_word' id='word_1_512' title='bbox 1241 3704 1486 3761; x_wconf 89' lang='lat' dir='ltr'><strong>Christus</strong></span> <span class='ocrx_word' id='word_1_513' title='bbox 1508 3707 1867 3775; x_wconf 86' lang='lat' dir='ltr'><strong>requiescere,</strong></span> <span class='ocrx_word' id='word_1_514' title='bbox 1889 3708 1980 3762; x_wconf 91' lang='lat' dir='ltr'><strong>sed</strong></span> <span class='ocrx_word' id='word_1_515' title='bbox 2001 3709 2110 3763; x_wconf 90' lang='lat' dir='ltr'><strong>dia-</strong></span> 
     </span>
    </p>
   </div>
   <div class='ocr_carea' id='block_1_69' title="bbox 539 3795 2113 3866">
    <p class='ocr_par' dir='ltr' id='par_1_69' title="bbox 539 3795 2113 3866">
     <span class='ocr_line' id='line_1_69' title="bbox 539 3795 2113 3866; baseline -0.001 -13"><span class='ocrx_word' id='word_1_516' title='bbox 539 3800 690 3855; x_wconf 87' lang='lat' dir='ltr'><strong>bolus</strong></span> <span class='ocrx_word' id='word_1_517' title='bbox 717 3798 936 3866; x_wconf 90' lang='lat' dir='ltr'><strong>incipiat</strong></span> <span class='ocrx_word' id='word_1_518' title='bbox 967 3796 1263 3860; x_wconf 86' lang='lat' dir='ltr'><strong>dominari;</strong></span> <span class='ocrx_word' id='word_1_519' title='bbox 1295 3795 1417 3849; x_wconf 89' lang='lat' dir='ltr'><strong>talis</strong></span> <span class='ocrx_word' id='word_1_520' title='bbox 1452 3797 1647 3858; x_wconf 87' lang='lat' dir='ltr'><strong>anima,</strong></span> <span class='ocrx_word' id='word_1_521' title='bbox 1681 3798 1723 3850; x_wconf 88' lang='lat' dir='ltr'><strong>si</strong></span> <span class='ocrx_word' id='word_1_522' title='bbox 1752 3797 2113 3851; x_wconf 82' lang='lat' dir='ltr'><strong>medicamen-</strong></span> 
     </span>
    </p>
   </div>
   <div class='ocr_carea' id='block_1_70' title="bbox 540 3883 2114 3960">
    <p class='ocr_par' dir='ltr' id='par_1_70' title="bbox 540 3883 2114 3960">
     <span class='ocr_line' id='line_1_70' title="bbox 540 3883 2114 3960; baseline -0.006 -15"><span class='ocrx_word' id='word_1_523' title='bbox 540 3901 649 3945; x_wconf 90' lang='lat' dir='ltr'><strong>tum</strong></span> <span class='ocrx_word' id='word_1_524' title='bbox 682 3887 1006 3960; x_wconf 68' lang='lat' dir='ltr'><strong>paanitentia:</strong></span> <span class='ocrx_word' id='word_1_525' title='bbox 1037 3902 1139 3940; x_wconf 92' lang='lat' dir='ltr'><strong>non</strong></span> <span class='ocrx_word' id='word_1_526' title='bbox 1165 3885 1271 3940; x_wconf 89' lang='lat' dir='ltr'><strong>cito</strong></span> <span class='ocrx_word' id='word_1_527' title='bbox 1296 3884 1634 3948; x_wconf 83' lang='lat' dir='ltr'><strong>subvenerit,</strong></span> <span class='ocrx_word' id='word_1_528' title='bbox 1661 3899 1690 3936; x_wconf 91' lang='lat' dir='ltr'><strong>a</strong></span> <span class='ocrx_word' id='word_1_529' title='bbox 1719 3883 1834 3938; x_wconf 90' lang='lat' dir='ltr'><strong>luce</strong></span> <span class='ocrx_word' id='word_1_530' title='bbox 1866 3884 2114 3953; x_wconf 89' lang='lat' dir='ltr'><strong>relinqui-</strong></span> 
     </span>
    </p>
   </div>
   <div class='ocr_carea' id='block_1_71' title="bbox 539 3974 2112 4048">
    <p class='ocr_par' dir='ltr' id='par_1_71' title="bbox 539 3974 2112 4048">
     <span class='ocr_line' id='line_1_71' title="bbox 539 3974 2112 4048; baseline -0.004 -13"><span class='ocrx_word' id='word_1_531' title='bbox 539 3993 645 4048; x_wconf 88' lang='lat' dir='ltr'><strong>tur,</strong></span> <span class='ocrx_word' id='word_1_532' title='bbox 694 3997 724 4035; x_wconf 91' lang='lat' dir='ltr'><strong>a</strong></span> <span class='ocrx_word' id='word_1_533' title='bbox 768 3979 1002 4036; x_wconf 87' lang='lat' dir='ltr'><strong>tenebris</strong></span> <span class='ocrx_word' id='word_1_534' title='bbox 1033 3985 1362 4046; x_wconf 89' lang='lat' dir='ltr'><strong>occupatur:</strong></span> <span class='ocrx_word' id='word_1_535' title='bbox 1391 3984 1649 4030; x_wconf 91' lang='lat' dir='ltr'><strong>vacuatur</strong></span> <span class='ocrx_word' id='word_1_536' title='bbox 1677 3974 1974 4040; x_wconf 82' lang='lat' dir='ltr'><strong>dulcedine,</strong></span> <span class='ocrx_word' id='word_1_537' title='bbox 2011 3976 2112 4029; x_wconf 89' lang='lat' dir='ltr'><strong>im-</strong></span> 
     </span>
    </p>
   </div>
   <div class='ocr_carea' id='block_1_72' title="bbox 540 4065 2116 4144">
    <p class='ocr_par' dir='ltr' id='par_1_72' title="bbox 540 4065 2116 4144">
     <span class='ocr_line' id='line_1_72' title="bbox 540 4065 2116 4144; baseline -0.006 -17"><span class='ocrx_word' id='word_1_538' title='bbox 540 4074 711 4144; x_wconf 88' lang='lat' dir='ltr'><strong>pletur</strong></span> <span class='ocrx_word' id='word_1_539' title='bbox 738 4068 1115 4132; x_wconf 89' lang='lat' dir='ltr'><strong>amaritudine,</strong></span> <span class='ocrx_word' id='word_1_540' title='bbox 1160 4083 1189 4121; x_wconf 88' lang='lat' dir='ltr'><strong>a</strong></span> <span class='ocrx_word' id='word_1_541' title='bbox 1235 4074 1406 4121; x_wconf 89' lang='lat' dir='ltr'><strong>morte</strong></span> <span class='ocrx_word' id='word_1_542' title='bbox 1440 4065 1730 4130; x_wconf 86' lang='lat' dir='ltr'><strong>invaditur,</strong></span> <span class='ocrx_word' id='word_1_543' title='bbox 1762 4081 1790 4118; x_wconf 89' lang='lat' dir='ltr'><strong>a</strong></span> <span class='ocrx_word' id='word_1_544' title='bbox 1829 4065 1938 4120; x_wconf 90' lang='lat' dir='ltr'><strong>vita</strong></span> <span class='ocrx_word' id='word_1_545' title='bbox 1963 4079 2116 4136; x_wconf 86' lang='lat' dir='ltr'><strong>sepa-</strong></span> 
     </span>
    </p>
   </div>
   <div class='ocr_carea' id='block_1_73' title="bbox 540 4153 2115 4225">
    <p class='ocr_par' dir='ltr' id='par_1_73' title="bbox 540 4153 2115 4225">
     <span class='ocr_line' id='line_1_73' title="bbox 540 4153 2115 4225; baseline -0.006 -6"><span class='ocrx_word' id='word_1_546' title='bbox 540 4173 707 4219; x_wconf 86' lang='lat' dir='ltr'><strong>ratur.</strong></span> <span class='ocrx_word' id='word_1_547' title='bbox 762 4159 876 4214; x_wconf 79' lang='lat' dir='ltr'><strong>Non</strong></span> <span class='ocrx_word' id='word_1_548' title='bbox 928 4167 1103 4212; x_wconf 87' lang='lat' dir='ltr'><strong>tamen</strong></span> <span class='ocrx_word' id='word_1_549' title='bbox 1150 4157 1215 4210; x_wconf 92' lang='lat' dir='ltr'><strong>de</strong></span> <span class='ocrx_word' id='word_1_550' title='bbox 1257 4157 1455 4225; x_wconf 89' lang='lat' dir='ltr'><strong>pietate</strong></span> <span class='ocrx_word' id='word_1_551' title='bbox 1499 4155 1707 4208; x_wconf 86' lang='lat' dir='ltr'><strong>Domini</strong></span> <span class='ocrx_word' id='word_1_552' title='bbox 1747 4153 1980 4220; x_wconf 79' lang='lat' dir='ltr'><strong>dimdat,</strong></span> <span class='ocrx_word' id='word_1_553' title='bbox 2025 4157 2115 4225; x_wconf 88' lang='lat' dir='ltr'><strong>qui</strong></span> 
     </span>
    </p>
   </div>
   <div class='ocr_carea' id='block_1_74' title="bbox 541 4244 2118 4315">
    <p class='ocr_par' dir='ltr' id='par_1_74' title="bbox 541 4244 2118 4315">
     <span class='ocr_line' id='line_1_74' title="bbox 541 4244 2118 4315; baseline -0.005 -7"><span class='ocrx_word' id='word_1_554' title='bbox 541 4253 662 4308; x_wconf 90' lang='lat' dir='ltr'><strong>talis</strong></span> <span class='ocrx_word' id='word_1_555' title='bbox 689 4259 792 4315; x_wconf 88' lang='lat' dir='ltr'><strong>est,</strong></span> <span class='ocrx_word' id='word_1_556' title='bbox 830 4263 927 4302; x_wconf 92' lang='lat' dir='ltr'><strong>nec</strong></span> <span class='ocrx_word' id='word_1_557' title='bbox 964 4244 1236 4301; x_wconf 90' lang='lat' dir='ltr'><strong>mortifera</strong></span> <span class='ocrx_word' id='word_1_558' title='bbox 1277 4244 1646 4314; x_wconf 89' lang='lat' dir='ltr'><strong>desperatione</strong></span> <span class='ocrx_word' id='word_1_559' title='bbox 1687 4244 1991 4314; x_wconf 82' lang='lat' dir='ltr'><strong>frangatur;</strong></span> <span class='ocrx_word' id='word_1_560' title='bbox 2025 4246 2118 4300; x_wconf 90' lang='lat' dir='ltr'><strong>sed</strong></span> 
     </span>
    </p>
   </div>
   <div class='ocr_carea' id='block_1_75' title="bbox 543 4335 2119 4412">
    <p class='ocr_par' dir='ltr' id='par_1_75' title="bbox 543 4335 2119 4412">
     <span class='ocr_line' id='line_1_75' title="bbox 543 4335 2119 4412; baseline -0.006 -15"><span class='ocrx_word' id='word_1_561' title='bbox 543 4342 714 4412; x_wconf 78' lang='lat' dir='ltr'><strong>magis</strong></span> <span class='ocrx_word' id='word_1_562' title='bbox 756 4339 822 4394; x_wconf 86' lang='lat' dir='ltr'><strong>ad</strong></span> <span class='ocrx_word' id='word_1_563' title='bbox 871 4336 1238 4408; x_wconf 67' lang='lat' dir='ltr'><strong>paenitentiam</strong></span> <span class='ocrx_word' id='word_1_564' title='bbox 1269 4335 1375 4389; x_wconf 90' lang='lat' dir='ltr'><strong>cito</strong></span> <span class='ocrx_word' id='word_1_565' title='bbox 1408 4343 1671 4399; x_wconf 83' lang='lat' dir='ltr'><strong>recurrat,</strong></span> <span class='ocrx_word' id='word_1_566' title='bbox 1705 4343 1759 4389; x_wconf 92' lang='lat' dir='ltr'><strong>et</strong></span> <span class='ocrx_word' id='word_1_567' title='bbox 1783 4335 1908 4389; x_wconf 89' lang='lat' dir='ltr'><strong>dttm</strong></span> <span class='ocrx_word' id='word_1_568' title='bbox 1943 4335 2119 4389; x_wconf 90' lang='lat' dir='ltr'><strong>adhuc</strong></span> 
     </span>
    </p>
   </div>
   <div class='ocr_carea' id='block_1_76' title="bbox 541 4425 2119 4493">
    <p class='ocr_par' dir='ltr' id='par_1_76' title="bbox 541 4425 2119 4493">
     <span class='ocr_line' id='line_1_76' title="bbox 541 4425 2119 4493; baseline -0.003 -9"><span class='ocrx_word' id='word_1_569' title='bbox 541 4447 676 4488; x_wconf 88' lang='lat' dir='ltr'><strong>nova</strong></span> <span class='ocrx_word' id='word_1_570' title='bbox 707 4437 831 4486; x_wconf 92' lang='lat' dir='ltr'><strong>sunt</strong></span> <span class='ocrx_word' id='word_1_571' title='bbox 853 4438 906 4482; x_wconf 85' lang='lat' dir='ltr'><strong>et</strong></span> <span class='ocrx_word' id='word_1_572' title='bbox 929 4426 1106 4482; x_wconf 89' lang='lat' dir='ltr'><strong>calent</strong></span> <span class='ocrx_word' id='word_1_573' title='bbox 1139 4425 1356 4479; x_wconf 87' lang='lat' dir='ltr'><strong>vulnera</strong></span> <span class='ocrx_word' id='word_1_574' title='bbox 1391 4435 1730 4493; x_wconf 87' lang='lat' dir='ltr'><strong>peccatorum</strong></span> <span class='ocrx_word' id='word_1_575' title='bbox 1769 4440 2008 4489; x_wconf 88' lang='lat' dir='ltr'><strong>suorum,</strong></span> <span class='ocrx_word' id='word_1_576' title='bbox 2041 4425 2119 4479; x_wconf 89' lang='lat' dir='ltr'><strong>sic</strong></span> 
     </span>
    </p>
   </div>
   <div class='ocr_carea' id='block_1_77' title="bbox 541 4497 2194 4586">
    <p class='ocr_par' dir='ltr' id='par_1_77' title="bbox 541 4497 2194 4586">
     <span class='ocr_line' id='line_1_77' title="bbox 541 4497 2194 4586; baseline -0.006 -10"><span class='ocrx_word' id='word_1_577' title='bbox 541 4523 643 4579; x_wconf 91' lang='lat' dir='ltr'><strong>sibi</strong></span> <span class='ocrx_word' id='word_1_578' title='bbox 694 4519 947 4575; x_wconf 90' lang='lat' dir='ltr'><strong>adhibeat</strong></span> <span class='ocrx_word' id='word_1_579' title='bbox 990 4517 1349 4586; x_wconf 87' lang='lat' dir='ltr'><strong>lacrymarum</strong></span> <span class='ocrx_word' id='word_1_580' title='bbox 1405 4517 1792 4570; x_wconf 84' lang='lat' dir='ltr'><strong>medicamenta</strong></span> <span class='ocrx_word' id='word_1_581' title='bbox 1852 4515 2114 4578; x_wconf 88' lang='lat' dir='ltr'><strong>salubria,</strong></span> <span class='ocrx_word' id='word_1_582' title='bbox 2145 4497 2194 4558; x_wconf 85' lang='grc' dir='ltr'><strong>Ῑ)</strong></span> 
     </span>
    </p>
   </div>
   <div class='ocr_carea' id='block_1_78' title="bbox 541 4604 2120 4686">
    <p class='ocr_par' dir='ltr' id='par_1_78' title="bbox 541 4604 2120 4686">
     <span class='ocr_line' id='line_1_78' title="bbox 541 4604 2120 4686; baseline -0.007 -17"><span class='ocrx_word' id='word_1_583' title='bbox 541 4614 668 4686; x_wconf 90' lang='lat' dir='ltr'><strong>quia</strong></span> <span class='ocrx_word' id='word_1_584' title='bbox 685 4613 936 4667; x_wconf 87' lang='lat' dir='ltr'><strong>medicus</strong></span> <span class='ocrx_word' id='word_1_585' title='bbox 963 4615 1146 4663; x_wconf 90' lang='lat' dir='ltr'><strong>noster</strong></span> <span class='ocrx_word' id='word_1_586' title='bbox 1173 4607 1512 4675; x_wconf 89' lang='lat' dir='ltr'><strong>omnipotens</strong></span> <span class='ocrx_word' id='word_1_587' title='bbox 1536 4615 1636 4666; x_wconf 80' lang='lat' dir='ltr'><strong>est,</strong></span> <span class='ocrx_word' id='word_1_588' title='bbox 1665 4614 1716 4661; x_wconf 92' lang='lat' dir='ltr'><strong>et</strong></span> <span class='ocrx_word' id='word_1_589' title='bbox 1743 4604 2120 4660; x_wconf 83' lang='lat' dir='ltr'><strong>sic‘consuevit</strong></span> 
     </span>
    </p>
   </div>
   <div class='ocr_carea' id='block_1_79' title="bbox 545 4693 2120 4777">
    <p class='ocr_par' dir='ltr' id='par_1_79' title="bbox 545 4693 2120 4777">
     <span class='ocr_line' id='line_1_79' title="bbox 545 4693 2120 4777; baseline -0.009 -17"><span class='ocrx_word' id='word_1_590' title='bbox 545 4705 726 4777; x_wconf 79' lang='lat' dir='ltr'><strong>plagas</strong></span> <span class='ocrx_word' id='word_1_591' title='bbox 749 4711 963 4757; x_wconf 89' lang='lat' dir='ltr'><strong>nostras</strong></span> <span class='ocrx_word' id='word_1_592' title='bbox 993 4713 1203 4762; x_wconf 83' lang='lat' dir='ltr'><strong>curare,</strong></span> <span class='ocrx_word' id='word_1_593' title='bbox 1236 4705 1295 4750; x_wconf 90' lang='lat' dir='ltr'><strong>ut</strong></span> <span class='ocrx_word' id='word_1_594' title='bbox 1319 4711 1416 4750; x_wconf 91' lang='lat' dir='ltr'><strong>nec</strong></span> <span class='ocrx_word' id='word_1_595' title='bbox 1440 4695 1755 4751; x_wconf 87' lang='lat' dir='ltr'><strong>cicatricum</strong></span> <span class='ocrx_word' id='word_1_596' title='bbox 1778 4694 1939 4749; x_wconf 83' lang='lat' dir='ltr'><strong>faciat</strong></span> <span class='ocrx_word' id='word_1_597' title='bbox 1961 4693 2120 4748; x_wconf 88' lang='lat' dir='ltr'><strong>vesti-</strong></span> 
     </span>
    </p>
   </div>
   <div class='ocr_carea' id='block_1_80' title="bbox 544 4784 2122 4867">
    <p class='ocr_par' dir='ltr' id='par_1_80' title="bbox 544 4784 2122 4867">
     <span class='ocr_line' id='line_1_80' title="bbox 544 4784 2122 4867; baseline -0.009 -16"><span class='ocrx_word' id='word_1_598' title='bbox 544 4798 629 4867; x_wconf 81' lang='lat' dir='ltr'><strong>gia</strong></span> <span class='ocrx_word' id='word_1_599' title='bbox 660 4805 957 4848; x_wconf 86' lang='lat' dir='ltr'><strong>remanere.</strong></span> <span class='ocrx_word' id='word_1_600' title='bbox 1019 4787 1246 4841; x_wconf 86' lang='lat' dir='ltr'><strong>Tantum</strong></span> <span class='ocrx_word' id='word_1_601' title='bbox 1277 4785 1434 4841; x_wconf 83' lang='lat' dir='ltr'><strong>fidem</strong></span> <span class='ocrx_word' id='word_1_602' title='bbox 1473 4786 1525 4839; x_wconf 90' lang='lat' dir='ltr'><strong>in</strong></span> <span class='ocrx_word' id='word_1_603' title='bbox 1556 4784 1700 4838; x_wconf 85' lang='lat' dir='ltr'><strong>illum</strong></span> <span class='ocrx_word' id='word_1_604' title='bbox 1732 4785 2039 4849; x_wconf 86' lang='lat' dir='ltr'><strong>habeamus,</strong></span> <span class='ocrx_word' id='word_1_605' title='bbox 2067 4794 2122 4838; x_wconf 88' lang='lat' dir='ltr'><strong>et</strong></span> 
     </span>
    </p>
   </div>
   <div class='ocr_carea' id='block_1_81' title="bbox 548 4878 2122 4952">
    <p class='ocr_par' dir='ltr' id='par_1_81' title="bbox 548 4878 2122 4952">
     <span class='ocr_line' id='line_1_81' title="bbox 548 4878 2122 4952; baseline -0.006 -11"><span class='ocrx_word' id='word_1_606' title='bbox 548 4886 701 4942; x_wconf 89' lang='lat' dir='ltr'><strong>bonis</strong></span> <span class='ocrx_word' id='word_1_607' title='bbox 728 4882 1004 4952; x_wconf 88' lang='lat' dir='ltr'><strong>operibus,</strong></span> <span class='ocrx_word' id='word_1_608' title='bbox 1035 4887 1295 4948; x_wconf 89' lang='lat' dir='ltr'><strong>quantum</strong></span> <span class='ocrx_word' id='word_1_609' title='bbox 1346 4878 1602 4942; x_wconf 83' lang='lat' dir='ltr'><strong>valemus,</strong></span> <span class='ocrx_word' id='word_1_610' title='bbox 1653 4893 1861 4946; x_wconf 87' lang='lat' dir='ltr'><strong>semper</strong></span> <span class='ocrx_word' id='word_1_611' title='bbox 1909 4878 2122 4932; x_wconf 87' lang='lat' dir='ltr'><strong>insista-</strong></span> 
     </span>
    </p>
   </div>
   <div class='ocr_carea' id='block_1_82' title="bbox 547 4965 2116 5039">
    <p class='ocr_par' dir='ltr' id='par_1_82' title="bbox 547 4965 2116 5039">
     <span class='ocr_line' id='line_1_82' title="bbox 547 4965 2116 5039; baseline -0.006 -9"><span class='ocrx_word' id='word_1_612' title='bbox 547 4990 686 5039; x_wconf 84' lang='lat' dir='ltr'><strong>tnus,</strong></span> <span class='ocrx_word' id='word_1_613' title='bbox 730 4982 784 5027; x_wconf 89' lang='lat' dir='ltr'><strong>et</strong></span> <span class='ocrx_word' id='word_1_614' title='bbox 820 4984 1090 5039; x_wconf 83' lang='lat' dir='ltr'><strong>nunquam</strong></span> <span class='ocrx_word' id='word_1_615' title='bbox 1117 4969 1181 5023; x_wconf 88' lang='lat' dir='ltr'><strong>de</strong></span> <span class='ocrx_word' id='word_1_616' title='bbox 1208 4965 1322 5035; x_wconf 85' lang='lat' dir='ltr'><strong>ejus</strong></span> <span class='ocrx_word' id='word_1_617' title='bbox 1351 4967 1716 5021; x_wconf 86' lang='lat' dir='ltr'><strong>misericordia</strong></span> <span class='ocrx_word' id='word_1_618' title='bbox 1752 4968 2116 5035; x_wconf 81' lang='lat' dir='ltr'><strong>desperemus.</strong></span> 
     </span>
    </p>
   </div>
   <div class='ocr_carea' id='block_1_83' title="bbox 550 5061 2122 5134">
    <p class='ocr_par' dir='ltr' id='par_1_83' title="bbox 550 5061 2122 5134">
     <span class='ocr_line' id='line_1_83' title="bbox 550 5061 2122 5134; baseline -0.005 -12"><span class='ocrx_word' id='word_1_619' title='bbox 550 5067 676 5122; x_wconf 82' lang='lat' dir='ltr'><strong>llaec</strong></span> <span class='ocrx_word' id='word_1_620' title='bbox 700 5079 847 5134; x_wconf 77' lang='lat' dir='ltr'><strong>ergo,</strong></span> <span class='ocrx_word' id='word_1_621' title='bbox 877 5063 1071 5119; x_wconf 79' lang='lat' dir='ltr'><strong>fratres</strong></span> <span class='ocrx_word' id='word_1_622' title='bbox 1097 5061 1420 5126; x_wconf 89' lang='lat' dir='ltr'><strong>charissimi,</strong></span> <span class='ocrx_word' id='word_1_623' title='bbox 1452 5061 1666 5115; x_wconf 86' lang='lat' dir='ltr'><strong>assidue</strong></span> <span class='ocrx_word' id='word_1_624' title='bbox 1693 5061 2008 5128; x_wconf 80' lang='lat' dir='ltr'><strong>cogitantes,</strong></span> <span class='ocrx_word' id='word_1_625' title='bbox 2031 5061 2122 5128; x_wconf 89' lang='lat' dir='ltr'><strong>qui</strong></span> 
     </span>
    </p>
   </div>
   <div class='ocr_carea' id='block_1_84' title="bbox 550 5154 2125 5224">
    <p class='ocr_par' dir='ltr' id='par_1_84' title="bbox 550 5154 2125 5224">
     <span class='ocr_line' id='line_1_84' title="bbox 550 5154 2125 5224; baseline -0.004 -12"><span class='ocrx_word' id='word_1_626' title='bbox 550 5159 675 5214; x_wconf 89' lang='lat' dir='ltr'><strong>boni</strong></span> <span class='ocrx_word' id='word_1_627' title='bbox 709 5165 855 5220; x_wconf 90' lang='lat' dir='ltr'><strong>sunt,</strong></span> <span class='ocrx_word' id='word_1_628' title='bbox 888 5170 1006 5209; x_wconf 89' lang='lat' dir='ltr'><strong>cum</strong></span> <span class='ocrx_word' id='word_1_629' title='bbox 1052 5155 1144 5209; x_wconf 87' lang='lat' dir='ltr'><strong>Dei</strong></span> <span class='ocrx_word' id='word_1_630' title='bbox 1195 5154 1368 5224; x_wconf 80' lang='lat' dir='ltr'><strong>gratia</strong></span> <span class='ocrx_word' id='word_1_631' title='bbox 1418 5154 1740 5208; x_wconf 89' lang='lat' dir='ltr'><strong>contendant</strong></span> <span class='ocrx_word' id='word_1_632' title='bbox 1782 5167 2125 5222; x_wconf 89' lang='lat' dir='ltr'><strong>perseverare</strong></span> 
     </span>
    </p>
   </div>
   <div class='ocr_carea' id='block_1_85' title="bbox 550 5244 2125 5316">
    <p class='ocr_par' dir='ltr' id='par_1_85' title="bbox 550 5244 2125 5316">
     <span class='ocr_line' id='line_1_85' title="bbox 550 5244 2125 5316; baseline -0.004 -14"><span class='ocrx_word' id='word_1_633' title='bbox 550 5249 606 5302; x_wconf 88' lang='lat' dir='ltr'><strong>in</strong></span> <span class='ocrx_word' id='word_1_634' title='bbox 653 5245 904 5316; x_wconf 87' lang='lat' dir='ltr'><strong>operibus</strong></span> <span class='ocrx_word' id='word_1_635' title='bbox 942 5245 1119 5300; x_wconf 90' lang='lat' dir='ltr'><strong>bonis.</strong></span> <span class='ocrx_word' id='word_1_636' title='bbox 1167 5245 1321 5310; x_wconf 60' lang='lat' dir='ltr'><strong>Quia,</strong></span> <span class='ocrx_word' id='word_1_637' title='bbox 1365 5260 1468 5297; x_wconf 87' lang='lat' dir='ltr'><strong>non</strong></span> <span class='ocrx_word' id='word_1_638' title='bbox 1511 5245 1599 5311; x_wconf 88' lang='lat' dir='ltr'><strong>qui</strong></span> <span class='ocrx_word' id='word_1_639' title='bbox 1636 5245 1882 5313; x_wconf 72' lang='lat' dir='ltr'><strong>cmperit,</strong></span> <span class='ocrx_word' id='word_1_640' title='bbox 1914 5244 2007 5298; x_wconf 82' lang='lat' dir='ltr'><strong>sed</strong></span> <span class='ocrx_word' id='word_1_641' title='bbox 2039 5245 2125 5312; x_wconf 80' lang='lat' dir='ltr'><strong>qui</strong></span> 
     </span>
    </p>
   </div>
   <div class='ocr_carea' id='block_1_86' title="bbox 552 5334 2120 5408">
    <p class='ocr_par' dir='ltr' id='par_1_86' title="bbox 552 5334 2120 5408">
     <span class='ocr_line' id='line_1_86' title="bbox 552 5334 2120 5408; baseline -0.003 -16"><span class='ocrx_word' id='word_1_642' title='bbox 552 5338 943 5408; x_wconf 78' lang='lat' dir='ltr'><strong>perseveraverit</strong></span> <span class='ocrx_word' id='word_1_643' title='bbox 979 5354 1138 5407; x_wconf 81' lang='lat' dir='ltr'><strong>usque</strong></span> <span class='ocrx_word' id='word_1_644' title='bbox 1169 5338 1224 5390; x_wconf 85' lang='lat' dir='ltr'><strong>in</strong></span> <span class='ocrx_word' id='word_1_645' title='bbox 1257 5337 1435 5404; x_wconf 82' lang='lat' dir='ltr'><strong>ﬁnem,</strong></span> <span class='ocrx_word' id='word_1_646' title='bbox 1470 5337 1553 5389; x_wconf 87' lang='lat' dir='ltr'><strong>hic</strong></span> <span class='ocrx_word' id='word_1_647' title='bbox 1581 5336 1755 5390; x_wconf 82' lang='lat' dir='ltr'><strong>salvus</strong></span> <span class='ocrx_word' id='word_1_648' title='bbox 1782 5337 1878 5388; x_wconf 89' lang='lat' dir='ltr'><strong>erit</strong></span> <span class='ocrx_word' id='word_1_649' title='bbox 1907 5334 2120 5405; x_wconf 78' lang='lat' dir='ltr'><strong>(Matth.</strong></span> 
     </span>
    </p>
   </div>
   <div class='ocr_carea' id='block_1_87' title="bbox 556 5427 2124 5503">
    <p class='ocr_par' dir='ltr' id='par_1_87' title="bbox 556 5427 2124 5503">
     <span class='ocr_line' id='line_1_87' title="bbox 556 5427 2124 5503; baseline -0.004 -17"><span class='ocrx_word' id='word_1_650' title='bbox 556 5433 632 5503; x_wconf 66' lang='grc' dir='ltr'>ι).</span> <span class='ocrx_word' id='word_1_651' title='bbox 671 5432 770 5499; x_wconf 85' lang='lat' dir='ltr'><strong>Qui</strong></span> <span class='ocrx_word' id='word_1_652' title='bbox 809 5446 936 5485; x_wconf 87' lang='lat' dir='ltr'><strong>vero</strong></span> <span class='ocrx_word' id='word_1_653' title='bbox 975 5430 1039 5485; x_wconf 88' lang='lat' dir='ltr'><strong>ad</strong></span> <span class='ocrx_word' id='word_1_654' title='bbox 1069 5430 1456 5500; x_wconf 88' lang='lat' dir='ltr'><strong>eleemosynam</strong></span> <span class='ocrx_word' id='word_1_655' title='bbox 1500 5429 1699 5494; x_wconf 90' lang='lat' dir='ltr'><strong>tardos,</strong></span> <span class='ocrx_word' id='word_1_656' title='bbox 1729 5437 1784 5481; x_wconf 90' lang='lat' dir='ltr'><strong>et</strong></span> <span class='ocrx_word' id='word_1_657' title='bbox 1815 5427 1883 5482; x_wconf 90' lang='lat' dir='ltr'><strong>ad</strong></span> <span class='ocrx_word' id='word_1_658' title='bbox 1911 5428 2124 5482; x_wconf 87' lang='lat' dir='ltr'><strong>iracun-</strong></span> 
     </span>
    </p>
   </div>
   <div class='ocr_carea' id='block_1_88' title="bbox 556 5517 2128 5594">
    <p class='ocr_par' dir='ltr' id='par_1_88' title="bbox 556 5517 2128 5594">
     <span class='ocr_line' id='line_1_88' title="bbox 556 5517 2128 5594; baseline -0.004 -16"><span class='ocrx_word' id='word_1_659' title='bbox 556 5526 698 5580; x_wconf 90' lang='lat' dir='ltr'><strong>diam</strong></span> <span class='ocrx_word' id='word_1_660' title='bbox 724 5532 1016 5594; x_wconf 90' lang='lat' dir='ltr'><strong>promptos,</strong></span> <span class='ocrx_word' id='word_1_661' title='bbox 1047 5532 1102 5577; x_wconf 92' lang='lat' dir='ltr'><strong>et</strong></span> <span class='ocrx_word' id='word_1_662' title='bbox 1130 5522 1195 5576; x_wconf 91' lang='lat' dir='ltr'><strong>ad</strong></span> <span class='ocrx_word' id='word_1_663' title='bbox 1217 5521 1570 5577; x_wconf 75' lang='lat' dir='ltr'><strong>exercendam</strong></span> <span class='ocrx_word' id='word_1_664' title='bbox 1594 5519 1858 5576; x_wconf 77' lang='lat' dir='ltr'><strong>luxuriam</strong></span> <span class='ocrx_word' id='word_1_665' title='bbox 1886 5517 2128 5589; x_wconf 86' lang='lat' dir='ltr'><strong>praecipi-</strong></span> 
     </span>
    </p>
   </div>
   <div class='ocr_carea' id='block_1_89' title="bbox 557 5609 2126 5684">
    <p class='ocr_par' dir='ltr' id='par_1_89' title="bbox 557 5609 2126 5684">
     <span class='ocr_line' id='line_1_89' title="bbox 557 5609 2126 5684; baseline -0.006 -14"><span class='ocrx_word' id='word_1_666' title='bbox 557 5626 640 5670; x_wconf 90' lang='lat' dir='ltr'><strong>tes</strong></span> <span class='ocrx_word' id='word_1_667' title='bbox 664 5629 722 5670; x_wconf 89' lang='lat' dir='ltr'><strong>se</strong></span> <span class='ocrx_word' id='word_1_668' title='bbox 751 5620 1096 5684; x_wconf 77' lang='lat' dir='ltr'><strong>cognoscunt,</strong></span> <span class='ocrx_word' id='word_1_669' title='bbox 1125 5611 1416 5667; x_wconf 82' lang='lat' dir='ltr'><strong>auxiliante</strong></span> <span class='ocrx_word' id='word_1_670' title='bbox 1441 5611 1688 5674; x_wconf 91' lang='lat' dir='ltr'><strong>Domino,</strong></span> <span class='ocrx_word' id='word_1_671' title='bbox 1724 5609 1976 5664; x_wconf 88' lang='lat' dir='ltr'><strong>festinent</strong></span> <span class='ocrx_word' id='word_1_672' title='bbox 2008 5622 2067 5662; x_wconf 90' lang='lat' dir='ltr'><strong>se</strong></span> <span class='ocrx_word' id='word_1_673' title='bbox 2097 5621 2126 5661; x_wconf 83' lang='lat' dir='ltr'><strong>a</strong></span> 
     </span>
    </p>
   </div>
   <div class='ocr_carea' id='block_1_90' title="bbox 559 5699 2125 5774">
    <p class='ocr_par' dir='ltr' id='par_1_90' title="bbox 559 5699 2125 5774">
     <span class='ocr_line' id='line_1_90' title="bbox 559 5699 2125 5774; baseline -0.003 -16"><span class='ocrx_word' id='word_1_674' title='bbox 559 5705 714 5759; x_wconf 82' lang='lat' dir='ltr'><strong>malis</strong></span> <span class='ocrx_word' id='word_1_675' title='bbox 743 5719 952 5766; x_wconf 81' lang='lat' dir='ltr'><strong>eruere,</strong></span> <span class='ocrx_word' id='word_1_676' title='bbox 986 5713 1044 5759; x_wconf 93' lang='lat' dir='ltr'><strong>ut</strong></span> <span class='ocrx_word' id='word_1_677' title='bbox 1073 5719 1192 5774; x_wconf 74' lang='lat' dir='ltr'><strong>qua:</strong></span> <span class='ocrx_word' id='word_1_678' title='bbox 1220 5704 1355 5758; x_wconf 88' lang='lat' dir='ltr'><strong>bona</strong></span> <span class='ocrx_word' id='word_1_679' title='bbox 1387 5712 1509 5758; x_wconf 92' lang='lat' dir='ltr'><strong>sunt</strong></span> <span class='ocrx_word' id='word_1_680' title='bbox 1540 5710 1846 5757; x_wconf 87' lang='lat' dir='ltr'><strong>mereantur</strong></span> <span class='ocrx_word' id='word_1_681' title='bbox 1883 5699 2125 5768; x_wconf 86' lang='lat' dir='ltr'><strong>implere,</strong></span> 
     </span>
    </p>
   </div>
   <div class='ocr_carea' id='block_1_91' title="bbox 2207 3245 3786 3316">
    <p class='ocr_par' dir='ltr' id='par_1_91' title="bbox 2207 3245 3786 3316">
     <span class='ocr_line' id='line_1_91' title="bbox 2207 3245 3786 3316; baseline -0.001 -13"><span class='ocrx_word' id='word_1_682' title='bbox 2207 3247 2516 3316; x_wconf 79' lang='lat' dir='ltr'><strong>benignum,</strong></span> <span class='ocrx_word' id='word_1_683' title='bbox 2565 3245 2992 3310; x_wconf 88' lang='lat' dir='ltr'><strong>misericordem,</strong></span> <span class='ocrx_word' id='word_1_684' title='bbox 3039 3255 3378 3301; x_wconf 86' lang='lat' dir='ltr'><strong>mansuetum</strong></span> <span class='ocrx_word' id='word_1_685' title='bbox 3428 3257 3482 3303; x_wconf 91' lang='lat' dir='ltr'><strong>et</strong></span> <span class='ocrx_word' id='word_1_686' title='bbox 3523 3248 3786 3312; x_wconf 80' lang='lat' dir='ltr'><strong>sobrium,</strong></span> 
     </span>
    </p>
   </div>
   <div class='ocr_carea' id='block_1_92' title="bbox 2209 3337 3791 3410">
    <p class='ocr_par' dir='ltr' id='par_1_92' title="bbox 2209 3337 3791 3410">
     <span class='ocr_line' id='line_1_92' title="bbox 2209 3337 3791 3410; baseline 0.002 -19"><span class='ocrx_word' id='word_1_687' title='bbox 2209 3337 2275 3391; x_wconf 89' lang='lat' dir='ltr'><strong>ad</strong></span> <span class='ocrx_word' id='word_1_688' title='bbox 2313 3350 2554 3391; x_wconf 86' lang='lat' dir='ltr'><strong>mensam</strong></span> <span class='ocrx_word' id='word_1_689' title='bbox 2599 3352 2751 3392; x_wconf 90' lang='lat' dir='ltr'><strong>suam</strong></span> <span class='ocrx_word' id='word_1_690' title='bbox 2799 3337 3077 3403; x_wconf 87' lang='lat' dir='ltr'><strong>accedere,</strong></span> <span class='ocrx_word' id='word_1_691' title='bbox 3131 3352 3324 3406; x_wconf 90' lang='lat' dir='ltr'><strong>corpus</strong></span> <span class='ocrx_word' id='word_1_692' title='bbox 3375 3346 3430 3392; x_wconf 86' lang='lat' dir='ltr'><strong>ct</strong></span> <span class='ocrx_word' id='word_1_693' title='bbox 3473 3340 3791 3410; x_wconf 79' lang='lat' dir='ltr'><strong>sanguinem</strong></span> 
     </span>
    </p>
   </div>
   <div class='ocr_carea' id='block_1_93' title="bbox 2209 3425 3793 3497">
    <p class='ocr_par' dir='ltr' id='par_1_93' title="bbox 2209 3425 3793 3497">
     <span class='ocr_line' id='line_1_93' title="bbox 2209 3425 3793 3497; baseline 0.001 -16"><span class='ocrx_word' id='word_1_694' title='bbox 2209 3442 2383 3490; x_wconf 88' lang='lat' dir='ltr'><strong>suum,</strong></span> <span class='ocrx_word' id='word_1_695' title='bbox 2415 3426 2488 3479; x_wconf 93' lang='lat' dir='ltr'><strong>illi</strong></span> <span class='ocrx_word' id='word_1_696' title='bbox 2517 3440 2623 3480; x_wconf 85' lang='lat' dir='ltr'><strong>non</strong></span> <span class='ocrx_word' id='word_1_697' title='bbox 2649 3425 2715 3480; x_wconf 91' lang='lat' dir='ltr'><strong>ad</strong></span> <span class='ocrx_word' id='word_1_698' title='bbox 2743 3425 3025 3496; x_wconf 87' lang='lat' dir='ltr'><strong>judicium,</strong></span> <span class='ocrx_word' id='word_1_699' title='bbox 3075 3425 3168 3481; x_wconf 89' lang='lat' dir='ltr'><strong>sed</strong></span> <span class='ocrx_word' id='word_1_700' title='bbox 3219 3427 3287 3481; x_wconf 88' lang='lat' dir='ltr'><strong>ad</strong></span> <span class='ocrx_word' id='word_1_701' title='bbox 3331 3427 3649 3493; x_wconf 89' lang='lat' dir='ltr'><strong>remedium,</strong></span> <span class='ocrx_word' id='word_1_702' title='bbox 3689 3443 3793 3497; x_wconf 88' lang='lat' dir='ltr'><strong>per</strong></span> 
     </span>
    </p>
   </div>
   <div class='ocr_carea' id='block_1_94' title="bbox 2209 3515 3790 3588">
    <p class='ocr_par' dir='ltr' id='par_1_94' title="bbox 2209 3515 3790 3588">
     <span class='ocr_line' id='line_1_94' title="bbox 2209 3515 3790 3588; baseline 0.002 -15"><span class='ocrx_word' id='word_1_703' title='bbox 2209 3519 2546 3574; x_wconf 88' lang='lat' dir='ltr'><strong>sacerdotum</strong></span> <span class='ocrx_word' id='word_1_704' title='bbox 2581 3531 2798 3572; x_wconf 90' lang='lat' dir='ltr'><strong>suorum</strong></span> <span class='ocrx_word' id='word_1_705' title='bbox 2839 3515 3136 3572; x_wconf 87' lang='lat' dir='ltr'><strong>ministeria</strong></span> <span class='ocrx_word' id='word_1_706' title='bbox 3169 3517 3540 3588; x_wconf 85' lang='lat' dir='ltr'><strong>dispensalit:</strong></span> <span class='ocrx_word' id='word_1_707' title='bbox 3574 3519 3620 3574; x_wconf 91' lang='lat' dir='ltr'><strong>si</strong></span> <span class='ocrx_word' id='word_1_708' title='bbox 3658 3534 3790 3576; x_wconf 86' lang='lat' dir='ltr'><strong>vero</strong></span> 
     </span>
    </p>
   </div>
   <div class='ocr_carea' id='block_1_95' title="bbox 2211 3607 3795 3680">
    <p class='ocr_par' dir='ltr' id='par_1_95' title="bbox 2211 3607 3795 3680">
     <span class='ocr_line' id='line_1_95' title="bbox 2211 3607 3795 3680; baseline 0.001 -16"><span class='ocrx_word' id='word_1_709' title='bbox 2211 3609 2443 3679; x_wconf 88' lang='lat' dir='ltr'><strong>aliquem</strong></span> <span class='ocrx_word' id='word_1_710' title='bbox 2473 3609 2667 3664; x_wconf 89' lang='lat' dir='ltr'><strong>viderit</strong></span> <span class='ocrx_word' id='word_1_711' title='bbox 2703 3607 3024 3673; x_wconf 89' lang='lat' dir='ltr'><strong>adulterum,</strong></span> <span class='ocrx_word' id='word_1_712' title='bbox 3066 3609 3362 3676; x_wconf 88' lang='lat' dir='ltr'><strong>ebriosum,</strong></span> <span class='ocrx_word' id='word_1_713' title='bbox 3394 3611 3669 3680; x_wconf 87' lang='lat' dir='ltr'><strong>cupidum,</strong></span> <span class='ocrx_word' id='word_1_714' title='bbox 3699 3626 3795 3666; x_wconf 79' lang='lat' dir='ltr'><strong>su-</strong></span> 
     </span>
    </p>
   </div>
   <div class='ocr_carea' id='block_1_96' title="bbox 2211 3699 3790 3772">
    <p class='ocr_par' dir='ltr' id='par_1_96' title="bbox 2211 3699 3790 3772">
     <span class='ocr_line' id='line_1_96' title="bbox 2211 3699 3790 3772; baseline 0.001 -16"><span class='ocrx_word' id='word_1_715' title='bbox 2211 3702 2455 3772; x_wconf 89' lang='lat' dir='ltr'><strong>perbum,</strong></span> <span class='ocrx_word' id='word_1_716' title='bbox 2510 3700 2769 3767; x_wconf 87' lang='lat' dir='ltr'><strong>invidum,</strong></span> <span class='ocrx_word' id='word_1_717' title='bbox 2817 3699 3081 3764; x_wconf 91' lang='lat' dir='ltr'><strong>dolosum,</strong></span> <span class='ocrx_word' id='word_1_718' title='bbox 3131 3715 3373 3766; x_wconf 90' lang='lat' dir='ltr'><strong>avarum,</strong></span> <span class='ocrx_word' id='word_1_719' title='bbox 3428 3703 3790 3758; x_wconf 89' lang='lat' dir='ltr'><strong>detractorem</strong></span> 
     </span>
    </p>
   </div>
   <div class='ocr_carea' id='block_1_97' title="bbox 2215 3792 3792 3863">
    <p class='ocr_par' dir='ltr' id='par_1_97' title="bbox 2215 3792 3792 3863">
     <span class='ocr_line' id='line_1_97' title="bbox 2215 3792 3792 3863; baseline 0.001 -16"><span class='ocrx_word' id='word_1_720' title='bbox 2215 3804 2374 3862; x_wconf 89' lang='lat' dir='ltr'><strong>atque</strong></span> <span class='ocrx_word' id='word_1_721' title='bbox 2421 3792 2767 3863; x_wconf 75' lang='lat' dir='ltr'><strong>injuriosum,</strong></span> <span class='ocrx_word' id='word_1_722' title='bbox 2827 3792 2989 3846; x_wconf 88' lang='lat' dir='ltr'><strong>timeo</strong></span> <span class='ocrx_word' id='word_1_723' title='bbox 3038 3807 3105 3846; x_wconf 90' lang='lat' dir='ltr'><strong>ne</strong></span> <span class='ocrx_word' id='word_1_724' title='bbox 3152 3792 3224 3846; x_wconf 93' lang='lat' dir='ltr'><strong>illi</strong></span> <span class='ocrx_word' id='word_1_725' title='bbox 3282 3793 3493 3846; x_wconf 81' lang='lat' dir='ltr'><strong>dicatur</strong></span> <span class='ocrx_word' id='word_1_726' title='bbox 3540 3794 3679 3862; x_wconf 79' lang='lat' dir='ltr'><strong>quod</strong></span> <span class='ocrx_word' id='word_1_727' title='bbox 3735 3793 3792 3848; x_wconf 88' lang='lat' dir='ltr'><strong>in</strong></span> 
     </span>
    </p>
   </div>
   <div class='ocr_carea' id='block_1_98' title="bbox 2214 3882 3795 3955">
    <p class='ocr_par' dir='ltr' id='par_1_98' title="bbox 2214 3882 3795 3955">
     <span class='ocr_line' id='line_1_98' title="bbox 2214 3882 3795 3955; baseline 0 -17"><span class='ocrx_word' id='word_1_728' title='bbox 2214 3884 2503 3955; x_wconf 77' lang='lat' dir='ltr'><strong>Evangelia</strong></span> <span class='ocrx_word' id='word_1_729' title='bbox 2531 3884 2642 3952; x_wconf 86' lang='lat' dir='ltr'><strong>ipse</strong></span> <span class='ocrx_word' id='word_1_730' title='bbox 2681 3882 2925 3952; x_wconf 70' lang='lat' dir='ltr'><strong>prmdixit</strong></span> <span class='ocrx_word' id='word_1_731' title='bbox 2951 3901 2962 3935; x_wconf 94' lang='lat'>:</span> <span class='ocrx_word' id='word_1_732' title='bbox 2993 3883 3189 3947; x_wconf 77' lang='lat' dir='ltr'><strong>Amice,</strong></span> <span class='ocrx_word' id='word_1_733' title='bbox 3217 3885 3472 3954; x_wconf 82' lang='lat' dir='ltr'><strong>quomodo</strong></span> <span class='ocrx_word' id='word_1_734' title='bbox 3502 3886 3601 3938; x_wconf 85' lang='lat' dir='ltr'><strong>huc</strong></span> <span class='ocrx_word' id='word_1_735' title='bbox 3627 3886 3795 3938; x_wconf 83' lang='lat' dir='ltr'><strong>intra-</strong></span> 
     </span>
    </p>
   </div>
   <div class='ocr_carea' id='block_1_99' title="bbox 2213 3972 3792 4044">
    <p class='ocr_par' dir='ltr' id='par_1_99' title="bbox 2213 3972 3792 4044">
     <span class='ocr_line' id='line_1_99' title="bbox 2213 3972 3792 4044; baseline 0.001 -17"><span class='ocrx_word' id='word_1_736' title='bbox 2213 3974 2300 4037; x_wconf 86' lang='lat' dir='ltr'><strong>sti,</strong></span> <span class='ocrx_word' id='word_1_737' title='bbox 2346 3989 2449 4026; x_wconf 87' lang='lat' dir='ltr'><strong>non</strong></span> <span class='ocrx_word' id='word_1_738' title='bbox 2497 3973 2688 4026; x_wconf 84' lang='lat' dir='ltr'><strong>habens</strong></span> <span class='ocrx_word' id='word_1_739' title='bbox 2722 3982 2905 4027; x_wconf 83' lang='lat' dir='ltr'><strong>vestem</strong></span> <span class='ocrx_word' id='word_1_740' title='bbox 2944 3972 3223 4042; x_wconf 75' lang='lat' dir='ltr'><strong>nuptialem</strong></span> <span class='ocrx_word' id='word_1_741' title='bbox 3259 3973 3468 4044; x_wconf 82' lang='lat' dir='ltr'><strong>(Matth.</strong></span> <span class='ocrx_word' id='word_1_742' title='bbox 3505 3975 3678 4044; x_wconf 75' lang='lat' dir='ltr'><strong>xxii);</strong></span> <span class='ocrx_word' id='word_1_743' title='bbox 3715 3985 3792 4039; x_wconf 91' lang='lat' dir='ltr'><strong>et,</strong></span> 
     </span>
    </p>
   </div>
   <div class='ocr_carea' id='block_1_100' title="bbox 2214 4054 3796 4134">
    <p class='ocr_par' dir='ltr' id='par_1_100' title="bbox 2214 4054 3796 4134">
     <span class='ocr_line' id='line_1_100' title="bbox 2214 4054 3796 4134; baseline 0.003 -18"><span class='ocrx_word' id='word_1_744' title='bbox 2214 4061 2357 4131; x_wconf 89' lang='lat' dir='ltr'><strong>quod</strong></span> <span class='ocrx_word' id='word_1_745' title='bbox 2378 4069 2586 4115; x_wconf 90' lang='lat' dir='ltr'><strong>avertat</strong></span> <span class='ocrx_word' id='word_1_746' title='bbox 2619 4061 2780 4126; x_wconf 91' lang='lat' dir='ltr'><strong>Deus,</strong></span> <span class='ocrx_word' id='word_1_747' title='bbox 2816 4054 2908 4114; x_wconf 76' lang='lat' dir='ltr'><strong>fiat</strong></span> <span class='ocrx_word' id='word_1_748' title='bbox 2953 4060 3079 4116; x_wconf 86' lang='lat' dir='ltr'><strong>illud</strong></span> <span class='ocrx_word' id='word_1_749' title='bbox 3127 4063 3266 4131; x_wconf 90' lang='lat' dir='ltr'><strong>quod</strong></span> <span class='ocrx_word' id='word_1_750' title='bbox 3305 4063 3549 4132; x_wconf 88' lang='lat' dir='ltr'><strong>sequitur</strong></span> <span class='ocrx_word' id='word_1_751' title='bbox 3574 4079 3587 4116; x_wconf 92' lang='lat'><strong>:</strong></span> <span class='ocrx_word' id='word_1_752' title='bbox 3612 4063 3796 4134; x_wconf 84' lang='lat' dir='ltr'><strong>Ligate</strong></span> 
     </span>
    </p>
   </div>
   <div class='ocr_carea' id='block_1_101' title="bbox 2216 4151 3793 4222">
    <p class='ocr_par' dir='ltr' id='par_1_101' title="bbox 2216 4151 3793 4222">
     <span class='ocr_line' id='line_1_101' title="bbox 2216 4151 3793 4222; baseline 0.003 -18"><span class='ocrx_word' id='word_1_753' title='bbox 2216 4151 2292 4206; x_wconf 85' lang='lat' dir='ltr'><strong>illi</strong></span> <span class='ocrx_word' id='word_1_754' title='bbox 2315 4167 2500 4205; x_wconf 88' lang='lat' dir='ltr'><strong>manus</strong></span> <span class='ocrx_word' id='word_1_755' title='bbox 2528 4160 2574 4206; x_wconf 88' lang='lat' dir='ltr'><strong>et</strong></span> <span class='ocrx_word' id='word_1_756' title='bbox 2604 4151 2757 4222; x_wconf 87' lang='lat' dir='ltr'><strong>pedes</strong></span> <span class='ocrx_word' id='word_1_757' title='bbox 2787 4162 2834 4205; x_wconf 88' lang='lat' dir='ltr'><strong>et</strong></span> <span class='ocrx_word' id='word_1_758' title='bbox 2863 4152 3101 4222; x_wconf 86' lang='lat' dir='ltr'><strong>projicite</strong></span> <span class='ocrx_word' id='word_1_759' title='bbox 3128 4153 3181 4206; x_wconf 90' lang='lat' dir='ltr'><strong>in</strong></span> <span class='ocrx_word' id='word_1_760' title='bbox 3211 4154 3445 4208; x_wconf 84' lang='lat' dir='ltr'><strong>tenebras</strong></span> <span class='ocrx_word' id='word_1_761' title='bbox 3467 4156 3743 4210; x_wconf 73' lang='lat' dir='ltr'><strong>exteriores</strong></span> <span class='ocrx_word' id='word_1_762' title='bbox 3774 4171 3793 4208; x_wconf 90' lang='lat'><strong><em>:</em></strong></span> 
     </span>
    </p>
   </div>
   <div class='ocr_carea' id='block_1_102' title="bbox 2217 4244 3794 4320">
    <p class='ocr_par' dir='ltr' id='par_1_102' title="bbox 2217 4244 3794 4320">
     <span class='ocr_line' id='line_1_102' title="bbox 2217 4244 3794 4320; baseline 0.005 -23"><span class='ocrx_word' id='word_1_763' title='bbox 2217 4245 2287 4298; x_wconf 90' lang='lat' dir='ltr'><strong>ibi</strong></span> <span class='ocrx_word' id='word_1_764' title='bbox 2308 4246 2405 4298; x_wconf 86' lang='lat' dir='ltr'><strong>erit</strong></span> <span class='ocrx_word' id='word_1_765' title='bbox 2429 4246 2580 4314; x_wconf 78' lang='lat' dir='ltr'><strong>ﬂetus</strong></span> <span class='ocrx_word' id='word_1_766' title='bbox 2603 4255 2650 4298; x_wconf 87' lang='lat' dir='ltr'><strong>et</strong></span> <span class='ocrx_word' id='word_1_767' title='bbox 2676 4244 2870 4298; x_wconf 88' lang='lat' dir='ltr'><strong>stridor</strong></span> <span class='ocrx_word' id='word_1_768' title='bbox 2898 4245 3128 4300; x_wconf 88' lang='lat' dir='ltr'><strong>dentium</strong></span> <span class='ocrx_word' id='word_1_769' title='bbox 3164 4246 3374 4316; x_wconf 89' lang='lat' dir='ltr'><strong>(Ibid.).</strong></span> <span class='ocrx_word' id='word_1_770' title='bbox 3413 4249 3550 4303; x_wconf 86' lang='lat' dir='ltr'><strong>Ecce</strong></span> <span class='ocrx_word' id='word_1_771' title='bbox 3578 4249 3794 4320; x_wconf 88' lang='lat' dir='ltr'><strong>qualem</strong></span> 
     </span>
    </p>
   </div>
   <div class='ocr_carea' id='block_1_103' title="bbox 2219 4335 3793 4409">
    <p class='ocr_par' dir='ltr' id='par_1_103' title="bbox 2219 4335 3793 4409">
     <span class='ocr_line' id='line_1_103' title="bbox 2219 4335 3793 4409; baseline 0.004 -17"><span class='ocrx_word' id='word_1_772' title='bbox 2219 4337 2538 4392; x_wconf 88' lang='lat' dir='ltr'><strong>sententiam</strong></span> <span class='ocrx_word' id='word_1_773' title='bbox 2596 4335 2650 4389; x_wconf 90' lang='lat' dir='ltr'><strong>in</strong></span> <span class='ocrx_word' id='word_1_774' title='bbox 2707 4335 2792 4390; x_wconf 89' lang='lat' dir='ltr'><strong>die</strong></span> <span class='ocrx_word' id='word_1_775' title='bbox 2832 4335 3020 4406; x_wconf 89' lang='lat' dir='ltr'><strong>judicii</strong></span> <span class='ocrx_word' id='word_1_776' title='bbox 3074 4339 3341 4407; x_wconf 86' lang='lat' dir='ltr'><strong>excipiet,</strong></span> <span class='ocrx_word' id='word_1_777' title='bbox 3391 4341 3482 4409; x_wconf 91' lang='lat' dir='ltr'><strong>qui</strong></span> <span class='ocrx_word' id='word_1_778' title='bbox 3530 4342 3646 4396; x_wconf 90' lang='lat' dir='ltr'><strong>sine</strong></span> <span class='ocrx_word' id='word_1_779' title='bbox 3702 4357 3793 4399; x_wconf 87' lang='lat' dir='ltr'><strong>re-</strong></span> 
     </span>
    </p>
   </div>
   <div class='ocr_carea' id='block_1_104' title="bbox 2220 4425 3795 4494">
    <p class='ocr_par' dir='ltr' id='par_1_104' title="bbox 2220 4425 3795 4494">
     <span class='ocr_line' id='line_1_104' title="bbox 2220 4425 3795 4494; baseline 0.004 -15"><span class='ocrx_word' id='word_1_780' title='bbox 2220 4425 2396 4480; x_wconf 88' lang='lat' dir='ltr'><strong>medio</strong></span> <span class='ocrx_word' id='word_1_781' title='bbox 2426 4425 2757 4494; x_wconf 56' lang='lat' dir='ltr'><strong>paenitentia</strong></span> <span class='ocrx_word' id='word_1_782' title='bbox 2803 4426 2869 4479; x_wconf 90' lang='lat' dir='ltr'><strong>ad</strong></span> <span class='ocrx_word' id='word_1_783' title='bbox 2916 4425 3261 4484; x_wconf 88' lang='lat' dir='ltr'><strong>festivitatem</strong></span> <span class='ocrx_word' id='word_1_784' title='bbox 3292 4429 3503 4485; x_wconf 91' lang='lat' dir='ltr'><strong>Domini</strong></span> <span class='ocrx_word' id='word_1_785' title='bbox 3541 4431 3795 4486; x_wconf 89' lang='lat' dir='ltr'><strong>vitiorum</strong></span> 
     </span>
    </p>
   </div>
   <div class='ocr_carea' id='block_1_105' title="bbox 2219 4517 3800 4592">
    <p class='ocr_par' dir='ltr' id='par_1_105' title="bbox 2219 4517 3800 4592">
     <span class='ocr_line' id='line_1_105' title="bbox 2219 4517 3800 4592; baseline 0.003 -19"><span class='ocrx_word' id='word_1_786' title='bbox 2219 4519 2469 4573; x_wconf 88' lang='lat' dir='ltr'><strong>sordibus</strong></span> <span class='ocrx_word' id='word_1_787' title='bbox 2493 4517 2803 4587; x_wconf 88' lang='lat' dir='ltr'><strong>inquinatus</strong></span> <span class='ocrx_word' id='word_1_788' title='bbox 2827 4519 3136 4574; x_wconf 87' lang='lat' dir='ltr'><strong>accesserit.</strong></span> <span class='ocrx_word' id='word_1_789' title='bbox 3168 4520 3236 4575; x_wconf 89' lang='lat' dir='ltr'><strong>Et</strong></span> <span class='ocrx_word' id='word_1_790' title='bbox 3261 4522 3399 4587; x_wconf 90' lang='lat' dir='ltr'><strong>ideo,</strong></span> <span class='ocrx_word' id='word_1_791' title='bbox 3426 4521 3638 4588; x_wconf 89' lang='lat' dir='ltr'><strong>fratres,</strong></span> <span class='ocrx_word' id='word_1_792' title='bbox 3663 4538 3800 4592; x_wconf 89' lang='lat' dir='ltr'><strong>quo-</strong></span> 
     </span>
    </p>
   </div>
   <div class='ocr_carea' id='block_1_106' title="bbox 2221 4609 3801 4684">
    <p class='ocr_par' dir='ltr' id='par_1_106' title="bbox 2221 4609 3801 4684">
     <span class='ocr_line' id='line_1_106' title="bbox 2221 4609 3801 4684; baseline 0.003 -20"><span class='ocrx_word' id='word_1_793' title='bbox 2221 4611 2535 4679; x_wconf 89' lang='lat' dir='ltr'><strong>tiescunque</strong></span> <span class='ocrx_word' id='word_1_794' title='bbox 2575 4616 2669 4663; x_wconf 90' lang='lat' dir='ltr'><strong>aut</strong></span> <span class='ocrx_word' id='word_1_795' title='bbox 2714 4609 2828 4664; x_wconf 90' lang='lat' dir='ltr'><strong>dies</strong></span> <span class='ocrx_word' id='word_1_796' title='bbox 2864 4610 3065 4665; x_wconf 81' lang='lat' dir='ltr'><strong>Natalis</strong></span> <span class='ocrx_word' id='word_1_797' title='bbox 3094 4611 3327 4678; x_wconf 91' lang='lat' dir='ltr'><strong>Domini,</strong></span> <span class='ocrx_word' id='word_1_798' title='bbox 3364 4623 3455 4668; x_wconf 90' lang='lat' dir='ltr'><strong>aut</strong></span> <span class='ocrx_word' id='word_1_799' title='bbox 3484 4615 3702 4684; x_wconf 67' lang='lat' dir='ltr'><strong>reliqum</strong></span> <span class='ocrx_word' id='word_1_800' title='bbox 3728 4615 3801 4670; x_wconf 58' lang='lat' dir='ltr'><strong>fec</strong></span> 
     </span>
    </p>
   </div>
   <div class='ocr_carea' id='block_1_107' title="bbox 2219 4698 3795 4770">
    <p class='ocr_par' dir='ltr' id='par_1_107' title="bbox 2219 4698 3795 4770">
     <span class='ocr_line' id='line_1_107' title="bbox 2219 4698 3795 4770; baseline 0.006 -17"><span class='ocrx_word' id='word_1_801' title='bbox 2219 4700 2488 4754; x_wconf 87' lang='lat' dir='ltr'><strong>stivitates</strong></span> <span class='ocrx_word' id='word_1_802' title='bbox 2517 4698 2828 4764; x_wconf 86' lang='lat' dir='ltr'><strong>adveniunt,</strong></span> <span class='ocrx_word' id='word_1_803' title='bbox 2863 4709 2988 4755; x_wconf 89' lang='lat' dir='ltr'><strong>ante</strong></span> <span class='ocrx_word' id='word_1_804' title='bbox 3010 4701 3192 4770; x_wconf 89' lang='lat' dir='ltr'><strong>plures</strong></span> <span class='ocrx_word' id='word_1_805' title='bbox 3217 4703 3332 4758; x_wconf 91' lang='lat' dir='ltr'><strong>dies</strong></span> <span class='ocrx_word' id='word_1_806' title='bbox 3365 4719 3474 4758; x_wconf 89' lang='lat' dir='ltr'><strong>non</strong></span> <span class='ocrx_word' id='word_1_807' title='bbox 3503 4706 3571 4760; x_wconf 90' lang='lat' dir='ltr'><strong>ab</strong></span> <span class='ocrx_word' id='word_1_808' title='bbox 3598 4705 3795 4762; x_wconf 88' lang='lat' dir='ltr'><strong>infelici</strong></span> 
     </span>
    </p>
   </div>
   <div class='ocr_carea' id='block_1_108' title="bbox 2221 4788 3801 4864">
    <p class='ocr_par' dir='ltr' id='par_1_108' title="bbox 2221 4788 3801 4864">
     <span class='ocr_line' id='line_1_108' title="bbox 2221 4788 3801 4864; baseline 0.004 -21"><span class='ocrx_word' id='word_1_809' title='bbox 2221 4789 2640 4844; x_wconf 89' lang='lat' dir='ltr'><strong>concubinarum</strong></span> <span class='ocrx_word' id='word_1_810' title='bbox 2672 4788 2963 4855; x_wconf 91' lang='lat' dir='ltr'><strong>consortio,</strong></span> <span class='ocrx_word' id='word_1_811' title='bbox 2995 4789 3089 4845; x_wconf 88' lang='lat' dir='ltr'><strong>sed</strong></span> <span class='ocrx_word' id='word_1_812' title='bbox 3119 4791 3281 4844; x_wconf 86' lang='lat' dir='ltr'><strong>etiam</strong></span> <span class='ocrx_word' id='word_1_813' title='bbox 3320 4806 3350 4845; x_wconf 90' lang='lat' dir='ltr'><strong>a</strong></span> <span class='ocrx_word' id='word_1_814' title='bbox 3395 4794 3624 4864; x_wconf 88' lang='lat' dir='ltr'><strong>propriis</strong></span> <span class='ocrx_word' id='word_1_815' title='bbox 3667 4811 3801 4850; x_wconf 82' lang='lat' dir='ltr'><strong>uxo-</strong></span> 
     </span>
    </p>
   </div>
   <div class='ocr_carea' id='block_1_109' title="bbox 2224 4878 3796 4944">
    <p class='ocr_par' dir='ltr' id='par_1_109' title="bbox 2224 4878 3796 4944">
     <span class='ocr_line' id='line_1_109' title="bbox 2224 4878 3796 4944; baseline 0.003 -11"><span class='ocrx_word' id='word_1_816' title='bbox 2224 4879 2372 4934; x_wconf 91' lang='lat' dir='ltr'><strong>ribus</strong></span> <span class='ocrx_word' id='word_1_817' title='bbox 2397 4879 2692 4944; x_wconf 69' lang='lat' dir='ltr'><strong>absxinete;</strong></span> <span class='ocrx_word' id='word_1_818' title='bbox 2725 4885 2912 4934; x_wconf 87' lang='lat' dir='ltr'><strong>contra</strong></span> <span class='ocrx_word' id='word_1_819' title='bbox 2951 4878 3155 4934; x_wconf 89' lang='lat' dir='ltr'><strong>nullum</strong></span> <span class='ocrx_word' id='word_1_820' title='bbox 3202 4880 3476 4934; x_wconf 91' lang='lat' dir='ltr'><strong>hominum</strong></span> <span class='ocrx_word' id='word_1_821' title='bbox 3525 4882 3704 4937; x_wconf 87' lang='lat' dir='ltr'><strong>odium</strong></span> <span class='ocrx_word' id='word_1_822' title='bbox 3742 4884 3796 4938; x_wconf 90' lang='lat' dir='ltr'><strong>in</strong></span> 
     </span>
    </p>
   </div>
   <div class='ocr_carea' id='block_1_110' title="bbox 2223 4968 3800 5040">
    <p class='ocr_par' dir='ltr' id='par_1_110' title="bbox 2223 4968 3800 5040">
     <span class='ocr_line' id='line_1_110' title="bbox 2223 4968 3800 5040; baseline 0 -16"><span class='ocrx_word' id='word_1_823' title='bbox 2223 4969 2385 5024; x_wconf 89' lang='lat' dir='ltr'><strong>corde</strong></span> <span class='ocrx_word' id='word_1_824' title='bbox 2407 4977 2588 5024; x_wconf 91' lang='lat' dir='ltr'><strong>vestro</strong></span> <span class='ocrx_word' id='word_1_825' title='bbox 2613 4975 2821 5028; x_wconf 81' lang='lat' dir='ltr'><strong>tenete;</strong></span> <span class='ocrx_word' id='word_1_826' title='bbox 2849 4968 2990 5036; x_wconf 91' lang='lat' dir='ltr'><strong>quod</strong></span> <span class='ocrx_word' id='word_1_827' title='bbox 3017 4968 3225 5023; x_wconf 88' lang='lat' dir='ltr'><strong>solebat</strong></span> <span class='ocrx_word' id='word_1_828' title='bbox 3249 4983 3348 5037; x_wconf 88' lang='lat' dir='ltr'><strong>per</strong></span> <span class='ocrx_word' id='word_1_829' title='bbox 3371 4969 3550 5036; x_wconf 79' lang='lat' dir='ltr'><strong>gulam</strong></span> <span class='ocrx_word' id='word_1_830' title='bbox 3573 4970 3800 5040; x_wconf 90' lang='lat' dir='ltr'><strong>perdere</strong></span> 
     </span>
    </p>
   </div>
   <div class='ocr_carea' id='block_1_111' title="bbox 2223 5057 3804 5131">
    <p class='ocr_par' dir='ltr' id='par_1_111' title="bbox 2223 5057 3804 5131">
     <span class='ocr_line' id='line_1_111' title="bbox 2223 5057 3804 5131; baseline 0.003 -18"><span class='ocrx_word' id='word_1_831' title='bbox 2223 5062 2454 5124; x_wconf 88' lang='lat' dir='ltr'><strong>vanitas,</strong></span> <span class='ocrx_word' id='word_1_832' title='bbox 2485 5057 2937 5128; x_wconf 88' lang='lat' dir='ltr'><strong>incipiatjustitia</strong></span> <span class='ocrx_word' id='word_1_833' title='bbox 2975 5073 3072 5128; x_wconf 90' lang='lat' dir='ltr'><strong>per</strong></span> <span class='ocrx_word' id='word_1_834' title='bbox 3110 5060 3537 5115; x_wconf 87' lang='lat' dir='ltr'><strong>misericordiam</strong></span> <span class='ocrx_word' id='word_1_835' title='bbox 3579 5075 3804 5131; x_wconf 81' lang='lat' dir='ltr'><strong>erogare</strong></span> 
     </span>
    </p>
   </div>
   <div class='ocr_carea' id='block_1_112' title="bbox 2224 5151 3801 5223">
    <p class='ocr_par' dir='ltr' id='par_1_112' title="bbox 2224 5151 3801 5223">
     <span class='ocr_line' id='line_1_112' title="bbox 2224 5151 3801 5223; baseline 0 -15"><span class='ocrx_word' id='word_1_836' title='bbox 2224 5154 2568 5223; x_wconf 88' lang='lat' dir='ltr'><strong>pauperibus.</strong></span> <span class='ocrx_word' id='word_1_837' title='bbox 2618 5151 2753 5210; x_wconf 75' lang='lat' dir='ltr'><strong>Nam</strong></span> <span class='ocrx_word' id='word_1_838' title='bbox 2800 5160 2925 5207; x_wconf 90' lang='lat' dir='ltr'><strong>sunt</strong></span> <span class='ocrx_word' id='word_1_839' title='bbox 2969 5152 3182 5221; x_wconf 89' lang='lat' dir='ltr'><strong>quidam</strong></span> <span class='ocrx_word' id='word_1_840' title='bbox 3227 5153 3319 5223; x_wconf 88' lang='lat' dir='ltr'><strong>qui</strong></span> <span class='ocrx_word' id='word_1_841' title='bbox 3368 5153 3681 5208; x_wconf 89' lang='lat' dir='ltr'><strong>ebrietatem</strong></span> <span class='ocrx_word' id='word_1_842' title='bbox 3707 5164 3801 5208; x_wconf 90' lang='lat' dir='ltr'><strong>aut</strong></span> 
     </span>
    </p>
   </div>
   <div class='ocr_carea' id='block_1_113' title="bbox 2229 5243 3811 5312">
    <p class='ocr_par' dir='ltr' id='par_1_113' title="bbox 2229 5243 3811 5312">
     <span class='ocr_line' id='line_1_113' title="bbox 2229 5243 3811 5312; baseline -0.001 -13"><span class='ocrx_word' id='word_1_843' title='bbox 2229 5245 2434 5299; x_wconf 90' lang='lat' dir='ltr'><strong>nullum</strong></span> <span class='ocrx_word' id='word_1_844' title='bbox 2457 5252 2548 5297; x_wconf 91' lang='lat' dir='ltr'><strong>aut</strong></span> <span class='ocrx_word' id='word_1_845' title='bbox 2570 5259 2794 5312; x_wconf 90' lang='lat' dir='ltr'><strong>parvum</strong></span> <span class='ocrx_word' id='word_1_846' title='bbox 2823 5243 3012 5297; x_wconf 87' lang='lat' dir='ltr'><strong>vitium</strong></span> <span class='ocrx_word' id='word_1_847' title='bbox 3041 5258 3160 5298; x_wconf 88' lang='lat' dir='ltr'><strong>esse</strong></span> <span class='ocrx_word' id='word_1_848' title='bbox 3187 5251 3396 5312; x_wconf 91' lang='lat' dir='ltr'><strong>putant,</strong></span> <span class='ocrx_word' id='word_1_849' title='bbox 3427 5255 3482 5299; x_wconf 90' lang='lat' dir='ltr'><strong>et</strong></span> <span class='ocrx_word' id='word_1_850' title='bbox 3507 5259 3613 5298; x_wconf 88' lang='lat' dir='ltr'><strong>non</strong></span> <span class='ocrx_word' id='word_1_851' title='bbox 3640 5245 3811 5298; x_wconf 88' lang='lat' dir='ltr'><strong>remi-</strong></span> 
     </span>
    </p>
   </div>
   <div class='ocr_carea' id='block_1_114' title="bbox 2230 5332 3806 5403">
    <p class='ocr_par' dir='ltr' id='par_1_114' title="bbox 2230 5332 3806 5403">
     <span class='ocr_line' id='line_1_114' title="bbox 2230 5332 3806 5403; baseline 0 -15"><span class='ocrx_word' id='word_1_852' title='bbox 2230 5335 2510 5390; x_wconf 90' lang='lat' dir='ltr'><strong>niscuntur</strong></span> <span class='ocrx_word' id='word_1_853' title='bbox 2538 5334 2821 5388; x_wconf 89' lang='lat' dir='ltr'><strong>Dominum</strong></span> <span class='ocrx_word' id='word_1_854' title='bbox 2842 5332 3042 5388; x_wconf 76' lang='lat' dir='ltr'><strong>dixisse</strong></span> <span class='ocrx_word' id='word_1_855' title='bbox 3069 5335 3322 5403; x_wconf 86' lang='lat' dir='ltr'><strong>apostolis</strong></span> <span class='ocrx_word' id='word_1_856' title='bbox 3356 5334 3468 5389; x_wconf 91' lang='lat' dir='ltr'><strong>suis</strong></span> <span class='ocrx_word' id='word_1_857' title='bbox 3500 5352 3512 5386; x_wconf 90' lang='lat'><strong>:</strong></span> <span class='ocrx_word' id='word_1_858' title='bbox 3544 5333 3806 5389; x_wconf 80' lang='lat' dir='ltr'><strong>Attendite</strong></span> 
     </span>
    </p>
   </div>
   <div class='ocr_carea' id='block_1_115' title="bbox 2227 5426 3808 5496">
    <p class='ocr_par' dir='ltr' id='par_1_115' title="bbox 2227 5426 3808 5496">
     <span class='ocr_line' id='line_1_115' title="bbox 2227 5426 3808 5496; baseline -0.001 -14"><span class='ocrx_word' id='word_1_859' title='bbox 2227 5438 2398 5482; x_wconf 86' lang='lat' dir='ltr'><strong>autem</strong></span> <span class='ocrx_word' id='word_1_860' title='bbox 2428 5427 2586 5491; x_wconf 83' lang='lat' dir='ltr'><strong>vobis,</strong></span> <span class='ocrx_word' id='word_1_861' title='bbox 2610 5442 2672 5480; x_wconf 86' lang='lat' dir='ltr'><strong>ne</strong></span> <span class='ocrx_word' id='word_1_862' title='bbox 2695 5426 2827 5496; x_wconf 84' lang='lat' dir='ltr'><strong>forte</strong></span> <span class='ocrx_word' id='word_1_863' title='bbox 2851 5434 3130 5496; x_wconf 83' lang='lat' dir='ltr'><strong>graventur</strong></span> <span class='ocrx_word' id='word_1_864' title='bbox 3148 5427 3304 5479; x_wconf 87' lang='lat' dir='ltr'><strong>corda</strong></span> <span class='ocrx_word' id='word_1_865' title='bbox 3329 5436 3492 5480; x_wconf 82' lang='lat' dir='ltr'><strong>vestra</strong></span> <span class='ocrx_word' id='word_1_866' title='bbox 3515 5427 3571 5480; x_wconf 86' lang='lat' dir='ltr'><strong>in</strong></span> <span class='ocrx_word' id='word_1_867' title='bbox 3588 5427 3808 5494; x_wconf 82' lang='lat' dir='ltr'><strong>crapula</strong></span> 
     </span>
    </p>
   </div>
   <div class='ocr_carea' id='block_1_116' title="bbox 2227 5517 3807 5586">
    <p class='ocr_par' dir='ltr' id='par_1_116' title="bbox 2227 5517 3807 5586">
     <span class='ocr_line' id='line_1_116' title="bbox 2227 5517 3807 5586; baseline -0.002 -13"><span class='ocrx_word' id='word_1_868' title='bbox 2227 5530 2272 5574; x_wconf 89' lang='lat' dir='ltr'><strong>ct</strong></span> <span class='ocrx_word' id='word_1_869' title='bbox 2299 5519 2560 5579; x_wconf 88' lang='lat' dir='ltr'><strong>ebrietate,</strong></span> <span class='ocrx_word' id='word_1_870' title='bbox 2601 5526 2649 5571; x_wconf 88' lang='lat' dir='ltr'><strong>et</strong></span> <span class='ocrx_word' id='word_1_871' title='bbox 2690 5517 2829 5571; x_wconf 87' lang='lat' dir='ltr'><strong>curis</strong></span> <span class='ocrx_word' id='word_1_872' title='bbox 2867 5517 3023 5586; x_wconf 88' lang='lat' dir='ltr'><strong>hujus</strong></span> <span class='ocrx_word' id='word_1_873' title='bbox 3056 5517 3192 5581; x_wconf 70' lang='lat' dir='ltr'><strong>vitta,</strong></span> <span class='ocrx_word' id='word_1_874' title='bbox 3224 5527 3272 5572; x_wconf 87' lang='lat' dir='ltr'><strong>et</strong></span> <span class='ocrx_word' id='word_1_875' title='bbox 3299 5517 3613 5586; x_wconf 81' lang='lat' dir='ltr'><strong>superveniet</strong></span> <span class='ocrx_word' id='word_1_876' title='bbox 3642 5517 3697 5568; x_wconf 88' lang='lat' dir='ltr'><strong>in</strong></span> <span class='ocrx_word' id='word_1_877' title='bbox 3718 5531 3807 5570; x_wconf 77' lang='lat' dir='ltr'><strong>vos</strong></span> 
     </span>
    </p>
   </div>
   <div class='ocr_carea' id='block_1_117' title="bbox 2229 5604 3804 5677">
    <p class='ocr_par' dir='ltr' id='par_1_117' title="bbox 2229 5604 3804 5677">
     <span class='ocr_line' id='line_1_117' title="bbox 2229 5604 3804 5677; baseline -0.002 -15"><span class='ocrx_word' id='word_1_878' title='bbox 2229 5607 2493 5677; x_wconf 86' lang='lat' dir='ltr'><strong>repentina</strong></span> <span class='ocrx_word' id='word_1_879' title='bbox 2520 5606 2629 5660; x_wconf 84' lang='lat' dir='ltr'><strong>dies</strong></span> <span class='ocrx_word' id='word_1_880' title='bbox 2657 5604 2783 5672; x_wconf 88' lang='lat' dir='ltr'><strong>illa;</strong></span> <span class='ocrx_word' id='word_1_881' title='bbox 2816 5613 3068 5673; x_wconf 90' lang='lat' dir='ltr'><strong>tauquam</strong></span> <span class='ocrx_word' id='word_1_882' title='bbox 3090 5606 3312 5675; x_wconf 89' lang='lat' dir='ltr'><strong>laqueus</strong></span> <span class='ocrx_word' id='word_1_883' title='bbox 3341 5604 3484 5660; x_wconf 89' lang='lat' dir='ltr'><strong>enim</strong></span> <span class='ocrx_word' id='word_1_884' title='bbox 3513 5604 3695 5659; x_wconf 90' lang='lat' dir='ltr'><strong>veniet</strong></span> <span class='ocrx_word' id='word_1_885' title='bbox 3716 5618 3804 5659; x_wconf 85' lang='lat' dir='ltr'><strong>su-</strong></span> 
     </span>
    </p>
   </div>
   <div class='ocr_carea' id='block_1_118' title="bbox 2230 5697 3799 5769">
    <p class='ocr_par' dir='ltr' id='par_1_118' title="bbox 2230 5697 3799 5769">
     <span class='ocr_line' id='line_1_118' title="bbox 2230 5697 3799 5769; baseline -0.001 -15"><span class='ocrx_word' id='word_1_886' title='bbox 2230 5715 2326 5769; x_wconf 88' lang='lat' dir='ltr'><strong>per</strong></span> <span class='ocrx_word' id='word_1_887' title='bbox 2349 5707 2535 5755; x_wconf 82' lang='lat' dir='ltr'><strong>omnes</strong></span> <span class='ocrx_word' id='word_1_888' title='bbox 2555 5699 2643 5768; x_wconf 90' lang='lat' dir='ltr'><strong>qui</strong></span> <span class='ocrx_word' id='word_1_889' title='bbox 2672 5699 2859 5754; x_wconf 76' lang='lat' dir='ltr'><strong>sedent</strong></span> <span class='ocrx_word' id='word_1_890' title='bbox 2878 5713 3037 5768; x_wconf 87' lang='lat' dir='ltr'><strong>super</strong></span> <span class='ocrx_word' id='word_1_891' title='bbox 3064 5697 3251 5754; x_wconf 81' lang='lat' dir='ltr'><strong>faciem</strong></span> <span class='ocrx_word' id='word_1_892' title='bbox 3275 5699 3450 5754; x_wconf 85' lang='lat' dir='ltr'><strong>omnis</strong></span> <span class='ocrx_word' id='word_1_893' title='bbox 3472 5707 3629 5755; x_wconf 67' lang='lat' dir='ltr'><strong>terrm</strong></span> <span class='ocrx_word' id='word_1_894' title='bbox 3652 5697 3799 5769; x_wconf 77' lang='lat' dir='ltr'><strong>(Luc.</strong></span> 
     </span>
    </p>
   </div>
  </div>
