3922 6368
124 6352 237 6363 ηε...-

278 392 343 448 Π
1240 390 1540 448 ΗΟΜΙΙΑΙᾸΞ
1586 390 1669 445 DE
1707 387 1943 443 FESTIS
1979 382 2391 449 PR/ECIPUIS,
2436 381 2584 437 ETC.
3462 381 3528 438 Η

276 506 414 573 xu).
469 503 536 558 Et
582 503 865 573 Apostolus
897 523 907 555 :
947 503 1144 566 Nolite,
1183 503 1374 573 inquit,
1420 500 1667 555 inebriari
1713 499 1850 560 vino,
1880 510 1931 567 Α
1956 503 2257 550 coronaret.
2304 493 2438 548 Huic
2467 502 2647 546 autem
2673 490 2844 562 operi,
2874 487 3244 553 dilectissimi,
3275 502 3396 542 cum
3421 503 3538 543 om~

274 598 330 653 in
360 614 460 667 quo
501 609 577 652 est
623 598 865 660 luxuria;
897 605 950 651 et
984 596 1178 651 iterum
1204 614 1217 648 :
1242 596 1320 648 Αη
1360 593 1564 647 nescitis
1599 591 1721 662 quia
1756 590 1858 644 ini-

273 688 365 756 qui
393 702 608 757 regnum
636 685 733 739 Dei
762 702 862 739 non
898 685 1230 756 possidebunt
1255 684 1279 735 .9
1315 683 1497 738 Nolite
1525 696 1703 735 errare
1729 697 1745 744 ;
1770 696 1859 733 ne-

273 791 377 843 que
402 774 696 845 [amicat-ii,
726 790 888 845 neque
910 774 1064 828 idolis
1091 774 1388 838 servientes,
1424 787 1585 842 neque
1611 769 1856 833 adulteri,

276 859 441 935 neque
466 862 668 929 molles,
700 880 861 935 neque
899 863 1250 918 masculorum
1285 862 1662 924 concubitores,
1698 876 1860 929 neque

276 952 443 1021 fures,
473 968 637 1023 neque
661 953 825 1017 avari,
858 968 1021 1022 neque
1048 952 1258 1018 ebriosi,
1286 951 1445 1022 neque
1482 948 1739 1010 maledici,
1772 964 1862 1002 ne-

274 1059 379 1112 que
422 1058 654 1112 rapaces,
693 1059 908 1113 regnum
952 1042 1051 1097 Dei
1090 1042 1441 1112 possidebunt.
1497 1040 1564 1094 Et
1600 1039 1860 1110 propheta

276 1135 412 1190 dicit
442 1152 456 1189 :
502 1134 589 1189 Vte
609 1136 698 1206 qui
722 1135 1032 1205 consurgitis
1058 1150 1210 1188 mane
1230 1134 1297 1187 ad
1327 1134 1627 1187 ebrietatem
1659 1139 1862 1185 sectan-

276 1226 405 1280 dam
436 1235 485 1280 et
508 1226 791 1299 potandum
814 1243 973 1297 usque
1005 1226 1072 1280 ad
1101 1242 1384 1295 vesperam,
1412 1233 1468 1278 ut
1493 1224 1610 1278 vino
1634 1222 1861 1277 wstuetis

282 1316 421 1389 (Ian.
452 1316 537 1388 v);
580 1323 633 1371 et
676 1316 869 1371 iterum
901 1334 914 1368 :
957 1314 1049 1370 Vw
1087 1316 1248 1380 vobis,
1297 1315 1489 1385 inquit,
1516 1314 1604 1383 qui
1635 1321 1862 1383 potentes

278 1409 406 1464 estis
427 1408 494 1462 ad
517 1407 791 1462 bibendum
820 1409 1010 1473 vinum,
1040 1418 1087 1461 et
1115 1408 1216 1461 viri
1242 1407 1401 1475 fortes
1437 1406 1506 1459 ad
1548 1402 1863 1456 miscendam

278 1497 579 1550 ebrietatem
616 1495 823 1567 (lbid.).
870 1496 1057 1565 Itaque
1094 1496 1398 1564 quicunque
1439 1493 1505 1547 ad
1549 1492 1864 1547 ebrietatem

278 1598 486 1654 pronus
516 1582 694 1650 fuerit,
727 1594 781 1640 et
816 1584 950 1640 alios
994 1585 1061 1640 ad
1106 1584 1209 1639 hoc
1259 1582 1509 1652 adjurare
1546 1582 1629 1637 vel
1676 1596 1866 1652 cogere

280 1673 545 1739 voluerit,
572 1682 626 1729 et
648 1690 746 1744 pro
768 1690 826 1730 se
850 1682 905 1729 et
929 1687 1026 1744 pro
1051 1674 1165 1728 illis.
1186 1674 1237 1727 in
1267 1674 1350 1728 die
1368 1672 1556 1744 judicii
1585 1687 1708 1728 reus
1735 1673 1863 1736 erit,

280 1774 339 1821 et
384 1766 612 1820 Domino
650 1767 838 1822 reddet
877 1768 1159 1823 rationem.
1204 1766 1311 1821 Sed
1338 1766 1465 1836 quia
1496 1782 1639 1821 nunc
1663 1765 1865 1821 Natalis

1959 588 2047 641 nia
2098 592 2395 655 opportuna
2434 584 2541 637 sint
2586 592 2864 652 tempora,
2916 581 3017 635 hoc
3074 594 3216 635 nunc
3267 578 3538 648 praecipue

1959 681 2140 747 aptum
2182 683 2265 729 est
2305 680 2464 741 atque
2507 672 2851 736 conveniens,
2899 670 2952 723 in
3002 684 3107 737 quo
3149 668 3318 724 sancti
3354 676 3538 737 patres

1959 766 2148 829 nostri,
2183 779 2277 833 per
2305 764 2474 834 legem
2502 762 2748 817 instructi
2778 777 2841 817 ac
2868 761 3125 817 divinitus
3150 760 3416 830 inspirati,
3443 760 3541 814 de—

1959 856 2083 910 cimi
2112 855 2311 908 mensis
2339 867 2569 908 sanxere
2590 850 2885 920 jejunium,
2915 860 2972 906 ut
2997 852 3236 906 omnium
3265 847 3538 904 fructuum

1960 944 2276 999 collectione
2320 943 2578 998 conclusa
2605 982 2619 1007 ,
2672 941 3005 996 rationabilis
3048 941 3157 996 Deo
3212 940 3539 996 abstinentia

1961 1035 2255 1099 dicaretur,
2287 1044 2339 1089 et
2367 1035 2700 1090 meminisset
2730 1035 2955 1103 quisque
2986 1034 3163 1089 ita.uti
3186 1033 3541 1095 abundantia,

1961 1134 2098 1181 utet
2122 1124 2263 1181 circa
2303 1140 2361 1181 se
2395 1126 2769 1190 abstinentior,
2818 1133 2872 1179 et
2918 1124 3062 1179 circa
3104 1137 3363 1194 pauperes
3401 1133 3547 1180 esset

1959 1214 2197 1272 effusior.
2248 1214 2624 1272 Efﬁcaeissima
2672 1217 2813 1271 enim
2848 1230 2947 1286 pro
2975 1215 3206 1284 peccatis
3237 1215 3541 1283 deprecatio

1963 1315 2046 1361 est
2072 1306 2127 1361 in
2160 1306 2512 1378 eleemosynis
2538 1315 2697 1375 atque
2716 1305 2955 1375 jejuniis,
2984 1314 3038 1360 et
3066 1306 3322 1361 velociter
3357 1307 3425 1361 ad
3463 1308 3544 1361 di-

1964 1398 2117 1451 vinas
2160 1398 2473 1452 conscendit
2509 1412 2667 1451 aures
2699 1396 2894 1451 talibus
2921 1397 3094 1452 oratio
3116 1397 3324 1452 elevata
3355 1395 3545 1453 suffra-

1965 1489 2088 1559 giis,
2112 1497 2162 1543 et
2192 1488 2321 1543 nihil
2346 1498 2429 1543 est
2457 1488 2875 1558 uniuscujusque
2908 1498 3015 1542 tam
3040 1490 3317 1559 proprium
3335 1530 3350 1554 ,
3381 1505 3542 1558 quam

1965 1581 2108 1652 quod
2151 1582 2409 1653 impendit
2450 1582 2506 1637 in
2554 1582 2876 1652 proximum.
2927 1582 3060 1636 Pars
3103 1582 3245 1636 enim
3294 1596 3546 1650 corpora-

1965 1675 2094 1730 lium
2124 1674 2439 1731 facultatum
2465 1692 2584 1746 quae
2610 1676 2972 1746 indigentibus
3000 1675 3355 1737 ministratur,
3386 1677 3438 1729 in
3468 1677 3549 1730 di-

1965 1768 2124 1822 vitias
2153 1769 2345 1823 transit
2370 1776 2618 1823 aeternas.
2655 1767 2838 1837 Igitur,
2870 1764 3085 1828 fratres,
3112 1766 3410 1835 suscepturi
3439 1765 3548 1820 Na-

282 1856 497 1911 Domini
536 1856 800 1920 imminet,
842 1856 1058 1923 fratres,
1110 1857 1178 1911 ab
1219 1858 1365 1911 omni
1414 1857 1667 1912 vitiorum
1709 1859 1867 1912 sorde
1899 1860 1942 1919 Β
1973 1861 2133 1915 talem
2164 1859 2393 1926 Domini,
2428 1861 2497 1915 ab
2525 1860 2669 1914 omni
2708 1874 2804 1913 nos
2838 1858 3154 1913 delictorum
3194 1857 3323 1914 faece
3354 1873 3551 1930 purge-

283 1963 383 2002 vos
412 1948 685 2013 mundatc,
718 1964 782 2005 ac
819 1950 976 2005 bonis
1013 1950 1267 2020 operibus
1301 1950 1592 2006 studiosius
1613 1965 1708 2005 vos
1730 1965 1867 2020 prac-

282 2046 476 2107 parate
494 2056 506 2091 :
524 2038 826 2094 castitatem
848 2055 910 2094 cu
920 2054 969 2094 in
990 2040 1221 2110 propriis
1241 2040 1498 2095 uxoribus
1519 2049 1862 2102 conservato;

281 2130 485 2185 nullius
506 2145 620 2185 rem
650 2140 743 2185 aut
767 2146 987 2186 uxorem
1019 2132 1409 2201 concupiscite;
1442 2131 1643 2186 nemini
1666 2130 1866 2201 aliquid

282 2234 385 2291 per
412 2219 519 2273 vim
545 2228 637 2273 aut
665 2218 906 2275 fraudem
945 2218 1177 2285 auferte;
1227 2220 1294 2274 ad
1340 2218 1640 2275 conviviola
1685 2227 1865 2273 vestra

281 2328 551 2383 pauperes
605 2312 939 2383 frequentius
980 2320 1256 2377 revocate;
1306 2313 1374 2367 ad
1420 2311 1628 2382 vigilias
1683 2325 1867 2366 sacras

284 2403 552 2457 maturius
596 2402 907 2466 convenite;
948 2402 1000 2455 in
1041 2401 1269 2456 ecclesia
1312 2408 1535 2465 stantes,
1584 2407 1677 2453 aut
1714 2408 1868 2454 orate

282 2501 383 2547 aut
410 2492 646 2561 psallite;
677 2492 838 2547 verba
867 2492 1037 2547 otiosa
1078 2499 1170 2546 aut
1216 2491 1462 2547 scurrilia
1510 2504 1610 2545 nec
1654 2490 1754 2561 ipsi
1795 2490 1867 2546 ibi

281 2599 355 2639 ex
386 2597 481 2639 ore
509 2593 691 2638 vestro
718 2581 974 2653 proferte,
1004 2591 1057 2637 ct
1078 2597 1170 2637 eos
1199 2583 1289 2651 qui
1318 2581 1560 2652 proferre
1580 2580 1867 2645 voluerint,

283 2677 580 2745 castigate;
624 2689 812 2744 pacem
848 2690 969 2728 cum
1000 2674 1250 2728 omnibus
1283 2672 1495 2737 habete,
1525 2680 1580 2727 et
1606 2687 1740 2741 quos
1762 2671 1869 2725 dis-

282 2762 482 2817 cordes
524 2762 854 2833 agnoscitis,
905 2761 972 2815 ad
1030 2760 1372 2816 concordiam
1424 2769 1690 2815 revocate.
1744 2759 1871 2815 Hcce

282 2856 521 2912 fideliter
545 2856 589 2911 si
612 2855 887 2910 volueritis
914 2854 1129 2910 Christo
1154 2853 1438 2922 adjuvante
1464 2853 1706 2923 implere,
1735 2863 1791 2908 et
1816 2853 1870 2908 in

282 2950 395 3004 hoc
424 2946 617 3002 saeculo
649 2950 714 3002 ad
747 2946 916 3000 altare
956 2945 1161 3000 Domini
1206 2960 1328 2999 cum
1365 2959 1553 2999 secura
1593 2944 1871 3000 conscien-

282 3038 361 3091 tia
388 3037 633 3107 poteritis
654 3037 925 3097 accedere,
955 3044 1009 3089 ct
1031 3035 1087 3088 in
1114 3033 1293 3089 futuro
1320 3034 1384 3087 ad
1414 3034 1670 3088 :cterna’m
1703 3035 1871 3090 beati-

284 3128 530 3180 tudinem
553 3126 779 3181 feliciter
802 3125 1105 3196 pervenire.

859 3216 1139 3272 HOMILIA
1193 3218 1278 3271 In.

687 3324 752 3363 DE
795 3324 1004 3364 JEJUNIO
1049 3323 1228 3363 DECIMI
1275 3324 1475 3364 HENSIS.

364 3415 390 3443 ι
428 3402 743 3457 Sublimitas
780 3402 1018 3472 quidem,
1050 3400 1405 3466 dilectissimi,
1441 3402 1626 3474 gratia:
1651 3402 1742 3457 Dei
1769 3404 1870 3459 hoc

281 3497 532 3566 quotidie
572 3502 826 3565 operatur
858 3494 910 3548 in
949 3495 1202 3550 cordibus
1236 3496 1580 3561 Christianis,
1615 3506 1673 3550 ut
1711 3511 1871 3551 omne

283 3584 617 3650 desiderium
643 3595 886 3641 nostrum
912 3600 941 3638 a
970 3586 1199 3640 terrenis
1219 3586 1285 3641 ad
1314 3586 1551 3641 coelestia
1582 3585 1871 3641 transfera-

286 3687 401 3732 tur.
446 3675 550 3731 Sed
576 3677 737 3730 etiam
765 3690 999 3744 praesens
1023 3676 1132 3729 vita
1159 3690 1254 3745 per
1290 3676 1564 3732 Creatoris
1586 3692 1740 3748 opem
1767 3676 1870 3733 du-

284 3767 454 3830 citur,
504 3773 557 3820 et
601 3781 695 3836 per
748 3766 914 3835 ipsius
949 3765 1335 3835 providentiam
1382 3768 1714 3823 sustinetur:
1745 3770 1871 3839 quia

286 3860 435 3915 idem
475 3857 697 3927 largitor
738 3864 822 3912 est
871 3857 1278 3927 temporalium,
1322 3859 1411 3928 qui
1452 3861 1750 3928 promissor
1790 3870 1874 3917 est

284 3960 637 4008 aeternorum.
695 3949 962 4020 Quidquid
996 3966 1126 4020 ergo
1157 3949 1223 4003 ad
1258 3966 1385 4006 usus
1417 3952 1691 4007 hominum
1721 3967 1872 4021 sege—

287 4055 395 4105 tes,
440 4043 625 4106 vinexe,
664 4042 899 4111 oleaeque
938 4042 1263 4112 pepererint,
1291 4051 1460 4096 totum
1497 4043 1596 4098 hoc
1632 4058 1663 4097 a
1692 4044 1871 4099 divina

287 4136 531 4191 bonitate
563 4131 837 4204 profluxit,
875 4147 1011 4201 quia,
1053 4131 1435 4187 elementorum
1485 4131 1740 4201 qualitate
1781 4148 1874 4187 va-

290 4226 451 4285 riata,
484 4224 673 4277 dubios
708 4222 1064 4293 agricolarum
1093 4221 1305 4276 labores
1330 4222 1622 4277 clementer
1649 4222 1870 4291 adjuvit,

286 4325 354 4370 ut
396 4315 712 4369 utilitatibus
752 4313 950 4367 nostris
1002 4314 1143 4367 venti
1192 4321 1246 4366 et
1293 4312 1531 4376 imbres,
1578 4311 1775 4383 frigora
1821 4324 1879 4368 ct

286 4416 478 4470 aestus,
509 4408 728 4475 diesque
763 4412 1053 4472 noctesque
1088 4402 1369 4457 servirent.
1427 4402 1543 4457 Non
1581 4405 1724 4458 enim
1774 4405 1872 4458 sibi

288 4500 365 4554 ad
390 4497 610 4553 effectus
636 4511 855 4567 operum
886 4510 1104 4551 suorum
1134 4496 1271 4548 ratio
1308 4495 1539 4549 humana
1586 4495 1871 4568 sufﬁceret,

289 4592 399 4647 nisi
448 4560 866 4657 plantationihus
899 4598 954 4643 et
991 4586 1342 4656 rigationibus
1382 4588 1556 4641 solitis
1603 4560 1740 4643 Deus
1790 4590 1871 4643 in-
1903 4560 1950 4619 D

287 4668 570 4736 crement'a
599 4680 881 4748 prmheret.
942 4675 1093 4732 Unde
1124 4675 1338 4745 plenum
1365 4677 1581 4745 pictatis
1606 4686 1766 4747 atque
1784 4678 1869 4746 ju-

289 4770 459 4826 stitiae
504 4777 605 4831 est,
661 4777 720 4824 ut
763 4769 828 4822 de
867 4768 951 4822 his
989 4782 1108 4836 qua:
1139 4766 1293 4821 nobis
1324 4767 1557 4822 caelestis
1583 4768 1742 4822 Pater
1764 4768 1868 4821 mi-

288 4855 645 4912 sericorditer
681 4854 926 4917 contulit,
980 4869 1077 4909 nos
1118 4869 1331 4923 quoque
1363 4854 1497 4909 alios
1537 4855 1867 4924 atljuvemus.

290 4946 447 5002 Sicut
482 4944 663 5017 [Sunt]
694 4945 837 5000 enim
868 4944 1079 5014 plurimi
1112 4945 1201 5013 qui
1234 4944 1432 4999 nullam
1463 4945 1516 4999 in
1558 4946 1716 5015 agris,
1753 4946 1870 4999 nul-

292 5040 406 5094 lam
446 5040 497 5092 in
549 5038 738 5102 vineis,
782 5038 979 5091 nullam
1030 5038 1229 5092 habent
1279 5039 1330 5092 in
1376 5038 1507 5093 oleis
1550 5039 1869 5108 portionem,

290 5144 527 5201 quorum
574 5128 784 5198 inepize,
816 5129 880 5183 de
911 5143 972 5181 ea
1020 5143 1181 5196 quam
1222 5129 1478 5183 Dominus
1515 5129 1659 5183 dedit
1696 5130 1869 5197 copia,

288 5220 681 5279 consulendum
712 5228 822 5281 est;
852 5230 909 5272 ut
940 5228 993 5273 ct
1020 5218 1115 5287 ipsi
1144 5219 1422 5272 nobiscum
1454 5219 1561 5274 Deo
1588 5235 1683 5288 pro
1716 5230 1872 5274 terrm

292 5313 627 5369 fecunditate
673 5312 1022 5373 benedicant,
1070 5318 1123 5364 et
1166 5310 1429 5379 gaudeant
1475 5310 1872 5378 possidentibus

290 5405 466 5461 fuisse
509 5405 723 5467 donata,
769 5418 889 5474 qua:
920 5406 1083 5458 etiam
1125 5404 1448 5472 pauperibus
1478 5418 1541 5457 ac
1576 5403 1873 5473 peregrinis

290 5498 517 5553 fuerunt
558 5495 697 5552 facta
742 5497 1066 5553 communia.
1129 5494 1273 5561 Quos
1327 5494 1447 5548 ideo
1497 5494 1596 5548 sub
1645 5495 1873 5547 diversis

290 5589 558 5644 molestiis
582 5588 791 5656 justitia
822 5588 913 5643 Dei
945 5588 1191 5643 laborare
1225 5586 1487 5657 permisit,
1528 5594 1584 5638 ut
1620 5594 1674 5638 ct
1712 5585 1874 5639 mise-

290 5695 388 5734 ros
416 5694 514 5748 pro
536 5678 791 5749 patientia
815 5719 830 5741 ,
862 5686 915 5733 et
940 5678 1313 5733 misericordes
1357 5691 1455 5745 pro
1501 5675 1871 5730 benevolentia

1965 1966 2084 2006 mus
2122 1969 2135 2004 :
2173 1950 2474 2019 repleamus
2515 1951 2798 2004 thesauros
2825 1946 2941 2015 ejus
2970 1949 3303 2003 diversorum
3351 1964 3545 2003 mune-

1967 2056 2084 2094 rum
2117 2041 2293 2104 donis,
2325 2048 2385 2094 ut
2419 2040 2472 2094 in
2508 2040 2595 2094 die
2632 2047 2815 2093 sancta
2844 2039 2914 2092 sit
2940 2038 3081 2093 unde
3111 2039 3380 2110 peregrini
3404 2040 3549 2093 acci-

1967 2132 2139 2201 piant,
2167 2130 2480 2185 reficiantur
2498 2130 2690 2195 viduaz,
2720 2144 2986 2200 pauperes
3016 2129 3337 2194 vestiantur,
3366 2140 3423 2184 ut
3452 2146 3550 2200 per

1966 2220 2164 2275 multos
2188 2222 2485 2291 gratiarum
2510 2220 2651 2275 actio
2682 2219 2948 2275 referatur
2990 2219 3101 2275 Deo
3146 2235 3245 2289 pro
3284 2222 3457 2287 nobis,
3495 2232 3551 2275 et

1966 2310 2063 2365 fiat
2109 2311 2310 2366 oblatio
2364 2321 2546 2366 nostra
2598 2310 2931 2367 sanctificata
2987 2310 3041 2365 in
3089 2309 3290 2381 Spiritu
3339 2320 3548 2367 sancto.

1968 2398 2169 2464 Quarta
2201 2400 2365 2470 igitur
2396 2410 2452 2455 et
2478 2408 2629 2455 sexta
2671 2399 2803 2453 feria
2831 2399 2887 2453 in
2919 2400 3175 2468 pmsenti
3217 2399 3552 2456 hebdomada

1962 2488 2270 2558 jejunemus
2302 2504 2317 2543 :
2349 2488 2575 2543 sabbato
2599 2495 2780 2543 autem
2804 2488 2962 2559 digne
2986 2486 3188 2558 jejunia
3212 2490 3553 2546 exsolventes

1970 2578 2459 2635 sacratissimarum
2487 2578 2746 2633 solemnia
2769 2578 2906 2648 apud
2930 2586 3239 2633 sanctorum
3266 2579 3544 2649 reliquias,

1969 2671 2060 2741 qui
2085 2671 2140 2726 in
2166 2671 2270 2726 hoc
2288 2681 2478 2725 sancto
2501 2670 2618 2726 loco
2638 2678 2981 2736 venerantur,
3006 2670 3167 2725 simul
3187 2671 3516 2729 celebremus
3533 2691 3551 2738 A:

1969 2771 2025 2817 et
2060 2763 2296 2829 maxime
2329 2763 2471 2833 apud
2491 2762 2663 2817 sancti
2692 2760 2839 2816 Petri
2863 2762 3087 2832 apostoli
3118 2764 3455 2829 memoriam,
3486 2766 3555 2820 ad

1970 2855 2124 2926 cujus
2157 2854 2582 2910 sacratissimum
2621 2867 2815 2921 corpus
2856 2853 3009 2907 istius
3038 2853 3142 2907 diei
3176 2851 3409 2909 ofﬁcium
3441 2856 3554 2909 Ilo--

1972 2962 2130 3001 mana
2177 2946 2436 3017 persolvit
2487 2945 2747 3000 Ecclesia.
2811 2943 2909 2999 Hic
2958 2944 3121 3014 igitur
3176 2945 3553 3000 sanctissimus

1971 3035 2246 3107 apostolus
2290 3052 2412 3091 cum
2457 3034 2667 3091 caeteris
2712 3034 2915 3089 sanctis
2962 3034 3057 3088 Dei
3110 3034 3209 3104 (sic
3244 3035 3556 3103 experimur

1972 3137 2028 3183 et
2051 3125 2345 3199 credimus)
2373 3142 2473 3196 pro
2499 3125 2888 3181 commendatis
2920 3124 3020 3179 sibi
3049 3141 3078 3179 a
3109 3124 3332 3181 Domino
3363 3126 3555 3181 ovibus

1894 3209 1939 3272 C
1972 3220 2339 3275 indesinenter
2372 3217 2680 3288 pastorales
2711 3217 3000 3285 pmtendlt
3046 3216 3320 3283 excubias,
3367 3232 3559 3273 exora-

1970 3316 2123 3362 turus
2148 3307 2613 3379 deprccationibus
2634 3307 2748 3362 suis
2769 3315 2827 3360 ut
2848 3306 3088 3362 Ecclesia
3110 3307 3225 3372 Dei,
3246 3323 3366 3378 qua:
3392 3308 3561 3379 ipsius

1968 3407 2052 3453 est
2076 3398 2550 3468 praedicationibus
2580 3398 2825 3452 instituta
2846 3438 2862 3464 ,
2890 3397 2959 3453 ab
2986 3398 3134 3452 omni
3166 3414 3351 3454 errore
3391 3401 3459 3456 sit
3497 3400 3563 3454 li-

1969 3489 2099 3544 bera
2133 3496 2188 3544 et
2208 3489 2275 3542 in
2308 3496 2456 3543 recta
2495 3485 2598 3542 fide
2643 3501 2707 3543 ac
2745 3487 2886 3543 bono
2910 3502 3072 3558 opere
3100 3483 3408 3559 perseveret
3432 3491 3561 3544 soli-

1971 3580 2111 3634 data.

2555 3669 2836 3726 IIOMILIA
2892 3670 2978 3725 IV.

2170 3782 2234 3819 DE
2277 3780 2471 3819 NA'I'ALI
2513 3778 2695 3819 DOKINI
2736 3779 2930 3818 NOSTRI
2969 3779 3086 3819 JESU
3126 3780 3357 3820 CHRISTI.

2046 3862 2195 3933 Rogo
2223 3878 2339 3927 vos,
2374 3861 2567 3916 fratres
2592 3860 2916 3925 charissimi,
2946 3870 3004 3916 ut
3030 3861 3217 3917 libenti
3243 3863 3423 3919 animo
3446 3879 3562 3920 ser-

1975 3965 2163 4005 mones
2190 3966 2324 4020 quos
2350 3951 2607 4004 Dominus
2643 3951 2811 4014 dabit,
2847 3952 3154 4020 suscipiatis
3203 3953 3257 4007 in
3302 3954 3404 4009 hac
3443 3955 3562 4011 dul-

1977 4043 2191 4096 cissima
2218 4041 2322 4105 die,
2358 4041 2409 4095 in
2446 4056 2552 4109 qua
2582 4041 2923 4110 compunctio
2962 4043 3123 4096 etiam
3164 4042 3468 4100 infidelibus
3502 4054 3560 4103 et

1976 4132 2347 4202 peccatoribus
2396 4133 2541 4186 venit
2583 4150 2595 4185 :
2634 4131 2686 4185 in
2742 4148 2848 4202 qua
2900 4134 3269 4205 misericordia
3321 4139 3562 4210 tangitur

1978 4224 2193 4295 impius,
2224 4223 2433 4278 veniam
2462 4232 2642 4292 sperat
2667 4233 3036 4293 compunctus,
3068 4226 3297 4281 reditum
3325 4244 3432 4284 non
3460 4231 3557 4286 de-

1978 4325 2159 4387 sperat
2187 4316 2450 4384 captivus,
2482 4316 2777 4370 remedium
2809 4317 3079 4372 desiderat
3118 4319 3461 4386 vulneratus;
3503 4324 3558 4377 in

1978 4422 2080 4476 qua
2112 4406 2353 4460 nascitur
2377 4404 2555 4474 Agnus
2595 4406 2683 4475 qui
2723 4405 2857 4459 tollit
2900 4417 3109 4475 peccata
3156 4410 3337 4463 mundi
3375 4411 3555 4483 (Joan.

1981 4499 2041 4569 l).
2085 4496 2331 4553 Christus
2366 4496 2550 4565 utique
2587 4494 2835 4551 Salvator
2862 4506 3067 4561 noster,
3100 4499 3151 4552 in
3182 4498 3335 4567 cujus
3366 4504 3561 4555 nativi-

1978 4594 2107 4652 tate,
2148 4587 2239 4656 qui
2274 4586 2655 4641 conscientiam
2692 4601 2937 4641 securam
2969 4587 3150 4652 habet,
3188 4589 3395 4645 dulcius
3426 4606 3559 4662 gau-

1976 4678 2113 4741 det;
2146 4676 2237 4746 qui
2275 4676 2550 4741 miseram,
2589 4676 2846 4730 attentius
2888 4677 3071 4739 timet;
3114 4679 3207 4747 qui
3246 4680 3417 4735 bonus
3452 4690 3559 4744 est,

1976 4768 2268 4823 affectuose
2290 4775 2439 4832 orat;
2469 4768 2561 4836 qui
2586 4776 2859 4836 peccator,
2892 4769 3233 4824 devotissime
3259 4770 3556 4840 supplicat:

1977 4859 2146 4913 dulcis
2174 4858 2308 4919 dies,
2334 4872 2459 4911 vere
2495 4857 2684 4920 dulcis,
2715 4868 2766 4911 et
2795 4860 3004 4914 cunctis
3040 4862 3426 4930 pmnitentibus
3459 4879 3555 4919 ve-

1976 4951 2119 5003 niam
2149 4957 2386 5017 portans.
2432 4948 2693 5003 Promitto
2715 4950 2888 5012 vobis,
2925 4950 3090 5015 lilioli,
3120 4962 3173 5006 et
3197 4962 3380 5009 certus
3412 4969 3555 5018 sum,

1978 5041 2101 5110 quia
2128 5042 2181 5095 in
2208 5043 2310 5096 hac
2339 5042 2425 5097 die
2448 5043 2493 5096 si
2527 5034 2732 5111 quisvex
2757 5045 2919 5098 corde
2942 5048 3273 5115 pmnituerit,
3300 5057 3354 5104 et
3375 5051 3440 5105 ad
3462 5065 3558 5104 vo-

1980 5134 2168 5187 mitum
2205 5135 2410 5203 peccati
2450 5149 2697 5190 reversus
2724 5151 2827 5189 non
2855 5136 3035 5202 fuerit,
3067 5140 3427 5210 quodcunque
3454 5156 3550 5211 pe-

1978 5224 2123 5277 tierit
2150 5225 2364 5279 dabitur
2392 5226 2461 5290 ci,
2492 5234 2696 5279 tantum
2727 5226 2829 5280 fide
2869 5242 2933 5281 ne
2976 5228 3181 5283 dubitet
3213 5239 3375 5299 atque
3413 5231 3556 5286 dele-

1978 5314 2267 5370 ctationem
2310 5330 2418 5369 non
2460 5324 2682 5383 repetat.
2737 5316 2906 5371 l-lodie
2940 5319 3106 5374 totius
3141 5321 3324 5376 mundi
3366 5336 3559 5391 pecca-

1979 5415 2088 5457 tum
2121 5403 2340 5468 tollitur,
2370 5413 2423 5458 et
2447 5414 2696 5474 peccator
2722 5407 3014 5475 desperat?
3051 5407 3159 5465 Sed
3181 5411 3358 5466 videte
3380 5411 3557 5481 qualis

1977 5509 2096 5547 esse
2127 5492 2320 5546 debeat
2339 5494 2672 5562 poenitentia,
2704 5495 2826 5563 quia
2856 5496 3008 5551 multi
3036 5499 3247 5554 assidue
3283 5515 3341 5555 se
3371 5500 3557 5554 dicunt

1978 5595 2305 5653 peccatores,
2334 5592 2387 5636 et
2415 5592 2589 5638 tamen
2623 5584 2797 5639 adhuc
2834 5585 2952 5641 illos
3003 5588 3235 5647 delectat
3279 5604 3503 5660 peccare
3538 5609 3553 5643 :

1978 5672 2239 5743 professio
2267 5681 2349 5728 est
2377 5674 2538 5740 istud,
2570 5688 2675 5729 non
2699 5677 3029 5743 emendatio;
3056 5688 3339 5735 accusatur
3357 5680 3549 5738 anima.

368 5813 392 5839 ι
438 5796 511 5849 Fx
564 5810 811 5849 sermone
861 5794 1054 5849 Leonis
1102 5794 1273 5865 Magni
1328 5795 1390 5847 de
1439 5791 1637 5861 jejunio
1681 5792 1870 5847 decimi
1911 5790 2130 5853 mensis,
2168 5788 2387 5857 passim.
