3922 6358
469 449 538 508 15
1107 444 1167 498 Β.
1209 440 1463 500 RABANI
1500 437 1720 498 MAURI
1756 437 2071 495 ARCHIEP.
2114 434 2423 493 MOGUNT.
2465 430 2748 489 OPERUM
2785 431 2964 488 PARS
3002 431 3066 488 ll.
3669 432 3731 489 η

466 568 859 619 non-sanatur.
905 557 1282 616 Paenitentiam
1325 543 1530 614 certam
1579 566 1686 611 non
1731 550 1892 617 facit,
1946 548 2050 603 nisi
2078 549 2210 612 Aet
2229 544 2433 616 Spiritu
2462 551 2652 600 sancto
2675 542 2808 598 vivit
2835 551 2891 598 et
2909 549 3097 614 regnat
3117 541 3275 604 Deus.
3301 557 3400 614 per
3422 543 3604 600 omnia
3638 559 3737 602 sas-

466 651 652 709 odium
678 647 882 720 peccati
911 655 964 703 et
991 660 1143 706 amor
1174 645 1290 709 Dei,
1326 643 1542 714 quando
1587 642 1668 704 sic
1713 639 2045 702 convertitur

463 741 606 814 quis,
646 748 706 795 ut
739 754 845 796 non
881 746 1212 802 revertatur;
1239 736 1453 807 quando
1477 735 1556 790 sic
1581 734 1824 806 paenitet,
1853 739 1913 786 ut
1933 744 2041 785 non

465 841 694 904 repetat.
740 830 1006 888 Nascente
1036 829 1197 886 hodie
1218 825 1685 893 Domino,,fratres
1715 822 2039 888 charissimi,

460 926 839 1000 promittamus
872 924 973 995 ipsi
1000 921 1343 994 Redemptori
1382 929 1568 979 nostro
1598 929 1722 975 vota
1760 929 1816 974 et
1845 917 2041 974 redda-

457 1028 608 1084 mus,
638 1018 777 1074 sicut
800 1017 1060 1086 scriptum
1088 1023 1173 1071 est
1205 1031 1220 1068 :
1258 1011 1445 1068 Vovete
1485 1019 1534 1068 ct
1577 1011 1777 1068 reddite
1815 1008 2040 1066 Domino

468 1108 576 1164 Deo
602 1116 765 1164 vestro
801 1105 977 1180 (Psal.
1006 1104 1202 1178 Lxxv);
1235 1118 1336 1161 nos
1368 1102 1597 1159 dulciter
1626 1109 1682 1155 et
1708 1098 2042 1157 confidenter

466 1210 780 1263 voveamus,
802 1195 892 1252 ille
915 1194 1064 1250 dabit
1087 1191 1494 1264 possibilitatem
1518 1197 1579 1246 ut
1602 1189 1825 1248 reddere
1863 1186 2040 1259 possi-

464 1301 605 1357 mus,
650 1292 750 1341 nos
803 1292 981 1340 tamen
1028 1279 1288 1353 quidquid
1331 1281 1408 1339 illi
1447 1278 1832 1351 promittimus,
1859 1275 1927 1335 de
1951 1276 2041 1332 illo

464 1390 760 1446 speremus.
819 1372 924 1446 Sed
952 1372 1006 1430 in
1043 1371 1145 1428 bac
1177 1369 1532 1442 promissione
1561 1383 1667 1424 non
1695 1367 1926 1427 restituet
1953 1380 2041 1423 me

463 1466 660 1537 aliquis
683 1463 964 1536 designare
995 1477 1082 1518 res
1108 1461 1339 1518 caducas
1373 1469 1430 1517 et
1468 1469 1742 1525 terrenas;
1777 1472 1904 1514 nam
1937 1457 2040 1512 hoc

464 1538 832 1625 unusquisque
852 1561 1093 1609 nostrum
1115 1550 1307 1610 oﬂ‘erat
1325 1550 1467 1621 quod
1493 1550 1547 1605 in
1575 1564 1635 1606 se
1663 1547 1913 1605 Salvator
1939 1562 2037 1602 no-

463 1653 578 1701 ster
605 1644 850 1709 redemit,
876 1643 980 1700 hoc
1003 1653 1084 1703 est
1107 1644 1341 1702 animam
1366 1641 1657 1714 propriam.
1696 1640 1766 1696 Et
1785 1640 1831 1697 si
1856 1653 1943 1696 me
1967 1639 2040 1695 ita

460 1738 765 1808 interrogas
804 1735 1072 1807 quomodo
1111 1733 1335 1793 offeram
1375 1733 1609 1789 animam
1649 1747 1848 1798 meam,
1877 1744 2038 1803 quam

459 1828 579 1900 ipse
613 1827 775 1884 habet
810 1826 1183 1914 inpotestate,
1213 1822 1521 1882 dicamtibi
1547 1823 1833 1914 quomodo,
1869 1821 2036 1878 mori-

2145 634 2266 696 cula
2294 634 2631 692 saeculorum.
2669 635 2864 695 Amen.

2740 743 3023 800 HOMlLlA
3057 743 3126 799 ν.

2593 851 2722 893 [TI-Ill
2750 852 2805 893 IN
2833 851 3030 892 NA'I‘ALI
3063 852 3268 892 DOMISI.

2212 930 2556 986 Exsultemus
2604 932 2661 985 in
2709 930 2954 995 Domino,
3013 929 3369 997 dilectissimi,
3406 939 3458 986 et
3513 929 3733 1001 spiritali

2136 1018 2782 1090 jucunditatelzetcmur:
2830 1020 2955 1088 quia
2981 1019 3158 1075 illuxit
3194 1020 3308 1076 dies
3354 1021 3735 1091 redemptionis

2142 1117 2362 1176 nostrae,
2393 1094 2952 1179 rcparationis°nov:e,
2983 1109 3253 1165 felicitatis
3279 1118 3513 1175 aeternas,
3545 1112 3598 1165 in
3629 1127 3732 1181 qua

2140 1200 2360 1270 dignum
2405 1209 2623 1255 estnos
2677 1214 2890 1254 sursum
2941 1200 3138 1255 erectis
3193 1201 3445 1256 cordibus
3496 1201 3731 1256 divinum

2140 1291 2366 1345 adorare
2389 1292 2726 1362 mysterium,
2758 1299 2816 1344 ut
2843 1291 2982 1360 quod
3007 1305 3202 1360 magno
3239 1291 3333 1346 Dei
3362 1306 3586 1346 munere
3611 1291 3726 1362 agi-

2141 1390 2248 1448 tur,
2279 1384 2489 1454 magnis
2532 1383 2787 1439 Ecclesiae
2830 1383 3038 1454 gaudiis
3082 1383 3403 1439 celebretur.
3435 1383 3734 1454 Ingreditur

2138 1486 2270 1544 ergo
2299 1473 2416 1528 haec
2447 1472 2632 1527 mundi
2681 1472 2863 1526 infima
2895 1471 3065 1526 Filius
3091 1472 3208 1537 Dei,
3249 1472 3316 1526 de
3363 1470 3569 1526 caelesti
3611 1472 3733 1526 sede

2138 1564 2492 1629 descendens,
2521 1572 2576 1619 et
2598 1578 2628 1618 a
2654 1572 2880 1633 paterna
2907 1562 3074 1632 gloria
3126 1576 3232 1617 non
3262 1562 3555 1616 recedens:
3597 1576 3734 1616 novo

2139 1655 2329 1711 ordine
2364 1663 2688 1726 generatus;
2723 1669 2864 1709 novo
2907 1654 3118 1719 ordine,
3166 1653 3315 1722 quia,
3357 1653 3643 1708 invisibilis
3678 1653 3733 1708 in

2139 1748 2275 1813 suis,
2304 1748 2531 1803 visibilis
2559 1746 2733 1802 factus
2781 1755 2864 1802 est
2891 1747 2946 1802 in
2988 1746 3229 1801 nostris:
3279 1745 3736 1816 incomprehensi-

2139 1838 2285 1902 bilis,
2328 1838 2497 1893 voluit
2543 1837 2963 1907 comprehendi;
3015 1845 3141 1891 ante
3189 1844 3432 1906 tempora
3477 1851 3722 1902 manens,

457 1917 564 1974 bus
601 1915 823 1982 sanctis,
854 1910 1268 1993 cogitationibus
1303 1913 1489 1979 castis,
1521 1913 1773 1984 operibus
1804 1910 2118 1998 fructuo-‘B
2144 1943 2265 1985 esse,
2294 1927 2460 1998 οωρίι
2482 1941 2548 1982 ex
2576 1936 2816 1997 tempore
2842 1944 2856 1993 ;
2901 1926 3270 1984 universitatis
3305 1925 3586 1991 Dominus,
3617 1940 3733 1982 ser-

460 2007 558 2075 sis,
584 2006 873 2065 avertendo
899 2020 933 2063 a
960 2003 1122 2071 malo,
1158 2003 1518 2062 convertenda
1538 2002 1613 2059 ad
1634 2001 1856 2069 bonum,
1882 2002 2034 2057 dam-

459 2099 640 2162 nando
675 2098 887 2164 vitium,
927 2097 1159 2154 amando
1187 2097 1379 2162 Deum,
1413 2094 1684 2167 diligendo
1711 2095 2038 2166 proximum,

459 2191 820 2264 impendenda
861 2187 1284 2246 misericordiam
1322 2186 1559 2255 miseris,
1584 2186 1712 2258 quia
1734 2193 1790 2242 et
1814 2186 1914 2257 ipsi
1941 2186 2043 2242 mi-

459 2282 569 2339 seri
590 2279 788 2340 fuimus
819 2286 1111 2350 antequam
1140 2278 1557 2345 redimeremur;
1590 2277 1909 2334 dimittendo
1934 2276 2041 2333 illis

456 2372 551 2444 qui
582 2372 637 2427 in
666 2371 821 2429 nobis
845 2377 1092 2442 peccant,
1121 2369 1246 2439 quia
1267 2377 1330 2425 et
1358 2383 1458 2424 nos
1480 2382 1671 2428 omnes
1698 2367 1798 2425 sub
1817 2375 2041 2438 peccato

458 2462 690 2529 fuimus;
743 2460 1048 2534 superbiam
1091 2459 1375 2526 calcando,
1416 2458 1544 2530 quia
1584 2471 1684 2528 per
1733 2457 2038 2530 superbiam

457 2541 717 2625 deceptus
735 2559 818 2608 est
841 2550 1047 2623 primus
1070 2551 1267 2615 homo;
1293 2547 1594 2616 abiicienda
1618 2549 1895 2613 invidiam,
1915 2548 2039 2619 quia

450 2658 558 2716 per
591 2643 846 2700 invidiam
891 2641 1100 2711 decepit
1131 2639 1376 2697 diabolus
1413 2653 1584 2708 genus
1623 2639 1916 2699 humanum
1951 2657 1964 2696 :
1994 2639 2037 2696 si

455 2735 579 2808 quis
607 2733 914 2790 luxuriosus
937 2731 1199 2792 hactenus
1213 2728 1346 2797 fuit,
1372 2729 1632 2800 spondeat
1661 2728 1912 2800 deinceps
1947 2744 2040 2789 ca-

455 2828 729 2891 stitatem;
774 2825 820 2881 si
861 2823 983 2896 quis
1019 2823 1277 2881 invidiam
1321 2830 1511 2879 contra
1558 2820 1783 2884 fratrem
1829 2822 2036 2889 habuit.

457 2919 679 2992 abjiciat
703 2933 822 2973 eam
860 2927 914 2978 et
942 2925 1234 2977 commutet
1257 2930 1360 2990 pro
1389 2914 1474 2969 illa
1504 2913 1960 2982 benevolentiam;
1993 2914 2038 2974 si

455 3011 580 3082 quis
599 3007 946 3064 homicidium
970 3004 1122 3073 fecit,
1142 3005 1420 3076 promittat
1443 3004 1626 3071 hodie,
1648 3014 1701 3060 et
1726 3002 1892 3060 faciat
1915 3003 2040 3061 inde

455 3101 620 3163 modo
664 3100 856 3172 dignos
896 3100 1104 3156 fructus
1145 3097 1504 3169 pmttitentite,
1544 3105 1600 3153 et
1639 3098 2039 3156 communicare

455 3193 765 3253 nullatenus
784 3198 1074 3263 prasumat
1101 3199 1226 3248 ante
1246 3189 1536 3260 perfectam
1557 3189 1948 3259 paenitentiam,
1977 3198 2038 3246 ut

457 3301 566 3342 non
591 3283 876 3356 dupliciter
905 3281 1088 3339 infelix
1132 3281 1367 3351 seipsum
1409 3279 1648 3344 damnet,
1689 3295 1756 3342 eo
1775 3281 1918 3351 quod
1952 3281 2036 3339 in-
2066 3274 2110 3339 C

456 3379 618 3451 digne
639 3392 836 3448 corpus
857 3375 1068 3434 Domini
1097 3375 1360 3447 percipit;
1382 3374 1429 3431 si
1457 3373 1578 3446 quis
1604 3373 1841 3446 linguam
1862 3375 2041 3431 detra-

454 3469 676 3531 hentem
722 3466 806 3523 vel
845 3465 1256 3530 maledicentem
1285 3465 1494 3533 habuit,
1526 3464 1689 3527 faciat
1717 3481 1839 3525 eam
1870 3466 2042 3537 magis

454 3572 620 3616 arare
644 3567 700 3615 et
721 3557 905 3615 laudes
923 3558 1018 3614 Dei
1045 3571 1335 3625 resonare;
1367 3557 1414 3618 si
1442 3555 1565 3628 quis
1583 3557 1762 3618 nimiae
1782 3556 2042 3628 potationi

460 3650 674 3709 deditus
707 3656 812 3715 est,
845 3649 1188 3704 sobrietatem
1216 3663 1281 3705 ex
1309 3649 1437 3705 hinc
1466 3658 1688 3715 voveat;
1722 3649 1764 3704 si
1795 3649 1919 3718 quis
1940 3649 2046 3706 ira-

461 3743 668 3802 cundus
702 3741 819 3808 fuit,
852 3722 1316 3802 mansuet’udinem
1355 3742 1561 3810 discat;
1607 3741 1654 3798 si
1701 3741 1823 3812 quis
1867 3743 2041 3797 aliena

458 3849 558 3908 per
580 3834 690 3894 vim
720 3843 817 3889 aut
845 3848 942 3904 per
978 3833 1222 3894 fraudem
1267 3834 1464 3906 rapuit,
1514 3828 1732 3906 propria
1785 3834 2045 3906 largiatur

453 3929 820 4001 pauperibus;
852 3928 899 3984 si
931 3927 1054 3998 quis
1079 3928 1333 3985 mentitus
1367 3927 1564 3998 sapius
1597 3925 1720 3993 fuit,
1749 3926 2043 3983 amodolo-

463 4031 663 4093 quatur
696 4022 1008 4088 veritatem;
1042 4022 1089 4080 si
1123 4021 1244 4092 quis
1273 4021 1548 4079 crudelem
1573 4037 1632 4078 se
1660 4021 1846 4088 sentit,
1877 4024 2041 4078 misr»

462 4115 754 4181 rioordian:
785 4115 951 4178 animi
984 4124 1227 4182 moveat;
1248 4116 1293 4171 si
1319 4115 1439 4186 quis
1467 4117 1733 4187 superbus
1764 4125 1818 4171 et
1856 4115 2042 4172 inube-

465 4212 616 4270 dicns
657 4217 811 4275 erat,
867 4207 1127 4279 spondeat
1175 4204 1536 4263 humilitatem
1582 4215 1639 4262 et
1683 4205 2044 4263 obedientiam

464 4317 648 4359 coram
674 4300 785 4356 Deo
807 4308 863 4355 et
891 4297 1195 4354 hominibus
1214 4311 1272 4353 se
1294 4297 1624 4353 habiturum.
1674 4297 1740 4355 Et
1773 4311 1894 4354 cum
1930 4298 2046 4355 haec

464 4393 722 4458 feceritis,
753 4389 1077 4452 charissimi.
1108 4387 1312 4445 oﬁ‘ertis
1336 4398 1520 4444 votum
1543 4386 1807 4458 placabile
1835 4387 1962 4455 Deo,
1992 4397 2046 4444 et

463 4483 640 4559 angeli
667 4484 760 4555 qui
787 4481 1037 4539 custodes
1060 4481 1185 4538 vitae
1221 4487 1416 4537 vestrm
1460 4489 1606 4547 sunt,
1651 4489 1778 4539 ante
1818 4495 2047 4551 conspe-

467 4586 612 4639 ctum
640 4574 832 4632 divinae
868 4571 1169 4642 maiestatis
1216 4569 1379 4625 talem
1415 4569 1742 4627 oblationem
1787 4569 2040 4637 offerunt,

465 4676 523 4726 et
549 4675 672 4740 post
700 4666 815 4722 haec
839 4663 1016 4718 veniet
1035 4661 1187 4718 vobis
1215 4660 1519 4718 benedictio
1542 4669 1600 4717 et
1621 4662 1769 4718 salus
1793 4677 2044 4733 perman-

466 4773 618 4825 sura,
641 4765 696 4813 et
715 4755 854 4810 sicut
879 4753 1015 4813 dixit
1041 4750 1292 4808 Salomon
1316 4749 1465 4823 (Sap.
1488 4749 1601 4823 xu)
1627 4769 1640 4806 :
1669 4749 2045 4810 Monimentum

467 4859 692 4906 vestrum
720 4863 824 4903 non
847 4845 1063 4917 accipiet
1085 4843 1409 4902 oblivionem.
1455 4843 1522 4900 Et
1542 4843 1752 4901 dicetur
1772 4845 1840 4901 de
1857 4846 2043 4902 vobis:

468 4942 606 4997 Ecce
631 4937 851 5011 populus
875 4952 1043 5001 metu,
1068 4950 1220 5006 quem
1245 4933 1494 5006 acquisiui
1516 4935 1769 5006 sanguine
1793 4951 1928 5002 meo,
1959 4953 2048 4992 sa-

469 5033 660 5086 turavit
682 5045 762 5084 me
794 5027 944 5092 uotis,
978 5024 1206 5097 implerit
1227 5040 1309 5080 me
1331 5024 1684 5081 odoramcntis
1708 5039 1727 5076 :
1746 5041 1839 5097 ego
1851 5043 1946 5082 ero
1974 5028 2048 5082 eis

469 5123 619 5195 quasi
650 5116 925 5183 Dominus,
948 5125 996 5172 et
1023 5115 1122 5188 ipsi
1149 5123 1299 5170 erant
1325 5114 1451 5168 mihi
1483 5115 1536 5169 in
1569 5115 1853 5186 paparium;
1879 5125 2054 5172 etnon

470 5215 568 5271 erit
591 5214 646 5267 in
671 5213 744 5266 eis
775 5210 913 5264 ultra
941 5208 1208 5280 captivitas
1241 5215 1288 5261 et
1325 5205 1601 5272 desolatio,
1637 5206 1761 5262 dicit
1796 5207 2052 5264 Dominus

476 5307 634 5362 Deus.
658 5304 810 5358 ilanc
831 5316 959 5373 ergo
977 5299 1387 5372 promissionem
1416 5299 1696 5364 habentes,
1721 5301 2048 5368 charissimi,

475 5396 796 5452 inundemus
825 5405 920 5446 nos
952 5390 1018 5445 ab
1043 5389 1187 5445 omni
1216 5387 1621 5456 inquinamento
1656 5390 1835 5444 carnis
1871 5397 1925 5444 et
1951 5390 2056 5460 spi-

475 5487 635 5549 ritus,
665 5481 1004 5556 perlicicntes
1034 5477 1513 5536 sanctiﬁcationem
1540 5478 1593 5531 in
1625 5479 1818 5535 timore
1847 5479 1972 5546 Dei;
2001 5489 2056 5536 et

474 5577 556 5634 sic
601 5577 738 5630 hanc
776 5582 1094 5644 praesentem
1129 5570 1479 5627 festivitatem
1519 5569 1794 5628 celebrare
1837 5574 2052 5629 studea-

479 5681 618 5729 mus,
651 5673 709 5736 ut
733 5663 937 5719 cmlesti
973 5671 1277 5718 sanctorum
1307 5660 1501 5731 gaudio
1535 5660 1590 5716 in
1629 5670 1890 5718 aeternum
1930 5679 2051 5734 per-

480 5756 583 5811 frui
615 5769 918 5809 mereatnur
943 5770 952 5807 ς
983 5760 1268 5822 praestante
1296 5753 1397 5807 hoc
1426 5761 1649 5808 auctore
1673 5752 1826 5809 istius
1861 5754 2051 5810 solem-

481 5849 668 5904 nitatis
701 5846 924 5902 Domino
963 5853 1144 5901 nostro
1172 5843 1296 5906 Jesu
1335 5845 1572 5917 Christo,
1614 5848 1704 5917 qui
1746 5864 1867 5904 cum
1894 5849 2055 5904 Patre

2141 2019 2302 2076 vilem
2333 2019 2582 2083 formam,
2617 2017 2940 2074 obumbrata
2979 2017 3279 2087 majestatis
3314 2032 3425 2075 sua:
3453 2017 3735 2088 dignitate,

2141 2111 2380 2182 suscepit
2424 2128 2440 2165 :
2493 2109 2847 2181 impassibilis
2911 2109 3076 2174 Deus,
3132 2124 3240 2164 non
3285 2106 3601 2179 dedignatus
3650 2116 3738 2164 est

2142 2205 2304 2260 homo
2331 2217 2450 2259 esse
2483 2202 2791 2273 passibilis‘;
2824 2210 2879 2258 et
2927 2201 3270 2271 immortalis,
3316 2201 3507 2256 mortis
3533 2199 3738 2271 legibus

2140 2291 2437 2362 subiacere.
2458 2291 2722 2362 Quisquis
2769 2292 2937 2364 igitur
2983 2292 3292 2348 Christiano
3321 2290 3538 2348 nomine
3567 2291 3652 2361 pie
3680 2299 3738 2348 et

2141 2386 2373 2443 ﬁdeliter
2397 2385 2667 2458 gloriaris,
2693 2384 3114 2455 dispensationis
3139 2384 3299 2455 huius
3335 2383 3564 2453 gratiam
3585 2381 3736 2451 justo

2141 2476 2411 2548 perpende
2435 2475 2675 2546 judicio:
2712 2475 2806 2530 tibi
2835 2476 2979 2546 enim
3003 2475 3270 2545 quondam
3288 2481 3512 2544 propter
3528 2486 3738 2544 praeva-

2140 2571 2455 2626 ricationem
2504 2569 2737 2639 abjecto,
2779 2568 2874 2624 tibi
2918 2578 3139 2625 extruso
3174 2585 3205 2625 e
3230 2568 3464 2638 paradisi
3504 2567 3734 2633 :edibus,

2143 2661 2234 2716 tibi
2261 2676 2360 2730 per
2392 2661 2582 2717 exsilia
2628 2661 2786 2732 longa
2835 2661 3105 2725 morienti,
3158 2659 3252 2716 tibi
3302 2661 3354 2716 in
3401 2660 3638 2716 cinerem
3678 2667 3738 2716 et

2138 2754 2414 2825 pulverem
2447 2753 2729 2820 dissoluto,
2762 2753 2849 2809 cui
2884 2751 2999 2822 jam
3036 2769 3145 2809 non
3187 2761 3305 2808 erat
3350 2768 3473 2825 spes
3513 2753 3618 2809 ulla
3652 2753 3736 2808 vi-

2138 2847 2319 2912 vendi,
2347 2862 2446 2918 per
2472 2847 2895 2903 incarnationem
2929 2844 3090 2900 Verbi
3133 2853 3371 2916 potestas
3401 2847 3525 2900 data
3555 2853 3638 2899 est
3673 2851 3737 2899 ut

2140 2937 2207 2992 de
2243 2937 2532 3009 longinquo
2561 2936 2628 2992 ad
2653 2945 2800 2991 tuum
2826 2936 3116 2991 revertaris
3148 2944 3448 3001 auctorem,
3475 2950 3738 3006 recogno-

2141 3042 2266 3083 scas
2285 3035 2591 3097 parentem,
2609 3018 2761 3082 liber
2800 3026 3050 3082 eiiiciaris
3075 3042 3141 3082 ex
3171 3041 3351 3093 servo,
3383 3027 3449 3081 de
3475 3035 3740 3082 extraneo

2139 3118 2458 3189 proveharis
2483 3120 2538 3173 in
2591 3117 2799 3173 filium:
2839 3127 2898 3173 ut
2948 3119 3040 3189 qui
3092 3133 3159 3173 ex
3189 3119 3526 3189 corruptibili
3574 3134 3741 3173 carne

2142 3217 2302 3265 natus
2328 3225 2408 3276 es,
2446 3223 2511 3264 ex
2552 3208 2646 3264 Dei
2681 3208 2882 3279 Spiritu
2928 3209 3256 3274 renascaris,
3283 3219 3338 3264 et
3367 3208 3614 3264 obtinens
3642 3224 3744 3278 per

2142 3301 2368 3372 gratiam
2414 3301 2558 3371 quod
2621 3315 2728 3354 non
2776 3299 2945 3356 habes
2990 3313 3087 3369 per
3139 3308 3410 3355 naturam.
3467 3300 3744 3356 Habentes

2143 3404 2272 3461 ergo
2294 3397 2458 3446 tantae
2486 3389 2599 3460 spei
2647 3389 2918 3456 ﬁduciam,
2973 3389 3329 3456 dilectissimi,
3381 3389 3435 3444 in
3480 3389 3586 3445 fide
3631 3405 3742 3461 qua

2144 3479 2349 3536 fundati
2389 3479 2519 3535 estis
2548 3480 2769 3534 stabiles
2792 3488 3140 3550 permancte;
3185 3480 3289 3537 hoc
3325 3479 3578 3549 operibus
3605 3495 3742 3536 con-

2143 3573 2322 3644 dignis
2347 3569 2626 3636 exhibete,
2653 3570 2796 3640 quod
2829 3569 2960 3625 dicti
2999 3571 3161 3625 estis:
3197 3570 3407 3642 insigne
3452 3570 3598 3626 enim
3641 3586 3744 3625 no-

2143 3679 2268 3719 men
2297 3662 2506 3718 Domini
2541 3662 2704 3718 vestri
2742 3661 2992 3731 portatis,
3020 3669 3076 3716 et
3103 3676 3134 3715 a
3177 3658 3396 3716 Christo
3439 3659 3738 3716 Christiani

2142 3753 2437 3824 nuncupati
2466 3753 2633 3817 estis;
2677 3751 2822 3820 quod
2869 3759 2998 3805 tunc
3024 3764 3153 3805 vere
3189 3747 3249 3805 iit
3281 3749 3324 3804 si
3351 3749 3550 3805 Christi
3595 3765 3741 3820 pra:-

2141 3851 2296 3912 ccpta
2328 3842 2577 3907 servetis,
2624 3849 2680 3895 et
2717 3840 2893 3895 Patris
2923 3839 3163 3900 cmiestis
3203 3838 3531 3895 voluntatem
3569 3839 3742 3894 facia—

2141 3935 2232 3990 tis.
2263 3932 2438 3989 Nolite
2461 3931 2740 4003 despicere
2789 3934 2987 3987 fratres
3035 3939 3244 3987 vestros
3293 3931 3564 3996 minimos,
3613 3945 3742 3986 cum

2143 4023 2339 4095 quibus
2362 4022 2696 4080 consortium
2733 4021 2968 4077 nominis
2989 4020 3192 4077 Christi
3222 4022 3418 4076 tenetis
3447 4035 3460 4076 :
3492 4021 3586 4077 sed
3615 4021 3744 4079 illos

2145 4119 2212 4174 ad
2241 4118 2487 4174 convivia
2535 4125 2741 4182 vestra,
2783 4114 3078 4171 secundum
3110 4113 3340 4180 Domini
3385 4123 3741 4184 praeceptum,

2144 4209 2480 4280 frequentius
2509 4215 2779 4264 revocate.
2813 4205 2928 4261 Non
2975 4213 3059 4261 est
3102 4205 3310 4276 justum
3351 4213 3412 4259 ut
3458 4205 3511 4260 in
3549 4214 3741 4260 sancta

2146 4301 2506 4365 solemnitate,
2539 4300 2593 4355 in
2624 4298 2821 4371 populo
2865 4295 3175 4353 Christiano
3217 4297 3286 4352 ad
3336 4313 3503 4352 unum
3549 4298 3742 4354 Domi-

2144 4407 2275 4447 num
2299 4392 2626 4463 pertinente,
2655 4389 2744 4444 alii
2777 4388 3134 4454 inebrientur,
3161 4389 3250 4444 alii
3296 4389 3454 4446 famis
3497 4389 3743 4461 periculo

2144 4484 2473 4538 crucientur.
2521 4482 2590 4536 Et
2638 4496 2754 4544 nos,
2803 4488 2860 4535 et
2887 4480 3066 4536 omnis
3113 4480 3341 4552 populus
3373 4481 3744 4548 Christianus,

2146 4571 2308 4628 unius
2332 4569 2544 4627 Domini
2569 4570 2710 4625 servi
2737 4585 2945 4636 sumus,
2976 4584 3085 4625 uno
3117 4570 3296 4641 pretio
3335 4571 3599 4641 redempti
3636 4587 3739 4626 su-

2149 4677 2287 4727 mus,
2320 4662 2436 4732 pari
2467 4661 2779 4718 conditione
2810 4660 2867 4715 in
2913 4660 3059 4716 hunc
3085 4661 3346 4716 mundum
3395 4659 3745 4726 intravimus,

2144 4753 2313 4812 simili
2337 4755 2503 4810 etiam
2527 4753 2675 4809 exitu
2701 4752 2986 4824 migraturi
3025 4766 3234 4816 minus,
3278 4759 3337 4807 et
3374 4752 3420 4808 si
3458 4753 3596 4807 bene
3620 4752 3744 4823 agi-

2149 4862 2287 4912 mus,
2317 4847 2386 4901 ad
2408 4861 2571 4900 unam
2597 4844 2988 4900 beatitudinem
3007 4843 3215 4914 pariter
3233 4843 3536 4899 veniemus.
3560 4842 3750 4910 Quare

2147 4951 2276 5010 ergo
2303 4952 2509 5008 pauper
2552 4945 2729 4991 tecum
2772 4949 2880 4990 non
2909 4933 3139 5010 accipiat
3172 4933 3374 5001 cibum,
3420 4933 3514 5003 qui
3559 4941 3749 4988 tecum

2148 5008 2468 5099 accepturus
2492 5035 2577 5082 est
2619 5040 2878 5097 regnum:
2912 5039 3081 5095 quare
3128 5008 3335 5094 pauper
3375 5039 3482 5079 non
3511 5024 3751 5094 accipiat

2157 5119 2241 5174 vel
2267 5125 2504 5173 veterem
2541 5116 2801 5183 tunicam,
2842 5115 2935 5188 qui
2975 5122 3153 5170 tecum
3186 5123 3501 5185 recepturus
3528 5122 3612 5169 est
3641 5113 3754 5168 im-

2160 5209 2506 5266 mortalitatis
2538 5207 2730 5264 stolam
2755 5225 2770 5274 ;
2798 5222 2966 5277 quare
2992 5221 3195 5277 pauper
3224 5222 3334 5264 non
3361 5215 3634 5262 mereatur
3653 5221 3753 5262 nc—

2158 5301 2336 5370 ci‘pere
2363 5315 2556 5370 panem
2594 5307 2767 5364 tuum,
2795 5299 2890 5368 qui
2919 5307 3098 5354 tecum
3138 5298 3337 5355 meruit
3378 5298 3624 5368 accipere
3649 5298 3752 5354 ba-

2159 5391 2340 5461 ptismi
2368 5398 2764 5445 sacramentum
2793 5408 2807 5443 :
2846 5372 2944 5444 cur
2985 5389 3236 5460 indignus
3274 5398 3359 5445 est
3386 5388 3633 5459 accipere
3660 5389 3755 5445 vel

2160 5480 2413 5550 reliquias
2439 5480 2681 5535 ciborum
2704 5487 2937 5544 tuorum,
2967 5479 3060 5550 qui
3084 5487 3259 5535 tecum
3288 5487 3549 5534 venturus
3569 5487 3658 5534 est
3677 5479 3754 5534 ad

2154 5574 2457 5630 convivium
2479 5573 2834 5644 angelorum?
2867 5572 3012 5640 Haec,
3035 5573 3250 5640 fratres,
3281 5573 3537 5627 attentius
3565 5571 3756 5626 consi-

2157 5668 2360 5730 derate,
2392 5667 2506 5721 haec
2528 5664 2645 5720 sine
2669 5680 2819 5720 mora
2852 5665 3076 5736 implere
3103 5663 3373 5729 festinate,
3399 5673 3458 5718 ut
3483 5676 3607 5718 cum
3629 5661 3757 5717 dies

2153 5757 2338 5825 jndicii
2371 5756 2594 5819 venerit,
2625 5771 2751 5823 non,
2789 5771 2911 5809 cum
2935 5754 3016 5811 eis
3058 5757 3151 5826 qui
3177 5770 3319 5810 nunc
3344 5767 3610 5826 pauperes
3646 5751 3755 5807 de-

2160 5850 2409 5919 spiciunt,
2463 5851 2782 5907 audiamus:
2830 5848 3089 5905 Discedite
3130 5868 3161 5906 a
3207 5865 3311 5916 me,
3354 5845 3647 5912 maledicti,
3691 5841 3755 5898 in
