3922 6322
209 321 263 374 n
1158 305 1466 384 nonnum
1509 305 1595 360 ne
1632 300 1798 360 FES'I

1909 288 2319 364 PRASCIPUlS,
2362 295 2512 353 E'l‘C.
3413 291 3475 348 13

212 434 362 503 ignem
390 437 647 483 a’ternum
693 423 905 497 (Matth.
930 422 1060 493 xxv)
1087 439 1101 487 ;
1133 422 1228 477 sed
1255 437 1377 477 cum
1413 419 1574 490 justis
1599 426 1653 473 et
1681 417 1782 472 mi-
1809 416 1860 474 Α
1886 427 2006 466 nem
2043 426 2166 465 cum
2204 410 2415 465 actibus
2442 409 2598 480 ejus,‘
2627 407 2718 477 qui
2771 405 3138 474 corrumpitur
3179 410 3475 463 secundum

205 522 557 581 sericordibus
605 519 790 573 audire
839 530 1187 572 mereamur:
1260 511 1476 576 Venite,
1528 509 1778 565 benedicti

207 610 375 668 Patris
401 612 524 674 mei,
555 610 805 681 percipite
831 622 1046 676 regnum
1070 619 1087 657 :
1119 605 1241 678 quia
1266 602 1459 658 esuriri
1483 611 1532 656 et
1559 601 1777 654 dedistis

206 702 322 757 mihi
373 701 743 762 manducare;
801 696 982 763 sitivi,
1046 705 1093 750 et
1147 694 1364 748 dedistis
1424 692 1552 746 mihi
1613 690 1779 744 bibere

209 791 406 863 (lbid.).
439 791 612 858 Quam
640 786 1051 844 desiderabilem
1088 799 1276 840 vocem
1323 782 1583 838 concedat
1622 779 1779 836 nobis

201 883 399 946 audire,
430 880 522 951 qui
545 878 705 934 hodie
733 885 892 931 natus
930 883 1033 940 est,
1062 873 1394 943 Redemptor
1418 877 1639 924 noster:
1687 867 1778 938 qui

200 969 327 1025 vivit
351 977 403 1025 et
431 976 620 1038 regnat
651 982 773 1021 eum
817 965 979 1019 Patre
1023 963 1076 1018 in
1107 963 1313 1017 unitate
1346 959 1581 1030 Spiritus
1605 957 1778 1013 sancti

200 1058 352 1126 Deus,
377 1073 474 1129 per
501 1057 679 1113 omnia
707 1054 902 1112 smeula
930 1051 1270 1108 saeculorum.
1300 1049 1492 1105 Amen.

793 1143 1075 1200 HOMILlA
1111 1142 1200 1197 Vl.

717 1255 770 1292 IN
802 1249 1026 1290 οοτλνιε
1055 1249 1260 1289 DOlllNl.

264 1330 505 1386 Audistis
531 1328 691 1383 modo
718 1342 785 1381 ex
825 1324 1056 1379 lectione
1081 1321 1413 1392 evangelica,
1444 1319 1641 1375 fratres
1663 1319 1786 1375 cha-

200 1419 410 1483 rissimi,
438 1431 656 1472 causam
687 1415 852 1470 istius.
868 1411 1247 1468 sacratissima:
1264 1410 1573 1466 festivitatis
1595 1427 1609 1464 :
1633 1409 1780 1479 quia,

1879 502 2143 558 desideria
2192 501 2436 557 erroris:
2492 507 2548 555 et
2597 497 2894 553 induamini
2941 511 3136 552 novum
3182 497 3475 561 hominem,

1878 593 1971 662 qni
2009 600 2304 646 renovatur
2329 591 2398 646 de
2439 591 2528 646 die
2570 590 2626 645 in
2657 589 2797 644 diem
2846 586 3143 643 secundum
3189 588 3477 660 imaginem

1879 682 2000 753 ejus
2027 684 2118 755 qui
2149 684 2355 740 creavit
2379 697 2503 738 eum
2535 681 2750 755 (Ephcs.
2780 679 2878 753 tv).
2901 680 3116 736 Veteris
3138 695 3288 750 ergo,
3320 681 3372 735 id
3397 689 3484 736 est

1880 774 2200 844 peccatoris,
2235 772 2470 828 hominis
2494 779 2647 827 actus
2675 778 2837 826 sunt:
2887 769 3182 835 Iactantia,
3233 771 3479 838 avaritia,

1887 864 2190 933 fornicatio,
2233 859 2604 926 immunditiis,
2648 858 2900 922 luxuriae,
2929 857 3193 912 idolorum
3236 859 3481 923 servitus,

1881 952 2149 1023 veneﬁcia,
2179 951 2490 1016 inimicitire,
2519 949 2898 1012 contentiones,
2948 945 3333 1013 wmulationes,
3365 948 3481 1012 ira',

1881 1045 2028 1109 νίκαν,
2061 1044 2431 1107 dissensiones,
2461 1048 2634 1106 sectae,
2686 1038 2923 1104 invidiae,
2965 1038 3272 1106 homicidia,
3315 1038 3483 1109 furta,

1881 1136 2174 1198 ebrietates,
2215 1135 2637 1196 comessationes,
2687 1142 2734 1187 et
2785 1132 2865 1186 his
2900 1130 3142 1186 similia:
3189 1147 3308 1203 qua:
3339 1147 3485 1202 prte-

1881 1225 1998 1279 dico
2033 1224 2196 1290 vobis,
2225 1226 2476 1295 quoniam
2501 1223 2590 1294 qui
2632 1222 2762 1276 talia
2790 1231 2975 1292 agunt,
3009 1237 3226 1293 regnum
3252 1220 3351 1275 Dei
3378 1237 3484 1275 non

1882 1327 2263 1389 consequentur
2297 1314 2444 1388 (Gai.
2475 1316 2552 1387 v).
2593 1313 2729 1371 Novi
2779 1322 2958 1368 autem
3003 1313 3260 1378 hominis,
3301 1311 3354 1366 id
3403 1320 3489 1368 est

1877 1408 2036 1480 justi,
2063 1423 2226 1479 opera
2258 1416 2423 1464 sunt:
2457 1406 2711 1473 Charitas,
2748 1405 3024 1476 gaudium,
3083 1420 3209 1474 pax,
3247 1403 3486 1474 longani-

200 1523 254 1569 ut
277 1512 490 1583 Scripsit
509 1516 727 1566 sanctus
751 1507 926 1562 Lucas
953 1505 1316 1575 evangelista:
1345 1500 1631 1574 Postquam
1655 1518 1784 1556 con-
1883 1504 2062 1569 mitas,
2094 1503 2318 1568 bonitas,
2356 1501 2666 1572 benignitas,
2706 1500 2861 1570 ﬁdes,
2891 1498 3170 1563 modestia,
3206 1498 3483 1569 patientia,

195 1605 436 1663 summati
473 1612 595 1657 sunt
643 1601 752 1654 dies
784 1609 900 1654 octo
929 1605 982 1651 ut
1012 1597 1472 1651 circumcideretur
1507 1609 1656 1665 puer,
1692 1610 1782 1648 uo—
1885 1594 2224 1658 continentia,
2255 1593 2550 1658 humilitas,
2598 1591 2873 1656 sobrietas,
2919 1597 2976 1646 et
3006 1590 3090 1650 bis
3121 1588 3318 1645 similia
3345 1605 3360 1654 ;
3392 1586 3488 1658 qni

200 1706 364 1751 catum
390 1702 463 1750 est
492 1709 679 1747 nomen
705 1691 818 1760 ejus
843 1689 1017 1754 Iesus,
1062 1689 1201 1758 quod
1227 1696 1464 1742 vocatum
1495 1693 1569 1740 est
1598 1686 1662 1740 ab
1688 1703 1786 1738 an-
1889 1691 2070 1739 autem
2100 1683 2154 1738 in
2185 1682 2272 1738 his
2295 1683 2485 1749 servit,
2504 1681 2684 1753 placet
2710 1683 2843 1746 Deo,
2875 1688 2931 1736 et
2969 1682 3232 1751 probatus
3276 1689 3359 1736 est
3390 1681 3490 1736 ho-

198 1785 308 1857 gelo
345 1785 653 1855 priusquam
698 1784 752 1836 in
787 1792 935 1835 utero.
957 1782 1316 1850 conciperetur
1355 1778 1505 1851 (Luc.
1549 1777 1632 1848 ιι).
1689 1777 1784 1834 llle
1812 1763 1858 1821 Β
1887 1774 2140 1830 minibus.
2163 1774 2278 1830 liae
2301 1773 2683 1843 rogo,fratres,
2707 1772 3494 1843 circumcisionevosmetipsos

199 1891 326 1947 puer
373 1873 622 1931 videlicet
675 1875 766 1943 qui
819 1882 930 1927 erat
976 1872 1031 1925 in
1080 1871 1336 1942 principio
1395 1868 1534 1940 apud
1573 1870 1789 1925 Patrem

213 1966 453 2032 Verbum,
481 1977 530 2022 et
552 1966 696 2021 Deus
721 1975 831 2019 erat
876 1961 1116 2018 Verbum.
1159 1961 1274 2016 Hoc
1303 1971 1413 2016 erat
1454 1961 1506 2014 in
1534 1958 1790 2030 principio

200 2059 335 2130 apud
377 2057 569 2121 Deum,
594 2057 768 2110 omnia
796 2071 886 2126 per
912 2055 1080 2125 ipsum
1113 2051 1255 2123 facta
1295 2060 1439 2116 sunt,
1465 2061 1513 2105 et
1542 2050 1653 2105 sine
1678 2050 1791 2121 ipso

201 2149 393 2220 factum
417 2157 492 2202 est
523 2146 654 2201 nihil
684 2145 866 2218 (Joan.
886 2144 949 2214 ι).
977 2144 1082 2199 Sed
1105 2143 1232 2212 quid
1262 2141 1490 2205 esthoc,
1517 2146 1576 2194 ut
1602 2148 1793 2195 octava

202 2238 287 2295 die
310 2237 792 2294 circumcideretur
820 2249 976 2306 puer,
1004 2232 1107 2287 nisi
1137 2232 1261 2302 quia
1291 2247 1418 2286 cum
1444 2245 1613 2286 verus
1647 2236 1794 2285 esset

203 2331 360 2394 Deus,
393 2337 448 2384 et
496 2335 612 2383 erat
651 2341 862 2397 semper
899 2324 1041 2396 apud
1068 2323 1322 2379 Patrem:
1372 2322 1444 2377 ita
1481 2329 1601 2376 erat
1633 2337 1798 2377 verus

202 2421 359 2477 homo
383 2425 607 2491 propter
633 2432 731 2472 nos
763 2425 817 2471 et
837 2429 1021 2470 veram
1047 2429 1265 2469 carnem
1303 2412 1539 2480 suscepit
1576 2419 1798 2481 propter

204 2508 432 2566 salutem
459 2517 719 2562 nostram.
765 2504 831 2559 Et
869 2505 944 2560 ita
972 2511 1089 2559 erat
1131 2501 1380 2563 Christus
1407 2500 1664 2556 Dominus
1689 2515 1794 2555 una

202 2615 427 2673 persona
462 2600 514 2653 in
543 2597 748 2653 duabus
777 2595 1115 2659 substantiis,
1164 2594 1216 2648 id
1263 2599 1348 2649 est
1394 2591 1449 2646 in
1483 2590 1795 2646 substantia

201 2691 314 2756 Dei,
351 2698 406 2746 et
433 2691 484 2744 in
513 2688 815 2743 substantia
845 2687 1077 2742 hominis
1101 2684 1304 2754 absque
1331 2691 1592 2754 peccato;
1635 2690 1691 2738 et
1719 2673 1795 2737 ita

201 2790 283 2838 est
313 2796 501 2836 verum
551 2779 693 2849 quod
746 2777 1132 2847 subsequentia
1177 2774 1454 2846 Evangelii
1493 2774 1560 2830 de
1609 2788 1676 2829 eo
1708 2782 1791 2828 te-

1894 1863 2288 1929 circumcidite,
2318 1870 2381 1918 ut
2420 1862 2542 1933 ejus
2590 1862 2706 1918 ﬁeri
2750 1863 2994 1917 membra
3027 1861 3366 1923 mereamini,
3397 1859 3494 1931 qui

1894 1955 2057 2010 hodie
2100 1964 2324 2025 propter
2372 1952 2812 2009 nos‘circumcidi
2859 1951 3052 2017 voluit,
3097 1960 3150 2007 ct
3174 1966 3371 2006 nomen
3402 1965 3494 2007 aevi

1895 2045 2096 2116 cipere,
2122 2045 2275 2116 quod
2304 2045 2456 2114 prius
2484 2043 2729 2114 angelica
2757 2042 2844 2098 de-
2867 2057 2933 2097 eo
2969 2041 3340 2111 pnccinebant
3364 2053 3493 2096 ora-

1895 2133 2034 2194 cula.
2071 2131 2230 2189 Iesus
2257 2132 2508 2188 Christus
2536 2130 2776 2187 salvator
2802 2139 3027 2187 noster:
3056 2129 3145 2199 qui
3176 2145 3299 2186 cum
3331 2129 3497 2187 Patre

1895 2232 1950 2279 et
1979 2223 2186 2294 Spiritu
2209 2221 2212 2224 ’
2234 2231 2421 2279 sancto
2443 2221 2578 2278 vivit
2606 2229 2668 2276 et
2690 2230 2884 2292 regnat
2920 2220 3069 2276 Deus
3085 2235 3189 2292 per
3223 2221 3406 2277 omnia
3434 2227 3492 2276 et

1898 2314 2107 2371 inﬁnita
2137 2314 2353 2371 stecula.
2386 2313 2582 2370 Amen.

2479 2401 2766 2461 HOMILIA
2789 2403 2902 2459 VII.

2409 2514 2462 2553 IN
2498 2513 2784 2554 EPIPHANIA
2809 2512 3015 2553 υωιιιη.

1971 2588 2154 2660 Nuper
2194 2588 2593 2644 solemnitatem
2647 2587 2791 2642 illam
2837 2586 3253 2651 celebravimus,
3302 2587 3503 2641 fratres

1901 2683 2228 2749 ebarissimi,
2278 2697 2386 2753 qua
2435 2682 2578 2737 Deus
2612 2681 2890 2737 hominem
2927 2695 3051 2736 cum
3096 2678 3504 2735 inﬁrmitatibus

1903 2775 2105 2841 induit;
2139 2790 2204 2830 ac
2248 2774 2407 2846 paulo
2448 2780 2571 2845 post
2606 2772 2749 2842 quod
2785 2771 3036 2828 eumdem
3065 2770 3498 2826 circumeidise-

201 2882 450 2929 stantur:
486 2871 555 2926 Et
580 2871 810 2936 verbum,
845 2869 1036 2940 inquit,
1073 2883 1196 2922 caro
1221 2866 1420 2937 factum
1439 2874 1542 2931 est,
1576 2874 1623 2919 et
1649 2863 1800 2918 habi-
1904 2863 2142 2920 eundum
2173 2861 2346 2936 legem
2371 2861 2559 2918 voluit.
2597 2860 2756 2917 Modo
2787 2874 2921 2916 vero
2946 2859 3078 2915 illud
3108 2859 3408 2915 excolimus
3433 2873 3502 2915 ac

203 2963 330 3018 tavit
362 2963 415 3017 in
440 2961 608 3016 nobis.
640 2960 778 3028 Quia
809 2960 974 3032 igitur
1016 2957 1346 3027 Redemptor
1390 2966 1577 3012 noster
1603 2955 1670 3010 ad
1697 2955 1800 3010 hoc
1904 2956 2101 3014 divinis
2124 2955 2372 3012 laudibus
2398 2967 2744 3018 veneramur,
2773 2951 2919 3023 quod
2948 2966 3007 3007 se
3036 2951 3089 3006 in
3117 2951 3335 3007 homine
3360 2951 3509 3008 Deus

203 3053 258 3108 in
299 3052 503 3107 mundo
545 3051 694 3105 nasci
734 3049 921 3115 voluit,
966 3056 1026 3104 ut
1069 3047 1363 3103 secundum
1403 3060 1599 3102 nomen
1642 3060 1801 3101 suum
1903 3047 2198 3103 virtutibus
2222 3044 2540 3102 declaravit.
2590 3042 2717 3100 Hine
2745 3057 2960 3114 quoque
2998 3040 3265 3098 festivitas
3312 3041 3505 3100 Grtrco

203 3158 368 3216 genus
393 3142 634 3198 salvaret
655 3129 971 3206 humanum,
1000 3139 1292 3210 unicuique
1336 3137 1515 3195 ordini
1558 3151 1619 3193 se
1652 3151 1801 3191 enm-
1828 3121 1874 3185 C
1903 3137 2166 3206 vocabulo
2201 3135 2498 3207 Epiphania
2549 3142 2927 3204 nuncupatur:
2968 3132 3111 3204 quod
3138 3149 3238 3189 nos
3280 3134 3508 3204 manife-

203 3243 446 3306 petenter
475 3233 702 3306 aptavit.
730 3231 1056 3289 Circumeidi
1091 3231 1387 3287 secundum
1411 3229 1585 3300 legem
1609 3228 1799 3296 voluit,
1900 3232 2179 3288 stationem
2210 3227 2552 3299 interpretari
2579 3236 2889 3298 possumus,
2920 3235 3020 3298 pro
3048 3240 3116 3282 eo
3152 3225 3294 3296 quod
3317 3224 3370 3279 in
3400 3224 3504 3282 hac

205 3333 262 3380 ut
295 3340 391 3381 eos
414 3325 510 3396 qui
548 3325 648 3380 sub
672 3323 788 3394 lege
830 3331 985 3378 erant
1024 3322 1336 3379 redimeret.
1366 3321 1584 3378 Hostias
1602 3335 1707 3392 pro
1741 3335 1801 3377 se

206 3417 388 3486 templi
421 3416 683 3472 Dominus
727 3430 835 3469 non
869 3413 1075 3485 respuit
1100 3411 1309 3477 otIerri,
1358 3419 1417 3467 ut
1465 3427 1652 3468 eorum
1696 3411 1804 3468 Re-

209 3505 458 3576 demptor
485 3511 774 3575 appareret
825 3503 918 3573 qui
962 3502 1030 3557 ab
1073 3502 1296 3558 exordio
1329 3502 1515 3558 mundi
1543 3516 1714 3572 usque
1734 3501 1802 3556 ad

206 3606 451 3670 tempora
479 3598 620 3654 data:
669 3594 1118 3660 eireumcisionis,
1169 3594 1252 3650 vel
1301 3604 1426 3665 post
1475 3593 1655 3648 datam
1695 3593 1804 3649 cir-

206 3689 620 3753 cumcisionem,
643 3686 710 3743 de
744 3685 864 3742 aliis
893 3685 1340 3741 nationibusDeo
1378 3685 1718 3756 placuerunt,
1750 3692 1804 3740 et

205 3780 283 3834 vel
312 3780 614 3836 hostiarum
642 3777 1024 3841 oblationibus,
1063 3776 1148 3832 vel
1187 3785 1336 3833 certe
1378 3776 1490 3832 sola
1525 3776 1647 3832 ﬁdei
1694 3776 1804 3830 vir-

206 3877 315 3925 tute
339 3885 472 3926 suas
522 3882 850 3938 suorumque
888 3868 1098 3923 animas
1141 3867 1387 3924 Creatori
1417 3866 1803 3922 commendan-

206 3967 302 4027 tes,
335 3978 364 4016 a
400 3962 565 4032 primi
594 3969 778 4017 reatus
825 3960 1052 4016 vinculis
1096 3959 1377 4015 absolvere
1407 3958 1686 4014 curabant.
1721 3958 1805 4014 Ad

205 4063 510 4106 extremum
535 4066 772 4121 quoque,
819 4051 874 4105 id
917 4059 1002 4105 est
1030 4051 1143 4121 jam
1187 4049 1462 4105 tricesimo
1490 4050 1666 4106 aetatis
1694 4065 1805 4106 suae

205 4155 365 4206 anno,
390 4139 701 4211 baptizatus
742 4156 772 4195 a
815 4138 1042 4206 Joanne,
1071 4149 1131 4195 ut
1158 4141 1560 4197 demonstraret
1605 4149 1804 4196 nostrm

205 4229 484 4286 munditiae
508 4246 628 4287 esse
672 4238 971 4296 auctorem,
1015 4240 1071 4287 et
1115 4232 1257 4300 quod
1294 4232 1409 4301 ipse
1446 4240 1590 4286 esset
1624 4231 1804 4304 Agnus

203 4319 292 4391 qui
323 4321 462 4374 tollit
488 4330 700 4389 peccata
726 4322 894 4376 totius
931 4320 1114 4375 mundi
1160 4321 1347 4394 (Joan.
1387 4320 1449 4392 ι).
1485 4321 1593 4378 Sed
1618 4331 1673 4378 et
1702 4323 1804 4378 hoc

205 4407 330 4479 quia
355 4409 551 4463 eodem
578 4410 662 4464 die
690 4424 801 4464 sua:
837 4410 1268 4466 eireumcisionis
1311 4427 1508 4467 nomen
1545 4419 1606 4467 ut
1643 4411 1802 4469 Iesus

1904 3320 1991 3378 die
2014 3320 2080 3375 de
2108 3318 2248 3374 cmlo
2276 3317 2443 3373 stella:
2487 3325 2641 3372 ortus
2669 3315 2850 3371 divina
2901 3315 3091 3370 nuntia
3133 3315 3384 3386 praebuit,
3435 3328 3502 3372 ac

1904 3410 2088 3482 Magos
2117 3409 2405 3480 diligenter
2445 3416 2754 3479 quaerentes
2792 3406 2861 3463 ad
2898 3406 3165 3463 cunabula
3205 3405 3500 3478 perduxit:

1904 3503 2020 3558 sive
2059 3502 2203 3572 quod
2235 3501 2288 3556 in
2325 3498 2582 3556 Iordanis
2625 3499 2786 3556 undis
2828 3499 3078 3556 Salvator
3114 3514 3379 3570 aquarum
3405 3513 3509 3557 nl-

1903 3600 2082 3646 turam
2107 3590 2175 3645 ad
2205 3588 2605 3670 reparationem
2630 3588 2850 3644 humani
2876 3590 3091 3662 generis
3113 3605 3213 3665 suo
3234 3590 3510 3661 baptismo

1904 3679 2262 3746 consecravit,
2301 3694 2367 3734 ac
2405 3670 2640 3750 Spiritus
2680 3679 2856 3735 sancti
2892 3679 3134 3743 adventu
3182 3688 3238 3736 et
3265 3689 3508 3752 paterna

1903 3772 2055 3828 vocis
2099 3771 2372 3841 praeconio
2405 3785 2567 3826 verus
2601 3770 2744 3826 Deus
2797 3770 3063 3826 innotuit:
3114 3771 3230 3828 sive
3274 3772 3418 3843 quod
3450 3773 3507 3829 in

1904 3862 2054 3920 Cana
2080 3862 2312 3920 Galilaeae
2351 3863 2405 3918 in
2434 3861 2684 3918 convivio
2711 3861 2963 3931 nuptiali,
2997 3878 3194 3934 aquam
3235 3863 3290 3919 in
3317 3864 3506 3920 vinum

1906 3956 2214 4023 convertit;
2246 3963 2321 4021 et,
2366 3955 2508 4010 sicut
2553 3954 2906 4027 Evangelium
2956 3962 3208 4021 testatur,
3256 3956 3412 4012 initio
3436 3955 3513 4012 si-

1906 4051 2157 4122 gnbrum‘
2183 4063 2402 4103 suorum
2443 4045 2817 4104 manifestavit
2845 4046 3072 4118 gloriam
3105 4064 3283 4115 suam,
3308 4057 3364 4104 et
3392 4062 3511 4105 cre-

1905 4139 2161 4195 diderunt
2190 4139 2243 4194 in
2266 4153 2391 4193 eum
2414 4137 2661 4208 discipuli
2683 4137 2830 4206 ejus:
2865 4139 2979 4195 sive
3001 4139 3127 4208 quia
3145 4141 3383 4210 quinque
3411 4155 3509 4212 pa—

1907 4229 2072 4285 nibus
2113 4228 2351 4299 quinque
2400 4227 2569 4282 millia
2600 4228 2880 4284 hominum
2928 4230 3184 4297 satiavit;
3233 4239 3289 4286 et
3337 4231 3509 4288 turbae

1907 4318 2274 4390 professione:
2305 4316 2410 4372 Hic
2448 4327 2524 4372 est
2564 4334 2678 4373 vere
2721 4323 2996 4390 propheta,
3027 4322 3117 4391 qui
3152 4330 3401 4375 venturus
3430 4331 3508 4379 est

1906 4411 1961 4465 in
2000 4410 2256 4465 mundum
2297 4407 2484 4482 (Joan.
2510 4408 2608 4482 vi),
2638 4411 2968 4480 praedicatus
2991 4419 3093 4468 est.
3125 4411 3222 4467 llis
3247 4427 3379 4484 ergo
3408 4428 3506 4468 au-

204 4510 496 4556 vocaretur
521 4502 748 4570 accepit,
778 4502 844 4556 ad
877 4502 1232 4558 imitationem
1264 4504 1501 4574 antiquae
1539 4504 1799 4560 observa-
1829 4473 1880 4534 D
1908 4500 2036 4556 ditis
2063 4473 2317 4555 omnibus
2345 4473 2721 4565 sacrameniis,
2754 4501 2897 4556 sicut
2940 4502 3111 4557 sancti
3138 4473 3507 4573 patresvnobis

207 4592 367 4648 tionis
397 4593 566 4648 fecit:
613 4594 738 4662 quia
783 4593 1081 4660 Abraham,
1133 4594 1224 4665 qui
1262 4596 1471 4665 primus
1516 4596 1804 4652 circumci-

207 4684 413 4739 sioncm
460 4685 687 4755 accepit,
740 4686 930 4740 eodem
977 4687 1063 4742 die
1110 4701 1222 4742 sua:
1261 4688 1690 4745 eireumcisionis
1735 4689 1805 4745 ob

209 4775 466 4828 meritum
514 4790 719 4846 magna:
761 4775 907 4842 ﬁdei,
943 4776 1238 4842 Abraham,
1273 4777 1325 4832 id
1360 4787 1445 4834 est
1481 4787 1637 4847 pater
1662 4779 1803 4834 mul-

209 4871 384 4921 tarum
414 4867 678 4935 gentium,
707 4869 971 4923 nominari
1002 4870 1302 4940 promeruit
1333 4869 1484 4943 (Gen.
1508 4873 1643 4946 xvn)
1668 4891 1680 4940 ;
1713 4874 1805 4943 qui

211 4965 368 5011 antea
408 4966 561 5026 pater
599 4957 831 5013 excelsus
877 4959 1055 5015 dictus
1095 4970 1201 5018 est.
1247 4969 1302 5016 et
1336 4962 1410 5016 ita
1450 4962 1503 5016 in
1549 4962 1685 5034 lege,
1715 4964 1806 5033 qni

211 5045 309 5099 sub
340 5045 462 5117 lege
505 5057 677 5113 erant,
708 5049 1068 5116 circumcisis,
1101 5054 1284 5105 statim
1316 5053 1533 5107 nomina
1568 5053 1812 5124 impone-

212 5134 360 5193 bant.
409 5141 478 5194 Et
509 5141 587 5196 sic
608 5141 900 5198 Christiani
924 5144 1102 5207 modo,
1126 5145 1315 5199 eodem
1346 5145 1613 5216 exemplo,
1637 5146 1814 5203 solent

215 5236 465 5301 tempore
495 5232 832 5303 baptismatis
865 5235 1154 5304 baptizatis
1177 5237 1396 5291 nomina
1430 5236 1726 5306 imponere,
1751 5247 1811 5293 ut

211 5323 528 5377 auctoritati
558 5325 862 5389 conveniat,
889 5325 1014 5394 quia
1046 5325 1232 5396 religio
1266 5327 1625 5381 commendat.
1670 5327 1811 5395 Quid

213 5423 395 5472 autem
443 5417 559 5472 haec
606 5418 947 5475 circumcisio
999 5418 1184 5490 legalis
1214 5419 1498 5489 signiﬁcet,
1547 5420 1810 5490 propheta

213 5507 458 5561 ostendit
492 5508 715 5563 dicens:
767 5509 1137 5564 Circumcidite
1173 5511 1332 5564 corda
1369 5520 1561 5573 vestra,
1605 5519 1654 5563 et
1704 5527 1808 5564 non

215 5610 462 5666 corpora.
519 5599 694 5666 Quam
753 5601 1220 5656 circumeisionem
1282 5601 1463 5656 cordis
1520 5599 1810 5671 Apostolus

220 5684 373 5741 nobis
401 5690 783 5745 commendat:
824 5691 1103 5762 Deponite,
1137 5693 1328 5763 inquit,
1357 5702 1596 5748 veterem
1628 5676 1807 5746 homi-

1912 4590 2269 4656 tradiderunt,
2326 4590 2588 4645 hodierna
2641 4589 2758 4645 dies
2804 4591 3130 4648 venerabilis
3169 4592 3394 4657 exstitit,
3441 4608 3508 4650 eo

1910 4683 2054 4755 quod
2081 4682 2278 4738 talibus
2304 4682 2522 4739 indiciis
2555 4682 2716 4740 hodie
2743 4683 2885 4740 Deus
2922 4683 2976 4739 in
3010 4684 3228 4741 homine
3254 4683 3508 4742 Christus

1911 4773 2290 4830 manifestatus
2329 4784 2436 4830 est.
2484 4773 2699 4830 Habent
2752 4774 2972 4845 quidem
3019 4790 3208 4831 omnes
3256 4776 3373 4831 ista:
3418 4791 3508 4833 res

1913 4866 2171 4936 mysteria
2203 4866 2530 4931 veneranda,
2563 4866 2657 4921 sed
2703 4873 2832 4920 tunc
2860 4865 3008 4922 nihil.
3038 4866 3184 4922 aliud
3222 4867 3507 4925 nobiscum

1915 4961 2083 5029 agunt
2109 4973 2270 5027 quam
2300 4957 2443 5027 quod
2486 4957 2645 5012 ﬁdem
2679 4956 3002 5012 catholicam
3043 4957 3200 5013 nobis
3228 4972 3506 5014 commen-

1916 5049 2064 5114 dent,
2095 5048 2239 5102 illam
2267 5047 2521 5102 videlicet
2544 5056 2666 5117 quae
2704 5061 2803 5117 per
2837 5046 3178 5103 dilectionem
3207 5057 3506 5118 Operatur;

1917 5149 1971 5196 et
1998 5154 2097 5194 nos
2125 5139 2304 5193 taliter
2333 5138 2519 5193 vivere
2561 5137 2813 5202 doceant,
2859 5143 2919 5191 ut
2950 5143 3136 5192 nostro
3182 5151 3279 5206 per
3321 5137 3506 5193 omnia

1915 5230 2225 5300 placeamus
2251 5228 2516 5284 Creatori.
2558 5226 2664 5282 Sed
2701 5226 2852 5291 libet,
2878 5225 3097 5291 fratres,
3125 5226 3326 5296 aliquid
3352 5226 3513 5284 vobis

1917 5325 2098 5380 dicere
2124 5325 2189 5380 de
2215 5324 2322 5379 illis
2364 5323 2541 5378 tribus
2579 5321 2893 5377 muneribus
2918 5337 3040 5393 quae
3065 5321 3201 5392 Magi
3244 5322 3505 5378 hodierna

1916 5419 2002 5474 die
2035 5416 2384 5486 Redemptori
2419 5422 2606 5470 nostro
2649 5413 2969 5470 offerebant.
3015 5414 3341 5471 Obtulerunt
3385 5414 3508 5484 qui-

1915 5509 2038 5564 dem
2068 5509 2164 5574 illi,
2202 5508 2344 5564 sicut
2367 5506 2528 5562 modo
2554 5503 2803 5570 audistis,
2835 5520 2959 5561 cum
2996 5505 3339 5576 evangelium
3364 5504 3505 5576 lege-

1915 5611 2086 5666 retur,
2117 5615 2327 5666 aurum,
2354 5599 2480 5654 thus
2503 5605 2558 5652 et
2597 5597 2895 5669 myrrham.
2926 5597 3034 5653 Sed
3069 5597 3296 5653 istorum
3337 5597 3514 5668 tripli»

1916 5693 2059 5748 cium
2104 5707 2388 5748 munerum
2428 5689 2621 5760 triplex
2672 5691 2998 5762 signiﬁcatio
3045 5690 3399 5746 continetur:
3450 5689 3503 5745 in
