3922 6328
396 360 463 415 19
1053 358 1115 415 Β.
1155 359 1405 415 RABANI
1441 357 1660 415 MAUlil
1696 355 2008 414 AiiClllEP.
2051 355 2355 413 MOGUNT.
2394 358 2678 416 OPERUM
2714 356 2891 413 PARS
2930 356 2988 411 l7.
3584 359 3657 416 ‘30

394 472 554 528 thure
599 471 908 527 obtulerunt
949 470 1167 529 Christo
1210 474 1306 529 Dei
1354 474 1613 528 honorem
1649 490 1663 538 ;
1708 474 1762 527 in
1810 487 1961 539 auro,
1992 476 2044 534 Α
2070 487 2288 538 remus;
2333 472 2405 527 ita
2432 474 2597 529 etiam
2648 474 2805 529 beata
2843 472 3073 542 genitrix
3121 473 3282 536 illius,
3330 488 3426 542 pro
3473 484 3656 529 osten-

393 563 599 634 regiam
614 563 934 632 dignitatem
960 580 974 629 ;
1004 565 1056 619 in
1084 564 1321 635 myrrha,
1349 564 1590 634 corporis
1615 564 1962 633 sepulturam.

389 650 695 708 Oll‘eratnus
723 667 852 724 ergo
880 661 934 707 et
967 668 1086 718 nos,
1126 652 1460 708 dilectissimi
1498 651 1714 718 fratres,
1757 654 1965 707 sincera

392 749 447 795 et
468 748 651 796 sancta
678 756 900 797 munera
930 742 1040 800 Deo
1064 750 1269 808 nostro,
1303 742 1357 797 id
1386 751 1491 807 est,
1524 741 1703 805 ﬁdem,
1737 756 1885 811 spem
1912 750 1966 795 et

390 833 731 890 charitatem.
762 833 1060 890 Oli‘eramus
1085 851 1271 890 aurum
1304 836 1599 905 sapientia),
1621 836 1747 890 thus
1761 835 1966 891 devota:

390 924 667 989 orationis,
701 925 976 996 myrrham
1023 926 1078 981 in
1125 925 1536 982 mortiﬁcatione
1583 927 1781 983 carnis.
1825 924 1967 981 Oile-

384 1026 574 1068 ramus
620 1014 956 1070 devotionem
1007 1017 1214 1081 carnis,
1274 1016 1608 1072 honestatem
1662 1016 1964 1082 locutionis,

386 1107 704 1177 probitatem
733 1110 928 1180 operis.
963 1109 1262 1169 Oll'eranius
1296 1113 1582 1182 puritatem
1633 1113 1845 1179 mentis,
1878 1130 1968 1169 ca-

388 1196 627 1253 stitatem
681 1200 924 1269 corporis
971 1211 1025 1255 et
1080 1202 1376 1255 custodiam
1429 1202 1765 1259 humilitatis.
1821 1202 1963 1258 Oile-

387 1301 572 1341 ramus
596 1289 1052 1357 eompatientiam,
1092 1291 1550 1361 longanimitatem
1590 1299 1648 1347 et
1687 1293 1967 1349 continen-

386 1376 539 1432 tiam.
570 1377 872 1435 Oli'eramus
916 1379 1321 1450 benignitatem,
1353 1381 1697 1437 sobrietatem
1727 1392 1781 1437 et
1809 1384 1969 1438 miseo

386 1466 695 1522 ricordiam.
746 1469 871 1525 Haec
914 1479 1036 1525 sunt
1079 1471 1219 1526 enim
1265 1472 1463 1542 placita
1511 1475 1621 1530 Deo
1664 1474 1823 1540 dona,
1853 1476 1969 1531 hare

384 1562 536 1626 grata
564 1567 810 1623 munera,
838 1574 957 1628 qum
992 1559 1063 1613 illi
1103 1560 1316 1630 quidem
1348 1560 1663 1627 oﬂ'eruntur,
1710 1565 1803 1619 sed
1834 1563 1965 1620 otl‘e—

385 1647 629 1703 rentihus
655 1648 923 1718 presnnt:
968 1650 1109 1704 nulla
1157 1653 1298 1705 enim
1332 1667 1389 1707 re
1419 1651 1523 1715 ille,
1576 1653 1722 1709 nullo
1746 1669 1969 1709 munere

382 1746 539 1808 eget;
571 1741 664 1793 sed
694 1739 795 1794 hoc
823 1739 897 1794 illi
926 1756 1118 1796 munus
1144 1742 1405 1811 Optimum
1434 1750 1518 1798 est
1548 1754 1606 1797 ut
1642 1759 1834 1799 causas
1863 1745 1967 1799 ha-

2068 564 2242 619 dendo
2270 564 2592 618 humilitatis
2618 565 2882 634 exemplo,
2907 564 3168 632 legalibus
3192 565 3346 618 subdi
3373 580 3477 619 non
3512 564 3654 622 retu.

2067 653 2145 722 git
2177 654 2457 709 institutis.
2504 654 2570 707 Et
2600 665 2656 707 ut
2694 654 2900 719 darent,
2947 655 3143 723 inquit,
3170 654 3412 718 hostiam,
3464 672 3651 710 secun-

2066 743 2193 799 dum
2216 745 2354 813 quod
2383 746 2579 799 dictum
2607 756 2680 798 est
2726 745 2781 798 in
2812 744 2921 816 lege
2967 744 3197 811 Domini,
3238 755 3652 815 parturtnrum,

2067 846 2159 889 aut
2187 837 2319 889 duos
2352 835 2522 905 pullos
2556 835 2931 889 columbarum.
2977 834 3159 890 Hostia
3210 837 3325 890 lucc
3352 850 3648 907 pauperum

2066 934 2198 991 crat,
2227 928 2586 997 praecepitque
2640 927 2898 982 Dominus
2947 929 3001 982 in
3032 928 3147 999 lege
3188 937 3246 981 ut
3284 929 3373 996 qui
3406 937 3651 997 possent,

2068 1033 2264 1088 agnum
2306 1033 2402 1087 pro
2433 1018 2540 1072 ﬁlio
2570 1018 2651 1072 vel
2703 1018 2831 1082 ﬁlia,
2861 1018 3017 1073 simul
3048 1028 3101 1073 et
3127 1027 3389 1073 turturem
3420 1019 3535 1074 sive
3560 1033 3652 1075 co-

2068 1106 2303 1162 lumbam
2341 1106 2626 1162 oil‘errent:
2654 1108 2745 1178 qui
2797 1123 2921 1163 vero
2947 1109 3050 1163 hoc
3088 1124 3193 1163 non
3240 1117 3482 1179 possent,
3516 1108 3655 1166 duos

2062 1197 2174 1267 jam
2206 1208 2441 1254 turtures
2463 1199 2546 1253 vel
2571 1200 2704 1255 duos
2746 1199 2916 1268 pullos
2947 1201 3206 1255 columba:
3234 1199 3509 1255 oﬂ‘errent.
3540 1198 3649 1255 Re-

2068 1288 2318 1359 demptor
2366 1289 2549 1359 itaque
2600 1298 2804 1351 noster,
2844 1304 2941 1358 per
2985 1290 3166 1343 omnia
3214 1299 3413 1344 nostra:
3464 1288 3651 1345 salutis

2068 1393 2297 1444 memor,
2320 1394 2424 1433 non
2451 1377 2620 1433 solum
2652 1379 2813 1432 homo
2856 1376 2992 1442 ﬁeri,
3021 1393 3141 1432 cum
3174 1379 3314 1433 Dens
3344 1387 3523 1443 esset;
3556 1377 3649 1434 sed

2068 1467 2253 1532 etiam,
2284 1482 2403 1521 cum
2424 1466 2574 1520 dives
2599 1474 2762 1530 esset,
2790 1480 2993 1535 pauper
3017 1464 3128 1518 ﬁeri
3158 1466 3325 1520 voluit
3350 1481 3447 1534 pro
3472 1466 3648 1531 nobis,

2069 1570 2128 1614 ut
2154 1575 2252 1615 nos
2277 1567 2593 1630 paupertate
2626 1574 2721 1613 sua
2766 1558 2959 1611 divites
2989 1555 3206 1617 faceret,
3235 1565 3287 1609 et
3318 1554 3649 1611 humanitate

2069 1666 2163 1705 sua
2193 1649 2303 1704 Deo
2349 1649 2487 1704 ﬁlios
2535 1651 2833 1718 adoptaret.
2884 1645 2991 1701 Sed
3020 1645 3146 1715 quia
3175 1643 3334 1699 hodie
3386 1644 3649 1699 adventus

2070 1741 2366 1797 Salvatoris
2392 1756 2512 1796 cum
2552 1739 2809 1811 genitrice
2842 1753 2939 1793 sua
2981 1737 3048 1791 ad
3084 1736 3338 1805 templum
3387 1734 3644 1791 solemnia

383 1828 507 1882 heat
538 1829 938 1883 remunerandi.
971 1828 1117 1884 Nihil
1139 1845 1170 1884 a
1196 1831 1351 1886 nobis
1371 1830 1600 1901 amplius
1619 1832 1803 1904 exigit,
1831 1833 1964 1888 nihil
1991 1818 2037 1878 Β
2066 1831 2315 1896 colimus,
2346 1830 2621 1886 imitemur
2648 1844 2746 1884 nos
2778 1841 3037 1897 personas
3066 1825 3185 1881 illas
3202 1840 3321 1895 quae
3344 1826 3555 1881 obviam
3596 1825 3644 1880 ci

384 1918 610 1989 amplius
630 1920 785 1988 petit,
813 1920 915 1975 nisi
943 1920 1166 1975 salutem
1189 1930 1426 1977 nostram
1453 1940 1465 1975 :
1491 1922 1671 1977 omnia
1700 1923 1842 1977 enim
1864 1923 1965 1978 sibi

381 2025 411 2061 a
443 2009 599 2063 nobis
627 2010 871 2079 praestari
899 2018 1069 2080 putat,
1102 2010 1147 2065 si
1198 2010 1272 2065 ita
1301 2026 1399 2066 nos
1426 2012 1693 2082 egerimus
1725 2021 1786 2065 ut
1811 2012 1966 2067 nobis

381 2098 451 2153 ab
476 2097 565 2152 illo
590 2106 782 2153 cuneta
807 2107 1149 2168 praestentur.
1182 2100 1287 2156 Sed
1317 2100 1494 2155 abillo
1521 2100 1677 2170 hujus
1698 2090 1784 2156 rei
1810 2102 1965 2157 nobis

383 2191 605 2257 petenda
630 2198 714 2244 est
757 2187 1012 2255 eﬂicacia,
1044 2198 1104 2244 ut
1141 2189 1507 2247 misericordia
1547 2188 1663 2260 ejus
1708 2204 1806 2246 nos
1830 2206 1969 2260 pra:-

382 2284 583 2351 veniat,
631 2292 687 2340 et
733 2285 1101 2341 misericordia
1140 2284 1256 2354 ejus
1298 2286 1658 2356 subsequatur
1706 2305 1805 2345 nos
1850 2306 1967 2345 om-

381 2376 538 2430 nibus
588 2376 780 2431 diebus
822 2377 946 2432 vitae
973 2386 1193 2446 nostrae,
1224 2386 1284 2433 ut
1319 2379 1681 2437 inhabitemus
1722 2376 1775 2436 in
1807 2382 1967 2438 domo

378 2466 591 2521 Domini
642 2467 696 2521 in
746 2467 1135 2537 longitudinem
1185 2469 1436 2529 dierum:
1484 2470 1625 2539 quod
1682 2472 1793 2542 ipse
1830 2488 1966 2543 pt'ae-

379 2562 527 2610 state
555 2555 803 2625 dignetur
831 2557 921 2628 qui
972 2558 1103 2613 vivit
1146 2566 1201 2614 et
1234 2564 1431 2631 regnat
1462 2560 1515 2615 in
1562 2561 1755 2617 szecula
1797 2577 1965 2619 saecu-

380 2644 574 2699 lorum.
604 2645 795 2701 Amen.

958 2737 1232 2794 HOMIIJA
1266 2740 1394 2796 VIII.

451 2841 506 2883 IN
531 2843 830 2885 ΗΥΡΑΡΑΝἸΊ
859 2844 975 2886 ειη
1007 2846 1302 2887 οηωήοΝε
1345 2848 1529 2889 DOIINI
1573 2849 1626 2889 ΙΝ
1657 2850 1888 2891 τεκιτιο.

456 2916 711 2973 Sanctam
735 2934 798 2975 ac
821 2920 1228 2977 celeberrimam
1263 2922 1662 2979 solemnitatem
1692 2925 1967 2981 hodierna:

382 3005 729 3073 celebritatis,
761 3006 954 3062 fratres
983 3008 1305 3074 charissimi,
1342 3025 1448 3081 qua
1498 3012 1961 3082 quadragesimam

380 3094 673 3150 Dominitxe
701 3094 1008 3155 Nativitati‘s
1034 3098 1174 3153 diem
1194 3099 1387 3155 debitis
1409 3116 1731 3156 veneramur
1751 3101 1958 3168 oiliciis,

382 3186 616 3240 maxima
641 3185 880 3255 ejusdem
927 3187 1137 3243 Domini
1168 3188 1451 3245 salvatoris
1481 3192 1675 3257 nostri,
1722 3190 1880 3247 simul
1910 3201 1963 3248 et

379 3276 716 3332 intemeratae
766 3277 1040 3348 genitricis
1087 3276 1206 3347 ejus
1264 3279 1561 3336 humilitate
1614 3280 1912 3336 dedicatam
1946 3322 1963 3347 ,

381 3382 538 3421 sacra
569 3367 842 3437 Evangelii
864 3367 1020 3424 lectio
1048 3384 1167 3439 qua:
1195 3369 1353 3425 modo
1376 3370 1655 3441 legebatur
1680 3372 1954 3441 designat;

380 3470 659 3525 exponens
688 3472 780 3511 eos
805 3458 895 3526 qui
930 3458 1031 3529 legi
1063 3459 1134 3512 nil
1184 3459 1464 3526 debebant,
1498 3461 1779 3531 implendis
1805 3477 1863 3517 se
1889 3462 1963 3517 le-

382 3545 593 3616 galibus
640 3562 736 3615 per
780 3548 959 3603 omnia
1016 3549 1317 3604 subdidisse
1369 3550 1638 3605 decretis:
1694 3559 1749 3605 et
1788 3550 1858 3606 ob
1884 3551 1958 3615 id,

382 3646 596 3707 tempus
621 3639 952 3710 purgationis
981 3641 1269 3695 secundum
1295 3642 1464 3713 legem
1494 3641 1660 3712 Moysi
1688 3642 1847 3697 modo
1869 3658 1965 3698 eos

383 3727 703 3783 observasse
770 3739 1177 3784 commemorat.
1252 3732 1512 3803 Praecepit
1582 3748 1811 3803 namque
1875 3733 1961 3788 lex

385 3816 575 3889 (Leuit.
614 3819 712 3886 xu)
744 3829 802 3873 ut
825 3820 1018 3876 mulier
1041 3836 1161 3891 qua:
1190 3832 1437 3893 suscepto
1480 3824 1683 3879 semine
1724 3825 1963 3894 peperis-

382 3917 466 3962 set
496 3907 683 3973 tilium,
714 3910 987 3966 immunda
1032 3919 1175 3965 esset
1220 3921 1426 3981 septem
1472 3912 1681 3977 diebus,
1710 3925 1764 3968 et
1793 3914 1845 3967 in
1874 3914 1964 3968 die

380 4005 577 4051 octavo
602 3997 1012 4052 circumcideret
1039 3998 1357 4053 infantulum
1403 4016 1704 4071 nomenque
1730 4012 1958 4071 aptaret.

382 4088 584 4143 Deinde
609 4089 773 4142 etiam
801 4089 921 4143 aliis
952 4091 1168 4158 triginta
1212 4092 1384 4146 tribus
1408 4092 1597 4147 diebus
1621 4094 1688 4148 ab
1717 4094 1961 4165 ingressu

382 4179 565 4248 templi
593 4194 658 4234 ac
685 4180 784 4234 viri
815 4188 932 4235 toro
982 4180 1297 4246 abstineret,
1331 4183 1500 4238 donec
1547 4184 1963 4254 quadragesimo

384 4270 683 4325 nativitatis
710 4271 795 4325 die
818 4269 983 4324 ﬁlium
1013 4287 1133 4326 cum
1162 4273 1354 4328 hostiis
1380 4273 1448 4329 ad
1476 4273 1729 4345 templum
1750 4274 1960 4330 Domini

383 4350 635 4415 deferret.
703 4360 1121 4431 Primogenitum
1184 4373 1362 4419 autem
1413 4379 1627 4420 omnem
1680 4366 1965 4421 masculini

382 4466 563 4518 sexus,
591 4461 834 4506 sanctum
886 4442 1111 4508 Domino
1158 4456 1360 4519 vocari,
1409 4464 1569 4525 atque
1612 4457 1733 4511 ideo
1760 4458 1957 4511 munda

383 4557 609 4611 quaeque
632 4543 814 4597 oll‘erri
845 4543 973 4609 Deo,
1009 4544 1281 4598 immunda
1313 4554 1489 4600 autem
1521 4546 1733 4602 mundis
1763 4549 1957 4601 mutari

386 4634 466 4687 vel
491 4634 703 4699 occidi;
737 4644 793 4689 et
824 4635 1060 4690 hominis
1100 4636 1512 4707 primogenitum
1541 4638 1777 4708 quinque
1815 4638 1959 4693 siclis

386 4726 592 4797 argenti
623 4726 820 4782 debere
840 4728 1055 4793 redimi,
1081 4735 1136 4783 et
1164 4731 1368 4797 reliqua
1392 4742 1511 4798 quas
1534 4728 1669 4783 liber
1692 4728 1962 4785 Leviticus

385 4827 667 4871 enumerat
692 4818 1037 4873 suiiieienter.
1071 4817 1205 4873 Cum
1230 4820 1371 4873 enim
1402 4818 1545 4874 dicat
1571 4818 1655 4874 lex
1684 4820 1959 4875 mulierem

385 4922 506 4975 qua:
534 4916 780 4978 suscepto
806 4908 1011 4963 semine
1032 4909 1345 4978 peperisset,
1368 4909 1696 4964 immundam
1722 4910 1957 4976 decerni,

386 5004 441 5047 et
478 5011 575 5065 per
620 4995 775 5064 longa
810 5004 1048 5064 tempora
1096 4997 1255 5052 simul
1296 5012 1418 5053 eum
1462 4997 1611 5068 prole
1655 5013 1817 5068 quam
1866 5014 1957 5068 ge-

388 5089 618 5152 nuisset,
661 5086 856 5145 oblatls
882 5089 990 5143 Deo
1028 5088 1281 5155 victimis,
1317 5090 1511 5145 debere
1535 5091 1804 5155 mundari,
1830 5108 1958 5161 pro-

388 5180 531 5233 t'ecto
560 5186 709 5248 patet
735 5179 859 5248 quia
905 5178 1049 5234 illam
1081 5194 1201 5249 qua:
1245 5180 1362 5235 sine
1404 5179 1574 5234 virilis
1621 5181 1960 5248 susceptione

389 5268 610 5324 seminis
637 5269 790 5339 virgo
816 5270 1042 5340 peperit,
1066 5285 1173 5324 una
1196 5284 1317 5324 cum
1344 5268 1451 5323 ﬁlio
1473 5269 1564 5339 qui
1594 5278 1752 5324 natus
1774 5280 1858 5324 est
1884 5270 1954 5334 ei,

389 5371 565 5426 neque
596 5359 923 5413 immundam
951 5360 1240 5425 describat,
1269 5372 1442 5428 neque
1486 5374 1582 5428 per
1632 5359 1836 5414 hostias
1867 5360 1960 5415 do-

389 5456 514 5501 ceat
547 5462 665 5502 esse
691 5448 1070 5503 mundandam.
1116 5448 1243 5515 Sed,
1293 5450 1433 5505 sicut
1463 5450 1721 5504 Dominus
1750 5466 1815 5505 ac
1859 5450 1964 5505 sal-

389 5547 549 5592 valor
576 5547 777 5604 noster,
806 5540 896 5609 qui
930 5540 1100 5611 legem
1129 5540 1387 5595 divinitus
1416 5540 1583 5606 dedit,
1616 5555 1882 5611 apparens
1909 5542 1961 5595 in

391 5628 635 5693 homine,
673 5628 787 5683 ﬁeri
824 5631 993 5686 voluit
1037 5631 1135 5687 sub
1170 5632 1306 5703 lege,
1347 5642 1405 5687 ut
1431 5646 1526 5687 eos
1566 5631 1659 5702 qtti
1708 5633 1806 5687 sub
1847 5633 1965 5702 lege

397 5728 553 5773 erant
599 5720 913 5789 redimeret,
970 5734 1024 5779 ut
1081 5724 1420 5793 adoptionem
1483 5723 1713 5779 ﬁliorum
1759 5725 1964 5794 recipe-

2066 1924 2191 1978 illue
2220 1931 2497 1985 venerunt,
2530 1921 2669 1976 sicut
2702 1920 2861 1976 modo
2880 1934 2947 1973 ex
2989 1916 3275 1988 evangelio
3308 1917 3644 1982 audivimus;

2065 2012 2205 2081 quod
2232 2019 2450 2067 sanctus
2477 2008 2713 2074 Simeon,
2756 2024 2786 2063 a
2830 2005 3031 2076 Spiritu
3063 2012 3246 2062 sancto
3292 2004 3346 2059 in
3392 2003 3644 2075 templum

2064 2103 2345 2167 adductus,
2380 2102 2434 2155 in
2472 2100 2625 2154 ulnas
2670 2114 2796 2154 suas
2838 2113 3063 2169 puerum
3091 2096 3380 2165 acceperit,
3409 2103 3461 2149 et
3480 2094 3646 2149 bene-

2064 2193 2261 2250 dixerit
2294 2191 2616 2254 Dominum;
2672 2196 2729 2243 et
2769 2188 2895 2257 quia
2946 2188 3098 2240 Anna
3148 2184 3395 2255 religiosa
3449 2183 3646 2238 femina

2065 2291 2227 2352 atque
2252 2282 2433 2345 vidua,
2474 2279 2662 2334 eadem
2704 2278 2840 2332 hora
2867 2274 3251 2346 superveniens
3292 2272 3645 2329 confitebatur

2065 2372 2175 2427 Deo
2198 2379 2253 2426 et
2276 2370 2597 2440 loquebatur
2620 2368 2686 2424 de
2717 2383 2783 2423 eo
2834 2367 3082 2423 omnibus
3124 2366 3216 2435 qui
3263 2364 3650 2434 exspectabant

2064 2461 2486 2530 redemptionem
2510 2457 2695 2513 Israel.
2730 2457 3023 2513 Veniamus
3042 2464 3095 2510 et
3132 2470 3228 2509 nos
3256 2455 3466 2510 obviam
3495 2453 3649 2518 Jesu,

2063 2562 2118 2609 et
2144 2552 2474 2609 exsultantes
2503 2551 2859 2622 suscipiamus
2896 2566 3018 2605 eum
3050 2548 3189 2603 ulnis
3220 2549 3480 2603 bonorum
3518 2560 3647 2616 ope-

2065 2661 2220 2700 rum:
2272 2653 2328 2701 et
2354 2644 2709 2699 conﬁteamnr
2752 2641 2954 2696 nomini
2983 2639 3098 2709 ejus
3145 2653 3362 2709 magno,
3394 2648 3449 2693 et
3482 2652 3640 2693 enar-

2064 2752 2244 2792 remus
2290 2733 2720 2789 misericordiam
2756 2731 2889 2801 ejus,
2942 2740 3001 2786 et
3047 2729 3312 2785 mirabilia
3367 2730 3484 2799 ejus
3527 2741 3649 2797 qua

2065 2826 2191 2882 fecit
2220 2826 2499 2881 nobiseum
2541 2823 2791 2878 omnibus
2818 2822 2909 2891 qui
2952 2828 3270 2890 exspectant
3314 2818 3642 2888 redemptio-

2062 2933 2186 2974 nem
2215 2916 2513 2973 Jerusalem
2554 2923 2610 2969 et
2633 2913 3053 2968 consolationem
3090 2910 3272 2966 lsrael.
3314 2908 3482 2977 Quam
3513 2924 3645 2964 con-

2064 3009 2382 3066 solationem
2407 3005 2688 3061 Psalmista
2718 3004 2770 3058 in
2802 3002 3004 3072 Spiritu
3032 3001 3354 3072 praevidens,
3389 3000 3500 3053 ait:
3534 2997 3649 3051 La:-

2065 3101 2288 3171 tiﬁcabis
2325 3115 2436 3163 nos,
2462 3096 2707 3159 Domine,
2732 3095 2785 3147 in
2815 3092 3009 3161 gaudio
3037 3108 3152 3145 cum
3183 3089 3325 3144 vultu
3357 3098 3465 3153 tuo,
3506 3084 3647 3140 dele-

2067 3194 2316 3248 ctationes
2345 3192 2399 3243 in
2448 3191 2662 3242 dextera
2711 3196 2801 3238 tua
2847 3200 3007 3253 usque
3048 3183 3101 3235 in
3131 3182 3307 3251 ﬁnem.
3349 3178 3654 3237 Oil‘eramus

2064 3283 2139 3339 illi
2169 3280 2568 3352 simplicitatem
2614 3276 2831 3339 mentis,
2878 3274 3021 3342 quod
3052 3272 3317 3343 signiﬁcat
3358 3270 3644 3333 columba;

2062 3373 2350 3429 oil'eramus
2379 3368 2621 3440 corporis
2657 3366 2983 3430 castitatem,
3011 3365 3153 3435 quod
3184 3372 3365 3417 turtur
3404 3362 3638 3433 ﬁgurat;

2061 3465 2350 3521 oii‘eramus
2398 3462 2471 3516 illi
2528 3475 2652 3516 cum
2708 3457 3000 3514 sobrietate
3045 3454 3472 3511 conversationis
3501 3466 3647 3507 com-

2061 3556 2403 3627 punctionem
2441 3554 2637 3617 cordis,
2672 3565 2834 3621 quam
2861 3547 3126 3617 signiﬁcat
3153 3544 3342 3599 (iantes
3372 3552 3643 3598 utrarum-

2061 3656 2164 3716 que
2194 3646 2371 3699 avium
2403 3660 2418 3707 ;
2446 3643 2577 3697 dicit
2614 3642 2758 3696 enim
2808 3638 3086 3709 Scriptura
3113 3651 3127 3690 :
3177 3634 3508 3705 Sacriﬁcium
3539 3633 3647 3695 Deo

2060 3738 2273 3807 spiritus
2301 3733 2679 3789 contribulatns
2707 3747 2723 3783 :
2771 3748 2859 3785 cor
2901 3730 3181 3784 contritum
3222 3736 3270 3781 et
3317 3726 3646 3780 Itumiliatum

2060 3828 2202 3882 Deus
2242 3842 2345 3880 non
2388 3825 2577 3893 spernit
2609 3820 2780 3894 (Psal.
2806 3820 2880 3890 ι).
2920 3820 3021 3873 Ista
3051 3826 3177 3873 sunt
3200 3818 3357 3879 dona,
3391 3816 3491 3871 ista
3520 3822 3646 3869 sunt

2062 3918 2348 3982 sacriﬁcia,
2375 3917 2571 3986 quibus
2590 3914 2836 3970 Christus
2874 3911 3171 3967 delectatur
3199 3917 3253 3964 et
3284 3907 3498 3979 gaudet.
3553 3902 3647 3959 Ve-

2062 4019 2171 4063 tera
2196 4008 2540 4069 transferunt,
2570 4020 2685 4059 ecce
2707 4003 2882 4056 omnia
2920 4003 3060 4071 facta
3095 4010 3215 4053 sunt
3260 4010 3390 4053 nova
3416 4014 3433 4059 ;
3458 3997 3644 4066 sicque

2063 4100 2163 4171 ipsi
2185 4099 2388 4154 erimus
2420 4097 2596 4151 hostia
2640 4103 2794 4165 grata
2847 4092 2976 4155 Deo,
3030 4091 3075 4145 si
3120 4089 3392 4160 praeterita
3421 4094 3643 4156 peccata

2062 4198 2246 4244 nostra
2277 4187 2486 4241 ﬂetibus
2528 4195 2582 4240 et
2610 4183 2993 4239 misericordiae
3040 4181 3293 4250 operibus
3320 4178 3640 4242 abluamus;

2061 4290 2115 4335 et
2151 4278 2293 4349 quod
2320 4291 2565 4347 supernae
2611 4272 2962 4329 beatitudinis
3004 4269 3269 4325 desiderio
3314 4264 3642 4336 eompuncti,

2062 4370 2198 4423 bene
2227 4368 2489 4428 viventes,
2543 4362 2782 4433 quotidie
2834 4362 2941 4417 Deo
2987 4360 3038 4413 in
3069 4359 3317 4413 oratione
3358 4358 3639 4412 dicamus:

2064 4457 2234 4513 Sitivit
2262 4456 2440 4509 anima
2469 4471 2582 4508 mea
2604 4453 2673 4506 ad
2698 4452 2866 4505 Deum
2902 4452 3091 4513 vivum,
3114 4448 3323 4519 quando
3364 4448 3566 4503 veniam
3592 4456 3642 4501 et

2062 4546 2317 4618 apparebo
2343 4555 2463 4599 ante
2486 4545 2673 4613 faciem
2722 4542 2859 4596 Dei?
2884 4541 3054 4609 (Psal.
3084 4541 3219 4610 xu.)
3251 4539 3403 4607 Quod
3433 4539 3644 4595 deside-

2064 4639 2203 4693 rium
2230 4648 2473 4692 nostrum
2498 4636 2565 4690 ad
2588 4634 2837 4689 eil‘ectum
2862 4632 3140 4703 perducat,
3180 4632 3271 4702 qui
3300 4640 3519 4700 propter
3544 4642 3648 4684 nos

2064 4729 2374 4783 incarnatus
2398 4736 2499 4792 est,
2523 4734 2579 4781 et
2616 4725 2961 4794 semetipsum
3007 4723 3228 4777 tradidit
3270 4730 3328 4777 ut
3356 4722 3649 4777 redimeret

2064 4834 2163 4874 nos
2192 4818 2244 4871 in
2275 4816 2532 4887 sanguine
2578 4831 2699 4881 suo,
2742 4814 2989 4869 Christus
3037 4813 3275 4867 salvator
3303 4822 3502 4875 noster,
3548 4808 3643 4879 qui

2064 4910 2195 4964 vivit
2222 4917 2277 4964 et
2304 4915 2495 4979 regnat
2533 4923 2657 4962 cum
2708 4907 2818 4961 Deo
2851 4905 3009 4959 Patre
3058 4906 3112 4959 in
3155 4905 3361 4959 unitate
3409 4903 3645 4973 Spiritus

2064 5000 2257 5064 sancti,
2283 5014 2379 5069 per
2405 4998 2583 5053 omnia
2611 4996 2805 5052 saecula
2828 4996 3164 5051 saeculorum.
3203 4994 3394 5051 Amen.

2655 5107 2932 5164 HOMILIA
2966 5107 3054 5161 IX.

2431 5216 2481 5253 1N
2512 5215 2761 5255 DOIIINICA
2790 5209 3266 5261 ιουλυιιλιὲεευιεε.

2068 5293 2145 5346 De
2155 5294 2367 5363 jejunio
2397 5292 2606 5346 Domini
2627 5301 2674 5345 et
2707 5292 2913 5363 ratione
2934 5290 3401 5363 quadragesintalis
3422 5289 3643 5363 jejunii,

2136 5359 2181 5416 et
2206 5359 2438 5416 castitate
2462 5372 2613 5431 atque
2636 5359 2953 5415 continentia
2974 5378 3089 5415 cum
3118 5359 3341 5431 propriis
3372 5359 3641 5415 uxoribus.

2137 5433 2359 5504 (Evang.
2386 5431 2596 5495 Matth.,
2630 5444 2744 5501 cap.
2774 5431 2869 5502 tv.)

2138 5540 2320 5595 Lectio
2350 5541 2520 5595 sancti
2557 5540 2831 5612 Evangelii
2858 5557 3021 5611 quam
3062 5542 3223 5597 modo
3247 5540 3493 5598 audistis.
3539 5538 3646 5593 l'ra-

2069 5642 2178 5688 tres
2226 5632 2552 5697 charissimi,
2612 5631 2768 5701 hujus
2825 5633 3206 5688 sacratissima:
3249 5628 3647 5687 observationis

2070 5723 2270 5779 revelat
2304 5724 2624 5790 exordium;
2670 5740 2789 5779 cum
2820 5725 3084 5781 Dominici
3140 5722 3294 5780 nobis
3333 5707 3521 5794 jejunii
3548 5734 3641 5776 ριν
