3922 6322
3318 352 3393 409 $22

153 375 209 434 21
1080 363 1385 423 ιιοιιιιιιιῖ
1427 362 1512 417 DE
1548 358 1734 416 FESTI

1838 357 2232 424 PRJSCIPUIS,
2269 354 2422 411 ETC.

152 487 290 561 ponit
329 492 742 542 sacramentum.
795 479 991 534 Narrat
1037 478 1180 538 enim
1216 484 1436 531 sanctus
1482 487 1712 543 evange-

1838 473 2017 541 ;esima
2043 483 2172 524 vero
2200 484 2304 524 non
2351 465 2619 536 jejunarc,
2648 475 2927 536 peccatum
2973 474 3073 521 est.
3110 466 3228 522 Alio
3258 475 3393 522 tem-

154 556 265 634 lista
290 575 565 633 Matthmus
581 572 723 642 quod
751 570 999 626 Salvator
1023 576 1208 622 noster
1234 573 1360 636 post;
1382 563 1706 633 baptismum
1808 574 1939 629 pore
1962 558 2052 628 qui
2071 556 2300 626 jejunat,
2338 556 2564 626 accipiet
2591 556 2977 626 indulgentiam
3005 574 3017 609 :
3068 557 3119 610 in
3151 556 3393 623 Quadra-

154 687 293 730 suum
322 677 375 725 et
419 674 541 737 post
588 663 992 721 descensionem
1039 659 1275 729 Spiritus
1322 656 1495 711 sancti
1550 669 1710 724 super
1811 647 2276 717 gcsimaquoquc,
2308 644 2398 712 qui
2443 654 2641 713 potest,
2676 653 2733 700 ct
2782 660 2889 699 non
2932 643 3169 715 jejunat,
3202 649 3398 702 sentiet

155 776 335 833 ipsum,
363 733 433 815 ab
456 758 646 813 eodem
682 754 889 825 Spiritu
935 752 1130 806 ductus
1171 750 1239 804 sit
1271 748 1325 803 in
1353 748 1622 803 desertum
1654 756 1712 798 ut
1811 749 2048 804 pmnam.
2096 733 2164 787 Et
2208 734 2323 802 ipse
2352 740 2529 789 tamen
2560 734 2652 804 qui
2695 733 2943 805 jejunare
2989 750 3093 789 non
3124 737 3401 806 praevalet,

154 824 431 909 tentaraur
457 864 490 902 a
522 824 769 909 diabolo;
796 852 851 901 et
893 857 1014 897 cum
1036 839 1335 911 jejuuasset
1357 835 1711 906 quadraginta
1813 824 2075 879 secretius
2106 824 2207 879 sibi
2230 824 2347 887 soli,
2381 832 2475 878 aut
2500 824 2543 879 si
2571 834 2654 880 est
2683 824 2821 881 alius
2847 825 3095 882 inﬁrmus
3119 842 3239 881 cum
3263 827 3402 897 ipsii,

155 944 326 999 diebus
353 947 407 994 et
427 935 779 1007 quadraginta
809 932 1079 997 noctibus,
1109 937 1293 1000 postea
1319 925 1524 991 esuriit,
1565 939 1713 979 cum-
1802 917 1913 974 -sibi
1952 918 2005 972 in
2030 918 2189 973 domo
2218 934 2314 973 sua
2336 927 2602 988 prmparct
2628 918 2771 990 quod
2794 919 3023 988 accipiat
3047 935 3061 983 ;
3091 929 3146 975 et
3173 920 3291 974 illos
3311 927 3403 990 qui

152 1046 245 1102 que
270 1036 501 1086 tentator
536 1025 740 1089 adiens,
770 1021 1092 1077 tentavcrit:
1121 1019 1214 1074 sed
1244 1017 1388 1072 veris
1433 1012 1715 1071 sententiis
1808 1007 2053 1078 jejuuare
2076 1008 2390 1077 praevalent,
2423 1008 2491 1062 ad
2515 1008 2797 1088 prandium
2828 1023 2934 1062 non
2967 1008 3180 1073 invitet,
3212 1024 3279 1064 ne
3300 1009 3399 1064 sibi

154 1123 330 1178 divina:
349 1121 481 1191 legis
504 1118 698 1181 victus,
718 1125 771 1170 et
791 1114 998 1169 Domini
1024 1112 1279 1167 mandato
1302 1109 1568 1180 repulsus,
1597 1107 1716 1161 abs-

151 1212 388 1275 cesserit,
434 1219 490 1264 et
537 1215 659 1278 post
702 1206 998 1260 discessum
1047 1200 1267 1267 diaboli,
1316 1199 1494 1270 angeli
1542 1196 1716 1253 sancti

153 1305 478 1367 accedentes,
506 1298 854 1370 Redemptori
898 1304 1102 1360 nostro,
1138 1303 1197 1348 ut
1243 1308 1372 1348 vero
1406 1291 1636 1347 Domino
1663 1298 1718 1344 et

152 1396 423 1459 conditori,
456 1390 901 1449 ministraverint.
936 1387 1101 1442 Nobis
1124 1400 1251 1456 ergo
1280 1384 1334 1438 in
1358 1383 1445 1438 bis
1469 1379 1719 1436 omnibus

154 1489 462 1556 Redemptor
508 1491 709 1546 noster,
760 1478 959 1534 fratres
1012 1473 1365 1539 dilectissimi,
1416 1469 1719 1541 exemplum

152 1580 313 1643 dedit,
349 1578 473 1648 quia
501 1575 660 1630 nobis
688 1571 969 1643 jejuuavit,
1001 1569 1155 1624 nobis
1179 1574 1369 1622 contra
1398 1573 1721 1620 tentatorem

151 1670 393 1734 conﬁixit,
417 1669 679 1737 nobisque
706 1664 999 1735 superavit.
1037 1660 1274 1716 Victoria
1309 1658 1511 1715 Christi
1551 1655 1719 1729 gloria

152 1770 224 1818 est
248 1769 425 1816 nostra
452 1778 464 1813 :
504 1758 689 1827 sicque
710 1771 807 1811 nos
833 1769 930 1824 per
967 1751 1347 1809 abstinentiam
1378 1763 1598 1805 carnem
1624 1763 1721 1801 no-

1814 1108 2007 1171 augeat
2027 1100 2190 1155 etiam
2222 1100 2287 1155 de
2310 1099 2530 1153 alterius
2556 1098 2676 1170 gula
2717 1107 3018 1169 peccatum.
3065 1098 3400 1165 Castitatcni,

1816 1191 2035 1256 fratres,
2083 1206 2205 1246 cum
2258 1190 2493 1261 propriis
2546 1192 2807 1247 uxoribus
2858 1199 3086 1257 tenete;
3142 1194 3406 1249 ecclesias

1816 1280 2156 1351 frequentate
2183 1297 2198 1346 ;
2248 1281 2315 1335 ad
2342 1288 2638 1336 nocturnas
2678 1281 2889 1353 vigilias
2918 1282 3185 1338 maturius
3211 1298 3406 1338 exsur-

1817 1376 1965 1445 gite;
1996 1374 2062 1428 ad
2092 1388 2249 1428 sacra
2281 1374 2569 1429 missarum
2614 1374 2899 1442 solemnia,
2939 1378 2983 1432 si
3023 1378 3277 1448 possibile
3318 1379 3405 1442 sit,

1818 1467 2061 1536 quotidie
2084 1467 2396 1533 convenite;
2425 1468 2653 1523 orationi
2684 1469 3168 1542 saepeincumblte;
3197 1472 3409 1527 veniam

1819 1568 2163 1629 peccatorum
2193 1567 2497 1615 vestrorum
2528 1558 2898 1616 indesinenter
2928 1561 3094 1631 petite
3120 1580 3133 1628 ;
3181 1562 3415 1618 eleemo-

1820 1664 2075 1721 synarum
2107 1649 2356 1721 largitate
2398 1660 2745 1719 peccatorum
2774 1650 3015 1708 ﬂannnas
3044 1654 3367 1726 exstinguite
3392 1672 3409 1718 ς

1821 1754 1919 1809 per
1941 1738 2084 1794 bona
2110 1753 2276 1809 opera
2304 1740 2571 1796 conditori
2589 1749 2769 1796 vestro
2796 1742 3135 1798 reconciliari
3166 1744 3412 1809 studetc;

153 1862 305 1908 stram
333 1850 745 1912 mortiﬁeantes,
790 1846 1001 1901 animas
1049 1855 1262 1899 nostras
1302 1842 1559 1898 debemus
1588 1855 1723 1910 prae-
1753 1828 1796 1887 Β
1824 1845 2014 1900 pacem
2043 1847 2164 1886 cum
2190 1831 2441 1888 omnibus
2488 1832 2716 1900 habete;
2755 1844 3022 1904 quatenus
3052 1837 3131 1892 sic
3163 1846 3412 1893 sanetum

152 1959 333 2014 parare
366 1944 431 1998 ad
465 1941 844 2004 tentationem,
872 1947 926 1991 et
950 1952 1043 2006 per
1065 1935 1365 1991 orationem
1395 1941 1451 1988 et
1477 1932 1573 1985 Dei
1603 1946 1722 1985 ver-

152 2036 263 2087 bum
292 2032 573 2088 victoriam
604 2029 897 2099 capientes,
930 2035 1189 2082 mternam
1229 2039 1352 2079 cum
1394 2022 1597 2077 sanctis
1622 2037 1720 2075 an—

152 2122 272 2193 gelis
295 2123 346 2177 in
369 2121 506 2178 caelo
535 2135 757 2191 sperare
785 2116 1192 2174 beatitudinem.
1230 2112 1335 2169 Sed
1369 2112 1496 2184 quia
1537 2111 1725 2167 diebus

153 2210 715 2282 ltislectio-congruit:
754 2223 879 2263 nam
921 2204 1280 2277 quadraginta
1307 2203 1517 2257 dierum
1559 2200 1728 2257 absti-

153 2306 374 2361 nentiam
408 2303 581 2359 nostri
615 2299 991 2370 Redemptoris
1018 2296 1340 2358 audivimus,
1368 2294 1459 2364 qui
1487 2294 1726 2364 quadra—

152 2397 352 2473 gesima:
376 2404 591 2464 tempus
630 2392 973 2456 inchoamus,
1024 2385 1418 2443 discutiendum
1464 2384 1619 2440 nobis
1647 2392 1730 2439 est

152 2500 241 2541 cur
282 2484 395 2540 haec
437 2485 553 2555 ipsa
601 2480 928 2538 abstinentia
968 2494 1066 2550 per
1113 2475 1465 2548 quadraginta
1520 2475 1730 2530 dierum

152 2588 422 2629 numerum
452 2572 774 2629 custoditur.
816 2568 1031 2640 Moyses
1068 2568 1233 2633 enim,
1270 2572 1329 2620 ut
1371 2565 1543 2636 legem
1580 2564 1729 2619 acci-

153 2674 293 2734 peret
314 2665 574 2729 secundo,
618 2662 809 2717 diebus
837 2659 1192 2732 quadraginta
1229 2654 1492 2727 jejunavit
1531 2653 1730 2727 (Exod.

153 2755 289 2826 xxxv)
318 2773 331 2821 ;
358 2755 508 2813 Elias
529 2755 585 2809 in
614 2753 835 2809 deserto
861 2750 1215 2822 quadraginta
1255 2747 1443 2805 diebus
1475 2748 1736 2804 abstinuit

157 2845 265 2916 (HI
294 2845 419 2916 Reg.
456 2844 597 2917 xix).
637 2844 757 2915 Ipse
805 2852 994 2898 auctor
1040 2840 1322 2896 hominum
1372 2840 1437 2894 ad
1485 2836 1734 2893 homines

154 2936 362 2992 veniens
388 2936 443 2990 in
480 2934 837 3005 quadraginta
862 2932 1051 2987 diebus
1077 2930 1281 2984 nullum
1311 2928 1531 2984 omnino
1555 2927 1735 2983 cibum

154 3030 387 3099 sumpsit,
432 3043 531 3084 nos
554 3041 789 3097 quoque,
821 3027 875 3081 in
900 3031 1161 3094 quantum
1209 3035 1512 3092 possumus,
1556 3031 1737 3073 annuo

159 3126 389 3189 tempore
414 3116 852 3187 Quadragesimaa
892 3128 1113 3169 carnem
1160 3120 1406 3168 nostram
1445 3124 1543 3182 per
1570 3108 1739 3164 absti-

1824 1921 2030 1978 Pascha
2065 1931 2441 1992 expectantes,
2490 1926 2715 1993 gratiam
2758 1926 2813 1980 in
2840 1937 3128 1996 conspectu
3178 1920 3411 1984 Redenv

1823 2012 1992 2083 ptnris
2027 2014 2193 2067 nostri
2249 2014 2489 2068 invenire
2540 2014 2783 2079 valeatis,
2834 2016 2926 2086 qui
2978 2033 3102 2073 cum
3153 2018 3314 2075 Patre
3363 2030 3418 2073 et

1825 2104 2030 2175 Spiritu
2060 2112 2249 2160 sancto
2278 2106 2411 2161 vivit
2452 2114 2507 2162 et
2533 2115 2722 2179 regnat
2762 2107 2923 2172 Deus,
2963 2121 3062 2179 per
3105 2111 3285 2166 omnia
3316 2127 3417 2164 sm-

1827 2196 1945 2252 cula
1967 2195 2306 2252 saeculorum.
2336 2194 2525 2252 Amen.

2416 2305 2695 2363 HOMILIA
2736 2307 2804 2363 Χ.

2167 2414 2219 2452 IN
2261 2412 2518 2453 DOIINICA
2557 2413 2598 2453 ll
2635 2413 3080 2462 QUADRAGESIIIE.

1831 2486 1909 2542 De
1928 2486 2227 2561 paenitentia
2262 2504 2328 2561 ea;
2374 2486 2544 2561 corde
2573 2484 2821 2561 facienda
2869 2499 2918 2561 et
2972 2489 3419 2561 clamosi/narunt

2186 2557 2445 2629 largitate.
2473 2556 2701 2629 (Evang.
2728 2557 2920 2613 Matth.
2946 2559 3061 2631 xv.)

1903 2648 2340 2719 Quadragesima:
2370 2657 2583 2720 tempus
2602 2650 2763 2706 modo
2791 2650 3039 2716 colimus,
3063 2650 3204 2706 sicut
3227 2649 3422 2717 nostis,

1836 2741 2031 2797 fratres
2058 2740 2386 2807 eharissimi,
2410 2740 2552 2811 quod
2574 2741 2643 2797 ab
2666 2741 2837 2812 ipsius
2864 2741 3076 2798 Domini
3106 2742 3424 2814 magisterio

1835 2833 2169 2899 ordinatum,
2219 2841 2275 2888 et
2319 2833 2389 2888 ab
2436 2832 2693 2903 apostolis
2734 2826 2896 2905 atque
2939 2835 3248 2905 apostolicis
3290 2834 3421 2889 viris

1838 2927 2294 2991 commendatum,
2318 2925 2585 2981 catholica
2614 2941 2714 2997 per
2737 2933 2909 2982 tntum
2930 2927 3117 2982 orbem
3150 2934 3417 2981 terrarum

1837 3025 2131 3074 veneratur
2157 3016 2419 3073 Ecclesia.
2445 3014 2600 3083 Quod
2637 3018 2774 3072 bene
2810 3026 2867 3071 et
2905 3024 3028 3087 apte
3060 3014 3213 3084 juxta
3254 3014 3421 3072 conii~

1843 3109 1991 3164 nium
2013 3106 2308 3164 Dominicas
2336 3107 2603 3178 passionis
2631 3106 2911 3163 observari
2959 3120 2991 3160 a
3042 3105 3290 3177 patribus
3334 3105 3429 3160 de-

156 3212 379 3265 centiam
411 3207 649 3279 amigere
678 3221 961 3262 conamur.
1005 3204 1115 3261 Cur
1150 3194 1279 3275 ergo
1326 3204 1379 3258 in
1410 3180 1738 3258 abstinentia
1766 3180 1811 3243 (δ
1842 3207 2054 3256 cretum
2097 3206 2199 3264 est,
2230 3208 2309 3265 ut,
2339 3196 2632 3253 secundum
2687 3196 3000 3268 Apostolum
3026 3236 3042 3263 ,
3086 3195 3429 3268 passionibus

156 3302 631 3373 quadragenarium
684 3313 968 3353 numerum
1018 3294 1393 3360 custodimus,
1452 3294 1555 3350 nisi
1607 3293 1736 3363 quia

159 3404 336 3450 wntra
380 3400 653 3468 prmcepta
680 3390 923 3456 Domini,
944 3389 1058 3444 sive
1097 3402 1195 3459 per
1225 3386 1468 3457 corporis
1491 3384 1737 3456 volupta—

158 3496 273 3551 tem,
299 3503 391 3543 seu
422 3500 523 3557 per
551 3484 775 3540 allectus
803 3482 971 3537 animi
1002 3479 1276 3537 nscimus?
1316 3478 1374 3535 In
1400 3480 1507 3534 hoc
1536 3478 1738 3552 quippe

159 3577 358 3635 mortali
396 3589 628 3647 corpore
653 3589 721 3629 ex
745 3582 976 3643 quatuor
1014 3568 1319 3637 elementis,
1359 3568 1413 3623 id
1456 3576 1541 3624 est
1570 3575 1734 3631 terra,

159 3682 313 3739 aqua,
337 3668 461 3739 igne
483 3676 541 3722 et
588 3678 735 3730 aere,
766 3662 1112 3718 subsistimus
1137 3677 1153 3725 ;
1178 3668 1235 3716 et
1275 3667 1507 3729 quatuor
1534 3656 1737 3712 affecti-

157 3758 250 3814 bus
277 3758 467 3823 animi,
507 3756 559 3812 id
584 3764 669 3810 est
712 3761 881 3819 metu,
909 3751 1227 3823 cupiditate,
1265 3749 1484 3804 tristitia
1511 3755 1565 3803 et
1608 3762 1741 3818 gau-

158 3854 239 3910 dio
262 3852 545 3909 allicimur.
576 3851 853 3918 Pncccpta
893 3855 1075 3902 autem
1126 3845 1405 3900 Dominica
1434 3857 1532 3913 per
1573 3841 1737 3895 deca-

157 3946 325 4017 logum
353 3952 484 4001 sunt
510 3950 766 4013 accepta:
807 3939 897 4009 qui
941 3954 1071 4009 ergo
1097 3953 1196 4008 per
1246 3935 1427 3991 carnis
1472 3932 1741 3989 desideria

161 4049 310 4110 atque
326 4039 557 4095 allectus
570 4036 733 4091 animi
758 4034 997 4104 decalogi
1019 4031 1271 4087 mandata
1286 4028 1737 4099 contempsimus,

158 4128 367 4200 dignum
399 4137 488 4185 est
516 4136 576 4181 ut
607 4125 851 4181 eamdem
879 4138 1097 4179 carnem
1124 4135 1221 4192 per
1258 4118 1524 4190 jejunium
1548 4126 1604 4174 et
1626 4132 1744 4187 pm-

163 4222 394 4277 nitentia:
436 4221 644 4277 laetum
674 4226 867 4289 quater
914 4216 1097 4271 decies
1127 4213 1444 4283 atlligamus.
1486 4211 1742 4278 Quamvis

161 4315 221 4368 de
247 4316 345 4370 hoc
375 4310 816 4382 Quadragesimae
847 4316 1089 4378 tempore
1117 4303 1360 4360 sit'aliud
1403 4302 1579 4357 adhuc
1599 4301 1742 4371 quod

161 4406 320 4474 possit
359 4403 588 4475 intelligi
616 4421 628 4457 :
656 4417 685 4456 a
711 4400 960 4471 praesenti
1002 4397 1204 4453 etenim
1235 4395 1321 4452 die
1348 4406 1519 4464 usque
1547 4393 1611 4447 ad
1654 4408 1746 4463 pa-

162 4498 349 4554 schalis
376 4496 740 4553 solemnitatis
766 4493 958 4564 gaudia
990 4506 1085 4547 sex
1117 4488 1467 4546 hebdomada:
1494 4486 1735 4547 veniunt,

162 4605 380 4659 quarum
405 4589 663 4645 videlicet
689 4587 805 4641 dies
848 4582 1205 4655 quadraginta
1242 4588 1296 4636 et
1338 4581 1445 4635 duo
1494 4577 1650 4642 ﬁunt,
1677 4592 1743 4631 ex

160 4683 347 4752 quibus
371 4683 502 4739 dum
542 4697 633 4736 sex
662 4678 925 4735 Dominici
954 4675 1290 4732 abstinentiae
1333 4672 1744 4735 subtrahuntur,

164 4790 264 4830 non
286 4773 537 4846 plusjam
565 4773 618 4827 in
644 4768 966 4827 abstinentia
990 4782 1151 4837 quam
1182 4764 1403 4832 triginta
1429 4771 1483 4818 et
1509 4777 1603 4816 sex
1633 4761 1748 4817 dies

163 4872 455 4920 remanent.
485 4863 619 4917 Dum
652 4876 779 4915 vero
824 4874 922 4927 per
971 4862 1241 4912 trecentos
1283 4863 1337 4908 et
1385 4852 1665 4922 sexaginta
1694 4858 1749 4906 et

166 4955 394 5025 quinque
427 4954 545 5009 dies
570 4966 741 5006 annus
779 4950 1009 5012 ducitur,
1041 4962 1141 5003 nos
1181 4955 1361 5000 autem
1406 4959 1502 5013 per
1524 4942 1747 5013 triginta

164 5055 214 5099 et
233 5061 327 5101 sex
355 5046 477 5101 dies
501 5042 802 5113 allligimur,
829 5041 985 5111 quasi
1009 5039 1134 5093 anni
1165 5036 1332 5093 nostri
1370 5036 1604 5100 decimas
1632 5034 1741 5091 Deo

168 5136 346 5193 damus
370 5152 472 5208 per
517 5133 944 5204 temperantiam,
985 5131 1270 5202 justitiam,
1310 5128 1649 5199 prudentiam
1690 5136 1745 5182 et

169 5223 550 5283 fortitudinem.
592 5225 659 5279 Et
697 5223 788 5292 qui
826 5221 1224 5291 nobismetipsis
1250 5220 1301 5274 in
1326 5218 1609 5273 desideriis
1649 5232 1746 5287 per

168 5328 332 5376 totum
361 5332 567 5375 annum
592 5315 846 5381 viximus,
869 5312 1074 5369 auctori
1098 5322 1283 5366 nostro
1307 5310 1358 5364 in
1381 5308 1497 5377 ejus
1523 5309 1746 5364 decimis

169 5424 255 5479 per
268 5408 653 5467 abstinentiam
675 5420 888 5462 carnem
916 5412 1156 5459 nostram
1179 5399 1586 5456 mortiﬁcemus.
1616 5395 1745 5452 Nul-

169 5499 346 5571 Iusque
375 5502 432 5556 iu
460 5502 562 5556 isto
589 5496 954 5553 sacratissimo
979 5502 1240 5563 tempore,
1284 5489 1523 5560 exceptis
1564 5488 1745 5543 Domi-

172 5590 293 5646 nicis
319 5591 532 5657 diebus,
561 5586 829 5659 prandere
853 5592 1158 5657 praesumat,
1186 5582 1289 5636 nisi
1316 5581 1452 5636 forte
1474 5578 1561 5633 ille
1581 5592 1740 5647 quem

172 5678 451 5736 inﬁrmitas
475 5680 722 5751 jejunare
750 5692 854 5731 non
901 5673 1203 5745 permittit:
1235 5672 1361 5742 quia
1394 5670 1513 5724 aliis
1553 5668 1740 5722 diebus

170 5766 398 5839 jejmzare
424 5779 516 5824 aut
550 5767 845 5823 remedium
872 5774 952 5821 est
974 5773 1066 5819 aut
1088 5763 1387 5834 pnemium,
1417 5760 1470 5815 in
1499 5757 1737 5826 Quadra-

1840 3289 2041 3347 Christi
2070 3289 2556 3353 communicantes,
2585 3285 2700 3355 ejus
2725 3302 3034 3342 mereamur
3074 3286 3428 3341 resurrectio-

1840 3382 1925 3439 nis
1951 3380 2068 3437 ﬁeri
2097 3387 2398 3436 consortes.
2429 3378 2584 3446 Quod
2621 3382 2751 3433 tono
2776 3375 2937 3448 digne
2975 3376 3037 3431 ﬁt
3077 3376 3145 3441 si,
3172 3390 3239 3430 ex
3266 3374 3431 3430 corde

1838 3474 2197 3546 poenitentes,
2247 3479 2473 3527 cunctas
2524 3470 2649 3525 vita:
2700 3468 2988 3541 praeteritae
3042 3466 3282 3522 maculas
3345 3467 3429 3521 his

1840 3565 2047 3622 sanctis
2073 3564 2264 3620 diebus
2302 3577 2401 3634 per
2418 3560 2683 3634 jejunium
2707 3567 2765 3615 et
2790 3559 3133 3630 quotidianas
3156 3572 3348 3629 preces
3375 3564 3432 3612 et

1838 3658 2108 3730 lacrymas
2146 3655 2461 3710 studeamus
2490 3651 2741 3718 abluere,
2766 3650 2907 3706 sicut
2935 3659 2989 3705 et
3018 3664 3117 3704 nos
3146 3650 3304 3704 docet
3324 3648 3431 3704 Do.

1840 3749 2019 3803 minus
2048 3760 2147 3816 per
2173 3743 2493 3816 prophetam
2541 3741 2766 3797 dicens:
2795 3738 3175 3796 Convertimini
3218 3738 3286 3801 ad
3324 3755 3428 3803 me,

1840 3839 2031 3909 inquit,
2059 3838 2113 3891 in
2139 3846 2245 3891 toto
2271 3834 2424 3889 corde
2452 3843 2637 3898 vestro,
2662 3832 2716 3887 in
2731 3818 2942 3903 jejunio
2965 3840 3014 3885 et
3035 3832 3185 3900 fletu,
3208 3840 3254 3885 et
3277 3830 3431 3900 plan-

1841 3939 1925 3983 ctu
1955 3942 1972 3979 :
2009 3935 2055 3981 et
2080 3925 2299 3981 s'cindite
2326 3922 2486 3978 corda
2510 3931 2677 3977 vestra
2703 3930 2752 3976 et
2782 3920 3211 3975 non‘vestimenta
3238 3930 3430 3982 vestra,

1841 4030 1889 4075 et
1913 4016 2269 4074 convertimini
2306 4016 2375 4070 ad
2406 4014 2687 4069 Dominum
2724 4013 2890 4068 Deum
2916 4022 3163 4078 vestrum,
3196 4014 3322 4084 quia
3346 4014 3431 4067 beo

1843 4111 2031 4181 nignus
2072 4117 2119 4163 et
2164 4107 2457 4162 misericors
2488 4114 2583 4170 est,
2612 4104 2816 4175 patiens
2845 4113 2893 4159 et
2929 4103 3109 4159 multa:
3144 4105 3433 4159 misericor-

1844 4202 1965 4267 dim,
1983 4211 2029 4255 et
2058 4198 2371 4270 prmstabilis
2403 4214 2559 4267 super
2580 4195 2839 4251 malitiam
2867 4196 3025 4265 (Joel.
3052 4196 3133 4266 ιι).
3162 4197 3228 4251 Εῑ
3254 4198 3379 4252 item
3415 4216 3427 4250 :

1847 4293 2008 4359 Nolo,
2032 4293 2226 4363 inquit,
2249 4300 2466 4345 mortem
2492 4289 2796 4360 peccaturis,
2819 4288 2910 4342 scd
2941 4298 2995 4342 ut
3020 4299 3352 4343 convertatur
3382 4300 3429 4342 et

1842 4386 1980 4441 vivat
2002 4384 2219 4456 (Ezeclt.
2245 4379 2462 4452 χχχιιι).
2493 4379 2601 4435 Sed
2620 4377 2761 4433 forte
2796 4376 2993 4448 aliquis
3026 4378 3079 4432 in
3129 4378 3291 4433 corde
3335 4396 3433 4433 suo

1847 4475 1921 4529 ita
1955 4475 2120 4529 dicit:
2152 4473 2355 4528 Vellem
2410 4471 2625 4542 quidem
2671 4468 2946 4539 jejunare,
2990 4471 3087 4525 sed
3149 4486 3255 4524 non
3308 4486 3434 4541 pos-

1849 4581 2001 4631 sum;
2055 4564 2244 4620 vellem
2288 4579 2317 4617 a
2362 4575 2526 4617 carne
2574 4570 2629 4617 et
2681 4560 2809 4614 vino
2857 4558 3161 4627 abstinere,
3188 4562 3282 4617 sed
3324 4577 3424 4617 non

1848 4656 2113 4727 permittit
2141 4670 2226 4709 me
2254 4652 2561 4709 inﬁrmitas.
2590 4651 2726 4706 Nam
2759 4658 2813 4705 et
2864 4648 2917 4702 in
2972 4650 3076 4705 hoc
3131 4650 3199 4705 do
3255 4652 3432 4707 consi-

1849 4748 1977 4803 lium
2012 4766 2025 4802 :
2060 4746 2200 4817 Ergo
2260 4746 2303 4801 si
2363 4760 2468 4799 non
2504 4750 2655 4813 potes
2697 4739 2976 4813 jejunare,
3030 4742 3427 4812 eleemosynam

1851 4839 2057 4902 tribue;
2105 4845 2161 4893 et
2197 4844 2399 4906 quanto
2435 4833 2699 4889 inﬁrmior
2725 4847 2785 4888 es
2807 4833 2859 4887 in
2886 4848 3015 4898 uno,
3040 4840 3189 4888 tanto
3231 4833 3431 4905 largior

1850 4931 1925 4985 sis
1955 4931 2009 4984 in
2033 4930 2220 4984 altero.
2243 4927 2449 4983 Bonum
2478 4933 2562 4979 est
2585 4924 2853 4996 jejunare.
2878 4922 3094 4987 fratres,
3122 4922 3216 4978 sed
3238 4922 3429 4979 melius

1848 5034 1935 5079 est
1956 5024 2350 5094 eleemosynam
2390 5021 2539 5076 dare.
2586 5019 2642 5074 Si
2683 5018 2877 5088 aliquis
2905 5026 3193 5087 utrumque
3228 5027 3426 5088 potest,

1850 5116 2109 5185 optimum
2135 5124 2219 5169 est
2241 5129 2255 5179 ;
2289 5110 2345 5167 si
2362 5125 2493 5167 vero
2514 5124 2621 5164 non
2652 5115 2850 5179 potest,
2868 5106 3062 5161 melius
3087 5115 3172 5161 est
3198 5106 3430 5161 eleemo«

1850 5221 2040 5277 synam
2068 5206 2215 5270 dare,
2244 5204 2369 5274 quia
2397 5201 2502 5256 tale
2540 5208 2625 5255 est
2647 5198 3055 5269 jejunium‘sine
3083 5196 3427 5267 eleemosyna

1852 5296 2027 5367 qualis
2055 5296 2171 5351 sine
2199 5295 2319 5350 oleo
2350 5300 2434 5347 est
2461 5291 2700 5346 lucerna.
2737 5287 2869 5343 Nam
2897 5287 3036 5343 sicut
3066 5288 3285 5342 lucerna
3309 5303 3429 5357 qua:

1848 5390 1968 5445 sine
1994 5389 2114 5444 oleo
2153 5385 2493 5447 accenditur,
2526 5381 2736 5437 fumare
2773 5390 2975 5451 potest,
3006 5380 3181 5436 lucem
3228 5381 3431 5436 habere

1848 5494 1957 5534 non
2000 5486 2195 5548 potest,
2232 5476 2308 5531 ita
2346 5471 2607 5542 jejunium
2650 5471 2767 5526 sine
2816 5469 3155 5540 eleemosyna
3209 5484 3427 5525 carnem

1846 5570 2063 5640 quidem
2102 5570 2323 5632 cruciat,
2355 5570 2449 5624 sed
2471 5567 2759 5623 charitatis
2799 5565 3003 5620 lumine
3040 5567 3277 5621 animam
3320 5579 3425 5620 non

1843 5660 2111 5724 illustrat;
2152 5661 2295 5714 unde
2318 5658 2579 5728 scriptum
2606 5664 2691 5712 est
2723 5674 2735 5708 :
2774 5655 2909 5710 Date
2937 5655 3314 5725 eleemosynam
3340 5698 3355 5721 ,
3379 5662 3430 5708 ct

1844 5770 1956 5808 cere
1977 5753 2151 5807 omnia
2178 5750 2372 5805 munda
2396 5758 2520 5805 sunt
2548 5748 2687 5804 vobis
2718 5747 2869 5820 (Luc.
2895 5748 2993 5821 xu).
3024 5748 3129 5804 Sed
3155 5749 3289 5803 forte
3311 5748 3422 5802 huic
