3922 6328
445 311 517 370 13
1086 313 1149 369 Β.
1189 315 1444 372 RABANI
1481 315 1701 376 MAURI
1738 319 2057 376 ARCHIEP.
2100 319 2408 379 MOGUNT.
2451 322 2735 384 OPERUM’
2773 326 2954 387 PARS
2983 328 3048 387 Π.

444 427 670 482 audiens
693 427 908 498 aliquis,
938 429 1080 500 apud
1107 445 1168 486 se
1202 431 1274 486 ita
1304 432 1531 503 cogitat,
1559 435 1744 491 dicens
1773 453 1787 489 :
1821 434 2021 497 Vellem
2048 438 2098 499 Α

443 518 839 590 elcemosynam
868 519 1018 586 dare,
1047 522 1142 577 sed
1169 536 1275 577 non
1313 523 1488 580 habeo
1515 526 1736 581 omnino
1753 526 1897 596 quod
1920 525 2019 580 tri-

443 607 626 663 buam.
658 603 765 664 Illis
793 623 923 681 ergo
945 611 1036 680 qui
1083 627 1190 668 non
1240 612 1532 670 habuerint
1572 617 1714 673 unde
1759 617 2020 684 tribuant,

443 695 640 754 sullicit
658 697 906 754 voluntas
926 700 1088 768 bona,
1110 703 1405 758 secundum
1433 703 1561 761 illud
1590 705 1732 776 quod
1760 707 2020 778 scriptum

442 801 550 859 est,
574 790 755 847 Gloria
783 793 839 849 in
857 794 1074 850 excelsis
1094 795 1228 863 Deo,
1249 806 1295 852 et
1325 799 1381 853 in
1407 809 1546 854 terra
1579 816 1685 872 pax
1723 802 2018 860 hominibus

441 880 590 937 bona
615 880 892 938 voluntatis
926 882 1076 955 (Luc.
1103 884 1188 958 It).
1214 885 1320 942 Sed
1355 887 1478 958 quis
1516 889 1720 960 estqui
1761 905 1821 946 se
1863 905 2022 947 excu-

439 987 561 1028 sare
582 980 777 1043 potest,
807 989 929 1028 cum
951 974 1113 1031 etiam
1137 991 1236 1047 pro
1259 976 1431 1033 calice
1459 992 1613 1048 aqua:
1645 977 1851 1050 frigida:
1876 996 2018 1036 mer-

439 1060 625 1116 cedem
684 1077 744 1119 se
800 1063 1057 1120 Dominus
1110 1066 1422 1136 promiserit
1479 1067 1814 1124 redditurum
1862 1071 2018 1127 esse?

437 1147 653 1220 (Matth.
683 1151 762 1225 ι.)
788 1152 853 1206 Ει
877 1167 1046 1224 quare
1070 1154 1279 1226 frigida:
1301 1156 1454 1223 dixit,
1484 1173 1554 1214 ne
1581 1157 1725 1215 forte
1753 1176 1811 1217 se
1835 1172 2018 1232 posset

435 1240 633 1312 aliquis
661 1248 866 1314 pauper
898 1246 964 1301 de
1009 1245 1275 1318 lignorum
1324 1251 1549 1320 penuria
1594 1265 1876 1320 excusare,
1922 1263 2017 1310 aut

432 1340 581 1388 certe
605 1334 867 1390 dicerese
892 1336 1166 1393 vasculum
1197 1339 1289 1395 ubi
1330 1355 1526 1411 aquam
1573 1341 1855 1399 calefaciat
1907 1360 2012 1400 non

434 1421 654 1477 habere.
680 1421 920 1494 Denique
954 1436 1008 1482 et
1032 1442 1130 1498 per
1156 1430 1474 1501 prophetam
1504 1433 1576 1488 ita
1603 1433 1863 1490 Dominus
1888 1436 2014 1491 hor-

430 1517 598 1576 tatur,
623 1521 677 1569 et
725 1529 792 1571 eo
838 1516 998 1571 modo
1051 1517 1306 1575 admonet
1353 1521 1751 1595 eleemosynam
1791 1524 1930 1593 fieri,
1955 1537 2015 1582 ut

429 1615 599 1672 prope
620 1601 798 1659 nullus
828 1618 1033 1675 pauper
1058 1607 1128 1662 sit
1166 1608 1258 1678 qui
1291 1624 1350 1665 se
1373 1626 1634 1669 excusare
1667 1614 1870 1683 valeat;
1934 1616 2012 1671 sic

426 1691 573 1748 enim
602 1693 680 1749 ait
717 1708 733 1749 :
765 1693 881 1750 Iloc
904 1707 981 1751 est
997 1697 1266 1769 jejunium
1293 1703 1434 1772 quod
1474 1703 1638 1777 elegi,
1663 1707 1792 1762 dicit
1829 1707 2012 1764 Domi—

2713 439 2994 498 HOMILIA
3029 441 3123 500 XI.

2447 544 2501 583 IN
2537 544 2790 587 DOIIINICA
2830 547 2891 587 111
2941 548 3381 597 οωωηθεεωι.

2124 635 2203 691 De
2229 639 2538 713 assiduitate
2563 642 2834 713 orationis,
2864 653 2914 698 et
2940 645 3081 713 quod
3106 645 3177 699 ad
3207 646 3480 704 ecclesiam
3517 665 3702 709 conso-

2194 707 2463 794 niendum,
2496 719 2543 765 et
2576 711 2723 794 quod
2758 730 2868 794 _non
2907 707 3030 768 licet
3070 715 3313 787 cuiquam
3350 728 3589 777 venatum
3619 707 3704 777 at

2191 776 2337 832 aleas
2365 781 2420 834 in
2441 776 2636 835 sanctis
2664 781 2845 835 diebus
2873 798 3129 838 exercere.

2189 884 2478 956 Apostolus
2521 888 2716 946 Petrus
2757 892 3077 948 exhortatur
3118 911 3237 962 nos,
3266 895 3461 952 fratres
3483 898 3699 956 charis-

2121 972 2268 1042 simi,
2289 975 2433 1045 quod
2465 978 2609 1033 cauti
2643 978 2811 1035 simus
2840 995 2903 1036 ac
2927 981 3141 1038 solliciti
3165 998 3294 1055 erga
3327 985 3554 1042 salutem
3579 988 3699 1044 ani-

2119 1077 2331 1118 marum
2358 1074 2685 1132 nostrarum,
2711 1083 2781 1124 ne
2802 1068 2962 1136 forte,
2987 1086 3086 1141 per
3107 1072 3328 1130 insidias
3355 1075 3527 1132 hostis
3551 1078 3698 1134 anti-

2117 1153 2210 1223 qui
2242 1155 2618 1225 circumventi,
2646 1168 2994 1230 peccatorum
3039 1161 3247 1233 laqueis
3274 1165 3607 1233 irretiamur,
3638 1175 3698 1225 et

2116 1243 2324 1298 enormi
2351 1244 2613 1301 scelerum
2631 1256 2821 1303 catena
2841 1252 3142 1319 constricti,
3156 1261 3356 1310 aeterno
3372 1255 3505 1328 depu
3514 1265 3696 1313 temur

2118 1335 2374 1390 interitui.
2405 1334 2653 1407 Vigilate,
2683 1339 2878 1409 inquit,
2904 1351 2949 1395 et
2973 1352 3117 1397 orate
3136 1384 3151 1408 ,
3180 1353 3237 1398 ut
3278 1361 3381 1400 non
3409 1346 3608 1402 intretis
3635 1346 3698 1401 in

2114 1426 2469 1493 tentationem,
2515 1428 2640 1497 quia
2694 1428 3025 1486 adversarius
3072 1443 3234 1487 vester
3280 1435 3538 1501 diabolus,
3581 1449 3698 1495 tan-

2111 1533 2269 1588 quam
2291 1517 2369 1571 leo
2391 1519 2623 1589 rugiens,
2644 1520 2850 1586 circuit,
2876 1538 3112 1592 quterens
3142 1540 3291 1593 quem
3319 1525 3522 1580 devoret
3557 1540 3575 1577 .'
3607 1526 3697 1583 cui

2114 1610 2334 1664 resistite
2358 1610 2517 1680 fortes
2543 1611 2596 1665 in
2615 1612 2722 1680 fide
2757 1612 2808 1682 (1
2843 1610 2989 1667 Petr.
3021 1612 3095 1686 ν).
3144 1614 3210 1669 Et
3236 1615 3357 1671 ideo
3384 1617 3529 1674 omni
3555 1625 3698 1674 tem-

2111 1717 2265 1773 pore,
2287 1702 2521 1757 maxime
2563 1711 2744 1758 autem
2793 1703 2878 1760 his
2913 1705 3295 1763 sacratissimis
3317 1707 3526 1776 diebus,
3556 1724 3689 1778 ope-

428 1799 527 1838 nus
554 1796 574 1836 :
606 1781 820 1855 Frange
843 1788 1095 1842 esurienti
1116 1805 1303 1859 ραηεηι
1325 1801 1493 1857 mum,
1522 1804 1572 1849 ετ
1613 1813 1799 1867 egeno;
1828 1814 2011 1869 vagos.
2042 1783 2085 1841 Β
2115 1808 2229 1847 ram
2252 1791 2511 1847 debemus
2542 1793 2853 1864 impendere
2886 1795 3086 1866 vigiliis
3123 1805 3180 1851 et
3216 1797 3471 1863 orationi,
3505 1807 3694 1868 quate-

424 1890 523 1943 que
550 1874 711 1930 induc
733 1877 789 1932 in
830 1877 1042 1934 domum
1079 1890 1224 1936 tuam
1275 1882 1412 1955 (Isa.
1436 1885 1611 1960 LvIn).
1643 1887 1760 1944 Non
1793 1890 1926 1947 dixit
1951 1900 2010 1947 ut

427 1963 694 2034 integrum
719 1979 918 2035 panem
949 1969 1122 2036 daret,
1146 1986 1270 2026 cum
1316 1971 1457 2030 forte
1486 1974 1576 2031 ille
1601 1991 1809 2048 pauper
1842 1979 2010 2035 alium

427 2068 534 2109 non
565 2055 811 2124 haberet,
835 2058 930 2114 sed
957 2059 1163 2130 frange,
1187 2062 1393 2133 inquit;
1445 2081 1510 2122 ac
1559 2067 1606 2122 si
1657 2068 1862 2125 diceret
1904 2088 1917 2123 :
1951 2070 2009 2125 Si

425 2153 576 2199 tanta
606 2144 702 2200 tibi
728 2155 1020 2218 paupertas
1043 2158 1127 2206 est
1163 2161 1224 2206 ut
1270 2168 1376 2209 non
1429 2155 1636 2212 habeas
1685 2157 1793 2212 nisi
1841 2173 2009 2213 unum

421 2251 639 2306 panem,
660 2251 728 2294 ex
748 2239 864 2309 ipso
885 2254 1099 2312 quoque
1124 2242 1335 2317 frange,
1356 2255 1412 2304 et
1432 2249 1760 2320 pauperibus
1789 2252 1968 2308 tribue
1991 2271 2004 2308 :

424 2327 494 2382 Et
528 2345 712 2400 egenos
738 2348 993 2404 vagosque
1019 2335 1178 2390 induc
1203 2337 1258 2392 in
1281 2338 1495 2393 domum
1534 2349 1702 2407 tuam,
1733 2343 1888 2412 quasi
1932 2344 2011 2399 di-

422 2426 551 2473 cat:
579 2418 637 2475 Si
677 2427 730 2476 te
754 2429 862 2476 tam
889 2438 1182 2494 pauperem
1216 2441 1338 2483 esse
1361 2430 1711 2498 conquereris
1737 2431 1878 2500 quod
1899 2446 2007 2487 non

423 2505 626 2564 habeas
649 2508 793 2567 unde
819 2514 1044 2583 pauperi
1089 2514 1271 2570 cibum
1315 2517 1544 2585 tribuas,
1577 2518 1770 2575 saltem
1816 2519 1901 2576 vel
1952 2521 2006 2576 in

425 2614 532 2655 uno
556 2600 758 2673 angulo
784 2601 976 2660 domus
1003 2612 1110 2660 tua:
1133 2607 1420 2677 peregrino
1443 2622 1690 2679 praepara
1726 2609 2002 2665 lectulum.

421 2687 482 2742 Si
525 2690 747 2756 uideris,
780 2691 987 2763 inquit,
1029 2695 1262 2763 nudum,
1295 2705 1430 2753 reste
1477 2700 1686 2770 cooperi
1719 2717 1867 2767 eum,
1898 2717 2005 2758 non

422 2781 561 2837 dixit
592 2795 853 2854 purpura,
879 2784 965 2840 vel
992 2786 1246 2856 pretiosis
1267 2789 1530 2857 vestibus,
1555 2791 1717 2848 indue
1742 2807 1886 2859 eum,
1909 2793 2006 2849 sed

422 2872 630 2942 cooperi
648 2889 788 2940 eum,
820 2874 922 2931 hoc
945 2886 1028 2932 est
1053 2877 1404 2945 indumentis,
1422 2881 1669 2950 qualibus
1691 2882 1879 2949 habes,
1905 2899 2005 2939 nu-

422 2962 648 3018 ditatem
675 2961 792 3033 eius
815 2972 952 3038 tege.
982 2965 1052 3021 Et
1079 2984 1289 3024 carnem
1312 2979 1481 3038 tuam,
1509 2971 1710 3044 inquit,
1732 2990 1796 3027 ne
1828 2973 2008 3045 despe-

419 3055 582 3123 xeris,
611 3055 715 3112 hoc
739 3065 1072 3123 est,omnem
1101 3060 1372 3118 hominem
1396 3064 1489 3134 qui
1519 3073 1725 3120 natura:
1744 3073 1850 3121 tuae
1873 3082 2001 3137 par-

424 3144 592 3217 ticeps
621 3154 725 3202 est.
769 3146 909 3217 Quid
953 3163 1052 3206 nos
1077 3150 1144 3206 ad
1175 3153 1289 3208 haec
1313 3153 1507 3210 dicturi
1534 3170 1742 3223 sumus,
1771 3155 2000 3223 fratres;

425 3236 507 3292 vel
542 3251 705 3307 quam
744 3239 1150 3296 excusationem
1177 3242 1381 3300 habere
1403 3245 1727 3317 poterimus,
1754 3247 1848 3317 qui
1892 3261 2007 3302 am-

423 3334 540 3405 plas
566 3345 623 3392 et
657 3336 920 3407 spatiosas
951 3337 1145 3394 domus
1171 3336 1452 3404 habentes,
1476 3337 1570 3392 vix
1599 3336 1891 3407 aliquando
1925 3337 2006 3392 di-

422 3441 652 3498 gnamur
678 3427 930 3497 excipere
973 3428 1355 3498 peregrinum:
1383 3427 1716 3498 ignorantes,
1746 3428 1855 3482 imo
1898 3442 2004 3483 non

421 3517 727 3582 credentes,
756 3517 901 3587 quod
933 3517 985 3573 in
1011 3518 1261 3574 omnibus
1285 3517 1586 3589 peregrinis
1614 3516 1863 3574 Christus
1887 3533 2007 3574 sus-

421 3609 658 3680 cipitur,
710 3608 849 3664 sicut
882 3608 997 3679 ipse
1033 3608 1210 3663 dixit:
1242 3606 1446 3677 Hospes
1490 3606 1572 3678 fui
1616 3616 1664 3662 et
1707 3607 2005 3679 suscepistis
2042 3620 2048 3626 ‘

426 3718 504 3756 me
550 3700 766 3772 (Matth.
793 3701 956 3772 xxv);
997 3711 1050 3756 et
1085 3718 1097 3753 :
1133 3697 1382 3766 Quandiu
1418 3699 1613 3769 fecistis
1639 3699 1732 3754 uni
1758 3715 1822 3754 ea:
1847 3699 2007 3754 mini-

422 3795 523 3848 mis
549 3792 682 3856 istis,
701 3792 829 3846 mihi
859 3791 1054 3862 fecistis
1085 3789 1292 3862 (Μίαν).
1318 3789 1671 3845 Laboriosum
1696 3797 1752 3844 et
1775 3787 2008 3845 fastidio-

424 3899 544 3938 sum
592 3882 748 3940 nobis
784 3890 870 3938 est
914 3882 968 3937 in
1014 3879 1341 3952 pauperibus
1371 3880 1613 3950 recipere
1639 3877 1914 3935 Christum
1950 3881 2006 3935 in

427 3975 602 4047 patria
634 3983 840 4040 nostra,
865 3973 1030 4029 timeo
1061 3988 1131 4028 ne
1162 3973 1317 4029 nobis
1346 3972 1434 4028 ille
1459 3973 1658 4028 iterum
1681 3971 1856 4028 vicem
1888 3969 2005 4027 red-

426 4065 538 4124 dat.
563 4071 619 4118 et
638 4077 739 4118 nos
764 4077 872 4117 non
903 4060 1129 4130 recipiat
1156 4061 1212 4116 in
1237 4060 1624 4116 beatitudinem
1651 4074 1829 4114 suam.
1857 4058 2004 4116 Con-

427 4152 718 4207 temnimus
747 4151 896 4206 illum
925 4151 980 4205 in
1009 4150 1226 4216 mundo,
1253 4150 1414 4205 timeo
1443 4166 1510 4205 ne
1535 4165 1638 4206 nos
1681 4149 1771 4206 ille
1808 4150 2007 4205 iterum

428 4253 743 4300 contemnat
771 4244 824 4299 in
851 4243 1011 4308 caelo,
1038 4243 1331 4298 secundum
1357 4241 1486 4298 illud
1517 4243 1660 4314 quod
1680 4242 1797 4312 ipse
1823 4240 1960 4297 dixit
1987 4258 2003 4297 :

434 4333 641 4388 Esurivi
669 4342 717 4387 et
745 4347 848 4387 non
877 4331 1091 4386 dedistis
1120 4331 1247 4385 mihi
1285 4331 1624 4397 manducare,
1650 4339 1698 4385 et
1721 4331 1906 4400 hospes
1926 4330 2008 4400 fui

428 4435 477 4480 et
500 4442 601 4480 non
620 4423 914 4492 suscepistis
937 4440 1052 4488 me;
1075 4430 1128 4479 et
1151 4440 1164 4476 :
1194 4421 1440 4488 Quandiu
1473 4437 1577 4475 non
1600 4421 1794 4491 fecistis
1821 4420 1912 4475 uni
1940 4436 2005 4475 ea:

430 4514 660 4570 minimis
688 4513 826 4580 istis,
844 4529 936 4567 nec
951 4513 1078 4566 milii
1106 4500 1336 4582 fecistis;
1373 4519 1428 4567 et
1456 4510 1600 4581 quod
1629 4518 1757 4566 tunc
1775 4510 1860 4566 his
1892 4511 2006 4581 ipse

428 4607 591 4676 judex
613 4607 774 4672 dicet,
804 4614 1036 4670 avertat,
1063 4605 1280 4671 fratres,
1307 4604 1448 4659 Deus
1473 4603 1576 4658 hoc
1601 4619 1631 4658 a
1657 4603 1812 4659 nobis
1841 4621 1855 4658 :
1883 4601 2007 4658 Dis-

432 4699 627 4764 cedite,
651 4697 852 4768 inquit,
883 4713 916 4749 a
945 4711 1026 4750 me
1045 4735 1058 4761 ,
1089 4693 1386 4758 maledicti,
1436 4693 1492 4746 in
1520 4693 1689 4763 ignem
1721 4702 1970 4748 a'ternum
1989 4734 2002 4758 ,

430 4792 519 4859 qui
539 4799 756 4860 paratus
778 4796 850 4843 est
881 4785 1088 4841 diabolo
1110 4794 1157 4840 et
1187 4785 1385 4856 angelis
1407 4785 1555 4855 ejus;
1594 4785 1737 4853 quod
1771 4799 1868 4839 nos
1896 4784 2007 4839 evi-

435 4892 567 4943 tare,
600 4889 654 4935 et
679 4879 808 4934 illud
845 4879 1014 4948 magis
1041 4875 1227 4932 audire
1263 4876 1406 4946 quod
1454 4876 1624 4931 beatis
1673 4885 1729 4931 et
1780 4875 2009 4931 eleemo—

433 4989 581 5045 syme
607 4970 952 5044 largitoribus
986 4969 1075 5024 ille
1095 4969 1336 5025 dicturus
1364 4975 1448 5024 est
1474 4984 1486 5021 :
1527 4965 1729 5032 Venite,
1755 4968 2007 5022 benedicti

435 5063 615 5118 Patris
643 5062 766 5128 mei,
792 5061 1034 5132 percipite
1060 5076 1293 5130 regnum,
1314 5059 1453 5130 quod
1498 5058 1634 5114 vobis
1662 5068 1905 5129 paratum
1933 5068 2007 5113 est

437 5155 499 5209 ab
530 5155 727 5223 origine
767 5151 968 5216 mundi,
1000 5152 1110 5222 ipse
1137 5150 1416 5216 concedat,
1442 5150 1534 5220 qui
1565 5150 1792 5205 redemit
1829 5165 1927 5206 nos
1950 5150 2005 5206 in

438 5245 697 5315 sanguine
717 5257 834 5308 suo,
865 5242 1131 5308 Christus,
1162 5243 1397 5299 salvator
1421 5250 1477 5298 et
1493 5242 1655 5313 iudex
1684 5252 1888 5308 noster,
1914 5245 2006 5314 qui

442 5336 572 5392 vivit
615 5343 674 5391 et
726 5343 916 5407 regnat
957 5351 1079 5390 cum
1127 5336 1237 5392 Deo
1284 5334 1445 5390 Patre
1488 5342 1544 5390 et
1581 5335 1785 5405 Spiritu
1821 5343 2009 5391 sancto

440 5429 601 5493 Deus,
624 5443 721 5498 per
744 5429 924 5484 omnia
970 5429 1162 5484 saecula
1210 5428 1552 5484 saiculorum.
1590 5427 1781 5483 Amen.

1113 5670 1346 5684 μαι-υ...-

2111 1900 2214 1941 nus
2245 1900 2343 1956 per
2380 1885 2614 1956 gratiam
2643 1885 2845 1942 Christi
2883 1887 3168 1943 tentatoris
3197 1888 3554 1945 versutissimi
3595 1890 3694 1945 do-

2111 1976 2194 2032 los
2220 1983 2274 2031 et
2301 1976 2569 2046 nequitias
2595 1976 2865 2046 possimus
2889 1978 3121 2035 evadere
3148 1989 3205 2034 et
3241 1979 3294 2034 in
3330 1979 3426 2035 Dei
3473 1981 3695 2037 servitio

2109 2066 2294 2122 sedulo
2344 2081 2686 2136 permanere.
2737 2066 2893 2123 Omni
2946 2070 3163 2139 quidem
3212 2079 3455 2142 tempore
3498 2080 3553 2127 et
3605 2072 3697 2128 die

2108 2164 2398 2225 noctuque,
2447 2156 2564 2212 sine
2605 2171 2797 2214 somno
2846 2172 2911 2213 ac
2958 2158 3077 2214 sine
3121 2159 3339 2229 requie,
3367 2159 3610 2215 diabolus
3636 2167 3697 2216 et

2108 2247 2283 2318 angeli
2337 2244 2456 2316 ejus
2506 2248 2844 2304 circumeunt
2893 2247 3147 2318 populum
3199 2247 3588 2315 Christianum,
3637 2257 3696 2306 et

2106 2346 2355 2407 quaerunt
2385 2351 2543 2407 quem
2569 2338 2855 2393 venenatis
2883 2338 3092 2394 artibus
3125 2339 3236 2397 suis
3276 2338 3524 2408 decipere
3563 2353 3691 2410 pos~

2082 2427 2217 2508 sint
2245 2445 2258 2481 :
2289 2429 2523 2482 maxime
2551 2425 3088 2484 autemtunciufesti
3139 2436 3289 2493 sunt,
3332 2443 3454 2483 cum
3507 2428 3694 2484 vident

2106 2534 2294 2578 servos
2317 2519 2435 2585 Dei,
2465 2519 2762 2574 Ecclesium
2791 2519 3043 2575 videlicet
3071 2519 3296 2584 Christi,
3323 2518 3524 2579 bellum
3549 2533 3686 2576 cono

2106 2620 2189 2666 tra
2219 2624 2279 2666 se
2306 2609 2610 2680 disponere,
2642 2618 2696 2665 et
2737 2608 2835 2664 sub
2860 2607 3078 2666 Christo
3134 2623 3265 2681 rege
3310 2609 3434 2665 totis
3485 2609 3695 2667 viribus

2107 2703 2340 2759 militare
2377 2701 2532 2757 velle.
2558 2701 2894 2772 Angustatur
2927 2699 3070 2756 enim
3091 2707 3223 2755 tunc
3250 2701 3421 2756 hostis
3451 2699 3540 2756 ille
3592 2697 3717 2756 ne—'

2107 2796 2421 2866 quissimus,
2445 2794 2662 2864 quando
2687 2806 2815 2848 oves
2837 2790 3106 2863 quondam
3129 2807 3256 2846 suas
3281 2791 3531 2847 recedere
3552 2789 3693 2846 velle

2107 2886 2393 2957 conSpicit,
2422 2884 2626 2948 fremit,
2651 2882 2925 2948 irascitur,
2959 2881 3108 2946 furit,
3122 2888 3178 2936 et
3205 2881 3330 2936 totis
3359 2881 3566 2936 viribus
3595 2882 3693 2934 att-

2106 2992 2296 3033 versus
2322 2990 2416 3031 eas
2447 2981 2836 3035 commovetur,
2859 2972 3036 3042 perire
3065 2971 3167 3027 sibi
3193 2971 3508 3027 existimans
3535 2969 3694 3041 quid-

2107 3066 2235 3136 quid
2260 3064 2476 3121 Cbristo
2505 3062 2761 3118 salvatur.
2786 3061 2922 3129 Quia
2943 3076 3092 3132 ergo,
3116 3061 3313 3116 fratres
3333 3058 3691 3129 dilectissimi,

2106 3159 2174 3213 ad
2209 3155 2421 3212 Domini
2453 3161 2854 3210 sacramentum
2898 3151 3299 3223 percipiendum
3330 3149 3689 3222 quadraginta

2106 3248 2314 3303 dierum
2333 3244 2537 3315 jejunio
2563 3257 2954 3314 praeparamur,
2987 3241 3179 3297 intenti
3205 3240 3375 3296 simus
3401 3241 3468 3295 ad
3491 3239 3692 3295 oratio-

2107 3353 2250 3403 nem,
2279 3336 2347 3392 ad
2379 3350 2564 3391 sacras
2590 3333 2848 3389 ecclesias
2878 3332 3325 3395 conveniendum,
3362 3331 3429 3386 ad
3464 3328 3692 3386 offeren-

2105 3428 2234 3483 dum
2268 3427 2340 3482 ibi
2370 3425 2598 3481 Domino
2635 3437 2834 3494 preces,
2865 3431 2922 3478 et
2966 3421 3388 3492 supplicationes
3441 3420 3686 3476 devotas.

2106 3519 2418 3588 Jejunemus
2447 3525 2527 3574 tot
2556 3515 2742 3573 diebus
2769 3530 2870 3586 pro
2897 3515 3134 3585 peccatis
3162 3513 3384 3578 nostris,
3413 3519 3545 3580 quot
3586 3523 3690 3580 pro

2108 3609 2404 3666 sceleribus
2429 3607 2632 3664 nostris
2672 3605 2934 3661 Dominus
2959 3601 3243 3674 iejunavit.
3271 3600 3421 3655 Illum
3449 3607 3570 3671 post
3591 3599 3688 3654 ba-

2104 3701 2361 3772 ptismum
2388 3698 2616 3755 tentavit
2648 3693 2920 3760 diabolus;
2964 3707 3071 3747 non
3113 3690 3319 3746 sciebat
3357 3689 3453 3746 Dei
3491 3687 3689 3743 Filium

2106 3805 2246 3856 esse,
2274 3797 2328 3844 et
2354 3796 2641 3858 pr0pterea
2680 3792 2888 3840 tentare
2925 3777 3285 3852 prtesumebat
3312 3791 3328 3831 :
3355 3792 3458 3835 nos
3506 3785 3688 3831 autem

2105 3882 2231 3952 quia
2258 3881 2361 3936 scit
2402 3878 2542 3934 ﬁlios
2586 3876 2684 3932 Dei
2717 3874 2833 3931 fieri
2873 3872 3034 3939 velle,
3054 3877 3340 3941 pr0pterea
3382 3879 3691 3937 expugnare

2107 3973 2320 4038 nititur,
2349 3979 2403 4026 et
2442 3969 2597 4040 quasi
2647 3981 2872 4037 serpens
2933 3963 3201 4028 lubricus,
3251 3968 3468 4016 nostros
3519 3956 3692 4014 invol-

2106 4076 2234 4116 vere
2275 4060 2461 4132 pedes,
2501 4074 2569 4115 ne
2613 4057 2904 4112 ascendere
2947 4051 3222 4107 valeamus
3264 4050 3332 4105 ad
3366 4049 3587 4106 caelum.
3625 4046 3687 4105 Si

2107 4168 2236 4226 ergo
2270 4152 2558 4209 Dominum
2591 4158 2797 4206 tentare
2826 4160 2991 4202 ausus
3031 4153 3116 4200 est
3153 4140 3457 4214 versipellis
3497 4149 3553 4197 et
3595 4153 3690 4196 ne—

2107 4259 2292 4315 quam,
2320 4253 2522 4314 quanto
2551 4239 2724 4310 magis
2767 4252 2867 4292 nos
2899 4235 3148 4306 decipere
3195 4246 3301 4287 non
3351 4231 3597 4287 timebit?
3627 4227 3690 4286 Si

2108 4342 2294 4389 contra
2328 4332 2521 4387 Filium
2552 4329 2646 4384 Dei
2668 4337 2723 4384 et
2758 4326 2975 4399 figulum
3007 4337 3162 4380 suum
3189 4337 3286 4377 vas
3307 4321 3582 4392 perditum
3604 4334 3691 4376 re—

2109 4420 2389 4493 pugnavit,
2417 4427 2619 4489 quanto
2653 4416 2825 4487 magis
2846 4422 3036 4472 contra
3065 4426 3183 4476 nos,
3214 4412 3305 4482 qui
3342 4411 3464 4482 puri
3513 4410 3691 4467 homi-

2107 4532 2204 4573 nes
2229 4528 2436 4577 sumus,
2468 4511 2688 4566 audebit
2725 4507 2968 4564 irrueretl
3019 4504 3127 4560 Sed
3173 4503 3308 4569 heu,
3335 4503 3471 4573 proh
3503 4501 3683 4558 dolori

2106 4614 2232 4662 sunt
2259 4603 2426 4674 aliqui
2452 4601 2584 4657 tales
2610 4599 2699 4670 qui
2727 4599 2781 4653 in
2814 4599 2900 4652 his
2925 4595 3130 4652 sanctis
3165 4593 3352 4649 diebus
3381 4593 3552 4663 magis
3572 4600 3688 4646 stu-

2106 4702 2238 4756 dent
2259 4698 2486 4754 terrenis
2517 4694 2749 4765 negotiis
2783 4700 2876 4746 aut
2920 4690 3075 4746 vanis
3126 4688 3257 4744 aleae
3286 4686 3448 4752 ludis,
3474 4693 3568 4740 aut
3595 4700 3689 4741 ve-

2107 4791 2278 4856 natui,
2309 4797 2404 4845 aut
2436 4786 2715 4843 audiendis
2761 4783 2939 4839 causis
2985 4794 3202 4845 vacare,
3246 4794 3408 4850 quam
3460 4778 3686 4832 verbum

2108 4883 2204 4938 Dei
2239 4881 2426 4937 audire
2451 4887 2544 4934 aut
2571 4877 2802 4934 orationi
2842 4873 3112 4930 insistere.
3151 4871 3236 4926 An
3275 4869 3478 4941 putatis
3533 4867 3687 4925 illum

2102 4970 2375 5042 jejunare,
2404 4967 2622 5032 fratres,
2656 4964 2749 5035 qui
2785 4963 2963 5035 primo
2993 4958 3227 5017 diluculo
3261 4974 3367 5014 non
3410 4958 3476 5013 ad
3506 4955 3685 5013 eccle-

2109 5062 2245 5117 siam
2292 5057 2494 5129 vigilat,
2532 5070 2639 5110 nou
2686 5055 2967 5109 beatorum
3008 5058 3302 5119 martyrum
3346 5045 3462 5100 loca
3499 5053 3686 5100 sancta

2108 5153 2401 5225 perquirit,
2427 5150 2520 5207 sed
2557 5165 2785 5221 surgens
2823 5152 3114 5216 congregat
3146 5141 3418 5207 servulos,
3448 5141 3686 5210 disponit

2111 5246 2268 5311 retia,
2292 5259 2455 5300 canes
2487 5241 2738 5314 producit
2761 5238 3029 5306 silvasque
3058 5234 3378 5306 perlustrat,
3403 5246 3465 5286 ac
3491 5245 3682 5286 servu-

2109 5338 2190 5391 los
2213 5351 2341 5390 suos
2363 5333 2632 5405 pertrahit
2651 5344 2855 5392 secum,
2887 5325 3118 5381 fortasse
3144 5323 3210 5378 ad
3251 5321 3533 5377 ecclesiam
3574 5332 3689 5374 ma-

2109 5427 2193 5497 gis
2223 5425 2554 5484 festinantes,
2585 5429 2640 5475 et
2679 5417 3040 5487 voluptatibus
3089 5412 3201 5469 suis
3247 5419 3468 5480 peccata
3521 5422 3685 5461 accu-

2110 5519 2280 5575 mulat
2304 5518 2494 5577 aliena,
2524 5513 2773 5568 nesciens
2797 5524 2854 5564 se
2880 5522 3030 5563 reum
3063 5502 3299 5558 futurum
3343 5510 3452 5555 tam
3489 5497 3554 5552 de
3584 5511 3686 5553 suo

2111 5612 2304 5667 delicto
2332 5623 2491 5678 quam
2519 5608 2584 5661 de
2629 5602 2930 5673 perditione
2984 5595 3296 5654 servorum?
3345 5592 3479 5645 Tota
3521 5589 3686 5657 igitur

2111 5703 2195 5758 die
2236 5699 2516 5756 venatibus
2543 5696 2878 5757 immoratur,
2910 5707 3051 5746 nunc
3099 5688 3388 5744 clamorem
3433 5683 3696 5737 immode-
