3922 6322
186 333 247 394 IS
1118 337 1424 399 Hole/E
1463 339 1553 397 DE
1591 338 1834 400 FESTIS
1871 338 2279 407 PlhECIPUlS,
2321 338 2475 398 ETC.
3351 335 3425 394 26

183 463 344 513 ratum
388 451 639 518 efferens,
687 469 830 510 nunc
873 454 1144 512 silentium
1198 457 1430 515 latenter
1463 460 1739 526 indicens;
1771 462 1818 522 Α
1848 459 1967 515 fans
1994 460 2226 515 mundus
2249 470 2354 525 est,
2380 459 2502 530 quis
2528 473 2587 515 se
2611 457 2908 514 immunem
2931 473 2964 514 ι
3003 467 3228 530 peccato
3255 459 3424 515 aude-

183 547 324 602 latus
349 546 392 602 si
433 545 631 615 aliquid
659 547 884 617 ceperit,
907 548 1079 604 iratus
1103 549 1149 605 si
1183 550 1238 606 id
1267 551 1408 620 quod
1438 567 1544 607 non
1575 551 1744 607 habe~

185 639 268 697 bat
293 637 557 703 amiserit;
597 647 652 692 et
675 647 826 694 tanto
862 640 1041 695 studio
1079 642 1220 712 gerit
1243 643 1398 713 quasi
1440 642 1562 697 ideo
1605 642 1744 698 indi-

185 737 317 786 ctum
351 727 611 798 jejunium
656 729 818 785 fuerit
870 739 929 786 ut
971 741 1217 788 venetur.
1252 733 1319 788 Et
1344 740 1472 789 sunt
1499 733 1744 804 plerique

182 823 264 891 qui
289 820 352 875 de
375 819 654 876 venatibus
682 820 982 884 redeuntes,
1010 824 1179 893 magis
1207 839 1402 880 canum
1433 838 1596 894 quam
1626 839 1744 879 ser-

186 923 361 964 vorum
383 924 565 964 curam
591 919 809 980 gemat,
829 919 885 967 ct
908 911 1112 968 faciunt
1135 928 1227 971 eos
1249 914 1406 984 juxta
1437 930 1497 972 se
1533 930 1745 970 recum-

183 998 300 1055 bere
323 999 404 1054 vel
442 999 701 1065 dormire,
738 1002 1108 1071 quotidianum
1141 1004 1244 1060 illis
1281 1006 1462 1061 cibum
1498 1006 1578 1061 sui
1606 1020 1745 1076 prae-

184 1091 339 1148 sentia
387 1092 789 1160 ministrantes,
833 1094 924 1163 qui
963 1107 1146 1150 utrum
1199 1112 1387 1152 servus
1446 1097 1563 1167 ejus
1607 1096 1749 1152 fame

183 1183 430 1239 moriatur
454 1183 698 1253 ignorat;
731 1194 786 1240 et
813 1188 958 1255 quod
983 1196 1067 1244 est
1106 1189 1346 1258 gravius,
1375 1188 1420 1244 si
1463 1189 1750 1260 diligenter

182 1271 260 1328 his
284 1283 638 1343 praeparatum
665 1290 772 1330 non
807 1274 1002 1341 fuerit,
1031 1293 1128 1347 pro
1171 1294 1305 1334 cane
1356 1293 1544 1334 servus
1593 1279 1750 1350 puni-

187 1371 282 1429 tur,
310 1350 389 1418 vel
423 1364 587 1420 etiam
611 1366 897 1421 occiditur.
926 1366 1191 1423 Videntur
1215 1370 1361 1424 enim
1389 1370 1444 1424 in
1467 1369 1751 1424 nonnullo-

182 1468 291 1507 rum
319 1453 563 1510 domibus
597 1456 750 1511 nitidi
788 1465 842 1512 et
878 1459 1048 1514 crassi
1085 1475 1247 1516 canes
1285 1461 1614 1526 discurrere,
1649 1460 1748 1514 ho-

182 1543 340 1600 mines
376 1555 556 1602 autem
600 1547 866 1616 pallentes
911 1557 968 1605 et
1019 1550 1314 1608 titubantes
1351 1553 1622 1608 incedere.
1654 1552 1748 1607 lsti

180 1649 297 1708 ergo
319 1640 586 1708 quomodo
621 1641 910 1712 aliquando
939 1645 1263 1714 pauperibus
1282 1646 1558 1701 extraneis
1584 1646 1750 1700 mise-

182 1725 445 1792 rebuntur,
473 1730 565 1799 qui
591 1730 815 1785 minime
851 1733 1083 1802 propriis
1137 1732 1353 1789 famulis
1403 1737 1757 1794 miserentur?

1844 549 1926 604 bit
1961 563 2208 605 asserere
2242 558 2299 605 et
2334 548 2665 620 poenitentia:
2721 549 2959 604 remedia
3009 547 3245 605 refutare
3297 563 3315 604 :
3360 549 3428 604 Et

1843 637 2035 692 beatus
2061 635 2294 692 Joannes
2323 636 2596 706 apostolus
2623 636 2694 690 ait
2727 634 2778 706 (l
2818 634 2982 690 Joan.
3011 633 3052 708 ι)
3084 654 3098 690 :
3129 634 3191 692 Si
3231 636 3429 692 dixeri-

1842 742 1959 780 mus
2001 728 2124 797 quia
2153 737 2420 797 peccatum
2447 741 2551 780 non
2575 724 2844 788 habmus,
2867 726 2967 795 ipsi
2988 743 3081 781 nos
3108 726 3424 790 seducimus,

1844 827 1893 870 et
1915 819 2106 871 veritas
2135 818 2188 871 in
2216 817 2361 871 nobis
2392 833 2494 871 non
2518 825 2612 870 est.
2641 814 2702 871 Si
2724 816 3065 884 conﬁteantur
3098 828 3311 886 peccata
3335 832 3430 870 no-

1845 920 1978 975 stra,
2002 909 2173 980 fidelis
2195 919 2271 964 est
2291 919 2338 963 et
2352 909 2551 979 justus,
2581 917 2637 962 ut
2656 907 2881 962 remittat
2907 908 3050 962 nobis
3087 918 3300 980 peccata
3333 924 3428 962 no-

1847 1013 1979 1068 stra,
2002 1012 2050 1056 et
2072 1002 2283 1056 mundet
2307 1019 2400 1056 nos
2421 1001 2485 1055 ab
2506 1002 2644 1055 omni
2667 1000 2957 1070 iniquitate.
2983 999 3088 1056 Sed
3113 1001 3254 1070 quod
3274 1000 3431 1055 valde

1848 1092 2137 1148 doiendum
2183 1101 2284 1157 est,
2317 1091 2590 1156 nonnulli,
2618 1098 2842 1161 peccata
2873 1105 2970 1145 sua
3007 1090 3264 1146 oblivioni
3314 1099 3428 1145 tra-

1849 1183 2067 1243 dentes,
2094 1190 2148 1235 et
2175 1196 2270 1252 per
2306 1180 2624 1250 jactantiam
2677 1180 3001 1236 mundanam
3037 1180 3428 1250 superbientes,

1849 1285 1956 1324 non
1990 1269 2162 1325 solum
2193 1285 2251 1325 se
2277 1286 2401 1326 reos
2425 1286 2546 1327 esse
2569 1286 2672 1326 non
2705 1271 2960 1342 cogitant,
2991 1279 3048 1327 et
3069 1287 3128 1326 se
3152 1270 3431 1326 absolvere

1849 1375 1879 1415 a
1903 1361 2136 1431 propriis
2163 1361 2372 1417 delictis
2399 1377 2495 1432 per
2526 1361 2951 1417 misericordiam
2989 1361 3041 1415 in
3069 1360 3201 1415 alios
3225 1358 3426 1415 factam

1848 1471 2189 1527 nequaquam
2245 1462 2436 1512 curant
2476 1473 2490 1510 :
2541 1456 2649 1510 imo
2692 1462 3083 1526 prteceptorum
3129 1451 3430 1509 divinorum

1848 1551 2230 1611 immemores,
2255 1549 2328 1603 ita
2355 1549 2497 1604 circa
2537 1562 2724 1602 servos
2758 1561 2886 1602 suos
2930 1553 2987 1601 et
3039 1544 3281 1600 subditos
3329 1543 3434 1600 sibi

1849 1651 2172 1713 potestatem
2210 1639 2590 1696 dominationis
2616 1645 2898 1701 exercent,
2931 1645 2989 1691 ut
3015 1637 3068 1691 in
3109 1636 3194 1692 his
3241 1635 3433 1692 diebus

1850 1750 1957 1789 non
2004 1734 2248 1790 dubitent
2296 1731 2519 1802 ﬂagellis
2565 1745 2657 1785 eos
2705 1729 2930 1792 caedere,
2978 1727 3152 1797 poenis
3197 1725 3431 1792 allicere,

181 1813 320 1872 Scire
368 1827 548 1874 autem
587 1821 878 1888 debemus,
917 1822 1134 1888 fratres,
1173 1825 1276 1879 hoc
1312 1835 1591 1894 acceptum
1630 1840 1751 1881 esse
1780 1806 1826 1866 Β
1853 1825 2202 1895 compedibus
2229 1823 2559 1892 prcepedire;
2593 1821 2636 1877 si
2665 1821 2801 1876 forte
2823 1835 2944 1876 cum
2973 1818 3041 1875 ad
3083 1817 3434 1873 reficiendum

181 1907 280 1962 Deo
309 1909 595 1980 jejunium,
629 1927 735 1967 non
761 1913 934 1969 solum
964 1922 1022 1968 ut
1051 1916 1378 1971 abstinentia
1426 1915 1752 1988 castigemus

179 2011 414 2068 corpora,
436 2002 530 2056 sed
558 2002 725 2057 etiam
750 2003 1052 2059 humilitate
1082 2006 1290 2062 animas
1320 2006 1625 2062 induamus.
1668 2004 1754 2061 Si-

180 2099 288 2141 mus
316 2087 381 2141 ad
409 2088 654 2144 servulos
687 2091 866 2157 mites,
901 2093 1082 2147 blandi
1111 2094 1178 2149 ad
1209 2103 1512 2158 extraneos,
1542 2095 1752 2150 miseri-

178 2171 353 2228 cordes
388 2175 454 2229 ad
481 2190 780 2246 pauperes;
809 2187 1091 2248 surgentes
1110 2181 1286 2251 primo
1315 2183 1548 2239 diluculo
1573 2185 1638 2238 ad
1663 2198 1750 2239 ec-

179 2259 381 2316 clesiam
411 2262 753 2330 festinemus,
775 2267 1079 2325 referamus
1108 2272 1218 2326 Deo
1245 2273 1468 2342 gratias,
1503 2282 1753 2342 peccato-

177 2363 287 2404 rum
309 2351 516 2406 vcniam
541 2353 910 2422 postulemus,
939 2366 1191 2428 rogantes
1224 2359 1513 2428 praeteritis
1542 2360 1752 2416 delictis

178 2437 569 2509 indulgentiam,
602 2443 868 2498 cautelam
895 2446 962 2500 de
988 2446 1214 2513 futuris;
1253 2457 1364 2503 tota
1392 2449 1480 2504 die
1505 2449 1576 2504 sit
1595 2450 1750 2505 nobis

176 2529 374 2586 assidua
411 2533 496 2587 vel
552 2534 731 2589 oratio
776 2535 859 2591 vel
906 2535 1111 2592 lectio:
1144 2539 1235 2607 qui
1292 2538 1502 2594 litteras
1555 2542 1747 2607 nescit,

177 2632 407 2679 sanctum
447 2626 628 2680 virum
677 2643 741 2682 ac
791 2628 1004 2684 doctum
1045 2633 1387 2702 perquirens,
1419 2633 1538 2702 ejus
1567 2635 1751 2690 confa-

176 2711 434 2770 bulatione
459 2725 736 2785 pascatur.
754 2716 970 2775 Nullum
996 2730 1150 2776 actus
1171 2723 1351 2778 saeculi
1375 2739 1405 2777 a
1428 2723 1608 2779 divina
1637 2740 1752 2780 ser-

175 2803 334 2860 vitute
369 2807 691 2864 abstrahunt
718 2809 803 2865 vel
838 2811 1130 2885 impediant
1163 2832 1175 2868 ε
1217 2831 1322 2869 non
1352 2815 1510 2871 ludus
1555 2817 1750 2873 tabulae

177 2908 398 2955 mentem
428 2912 655 2970 avocet;
707 2920 815 2961 non
841 2907 1088 2977 voluptas
1125 2925 1320 2966 canum
1351 2927 1541 2969 sensus
1577 2914 1747 2969 abdu—

177 3001 287 3057 cat;
316 3009 419 3050 non
447 2998 654 3068 negotii
680 3002 1058 3070 compendium
1083 3003 1320 3059 animam
1339 3005 1598 3062 aviditate
1627 3023 1754 3077 per-

179 3089 362 3138 vertat.
387 3084 663 3158 Quidquid
692 3091 834 3144 enim
858 3091 912 3145 in
946 3090 1033 3147 his
1060 3094 1412 3162 vanitatibus,
1439 3097 1523 3153 vel
1551 3099 1602 3152 in
1631 3099 1752 3155 aliis

177 3177 381 3248 ineptiis
402 3188 604 3250 praeter
632 3182 942 3237 mandatum
970 3184 1066 3239 Dei
1096 3185 1312 3253 feceris,
1340 3189 1587 3257 quamvis
1625 3192 1750 3246 abs-

179 3265 358 3333 tineas,
401 3284 507 3324 non
555 3269 789 3340 jejunas,
814 3273 940 3342 quia
966 3274 1295 3343 voluptatem
1337 3284 1484 3333 tuam
1507 3293 1751 3346 exerces,

179 3372 276 3414 non
304 3359 515 3417 Domini
545 3362 679 3417 facis
700 3363 1050 3422 voluntatem.
1085 3365 1197 3422 lloc
1227 3376 1311 3424 est
1331 3369 1474 3424 enim
1515 3369 1754 3428 salutare

177 3444 445 3519 jejunium,
479 3460 541 3506 ut
569 3453 707 3507 sicut
732 3454 967 3511 abstinet
1005 3472 1201 3526 corpus
1240 3459 1308 3515 ab
1356 3461 1550 3530 epulis,
1582 3461 1656 3516 ita
1700 3470 1756 3518 et

180 3543 346 3598 anima
377 3544 686 3602 refrenetur
715 3563 747 3602 a
796 3549 976 3616 vitiis,
1006 3559 1066 3605 ut
1111 3551 1416 3623 jejunemus
1467 3555 1673 3625 pariter
1722 3571 1754 3611 a

179 3629 304 3690 cibis
333 3643 386 3688 et
412 3644 662 3705 peccato,
704 3645 764 3691 ut
812 3637 965 3693 labor
1012 3649 1196 3696 noster
1236 3657 1334 3712 per
1380 3642 1476 3699 Dei
1525 3644 1756 3714 gratiam

182 3735 420 3781 coronam
452 3727 615 3782 nobis
632 3729 811 3799 pariat
837 3731 1241 3798 sempiternam.
1275 3733 1468 3790 Amen.

745 3818 1029 3876 HOMILIA
1068 3821 1178 3877 ΧΠ.

505 3926 562 3966 Ill
596 3926 848 3966 DOHINICA
885 3929 941 3966 ιν
974 3928 1416 3976 QUADRAGESIM.~B.

184 3998 254 4053 De
275 4000 710 4078 misericordiam
748 4002 1050 4078 remissione
1089 4004 1380 4078 debitorum
1417 4008 1622 4078 iniillis
1667 4009 1757 4078 qui

245 4080 419 4126 contra
446 4087 541 4125 nos
567 4070 871 4140 delinquunt
908 4073 1170 4142 facienda.
1208 4074 1226 4146 (
1248 4074 1449 4148 Evang.
1474 4077 1602 4132 Luc.
1635 4070 1708 4135 vi.
1735 4078 1754 4149 )

246 4176 490 4246 Legimus
536 4180 591 4234 in
651 4180 944 4252 Evangelio
999 4182 1334 4240 Salvatorem
1384 4196 1631 4243 nostrum
1681 4191 1754 4244 ita

182 4273 490 4341 praecepisse
521 4269 800 4345 discipulis
822 4276 933 4331 suis
958 4284 1118 4346 atque
1141 4277 1340 4332 dixisse
1364 4295 1376 4331 :
1406 4278 1582 4334 Estote
1604 4281 1757 4334 mise-

185 4363 400 4419 ricordes
419 4407 432 4430 ,
463 4367 587 4437 quia
626 4377 674 4420 et
709 4366 872 4422 Pater
901 4377 1061 4422 vester
1080 4367 1296 4423 caelestis
1320 4369 1612 4425 misericors
1638 4381 1712 4426 est
1735 4384 1754 4422 :

1778 3143 1826 3207 C

1850 1915 2085 1979 venitur,
2113 1914 2298 1968 tardus
2324 1913 2570 1967 minister
2597 1911 2789 1977 fuerit,
2822 1911 3006 1966 statim
3033 1925 3155 1966 eum
3192 1908 3435 1978 verberi-

1851 2004 1952 2060 bus
1979 2003 2279 2066 laniare,et
2306 2003 2455 2073 prius
2483 2002 2683 2056 satiare
2702 2001 2911 2056 servuli
2925 2000 3188 2072 sanguine
3210 1999 3436 2070 appetit,

1850 2112 2015 2167 quam
2042 2096 2274 2152 convivii
2302 2094 2597 2164 voluptate.
2633 2093 2836 2149 Horum
2863 2091 3022 2162 quale
3044 2090 3305 2161 jejunium
3327 2098 3434 2155 est,

1849 2187 2071 2253 fratres,
2100 2187 2242 2257 quod
2269 2187 2393 2242 ideo
2408 2183 2711 2255 jejunatum
2740 2191 2855 2250 est,
2897 2192 2957 2238 ut
2989 2199 3096 2239 non
3128 2181 3436 2238 Diviuitatis

1849 2277 2279 2333 misericordiam
2323 2282 2700 2347 provocarent,
2731 2267 2920 2331 sed'ut
2947 2273 3239 2329 clamorem
3269 2271 3433 2328 fami-

1850 2366 1936 2422 lite
1965 2365 2369 2438 ingemiscentis
2402 2363 2757 2420 effunderent.
2789 2362 3042 2434 Quisquis
3070 2371 3249 2419 autem
3285 2363 3436 2433 cupit

1851 2459 1917 2514 de
1965 2459 2077 2514 Deo
2123 2455 2549 2512 misericordiam
2598 2455 2927 2526 promereri,
2957 2455 3069 2525 ipse
3098 2453 3258 2510 debet
3285 2453 3436 2523 prior

1851 2564 1972 2605 esse
2020 2548 2362 2613 misericors;
2414 2547 2676 2616 scriptum
2725 2553 2810 2601 est
2855 2545 2999 2600 enim
3035 2562 3047 2599 :
3085 2542 3359 2597 Iudicium
3389 2542 3437 2597 ei

1848 2643 1960 2698 sine
1992 2640 2374 2706 misericordia,
2403 2641 2493 2710 qui
2538 2655 2644 2692 non
2690 2636 2818 2707 facit
2866 2635 3279 2692 misericordiam
3319 2631 3443 2704 (Ja-'

1848 2736 1961 2789 cob.
2006 2732 2099 2806 tt);
2151 2739 2210 2788 et
2249 2749 2262 2785 :
2305 2729 2365 2786 Si
2402 2746 2506 2784 non
2542 2728 2842 2783 remiseritis
2890 2725 3185 2780 hominibus
3227 2731 3439 2793 peccata

1849 2840 2049 2889 eorum,
2069 2838 2160 2876 nec
2182 2819 2345 2875 Pater
2373 2828 2535 2876 vester
2563 2817 2780 2874 ccclesiis
2800 2817 3024 2871 dimittet
3049 2813 3189 2869 vobis
3225 2820 3436 2884 peccata

1849 2926 2019 2971 vestra
2051 2913 2264 2986 (Matth.
2291 2913 2390 2985 vt).
2424 2914 2564 2985 Ergo
2606 2927 2768 2983 quam
2816 2909 3109 2966 absurdum
3164 2915 3251 2964 est
3292 2904 3438 2975 quod

1849 3005 2189 3061 Christianus
2215 3006 2464 3061 dominus
2493 3003 2800 3060 Christiano
2830 3003 2883 3057 in
2910 3002 2996 3057 bis
3039 2999 3230 3055 diebus
3274 3010 3433 3053 servo

1853 3109 1961 3150 non
1993 3101 2202 3163 parcat,
2242 3094 2465 3149 minime
2519 3092 2816 3164 respiciens
2843 3091 2986 3162 quod
3036 3090 3083 3146 si
3126 3103 3319 3145 servus
3356 3093 3444 3143 est

1852 3188 2184 3252 conditione,
2216 3186 2388 3258 gratia
2416 3193 2596 3240 tamen
2619 3183 2788 3240 frater
2814 3191 2929 3249 est;
2953 3182 3153 3238 etenim
3189 3177 3440 3237 similiter

1855 3275 2130 3331 Christum
2171 3275 2364 3339 induit,
2388 3274 2578 3330 iisdem
2601 3272 2892 3344 participat
2917 3269 3271 3326 sacramentis
3296 3285 3311 3322 :
3344 3279 3440 3322 eo-

1854 3368 1976 3425 dem
2005 3384 2114 3438 qno
2135 3376 2189 3423 et
2217 3378 2272 3422 tu
2298 3367 2471 3423 utitur
2504 3367 2615 3422 Deo
2653 3364 2837 3431 Patre,
2867 3379 2966 3420 cur
3009 3372 3061 3419 te
3103 3377 3207 3418 non
3253 3368 3438 3416 utatur

1853 3459 2052 3515 fratre?
2082 3459 2416 3530 Recogitate,
2443 3457 2659 3524 fratres,
2675 3457 2939 3527 originem
2969 3463 3204 3511 vestram
3235 3468 3250 3508 :
3277 3466 3441 3509 omne

1853 3551 2070 3624 quidem
2092 3552 2386 3607 humanum
2411 3563 2580 3622 genus
2600 3564 2665 3604 ex
2687 3563 2795 3603 uno
2818 3548 3057 3613 homine,
3074 3545 3128 3602 id
3147 3544 3439 3610 estAdam,

1852 3636 2194 3714 procreatum
2229 3651 2314 3699 est
2336 3651 2392 3698 et
2419 3641 2656 3707 mortali,
2682 3640 2912 3696 mortale
2960 3639 3222 3711 genitum,
3254 3646 3311 3694 et
3359 3637 3438 3693 si-

1853 3735 2058 3790 militer
2083 3734 2378 3800 nascimur,
2403 3733 2654 3788 similiter
2692 3739 2748 3788 et
2793 3731 3078 3795 morimur,
3111 3729 3358 3786 similiter
3383 3735 3442 3786 et

1852 3823 2242 3894 putrescimus;
2295 3823 2393 3877 soli
2421 3831 2477 3878 et
2505 3823 2634 3876 nudi
2664 3822 2716 3876 in
2750 3823 2893 3876 hunc
2922 3820 3180 3875 mundum
3211 3818 3439 3876 intravi-

1776 3955 1782 3958 .
1853 3928 1996 3977 mus,
2015 3912 2114 3969 soli
2143 3921 2198 3969 et
2225 3912 2352 3968 nudi
2382 3913 2650 3968 exibimus
2679 3925 2693 3964 :
2727 3911 3063 3967 solummodo
3087 3911 3217 3966 hinc
3243 3926 3442 3967 exeun-

1856 4012 1938 4060 tes
1964 4005 2104 4060 bona
2130 4020 2295 4075 opera
2325 4001 2411 4058 vel
2439 4004 2580 4058 mala
2610 4019 2731 4074 quas
2757 4003 2847 4059 hic
2891 4003 3157 4074 gessimus
3184 4018 3283 4058 nos
3312 4019 3439 4073 pro-

1856 4106 2183 4166 sequuntur,
2216 4103 2272 4150 et
2316 4095 2686 4165 unusquisque
2733 4102 2978 4149 nostrum
3026 4104 3153 4148 ante
3200 4091 3440 4148 tribunal

1855 4187 2054 4243 Christi
2075 4200 2174 4256 pro
2197 4201 2254 4241 se
2276 4184 2583 4241 redditurus
2620 4193 2704 4239 est
2732 4184 3016 4239 rationem.
3057 4183 3123 4238 Et
3150 4183 3271 4238 ideo
3291 4223 3306 4248 ,
3329 4181 3440 4237 ira.

1853 4286 1984 4344 tres,
2009 4279 2315 4348 quicunque
2363 4291 2429 4330 ex
2462 4276 2615 4330 vobis
2653 4274 2774 4330 aliis
2820 4280 3082 4344 praesunt,
3115 4288 3214 4343 per
3259 4273 3442 4328 chari-

1857 4379 2018 4426 tatem
2046 4370 2150 4425 illis
2181 4370 2479 4439 imperent;
2514 4369 2603 4438 qui
2627 4378 2806 4424 autem
2833 4368 3032 4424 subditi
3062 4374 3206 4432 sunt,
3229 4367 3282 4422 in
3311 4368 3440 4423 cha-

185 4451 414 4508 dimittite
429 4464 479 4507 et
509 4454 799 4510 dimittetur
828 4456 1001 4521 vobis;
1042 4456 1161 4510 date
1184 4467 1232 4512 et
1260 4459 1473 4512 dabitur
1495 4461 1654 4514 vobis.
1687 4459 1751 4516 In
1784 4489 1832 4548 ι)
1858 4464 2018 4518 ritate
2042 4462 2148 4518 illis
2171 4461 2411 4518 serviant
2436 4462 2529 4530 qui
2555 4461 2656 4516 sibi
2685 4469 2943 4532 prtesunt.
2971 4461 3206 4515 Audiant
3227 4472 3439 4528 quoque

184 4556 277 4604 qua
307 4559 549 4596 mensura
579 4544 742 4598 mensi
785 4544 1014 4612 fueritis,
1059 4547 1356 4601 remetietur
1395 4547 1554 4604 vobis.
1604 4547 1754 4605 Hanc

186 4629 298 4687 licet
332 4635 655 4689 sententiam
707 4635 916 4690 Domini
957 4653 1179 4694 servare
1203 4641 1348 4694 omni
1388 4649 1626 4711 tempore
1653 4659 1751 4698 nc-

184 4734 328 4778 cesse
355 4723 446 4789 sit,
472 4723 669 4780 fratres
701 4725 1029 4792 cbarissimi,
1056 4730 1287 4785 maxime
1321 4739 1497 4786 tamen
1525 4733 1610 4788 his
1651 4733 1758 4788 dico

190 4809 299 4876 bus,
332 4812 382 4866 in
412 4813 610 4884 quibus
637 4815 846 4870 veniam
892 4825 1235 4884 peccatorum
1281 4829 1588 4876 nostrorum
1632 4838 1758 4892 pro-

186 4904 368 4957 mereri
391 4912 449 4958 et
469 4906 894 4960 misericordiam
917 4907 1130 4963 Domini
1161 4911 1313 4966 nobis
1330 4913 1617 4969 conciliare
1646 4923 1758 4970 stu-

189 4989 384 5056 demus,
418 5009 541 5048 cum
573 4995 644 5049 ita
683 4996 922 5066 quotidie
955 4997 1066 5053 Deo
1105 4999 1156 5053 in
1203 5002 1447 5057 oratione
1492 5005 1756 5073 dicamus,

192 5081 491 5152 magisterio
515 5086 721 5142 caelesti
754 5087 943 5143 imbuti
970 5106 982 5143 :
1016 5089 1234 5146 Dimitte
1273 5093 1418 5148 nobis
1454 5095 1628 5151 debita
1658 5113 1754 5152 no-

191 5181 290 5225 stra
308 5212 321 5236 ,
347 5175 482 5229 sicut
505 5186 552 5231 et
581 5194 672 5232 nos
697 5178 1004 5235 dimittimus
1049 5181 1366 5240 debitoribus
1413 5189 1641 5254 nostris;
1691 5205 1759 5245 ne

192 5273 281 5314 nos
302 5260 403 5318 hac
433 5266 702 5321 sententia
729 5269 900 5338 magis
930 5285 1186 5327 accusare
1216 5289 1374 5342 quam
1407 5278 1759 5334 reconciliare

195 5352 321 5419 apud
348 5354 639 5411 Dominum
673 5359 974 5426 videamur,
1016 5362 1061 5416 si
1111 5372 1297 5420 contra
1343 5367 1592 5422 mandata
1639 5368 1755 5438 ejus

193 5438 345 5497 dums
373 5458 474 5499 nos
498 5453 553 5500 et
578 5446 814 5505 immites
835 5451 1088 5508 adversus
1114 5454 1390 5522 proximos
1415 5465 1627 5512 nostros
1645 5459 1755 5513 eri-

196 5544 388 5599 gamus.
420 5533 622 5590 Omnes
643 5538 788 5593 enim
817 5554 974 5610 agere
999 5541 1254 5598 debemus
1276 5546 1647 5614 paenitentiam
1669 5587 1683 5612 ,
1703 5556 1759 5604 et

194 5629 372 5676 omnes
408 5621 714 5694 indigemus
763 5626 1109 5699 indulgentia,
1141 5631 1266 5700 quia
1319 5644 1507 5690 omnes
1553 5638 1759 5692 erravi-

196 5720 345 5766 mus:
372 5727 498 5768 nam
524 5715 570 5770 si
595 5712 886 5785 Scriptura:
909 5722 1213 5778 testimonio
1242 5739 1340 5780 nes
1370 5725 1528 5781 unius
1550 5726 1653 5781 dici
1677 5728 1753 5783 in-

1858 4568 1962 4608 non
2023 4567 2140 4616 me,
2208 4553 2302 4606 sed
2362 4551 2676 4622 Apostolum
2734 4551 2836 4606 sibi
2895 4551 2968 4605 ita
3032 4549 3439 4621 praecipientem

1859 4643 2071 4713 (Ep/tes.
2099 4644 2174 4714 vt)
2206 4662 2216 4696 :
2252 4642 2420 4706 Servi,
2452 4642 2645 4713 inquit,
2675 4641 2874 4696 obedite
2894 4642 3117 4696 dominis
3138 4639 3439 4695 carnalibus

1857 4748 1974 4784 cum
2003 4741 2222 4786 tremore
2247 4739 2296 4786 et
2340 4733 2543 4795 timore,
2577 4732 2633 4785 in
2679 4731 3011 4802 simplicitate
3049 4730 3220 4784 cordis
3263 4730 3436 4795 vestri,

1856 4821 1989 4875 sicut
2025 4819 2251 4876 Christo.
2283 4820 2407 4875 Non
2429 4820 2498 4874 ad
2521 4821 2726 4874 oculum
2753 4821 3061 4884 servientes,
3091 4821 3241 4890 quasi
3270 4820 3440 4874 homi-

1859 4912 2011 4966 nibus
2036 4911 2319 4982 placentes,
2343 4913 2433 4966 sed
2458 4921 2514 4966 ut
2545 4913 2679 4966 servi
2711 4911 2926 4977 Christi,
2968 4912 3214 4981 facientes
3254 4909 3440 4965 volun-

1859 5011 2015 5057 tatem
2046 5003 2228 5057 Deiex
2255 5004 2450 5056 animo.
2494 5000 2626 5056 Cum
2670 5003 2804 5056 bona
2844 5001 3106 5056 voluntate
3141 5001 3432 5064 servientes,

1858 5095 1991 5150 sicut
2029 5095 2278 5159 Domino,
2304 5105 2352 5150 et
2395 5111 2495 5149 non
2535 5094 2848 5148 hominibus.
2877 5091 3104 5147 Scientes
3130 5095 3255 5164 quia
3282 5109 3439 5147 unus-

1858 5185 2072 5254 quisque
2091 5184 2434 5254 quodcunque
2458 5183 2634 5252 fecerit
2663 5184 2869 5245 bonum,
2899 5183 2996 5237 hoc
3018 5184 3226 5252 recipiet
3251 5199 3284 5235 a
3308 5182 3435 5250 Deo,

1859 5279 1964 5332 sive
1991 5294 2167 5331 servus
2186 5318 2200 5343 ,
2222 5278 2327 5331 sive
2369 5277 2515 5330 liber.
2558 5277 2652 5332 llis
2683 5283 2862 5331 autem
2891 5276 2980 5346 qui
3011 5282 3248 5345 praesunt
3295 5275 3438 5330 idem

1863 5367 2136 5438 apostolus
2186 5367 2259 5421 ita
2293 5366 2420 5421 dicit
2452 5385 2464 5418 :
2496 5366 2597 5430 Et,
2627 5367 2842 5431 domini,
2886 5366 3066 5420 eadem
3103 5365 3260 5436 facite
3306 5363 3437 5432 illis,

1862 5457 2177 5511 remittentes
2219 5457 2409 5519 minas,
2448 5456 2665 5508 scientes
2696 5456 2817 5527 quia
2848 5465 2894 5509 et
2942 5454 3152 5508 illorum
3184 5463 3232 5508 et
3279 5463 3441 5509 vester

1863 5548 2119 5602 Dominus
2143 5557 2217 5602 est
2241 5548 2295 5600 in
2330 5547 2490 5611 cmlis,
2534 5557 2580 5601 et
2610 5563 2948 5618 personarum
2977 5547 3204 5617 acceptio
3234 5562 3338 5600 non
3362 5551 3442 5600 est

1865 5640 2005 5709 apud
2036 5638 2199 5693 Deum
2230 5653 2245 5690 :
2275 5640 2378 5694 sive
2406 5641 2537 5693 servi
2557 5680 2571 5704 ,
2617 5640 2720 5694 sive
2749 5639 2916 5705 liberi,
2955 5654 3116 5693 unum
3161 5654 3342 5693 sumus
3382 5641 3438 5693 in

1867 5729 2073 5784 Christo
2090 5729 2300 5802 (lbid.).
2320 5730 2538 5786 Talibus
2552 5731 2696 5785 cnim
2713 5731 2869 5787 dictis
2887 5745 2951 5785 ex
2967 5727 3218 5799 Apostolo
3231 5724 3433 5784 Christi
