3922 6336
467 377 539 432 ‘27
1096 375 1156 433 B.
1195 371 1445 431 BABANI
1482 371 1700 428 MAURI
1731 368 2048 427 ARClliEP.
2090 366 2397 425 MOGUNT.
2435 364 2723 424 OPERUM
2752 364 2929 421 PARS
2964 365 3027 421 Ii.
3631 366 3703 426 28

468 491 723 547 adtuouiti
750 491 967 556 fratres,
990 487 1300 544 studeamus
1326 486 1467 543 inter
1495 498 1592 539 nos
1616 482 1929 538 charitatem
1950 488 2031 534 at-
2058 486 2105 543 Α
2132 489 2179 533 et
2205 490 2377 533 teme.
2404 479 2460 533 in
2488 480 2675 548 primis
2704 479 2833 534 dicit
2860 477 3049 543 Credo,
3075 479 3199 548 quia
3228 478 3370 535 Deus
3393 490 3573 536 noster
3592 497 3699 538 non

466 601 572 655 que
616 586 875 639 unitatem
928 582 1148 651 spiritus
1197 580 1253 633 in
1299 577 1513 632 vinculo
1563 576 1711 645 pacis
1739 572 2026 628 custodire.

467 674 605 731 Nulli
623 675 694 729 sit
708 686 868 745 grave
882 673 1126 743 proximo
1144 672 1194 724 in
1213 667 1608 737 sedelinquenti
1638 665 1831 720 delicta
1854 677 2021 733 parva

466 763 754 825 dimittere,
775 759 863 828 qui
891 759 1121 813 maxima
1148 765 1202 810 et
1227 755 1466 811 enormia
1498 752 1637 823 apud
1669 753 1837 807 Deum
1882 750 2030 820 cupit

462 851 665 908 scelera
694 848 1004 904 dissolvere.
1035 845 1228 915 Sicque
1256 839 1521 914 jejunium
1558 850 1797 895 nostrum
1827 849 1882 893 et
1906 853 2029 893 ora-

462 941 539 995 tio
574 949 734 1009 atque
779 938 1115 1007 eleemosyna
1159 936 1270 989 Deo
1320 929 1667 1001 acccptabilis
1695 930 1821 995 erit,
1851 928 1897 983 si
1931 943 2029 997 per

461 1030 781 1084 charitatem
814 1024 1068 1092 oﬂ‘ertUr,
1098 1024 1222 1093 quia
1260 1024 1489 1076 charitas
1534 1021 1696 1091 operit
1734 1016 2026 1075 multitudi-

460 1138 576 1177 nem
603 1129 928 1193 peccatorum
957 1117 1009 1190 (Ι
1044 1116 1188 1171 Petr.
1217 1114 1324 1186 Iv);
1372 1123 1428 1169 et
1454 1132 1466 1167 :
1496 1112 1636 1167 Deus
1662 1112 1775 1181 ipse
1797 1109 2025 1164 charitas

458 1224 554 1277 est,
579 1222 625 1266 et
647 1212 733 1283 qui
760 1220 929 1265 manet
957 1211 1013 1264 in
1037 1208 1287 1263 charitate
1315 1206 1369 1261 in
1399 1204 1506 1259 Deo
1530 1212 1786 1268 manet,et
1808 1200 1946 1254 Deus
1970 1201 2025 1253 in

450 1322 517 1359 eo
545 1304 596 1377 (1
619 1303 781 1359 Joan.
808 1305 904 1370 tv).
936 1303 1108 1370 Quam
1138 1315 1236 1355 nos
1263 1301 1355 1355 hic
1382 1298 1610 1353 feliciter
1634 1296 1851 1357 habere,
1882 1304 1933 1350 et
1958 1293 2025 1348 ad

455 1402 713 1449 retentam
758 1392 1143 1447 beatitudinem
1182 1404 1279 1459 per
1318 1389 1458 1442 hanc
1486 1386 1669 1441 venire
1693 1387 1805 1454 ipse
1834 1398 2027 1439 conce-

457 1485 565 1546 dat,
597 1482 689 1553 qui
722 1496 819 1536 nos
858 1497 955 1551 per
984 1481 1154 1549 ipsam
1186 1478 1445 1542 redemit,
1474 1476 1752 1538 Christus,
1777 1474 2025 1528 Salvator

456 1582 657 1639 uoster,
706 1574 797 1644 qui
844 1572 976 1626 vivit
1010 1579 1068 1626 et
1102 1576 1294 1641 regnat
1328 1568 1468 1622 Deus
1497 1583 1593 1638 per
1621 1566 1800 1622 omnia
1831 1563 2024 1620 saacula

454 1665 793 1720 sacculorum.
824 1664 1015 1718 Amen.

1017 1751 1296 1807 HOMlLlA
1336 1749 1470 1804 Xlil.

782 1864 833 1902 IN
872 1862 1123 1902 DOIINICA
1170 1863 1207 1901 ll
1255 1861 1693 1910 QUADRAGESIIE.

454 1936 528 1991 De
556 1937 681 2006 fidei
711 1937 978 1992 catholica:
1019 1939 1227 1991 veritate
1270 1947 1317 1990 et
1363 1936 1614 1990 bonorum
1645 1951 1854 2006 operum
1898 1951 2021 1989 con-

1152 2006 1353 2059 cordia.

520 2118 745 2188 Oportet
761 2118 965 2188 utique,
979 2116 1548 2181 dilectissimifratres,
1563 2123 1623 2170 ut
1643 2115 1697 2170 in
1718 2116 1817 2170 hac
1841 2129 2020 2170 sacra-

451 2210 656 2266 tissima
687 2209 1064 2271 observatione
1086 2207 1517 2277 Quadragesima:
1536 2207 1677 2262 sicut
1702 2220 1895 2276 corpus
1923 2219 2020 2259 no-

449 2308 622 2354 strum
644 2298 1029 2354 mortificamus
1058 2312 1156 2368 per
1170 2296 1457 2368 jejunium,
1480 2296 1553 2351 ita
1575 2295 1783 2350 animas
1803 2302 2020 2349 nostras

451 2387 784 2443 viviflcemus
804 2402 909 2459 per
926 2388 1166 2457 spiritale
1190 2386 1427 2441 studium
1460 2395 1516 2440 et
1537 2384 1904 2439 illuminemus
1924 2398 2021 2452 per

448 2477 541 2532 Dei
557 2478 855 2542 verbum,ut
869 2477 1245 2546 perinterioris
1257 2475 1489 2532 hominis
1500 2476 1847 2538 voluntatem,
1860 2481 2022 2541 atque

447 2566 730 2622 exterioris
756 2565 1215 2621 conversationem
1233 2606 1247 2631 ,
1273 2565 1539 2636 possimus
1572 2565 1627 2618 in
1646 2563 1893 2618 omnibus
1913 2562 2022 2631 pla-

446 2671 570 2713 cere
587 2658 819 2713 creatori
838 2666 1040 2713 nostro.
1057 2658 1164 2713 Sed
1181 2658 1247 2713 ad
1267 2658 1399 2723 haec,
1413 2666 1536 2711 ante
1554 2656 1756 2721 omnia,
1771 2670 2021 2711 necessa-

454 2748 532 2801 ria
552 2748 707 2802 nobis
736 2755 820 2803 est
849 2746 981 2803 ﬁdes
1010 2749 1336 2818 recta,quia,
1369 2747 1659 2803 secundum
1683 2746 2014 2815 Apostolum,

443 2838 761 2909 impossibile
802 2849 878 2893 est
913 2841 1023 2893 sine
1062 2839 1167 2907 ﬁde
1199 2838 1404 2908 placere
1444 2838 1551 2893 Deo
1590 2836 1775 2908 (Hebr.
1813 2835 1912 2909 χι),
1950 2837 2017 2891 Et

447 2929 568 2983 ideo
594 2944 797 2999 quaeso,
828 2928 1043 2995 fratres,
1075 2938 1133 2984 ut
1156 2930 1309 2985 nobis
1338 2929 1703 2992 reserantibus
1729 2928 2017 3000 expositio-

446 3035 567 3075 uem
597 3021 819 3093 symboii
837 3062 851 3087 ,
882 3022 1141 3077 attentius
1168 3022 1425 3084 audiatis,
1459 3021 1584 3092 quia
1610 3021 1854 3077 doctrina
1877 3036 2018 3092 sym-

446 3110 554 3166 boli
580 3112 754 3167 virtus
779 3121 859 3167 est
886 3114 1225 3177 sacramenti,
1257 3112 1573 3167 illuminatio
1600 3111 1817 3177 animm,
1845 3110 2016 3180 pleni-

446 3202 574 3259 tudo
599 3203 849 3259 credendi
882 3204 1046 3274 :quia
1072 3203 1220 3274 quod
1245 3204 1299 3258 in
1338 3218 1407 3261 eo
1440 3204 1664 3259 docetur
1689 3219 1752 3259 ac
1788 3202 2016 3259 discitur

444 3299 501 3346 et
526 3291 704 3359 unitas
734 3300 815 3347 est
851 3291 1157 3358 Trinitatis,
1199 3301 1254 3347 et
1290 3280 1802 3348 'i‘riuitah‘distincta
1832 3302 2017 3362 perso-

444 3380 549 3445 nis,
580 3390 634 3436 et
658 3380 971 3436 excellentia
1002 3381 1293 3448 Creatoris,
1312 3391 1367 3438 et
1388 3380 1757 3438 miseriwrdia
1786 3381 2016 3437 Redem-

445 3471 613 3542 ptoris
647 3489 659 3525 :
700 3472 804 3527 hoc
841 3487 1012 3529 nexus
1039 3471 1365 3528 inﬁdelitatis
1401 3472 1723 3539 absolvitur,
1756 3472 1858 3528 hoc
1892 3472 2015 3528 vita:

442 3558 604 3629 ianua
633 3562 903 3632 panditur,
939 3564 1040 3618 hoc
1064 3563 1229 3635 gloria
1256 3572 1456 3619 aeterna
1488 3571 1855 3633 praeparatur;
1887 3562 2012 3627 hoc,

441 3652 691 3716 obsecro,
716 3650 943 3715 fratres,
991 3654 1264 3709 memoriae
1296 3660 1489 3709 vestrm
1528 3652 1634 3707 cito
1675 3666 1739 3707 ac
1789 3650 2016 3706 firmiter

443 3741 820 3796 cotnmcndate
864 3759 877 3795 :
919 3749 972 3795 et
1019 3743 1063 3797 si
1097 3758 1232 3813 quos
1268 3741 1407 3797 filios
1444 3742 1528 3796 vel
1560 3741 1696 3803 filias
1725 3742 1777 3796 in
1811 3740 2016 3812 baptis-

444 3838 593 3884 mate
627 3830 869 3899 proximo
909 3830 1105 3886 habere
1150 3831 1497 3897 desideratis,
1542 3830 1589 3886 si
1629 3830 2013 3901 intelligibilem

442 3930 655 3977 atatem
688 3922 863 3977 adhuc
898 3923 1126 3989 habent,
1159 3921 1503 3992 [idem‘quam
1539 3921 1783 3992 profiteri
1819 3921 2016 3977 debent

442 4022 571 4068 ante
600 4012 927 4083 baptismum
965 4028 1056 4070 eos
1093 4016 1232 4068 scire
1265 4013 1502 4076 faciatis;
1544 4013 1626 4069 sin
1668 4019 1847 4067 autem
1885 4020 2015 4066 aetas

444 4104 537 4158 illa
564 4105 631 4161 ad
656 4105 758 4159 hoc
786 4104 962 4159 minus
984 4104 1172 4159 idonea
1196 4112 1302 4169 est,
1328 4119 1424 4159 vos
1445 4118 1657 4174 quoque
1685 4103 1831 4158 illam
1857 4102 2013 4157 ﬁdem

441 4209 604 4264 quam
637 4208 735 4263 pro
764 4194 843 4248 eis
877 4193 1115 4262 profiteri
1142 4192 1337 4259 vultis,
1376 4208 1497 4248 eum
1538 4193 1606 4247 ad
1641 4198 1853 4248 aetatem
1881 4207 2011 4246 con-

442 4299 630 4355 gruam
661 4284 1025 4354 pervenerint,
1056 4280 1382 4355 cognoscite,
1411 4284 1475 4339 ad
1504 4283 1880 4339 insinuandum
1911 4283 2014 4337 illis

2124 571 2279 640 jubet
2311 586 2408 626 nos
2433 571 2699 625 discutere
2727 570 2905 624 divina
2926 568 3147 637 judicia,
3177 572 3270 625 sed
3299 572 3519 627 credere
3546 590 3559 626 :
3592 588 3697 630 non

2128 660 2388 714 rationem
2424 660 2728 727 requirere,
2772 659 2863 714 sed
2900 658 3058 713 fidem
3095 660 3483 729 simpliciteret
3510 662 3703 721 immo.

2127 746 2309 801 biliter
2343 747 2616 802 exhibere.
2661 746 2728 801 In
2766 747 2933 801 Deum
2975 744 3186 802 Patrem
3223 763 3243 801 :
3283 765 3387 804 non
3417 765 3545 823 ergo
3573 764 3699 810 ante

2128 836 2270 891 Deus
2296 852 2416 892 esse
2452 838 2615 905 coepit
2641 848 2696 893 et
2727 846 2911 906 postea
2940 838 3117 903 Pater,
3147 838 3240 895 sed
3274 842 3389 897 sine
3413 842 3521 898 ullo
3548 844 3701 899 initio

2128 934 2183 980 et
2211 928 2353 981 Deus
2379 941 2594 997 semper
2617 937 2673 981 et
2698 927 2861 981 Pater
2887 936 2998 993 est;
3029 929 3153 997 quia
3183 944 3312 999 ergo
3349 945 3561 1001 semper
3596 932 3700 986 fuit

2128 1015 2306 1082 Pater,
2336 1031 2545 1086 semper
2572 1018 2759 1072 habuit
2783 1017 2999 1083 Filium,
3026 1020 3109 1073 cui
3132 1018 3294 1075 Pater
3314 1030 3417 1075 est.
3444 1021 3697 1092 Omnipo-

2126 1117 2314 1163 tentem
2350 1122 2480 1163 vero
2520 1108 2687 1173 dicit,
2722 1109 2844 1178 quia
2876 1110 3055 1164 omnia
3096 1118 3301 1180 potest,
3342 1110 3534 1180 cuique
3562 1111 3698 1167 nihil

2128 1198 2455 1269 impossibile
2481 1206 2594 1263 est;
2621 1199 2713 1267 qui
2739 1198 2957 1263 cmium,
2995 1208 3219 1263 terram,
3250 1213 3422 1266 mare,
3452 1201 3701 1257 homines

2126 1296 2287 1358 atque
2311 1289 2492 1343 omnia
2514 1303 2634 1358 quae
2655 1298 2797 1353 sunt,
2821 1289 3025 1354 vivunt,
3050 1291 3287 1345 sentiunt
3310 1300 3472 1361 atque
3496 1292 3706 1348 discer-

2128 1391 2293 1447 nunt,
2320 1397 2428 1437 non
2456 1382 2635 1452 aliquo
2653 1384 2841 1454 operis
2873 1392 3012 1446 actu,
3048 1385 3139 1440 sed
3174 1386 3292 1441 solo
3321 1387 3469 1442 verbi
3495 1374 3703 1443 creavit

2126 1473 2370 1541 imperio.
2401 1472 2468 1527 Et
2496 1474 2551 1527 in
2576 1474 2755 1528 Iesum
2784 1472 3067 1540 Christum,
3099 1474 3298 1530 Filium
3321 1478 3434 1546 ejus
3462 1481 3699 1545 unicum,

2125 1570 2407 1624 Dominum
2433 1579 2685 1624 nostrum.
2719 1571 2996 1626 Advertite
3023 1572 3163 1641 quod
3198 1574 3464 1642 quomodo
3504 1576 3558 1629 in
3597 1573 3703 1630 Pa-

2126 1670 2285 1727 trem,
2316 1661 2393 1716 sic
2413 1669 2467 1714 et
2493 1661 2544 1715 in
2572 1661 2763 1716 Filium
2791 1660 2903 1729 ejus
2928 1662 3144 1717 unicum
3168 1664 3493 1719 credendum
3519 1666 3618 1730 sit;
3645 1674 3703 1721 et

2125 1753 2248 1822 quia
2278 1768 2400 1807 cum
2427 1752 2590 1808 Patre
2617 1753 2840 1823 aequalis
2861 1762 2943 1809 est
2968 1753 3227 1809 Dominus
3246 1755 3547 1823 majestate,
3582 1766 3703 1812 tan-

2046 1832 2091 1891 B
2122 1852 2233 1897 tum
2264 1842 2386 1913 ipsi,
2417 1852 2678 1912 quantum
2709 1850 2763 1896 et
2801 1842 2969 1906 Patri,
3010 1844 3253 1910 honoris,
3290 1854 3496 1899 tantum
3533 1847 3701 1901 debe-

2122 1944 2243 1987 mus
2271 1940 2326 1987 et
2354 1932 2648 1987 servitutis.
2673 1930 3082 1987 Jcsus‘salvator
3107 1933 3511 2002 interpretatur,
3538 1934 3699 2009 Chri-

2122 2031 2237 2077 stus
2269 2037 2398 2078 vero
2442 2036 2476 2075 a
2521 2022 2814 2077 chrismate
2850 2023 3049 2077 dicitur
3090 2041 3103 2077 :
3143 2025 3269 2094 quia
3305 2026 3445 2080 sicut
3490 2027 3700 2096 antiqui

2122 2126 2275 2182 reges
2304 2128 2333 2166 a
2375 2112 2745 2167 sacerdotibus
2780 2128 2935 2168 sacro
2964 2113 3082 2169 oleo
3108 2114 3582 2183 perfundebantur,
3617 2118 3702 2174 sic

2120 2202 2378 2258 Dominus
2418 2212 2602 2259 noster
2625 2202 2784 2260 Jesus
2816 2204 3063 2261 Christus
3090 2204 3323 2276 Spiritus
3353 2209 3524 2264 sancti
3560 2209 3703 2266 infu-

2122 2294 2273 2349 sione
2302 2293 2538 2364 repletus
2572 2304 2674 2350 est.
2715 2294 2821 2361 Qui
2847 2306 3121 2365 conceptus
3146 2306 3221 2351 est
3250 2297 3315 2352 de
3346 2297 3551 2369 Spiritu
3574 2316 3704 2355 san-

2121 2394 2235 2448 cto,
2280 2393 2434 2437 natus
2468 2401 2534 2438 ex
2571 2383 2747 2438 Maria
2768 2387 2962 2455 virgine
2998 2401 3016 2439 :
3052 2402 3156 2441 non
3189 2400 3315 2457 ergo
3348 2403 3412 2443 ex
3449 2389 3589 2444 virili
3611 2404 3705 2447 se-

2121 2472 2284 2537 mine,
2311 2473 2404 2526 sed
2428 2471 2661 2542 Spiritus
2683 2474 2855 2528 sancti
2879 2490 3063 2544 opere,
3085 2491 3215 2530 caro
3241 2476 3442 2532 Christi
3468 2479 3520 2533 in
3542 2487 3699 2536 utero

2120 2562 2357 2635 Virginis
2376 2561 2604 2619 formata
2629 2572 2743 2631 est;
2765 2574 2820 2621 et
2848 2566 2970 2622 ideo
2996 2583 3117 2637 qua:
3142 2569 3465 2625 salvatorem
3491 2573 3697 2641 genuit,

2118 2664 2175 2709 et
2199 2654 2350 2725 virgo
2374 2652 2477 2709 fuit
2506 2654 2558 2709 in
2594 2662 2782 2726 partu,
2811 2666 2865 2712 et
2893 2656 3043 2728 virgo
3082 2660 3379 2728 permansit
3416 2671 3535 2730 post
3568 2676 3701 2731 par-

2122 2752 2253 2800 tum.
2293 2744 2492 2800 Passus
2531 2747 2628 2800 sub
2659 2743 2851 2801 Pontio
2892 2744 3071 2802 Pilato
3108 2763 3128 2802 :
3170 2751 3272 2806 iste
3306 2751 3510 2808 Pilatus
3531 2754 3696 2823 judcx

2120 2845 2238 2891 erat
2259 2836 2313 2890 in
2336 2836 2425 2892 illo
2453 2846 2711 2907 tempore,
2741 2837 2810 2893 ab
2844 2832 3171 2909 imperatore
3190 2842 3394 2911 positus
3414 2843 3465 2897 in
3488 2842 3693 2906 Judzea,

2120 2927 2220 2981 sub
2248 2943 2355 2996 quo
2385 2928 2643 2983 Dominus
2677 2943 2869 2998 passus
2911 2938 3021 2996 est,
3053 2932 3209 3001 cujus
3244 2934 3445 2987 mentio
3484 2942 3696 2988 tantum

2119 3014 2208 3070 hic
2228 3016 2297 3070 ad
2326 3017 2583 3087 temporis
2614 3018 3058 3089 signiﬁcationem
3087 3020 3335 3089 pertinet.
3371 3020 3695 3091 Cruciﬁxus,

2118 3116 2353 3161 mortuus
2379 3117 2426 3162 et
2451 3107 2683 3178 sepultus
2713 3121 2731 3159 :
2760 3124 2975 3164 crucem
3004 3108 3150 3163 illam
3177 3110 3231 3164 in
3263 3123 3369 3180 qua
3405 3111 3493 3167 ille
3516 3114 3698 3169 cruci-

2041 3182 2085 3245 C
2117 3196 2255 3251 ﬁxus
2281 3205 2364 3252 est
2390 3212 2636 3268 corpore,
2672 3214 2770 3254 nos
2789 3214 2889 3268 per
2914 3200 3313 3275 similitudinem
3340 3212 3613 3272 gestamus
3636 3205 3693 3258 in

2116 3286 2320 3352 fronte,
2350 3295 2406 3343 ct
2429 3304 2524 3358 per
2545 3289 2685 3345 hanc
2708 3288 3045 3345 defendimur
3075 3292 3143 3346 ab
3175 3292 3359 3357 hoste,
3390 3302 3445 3363 et
3469 3295 3607 3350 sicut
3637 3296 3694 3351 in

2115 3376 2340 3431 veritate
2377 3386 2537 3433 natus
2564 3386 2648 3433 est
2681 3376 2955 3443 Christus,
2997 3380 3071 3434 ita
3107 3387 3161 3435 et
3183 3381 3236 3435 in
3277 3383 3506 3438 veritate
3548 3400 3697 3440 mon-

2114 3474 2239 3521 tuus
2268 3474 2323 3521 et
2344 3466 2587 3537 sepultus
2613 3475 2716 3523 est.
2752 3467 2926 3523 Tertia
2952 3470 3037 3524 die
3062 3474 3345 3534 resurrexit
3370 3490 3402 3527 a
3428 3476 3694 3530 mortuis:

2115 3558 2383 3613 triduana:
2414 3559 2704 3630 sepulturae
2746 3574 2896 3615 mora
2945 3561 3220 3617 evidenter
3265 3566 3501 3620 ostendit
3548 3568 3694 3635 quod

2114 3650 2237 3705 dum
2270 3666 2467 3721 corpus
2499 3651 2554 3706 in
2594 3650 2840 3723 sepulcro
2867 3651 3065 3720 jacuit,
3106 3655 3285 3709 anima
3324 3654 3412 3709 illa
3451 3655 3519 3712 de
3555 3653 3698 3712 info-

2114 3744 2187 3798 ris
2220 3744 2588 3813 triumphavit.
2633 3744 2878 3798 Ascendit
2908 3745 2976 3799 ad
3005 3744 3158 3800 caelos
3202 3762 3223 3801 :
3262 3745 3384 3802 ideo
3419 3747 3692 3805 conditio-

2112 3847 2232 3887 nem
2264 3840 2471 3888 naturae
2509 3841 2706 3888 nostra:
2726 3875 2739 3899 ,
2767 3848 2927 3903 quam
2959 3834 3026 3889 de
3070 3836 3286 3890 homine
3326 3844 3500 3891 matre
3532 3847 3696 3895 natus

2112 3926 2422 3993 assumpsit,
2450 3938 2611 3995 super
2630 3924 2795 3980 caelos
2818 3926 2870 3979 in
2901 3926 3121 3981 dextera
3144 3926 3261 3991 Dei,
3282 3928 3386 3983 hoc
3408 3936 3493 3983 est
3515 3928 3570 3984 in
3594 3930 3694 3985 ho-

2114 4033 2243 4073 nore
2270 4018 2363 4073 Dei
2392 4018 2593 4082 Patris,
2622 4018 2941 4085 collocavit,
2967 4030 3035 4075 ut.
3060 4037 3158 4091 pro
3187 4022 3341 4077 nobis
3367 4025 3691 4094 propitiator

2111 4111 2385 4165 existeret.
2424 4108 2558 4164 Inde
2597 4121 2840 4165 venturus
2868 4112 3111 4181 judicare
3138 4115 3283 4169 vivos
3324 4124 3371 4169 et
3407 4127 3639 4171 mortuos
3669 4135 3689 4172 :

2112 4202 2164 4255 in
2193 4202 2309 4272 ipso
2333 4216 2558 4272 corpore
2584 4211 2842 4257 venturus
2882 4212 2964 4259 est
2994 4205 3065 4258 ad
3083 4204 3341 4274 judicium
3382 4207 3434 4261 in
3461 4224 3567 4279 quo
3586 4220 3686 4265 'as—

2112 4293 2291 4347 cendit
2331 4292 2384 4346 in
2420 4290 2646 4357 coelum;
2684 4292 3018 4347 Christianos
3042 4295 3302 4361 iudicabit
3338 4306 3393 4351 et
3428 4314 3683 4368 paganos,

445 4393 540 4433 vos
567 4378 837 4432 debitores
861 4392 999 4433 esse.
1029 4379 1123 4439 Est
1148 4367 1327 4433 autem
1353 4378 1650 4448 symbolum
1683 4378 1816 4443 tale,
1848 4381 2010 4447 quod,
2106 4381 2280 4451 justos
2310 4389 2378 4463 et.
2398 4389 2731 4451 peccatores,
2762 4382 3019 4438 fideleset
3044 4384 3255 4454 impios.
3290 4384 3457 4441 Credo
3480 4367 3533 4442 in
3559 4388 3678 4459 Spi~

445 4470 513 4524 ab
534 4470 787 4539 apostolis
809 4471 1237 4525 commendatum
1256 4511 1268 4535 ,
1296 4478 1479 4525 sancta
1503 4471 1726 4531 ﬁrmiter
1748 4478 1891 4526 tenet
1918 4470 2014 4525 Ec-

443 4558 607 4615 clesia
638 4578 650 4613 :
679 4558 846 4614 Credo
872 4561 927 4620 in
948 4560 1112 4614 Deum
1142 4559 1353 4614 Patrem
1376 4562 1788 4629 omnipotentem,
1814 4568 2010 4613 creato-

444 4666 555 4705 rem
584 4650 696 4705 ειειὶ
726 4662 772 4705 et
801 4663 982 4717 teme;
1014 4661 1061 4705 et
1094 4652 1151 4705 in
1173 4652 1353 4707 Jesum
1378 4649 1641 4705 Christum
1671 4649 1867 4708 Filium
1896 4652 2009 4720 ejus

445 4742 676 4808 unicum,
698 4742 978 4798 Dominum
1007 4750 1239 4795 nostrum
1263 4760 1280 4795 :
1301 4742 1389 4811 qui
1414 4753 1686 4810 conceptus
1704 4751 1777 4796 est
1803 4742 1866 4795 de
1890 4740 2009 4811 Spi-

446 4834 551 4888 ritu
574 4845 778 4900 sancto,
802 4842 953 4887 natus
975 4848 1037 4887 ea:
1060 4831 1233 4886 Maria
1256 4832 1467 4902 virgine,
1490 4848 1674 4901 passus
1700 4831 1793 4885 sub
1819 4830 2007 4885 Pontio

449 4924 651 4989 Pilato,
682 4924 982 4991 cruciﬁxus,
1013 4932 1247 4979 mortuus
1274 4932 1320 4975 et
1351 4922 1581 4992 sepultus
1605 4936 1621 4974 :
1650 4922 1911 4975 descendit
1938 4922 2005 4975 ad

444 5015 651 5083 inferna
670 5032 695 5079 ;.
719 5016 872 5069 tertia
903 5016 988 5068 die
1018 5014 1298 5071 resurrexit
1324 5030 1358 5066 a
1387 5014 1605 5067 mortuis
1628 5054 1641 5077 ,
1671 5013 1903 5067 ascendit
1940 5012 2008 5066 ad

445 5105 627 5172 celas,
659 5106 799 5160 sedet
838 5106 905 5158 ad
940 5106 1205 5159 dexteram
1240 5103 1337 5158 Dei
1380 5100 1557 5158 Patris
1596 5102 1958 5171 omnipotentis
1989 5116 2007 5154 :

444 5201 569 5255 inde
592 5210 836 5254 venturus
856 5199 1098 5268 judicare
1123 5198 1259 5252 vivos
1282 5207 1329 5250 et
1351 5204 1600 5249 mortuos.
1624 5192 1793 5249 Credo
1814 5194 1868 5249 in
1892 5191 2011 5261 Spi-

446 5290 603 5342 ritum
626 5300 863 5344 sanctum
882 5329 895 5353 ,
921 5293 1154 5342 sanctam
1189 5284 1475 5340 Ecclesium
1504 5284 1811 5339 catholicam
1831 5323 1846 5351 ,
1881 5301 2007 5337 san-

442 5389 645 5434 Ctorum
675 5380 1085 5433 communionem
1101 5417 1117 5443 ,
1141 5376 1490 5432 remissionem
1514 5383 1864 5446 peccatorum,
1892 5390 2010 5427 car-

442 5473 529 5524 nis
547 5470 989 5532 resurrectionem,
1008 5470 1160 5523 vitam
1184 5478 1449 5523 aeternam.
1468 5467 1648 5520 Amen.
1669 5465 2010 5537 Repetendus

443 5570 530 5617 est
549 5561 720 5627 vobis,
744 5561 1097 5625 dilectissimi,
1126 5574 1304 5616 sermo
1328 5559 1555 5631 symboli
1577 5557 1755 5626 hujus,
1780 5558 2013 5627 qualiter

447 5665 509 5703 aa
539 5665 658 5720 quae
694 5651 919 5705 dicimus
955 5651 1148 5705 vestris
1182 5650 1430 5705 sensibus
1460 5648 1650 5703 melius
1686 5649 2006 5703 inseramus.

454 5740 615 5796 (.‘redo
640 5740 693 5794 in
724 5741 885 5797 Deum
919 5738 1126 5795 Patrem
1150 5743 1567 5810 Omnipotentem,
1594 5750 1872 5794 creatorem
1898 5737 2011 5792 ca'lt'

2114 4474 2272 4526 ritum
2294 4483 2535 4527 sanctum
2564 4487 2581 4526 :
2607 4474 2868 4529 advertite
2897 4476 3038 4545 quod
3079 4477 3218 4531 sicut
3251 4480 3318 4559 id
3338 4479 3549 4537 Patrem
3570 4524 3582 4547 ,
3610 4484 3684 4537 ita

2114 4569 2169 4617 et
2199 4563 2251 4616 in
2277 4561 2490 4628 Filium,
2515 4571 2571 4617 et
2596 4563 2650 4617 in
2678 4560 2936 4632 Spiritum
2962 4576 3204 4621 sanctum
3232 4570 3301 4623 sit
3325 4572 3681 4636 credendum;

2113 4666 2237 4705 nam
2262 4652 2353 4720 qui
2385 4651 2467 4705 vel
2496 4652 2655 4706 unam
2685 4652 2751 4707 de
2777 4652 3043 4709 Trinitate
3065 4671 3347 4724 personam
3376 4665 3687 4718 non'credi-

2113 4740 2270 4806 derit,
2295 4740 2349 4794 in
2370 4740 2575 4795 duabus
2596 4742 2669 4795 illi
2689 4742 2984 4797 credidisse
3010 4759 3112 4799 non
3141 4748 3397 4814 proderit.
3430 4748 3680 4807 Sanctam

2112 4829 2401 4886 Ecclesiam
2430 4833 2785 4886 catholicam:
2812 4834 3087 4891 sciendum
3113 4826 3195 4893 cst
3221 4840 3369 4911 quod
3390 4841 3683 4905 Ecclesiam

2112 4920 2351 4986 credere,
2383 4936 2487 4976 non
2522 4930 2697 4977 tamen
2720 4923 2773 4976 in
2802 4923 3091 4981 Ecclesium
3121 4928 3341 4983 credere
3369 4931 3680 4999 debeamus,

2116 5013 2242 5083 quia
2265 5014 2503 5069 Ecclesia
2528 5029 2645 5075 non,
2658 5014 2798 5070 Deus
2819 5056 2832 5080 ,
2858 5016 2951 5070 sed
2978 5017 3168 5076 domus
3203 5018 3298 5073 Dei
3322 5030 3423 5075 est.
3450 5021 3683 5080 Catholi-

2115 5118 2230 5157 cam
2256 5105 2383 5160 dicit
2402 5146 2415 5169 ,
2452 5106 2503 5160 id
2528 5114 2641 5171 est,
2673 5114 2784 5160 toto
2813 5106 2942 5161 orbe
2968 5107 3214 5163 .dilfusam
3249 5128 3260 5163 :
3294 5113 3417 5179 quia
3444 5116 3682 5172 diverso—

2114 5212 2235 5251 rum
2280 5183 2651 5255 hmrcticorum
2689 5197 3101 5253 Ecclesiaa'ideo
3140 5200 3416 5259 catholicae
3457 5220 3563 5260 non
3603 5209 3682 5262 di—

2116 5294 2336 5350 cuntur,
2383 5288 2508 5355 quia
2560 5300 2655 5357 per
2698 5285 2813 5340 loca
2861 5280 3022 5355 atque
3052 5303 3165 5357 per
3201 5304 3325 5345 suas
3374 5280 3681 5365 provincias

2114 5378 2456 5434 continentur
2488 5391 2503 5433 :
2535 5380 2649 5434 haec
2678 5393 2805 5434 vero
2835 5393 2864 5430 a
2898 5378 3029 5463 solis
3064 5391 3186 5436 ortu
3225 5398 3394 5454 usqma
3429 5388 3495 5442 ad
3521 5402 3680 5444 occa.

2111 5485 2231 5525 sum
2278 5472 2435 5525 unius
2479 5471 2601 5525 lidei
2644 5470 2925 5539 splendore
2976 5469 3307 5527 dili'unditur.
3364 5474 3677 5533 Sanctorum

2111 5561 2542 5624 communionem,
2569 5560 2620 5615 id
2650 5568 2753 5622 est,
2794 5558 3005 5613 illorum
3031 5561 3121 5628 qui
3155 5560 3208 5615 in
3240 5563 3341 5618 hac
3364 5563 3465 5619 fide
3489 5564 3677 5621 defun-

2112 5649 2183 5703 cti
2209 5657 2351 5711 sunt,
2383 5651 2689 5704 societatem
2718 5648 2771 5702 in
2798 5647 2949 5702 cadis
2981 5663 3276 5715 speramus.
3307 5650 3680 5709 Remissi‘onem

2108 5750 2459 5811 peccatorum,
2488 5756 2604 5809 qua:
2632 5739 2783 5794 nobis
2810 5730 3093 5807 przeStatttr
3113 5755 3333 5795 munere
3354 5741 3677 5813 Redempto-
