3922 6322
134 367 198 424 ες)
1042 362 1349 420 HOMILUE
1384 364 1474 421 DE
1511 364 1706 422 FESTI

1808 367 2204 434 ΡΒᾸΞΕΙΡΕΙΞ,
2249 368 2405 425 ETC.
3326 376 3403 431 30

134 484 202 537 ris
226 481 454 553 pleniter
493 481 552 535 in
584 480 848 549 baptismo
883 494 981 549 per
1016 479 1175 534 fidem
1195 521 1209 546 ,
1246 490 1300 536 et
1339 497 1401 535 ea
1431 498 1551 551 quas
1586 491 1708 553 post
1733 485 1783 543 Α
1810 490 1895 537 est
1925 482 1978 536 in
2006 482 2339 556 Hierusalem
2367 484 2667 551 cmlestem,
2698 488 2969 557 possimus
2994 488 3214 544 intrare.
3243 488 3396 557 Quod

135 574 449 643 baptismum
475 571 867 628 committimus
891 585 989 640 per
1014 569 1410 628 confessionem
1438 582 1492 628 et
1522 588 1707 629 veram

134 670 501 739 pceuilentiam
539 685 603 725 ac
639 669 778 724 bona
815 684 977 739 opera
1021 683 1301 738 speramus
1330 667 1545 722 dimitti.
1579 666 1710 721 Car-

136 762 210 815 nis
245 762 679 816 resurrectionem
716 778 733 816 :
768 776 985 816 carnem
1028 760 1278 815 videlicet
1306 774 1468 829 quam
1514 759 1568 813 in
1606 759 1709 813 hac

132 854 237 907 vita
258 853 358 907 sub
382 853 598 906 mortali
626 852 929 908 conditione
952 861 1251 920 portamus,
1278 856 1707 905 resurrecturum

133 954 245 997 esse
265 942 627 997 immortalem
658 957 721 996 ac
748 946 1012 998 rationem
1036 942 1366 996 reddituram
1391 956 1488 1011 pro
1515 939 1708 994 animae

132 1032 401 1087 consortio
446 1032 750 1087 credamus.
804 1031 973 1087 Vitam
1005 1041 1272 1086 a’temam.
1310 1031 1494 1084 Amen.
1526 1028 1707 1082 Vitam

132 1135 337 1192 quoque
368 1132 627 1177 aeternam
665 1122 871 1178 debetis
905 1123 1127 1177 credere
1162 1122 1213 1175 in
1254 1121 1438 1185 cmlis,
1488 1120 1704 1185 fratres,

132 1213 415 1279 veraciter,
447 1215 590 1283 quod
619 1214 886 1285 signiﬁcat
908 1214 1093 1276 Amen,
1126 1226 1221 1266 vos
1247 1212 1523 1282 percipere
1548 1224 1707 1279 posse

132 1317 246 1357 cum
273 1302 492 1359 Christo
522 1313 575 1358 et
604 1303 803 1358 sanctis
826 1300 940 1371 ejus
959 1342 973 1364 ,
1004 1301 1049 1356 si
1076 1302 1219 1355 hanc
1247 1316 1407 1370 quam
1434 1300 1587 1354 vobis
1614 1314 1709 1352 ex-

130 1394 404 1463 p05uimus
447 1394 604 1449 fidem
642 1392 872 1447 fideliter
918 1391 1148 1446 teneatis
1191 1406 1255 1444 ac
1300 1390 1455 1444 bonis
1496 1390 1705 1443 actibus

128 1484 461 1539 conservetis
490 1502 502 1537 ε
534 1498 695 1552 quam
725 1483 951 1536 obsecro
988 1492 1046 1535 ut
1076 1479 1351 1534 memoria:
1389 1480 1524 1533 bene
1558 1494 1707 1533 com-

127 1576 387 1631 mendetis
409 1590 475 1629 ac
501 1575 661 1645 digna
684 1575 1092 1629 conversatione
1115 1573 1346 1643 probare
1367 1581 1421 1625 et
1442 1587 1609 1642 usque
1635 1572 1703 1626 ad

126 1664 277 1719 tinem
306 1665 433 1718 vitae
464 1665 621 1720 istius
642 1665 936 1733 perducere
961 1664 1328 1727 contendatis,
1355 1670 1409 1716 ut
1433 1677 1530 1732 per
1563 1664 1704 1717 hanc

125 1765 315 1811 :cterna
338 1757 565 1826 praemia
588 1755 844 1826 consequi
867 1754 1084 1810 Christo
1107 1755 1339 1809 donante
1363 1754 1695 1808 mereamini.

121 1847 305 1904 Amen.

676 1938 958 1996 IIOMILIA
996 1937 1135 1994 XIV.

565 2047 627 2086 IN
694 2048 805 2086 DIE
869 2046 1249 2087 PALMARUH.

632 2119 861 2192 (Evang.
889 2121 1081 2175 Matt/2.
1111 2121 1190 2193 Χ.)

187 2210 475 2267 Hodierna:
492 2212 824 2268 celebritatis
843 2212 1149 2267 observatio
1169 2210 1297 2281 quid
1318 2210 1473 2265 nobis
1494 2210 1697 2272 innuat,

121 2316 223 2356 non
260 2303 618 2374 incongruum
654 2304 895 2367 videtur,
940 2303 1137 2358 fratres
1183 2301 1518 2367 charissimi,
1565 2302 1705 2355 inter

118 2393 229 2449 haec
271 2410 429 2450 sacra
466 2396 752 2450 missarum
786 2395 1046 2450 solemnia
1084 2394 1238 2449 vobis
1278 2393 1516 2447 breviter
1540 2406 1705 2461 expo-

117 2498 264 2549 nere,
280 2486 409 2554 quia
429 2484 595 2555 aliqui
619 2492 857 2540 vestrum
880 2484 1039 2555 hujus
1057 2484 1179 2539 festi
1203 2484 1465 2537 rationem
1490 2483 1699 2537 sciunt:

118 2575 277 2645 aliqui
306 2591 441 2630 vero
466 2576 609 2646 quod
646 2577 750 2630 ritu
780 2575 955 2631 cultus
992 2591 1115 2631 cum
1153 2574 1364 2628 caeteris
1401 2572 1533 2627 foris
1562 2572 1705 2642 geri-

119 2674 221 2729 tur,
264 2665 546 2721 intellectu
587 2666 767 2721 cordis
802 2665 1021 2719 minime
1061 2664 1209 2719 intus
1246 2672 1463 2718 norunt.
1509 2661 1707 2716 Narrat

119 2757 333 2826 quidem
376 2766 627 2812 sanctum
673 2756 1020 2827 Evangelimn
1065 2756 1208 2825 quod
1247 2754 1576 2824 Redemptor
1610 2768 1717 2837 no—q

120 2858 259 2913 ster,
304 2849 777 2920 appropinquante
818 2857 1060 2917 tempore
1102 2861 1212 2901 suae
1241 2846 1540 2915 passionis,
1582 2852 1707 2899 ante

117 2956 207 2996 sex
236 2942 358 2996 dies
390 2940 820 3011 Hierosolymam
851 2956 1101 3011 pergens,
1132 2955 1228 3009 per
1257 2938 1553 3009 discipulos
1582 2954 1708 2994 suos

118 3030 337 3085 asellum
371 3030 477 3085 sibi
516 3029 708 3086 adduci
742 3028 995 3098 jusserit,
1036 3028 1133 3098 qui
1166 3043 1286 3081 cum
1326 3027 1589 3081 adductus
1624 3041 1710 3081 es-

115 3131 217 3193 set,
248 3121 483 3192 apostoli
515 3134 675 3189 super
695 3134 818 3174 eum
847 3120 1168 3174 vestimenta
1195 3132 1293 3173 sua
1326 3116 1704 3185 imposuerint,

116 3223 169 3267 et
206 3213 401 3268 Jesum
445 3213 677 3281 desuper
722 3211 909 3265 sedere
952 3208 1175 3263 fecerint
1216 3226 1228 3260 :
1262 3207 1493 3277 plurima
1528 3215 1705 3260 autem

118 3305 270 3360 turba
298 3304 562 3360 straverit
605 3303 925 3357 vestimenta
965 3315 1059 3356 sua
1099 3299 1154 3353 in
1182 3299 1298 3365 via;
1328 3298 1419 3352 alii
1459 3313 1589 3352 vero
1622 3312 1710 3351 ra-

118 3412 231 3452 mos
270 3397 339 3451 de
391 3394 675 3450 arboribus
711 3394 1011 3458 caedentes,
1041 3392 1291 3447 similiter
1323 3392 1461 3445 viam
1493 3398 1706 3446 sterne.

117 3497 255 3553 rent,
280 3494 557 3557 quatenus
588 3486 772 3541 asinus
803 3484 891 3539 ille
926 3485 1042 3541 sine
1064 3481 1385 3538 offendiculo
1410 3482 1704 3536 incederet.

113 3576 190 3631 Illi
219 3587 409 3632 autem
441 3577 532 3646 qui
560 3576 856 3646 praeibam,
888 3581 942 3628 et
966 3572 1059 3645 qui
1091 3572 1475 3641 sequebantur,
1508 3569 1707 3624 clama.

115 3683 308 3728 verunt
333 3673 583 3728 dicentes
616 3690 628 3724 :
661 3670 711 3725 H
716 3688 915 3725 osanna
935 3668 1045 3738 ﬁlio
1072 3668 1241 3722 David
1258 3709 1272 3733 ,
1302 3668 1597 3721 benedictus
1618 3667 1707 3737 qui

114 3766 247 3818 venit
276 3765 331 3817 in
367 3765 579 3817 nomine
604 3761 815 3815 Domini
843 3777 935 3815 rea:
962 3760 1151 3824 Israel,
1179 3758 1229 3812 Η
1234 3777 1436 3814 osanna
1462 3761 1516 3813 in
1543 3759 1709 3815 excel-

113 3857 203 3909 sis.
232 3855 298 3909 Et
336 3855 486 3925 quod
514 3869 635 3909 cum
668 3851 757 3906 tali
794 3851 1064 3919 triumpho
1094 3850 1353 3904 Dominus
1383 3848 1539 3905 Jesus
1576 3850 1705 3905 Hie-

115 3948 444 4017 rosolymam
490 3946 767 4017 ingressus
807 3944 877 3999 sit
922 3961 935 3995 :
990 3944 1103 3997 haec
1150 3943 1367 4011 quidem
1412 3943 1706 3997 secundum

116 4038 402 4091 historiam
428 4037 501 4089 ita
525 4034 691 4099 facta,
718 4034 978 4089 hodierno
999 4042 1287 4097 conventu,
1310 4033 1364 4087 in
1389 4033 1704 4087 memoriam

114 4124 495 4195 Redemptoris
525 4124 695 4180 nostri
725 4123 1145 4188 celebravimus,
1177 4131 1536 4192 opportunum
1562 4122 1706 4177 testi-

116 4229 325 4276 mantes
350 4219 481 4288 quid
512 4219 626 4272 haec
652 4216 925 4287 spiraliter
959 4214 1263 4286 significent
1302 4214 1453 4269 vobis
1491 4215 1706 4269 intima-

116 4328 190 4366 re.
229 4312 433 4367 Asinus
469 4312 667 4380 quippe
710 4309 798 4364 hic
834 4324 996 4379 super
1032 4324 1192 4378 quem
1236 4310 1501 4365 Dominus
1542 4312 1701 4378 sedit,

116 4404 369 4472 gentilem
400 4400 657 4471 populum
686 4399 953 4470 significat
981 4402 1122 4457 unde
1149 4418 1249 4457 nos
1279 4418 1466 4458 sumus
1500 4422 1511 4456 :
1541 4420 1702 4474 quem

1810 581 1988 626 autem
2016 572 2090 626 illi
2129 575 2221 641 qui
2253 574 2545 641 praeibam,
2575 584 2628 628 ct
2655 576 2745 644 qui
2775 578 3156 645 sequebantur,
3189 579 3392 635 clama-

1808 659 1941 714 bant
1978 674 1993 712 :
2033 658 2289 715 Ilosanna
2319 662 2431 730 ﬁlio
2469 662 2671 730 David,
2708 665 2979 736 significat
3018 668 3137 724 illos
3176 679 3394 725 sanctos

1808 750 1901 821 qui
1926 760 2051 806 ante
2081 753 2370 807 adventum
2389 751 2610 809 Domini
2638 757 2692 809 in
2720 774 2881 813 carne
2904 770 3315 829 prmcesserunt,
3341 765 3399 818 el

1808 855 1902 895 eos
1930 843 2021 911 qui
2060 851 2181 912 post
2208 845 2589 901 ascensionem
2631 848 2746 917 ejus
2773 851 3049 906 subsecuti
3082 862 3233 916 sunt,
3270 869 3398 907 con-

1808 931 2045 984 corditcr
2087 932 2272 987 laudes
2311 932 2426 1001 ejus
2464 951 2748 992 resonasse
2785 947 2839 993 et
2874 939 3208 1009 rnajestatem
3249 942 3395 997 illius

1807 1021 2130 1089 prmdicasse
2168 1024 2434 1079 veraciter
2478 1044 2490 1078 :
2532 1028 2657 1096 quia
2694 1030 2834 1098 quod
2876 1033 3153 1099 prophetae
3193 1040 3247 1087 et
3292 1046 3389 1101 pao

1808 1111 2062 1166 triarclne
2095 1113 2162 1167 de
2188 1129 2253 1168 eo
2282 1115 2649 1184 praedixerunt
2675 1116 2932 1182 futurum,
2958 1120 3062 1175 hoc
3093 1122 3318 1191 apostoli
3338 1127 3397 1177 et

1807 1201 2151 1271 evangelista?
2179 1204 2473 1259 narrabant
2493 1204 2606 1272 jam
2633 1223 2751 1263 esse
2771 1210 3115 1278 completum:
3144 1211 3268 1267 Huic
3296 1211 3395 1283 igi-

1808 1299 1896 1344 tur
1920 1292 2359 1360 considerantes,
2396 1294 2595 1351 fratres
2629 1300 2964 1364 charissimi,
2996 1303 3393 1372 perpendamus

1808 1382 2235 1438 misericordiam
2266 1386 2563 1441 conditoris
2591 1388 2781 1450 nostri.
2813 1390 2904 1457 qui
2933 1391 3082 1459 prius
3103 1406 3199 1446 nos
3224 1392 3394 1447 bonos

1806 1479 1860 1525 et
1898 1471 2232 1529 immortales
2266 1478 2497 1542 creavit,
2543 1485 2597 1530 et
2630 1486 2748 1545 post
2783 1480 3279 1547 ptmvaricationem
3327 1496 3393 1538 ac

1806 1562 2015 1632 lapsum
2044 1562 2263 1634 fragiles
2292 1581 2356 1621 ac
2395 1567 2649 1622 mortales
2676 1567 2880 1631 factos,
2915 1584 2943 1622 a
2973 1578 3239 1639 potestate
3272 1572 3390 1627 dia-

1804 1652 1913 1706 boli
1946 1660 2001 1707 et
2026 1650 2371 1722 peccatorum
2400 1656 2626 1710 vinculis
2653 1672 2749 1726 per
2776 1657 3115 1727 Uuigcnitum
3145 1675 3301 1715 suum
3330 1660 3395 1715 li-

1804 1743 2035 1799 beravit.
2073 1744 2430 1801 liumiliemus
2455 1762 2556 1801 nos
2581 1746 2681 1801 sub
2709 1756 2855 1804 tanto
2885 1762 3122 1813 sessore,
3157 1752 3281 1821 quia
3306 1752 3392 1822 ju-

1729 1823 1777 1883 Β
1805 1852 1931 1907 gum
1962 1838 2077 1908 ejus
2111 1854 2276 1893 suave
2304 1847 2358 1894 et
2396 1854 2531 1894 onus
2558 1840 2725 1910 ipsius
2752 1840 2867 1895 leve
2903 1850 3013 1906 est;
3056 1842 3391 1908 studeamus,

1805 1939 2067 1997 quantum
2105 1946 2393 1999 possumus
2411 1972 2426 1995 ,
2454 1941 2514 1986 ut
2543 1948 2665 1987 eum
2694 1940 2971 2001 portantes
2992 1974 3006 1998 ,
3044 1942 3395 2002 peccatorum

1805 2019 2125 2075 offendicula
2168 2035 2474 2077 caveamus.
2519 2021 2791 2078 Habemus
2833 2024 2972 2078 viam
3014 2032 3391 2094 prmparatam,

1805 2111 1929 2181 quia
1957 2114 2132 2167 omnis
2176 2111 2453 2182 Scriptura
2496 2114 2753 2169 divinitus
2791 2113 3050 2185 inspirata
3090 2130 3153 2169 ac
3192 2116 3393 2171 dictata

1806 2202 1963 2257 docet
1986 2210 2040 2257 et
2066 2203 2287 2258 instruit
2314 2218 2441 2266 nos,
2479 2203 2712 2271 qualiter
2744 2210 2892 2257 recto
2918 2219 3081 2259 cursu
3107 2219 3397 2275 pergamus

1806 2295 1871 2348 ad
1892 2295 2124 2363 patriam
2154 2302 2419 2360 nostram,
2450 2302 2504 2349 et
2524 2295 2665 2350 bono
2691 2295 2893 2361 studio,
2916 2310 3013 2365 per
3040 2295 3219 2361 fidem,
3243 2308 3398 2364 spem

1805 2396 1860 2442 et
1885 2387 2230 2451 charitatem,
2251 2389 2531 2442 veniamus
2556 2389 2621 2443 ad
2647 2397 2952 2443 creatorem
2979 2396 3245 2444 nostrum.
3274 2387 3398 2444 Jam

1806 2478 2148 2548 approximat
2176 2477 2291 2533 dies
2320 2486 2539 2534 sanctus
2576 2478 2797 2534 Pascha:
2829 2498 2842 2533 :
2875 2479 2991 2536 haec
3032 2478 3392 2547 hebdomada,

1806 2568 2022 2633 fratres,
2047 2584 2159 2640 prae
2184 2570 2395 2625 caeteris
2422 2571 2584 2625 totius
2604 2570 2730 2625 anni
2754 2572 3091 2642 septimanis,
3119 2571 3397 2642 mysteriis

1807 2664 2119 2720 caelestibus
2148 2663 2305 2732 plena
2332 2670 2417 2718 est
2446 2682 2458 2717 :
2494 2665 2594 2719 hac
2629 2665 2964 2720 bebdomada
2997 2663 3247 2719 Salvator
3267 2678 3401 2733 quo-

1808 2756 1939 2811 tidie
1973 2770 2144 2825 usque
2185 2756 2252 2808 ad
2288 2763 2500 2825 tempus
2538 2755 2806 2825 passionis
2834 2768 2945 2809 sum
2983 2755 3037 2811 in
3070 2754 3269 2824 templo
3304 2753 3401 2810 do-

1808 2850 1948 2913 cuit;
1986 2864 2035 2903 m
2063 2848 2164 2903 hac
2190 2848 2411 2918 quippe,
2443 2848 2496 2902 id
2529 2855 2631 2912 est,
2665 2848 2853 2918 quinta
2886 2846 3020 2901 feria
3049 2843 3208 2913 hujus
3234 2845 3402 2915 septi-

1808 2956 1983 2994 manae
2009 2980 2023 3004 ,
2065 2938 2118 2992 in
2148 2952 2303 2993 caena
2334 2939 2588 3009 mystica,
2633 2937 2879 3008 corporis
2909 2945 2962 2991 et
3002 2936 3278 3006 sanguinis
3314 2933 3401 2990 sui

1809 3037 2148 3087 sacramenta
2198 3031 2313 3085 suis
2358 3028 2638 3103 discipulis
2687 3029 2802 3097 ipse
2849 3028 3082 3098 primum
3136 3025 3396 3090 tradidit,

1810 3121 2024 3189 quando
2053 3128 2109 3175 et
2139 3134 2327 3174 eorum
2355 3119 2518 3189 pedes
2547 3118 2708 3183 lavit;
2742 3118 2797 3173 in
2833 3126 2984 3173 sexta
3011 3116 3148 3171 feria
3185 3130 3401 3187 quoque

1810 3212 1991 3268 crucis
2018 3228 2083 3268 ac
2105 3211 2377 3282 passionis
2401 3226 2512 3266 sua:
2540 3211 2798 3281 mysteria
2824 3208 3147 3281 complevit;
3175 3209 3402 3264 sabbato

1808 3317 1940 3358 vero
1972 3303 2026 3356 in
2063 3302 2316 3373 sepulcro
2357 3301 2641 3371 requievit.
2683 3300 3001 3370 Quicunque
3039 3315 3169 3371 ergo
3203 3299 3260 3354 in
3297 3301 3403 3355 hac

1809 3392 2231 3463 Quadragesima
2256 3408 2426 3461 usque
2456 3393 2613 3447 modo
2640 3393 2778 3448 bene
2806 3392 3199 3474 laboravimus,
3227 3405 3402 3463 usque

1809 3485 1875 3540 ad
1907 3482 2067 3539 finem
2093 3483 2209 3551 ejus
2229 3482 2281 3536 in
2305 3483 2410 3537 hoc
2431 3482 2781 3552 perseverare
2802 3482 3134 3538 studeamUs.
3164 3481 3400 3550 Quicun-

1807 3588 1911 3643 que
1940 3587 2069 3643 ergo
2109 3575 2372 3628 hactenus
2408 3572 2664 3628 desidiosi
2704 3572 2934 3636 fuimus,
2966 3574 3159 3629 saltem
3195 3573 3249 3629 in
3281 3573 3400 3630 istis

1807 3674 2014 3735 septem
2054 3664 2245 3719 diebus
2284 3679 2404 3719 cum
2441 3662 2665 3734 jejuniis
2707 3672 2762 3716 et
2804 3665 3160 3736 eleemosynis
3198 3664 3397 3735 largis,

1806 3773 1931 3813 cum
1966 3757 2163 3825 vigiliis
2202 3764 2258 3811 et
2294 3756 2569 3819 oratione,
2606 3770 2727 3810 cum
2758 3754 3021 3825 lacrymis,
3046 3764 3101 3810 et
3141 3769 3398 3825 compun-

1806 3848 1984 3906 ctione
2009 3847 2209 3911 cordis,
2238 3846 2664 3901 misericordiam
2693 3845 2835 3915 apud
2860 3844 3273 3915 Redemptorem
3301 3860 3393 3900 no-

1806 3947 1980 3992 strum
2025 3936 2268 3990 invenire
2303 3944 2613 4006 satagamus
2654 3953 2667 3987 :
2710 3944 2768 3988 ut
2818 3936 2873 3988 in
2916 3942 3106 3989 sancto
3148 3934 3395 3999 Pascha,

1804 4028 2021 4099 quando
2064 4028 2129 4083 ad
2173 4043 2415 4083 mensam
2466 4042 2677 4081 sacram
2729 4027 2941 4082 Domini
2984 4036 3259 4082 accessuri
3302 4040 3398 4079 su-

1803 4135 1960 4183 mus,
2001 4118 2140 4174 oculi
2181 4116 2297 4186 ejus
2337 4118 2391 4173 in
2428 4118 2575 4171 nullo
2623 4125 2868 4172 nostrum
2908 4115 3282 4183 ofi‘endantur,
3329 4133 3399 4177 ne

1804 4212 1946 4266 forte
1974 4211 2022 4265 ei
2051 4211 2196 4266 dicat
2235 4228 2247 4262 :
2278 4210 2475 4271 Amice,
2509 4208 2578 4261 ad
2614 4208 2739 4279 quid
2760 4208 2942 4261 venisti
2965 4224 2984 4261 :
3009 4208 3269 4277 quomodo
3296 4209 3399 4263 Ima

1803 4302 2013 4355 intrasti
2047 4316 2150 4353 non
2184 4299 2376 4353 habens
2406 4308 2591 4352 vestem
2622 4296 2945 4367 nuptialem?
2963 4297 3116 4366 cujus
3139 4298 3275 4352 iram
3298 4311 3400 4352 nos

1805 4390 2070 4453 devitarc,
2103 4397 2158 4443 et
2181 4389 2411 4459 gratiam
2441 4388 2558 4457 ejus
2585 4386 2754 4457 magis
2774 4386 3041 4452 invenire,
3065 4386 3180 4456 ipse
3204 4402 3399 4442 conce-

115 4494 341 4563 apostoli
370 4508 468 4563 per
492 4493 929 4563 pnedicationem
950 4493 1245 4564 Evangelii,
1271 4495 1339 4549 ab
1361 4495 1562 4549 inimici
1590 4496 1704 4548 vin-

1808 4483 1919 4549 dat,
1949 4484 2039 4552 qui
2068 4498 2166 4537 nos
2198 4482 2448 4545 redemit,
2474 4479 2744 4541 Christus,
2771 4478 3020 4535 Salvator
3046 4488 3227 4535 noster
3257 4498 3271 4533 :
3303 4480 3398 4549 qui

117 4586 272 4650 culis,
310 4585 367 4639 id
398 4593 480 4639 est
507 4583 729 4649 diaboli,
754 4583 1111 4649 absolventes,
1133 4585 1199 4638 ad
1227 4584 1500 4641 Christum
1531 4587 1703 4641 addu-

117 4687 353 4742 xerunt;
406 4676 849 4745 imponentesque
890 4691 1051 4744 super
1079 4691 1200 4731 eum
1233 4678 1548 4732 vestimenta
1582 4694 1703 4744 sua,

118 4769 170 4823 id
197 4778 313 4835 est,
353 4768 638 4838 praeceptis
665 4766 959 4824 Dominicis
997 4777 1052 4822 et
1086 4768 1265 4838 gratia.
1292 4769 1519 4839 spiritali
1557 4770 1706 4823 nudi-

117 4867 281 4914 tatem
312 4866 663 4929 peccatorum
697 4857 812 4927 ejus
841 4858 1082 4914 velantes
1102 4899 1117 4924 ,
1159 4858 1445 4913 Dominum
1477 4860 1708 4929 desuper

115 4952 325 5017 sedere,
343 4950 400 5005 id
421 4961 525 5016 est,
541 4950 785 5005 habitare
799 4959 853 5005 et
876 4951 1161 5021 imperare,
1177 4952 1441 5007 fecerunt.
1471 4953 1706 5008 Plurima

115 5056 297 5101 autem
316 5044 495 5109 turba,
509 5060 629 5114 qua:
640 5045 955 5099 vestimenta
970 5060 1066 5099 sua
1083 5047 1358 5101 sternebat
1372 5046 1424 5100 in
1438 5046 1522 5101 via
1534 5087 1547 5110 ,
1566 5062 1708 5100 mar—

119 5147 265 5205 tyres
310 5135 618 5206 signiﬁcat,
655 5134 746 5204 qui
775 5149 999 5205 corpora
1042 5150 1139 5190 sua
1172 5150 1271 5204 pro
1297 5134 1514 5190 Christo
1540 5138 1707 5191 morti

123 5228 496 5291 tradiderunt,
538 5227 802 5295 nobisque
829 5225 1135 5296 exemplum
1165 5225 1458 5291 dederunt,
1498 5227 1588 5296 qui
1615 5228 1706 5298 ju-

122 5328 305 5373 menta
334 5318 549 5373 Domini
579 5332 796 5382 sumus,
824 5327 883 5371 ut
906 5333 1003 5387 pro
1031 5317 1231 5373 Christi
1259 5318 1361 5374 fide
1385 5328 1578 5374 cuncta
1608 5321 1705 5375 ad-

123 5424 274 5464 versa
315 5410 589 5479 patienter
627 5407 933 5463 toleremus.
979 5408 1059 5462 llli
1099 5417 1279 5464 autem
1306 5410 1396 5479 qui
1436 5425 1617 5465 ramos
1644 5411 1709 5467 de
1743 5435 1746 5439 λ

124 5499 413 5554 arboribus
436 5497 754 5562 fructiferis,
782 5498 833 5552 id
856 5506 957 5562 est,
981 5498 1258 5569 prophetis
1286 5500 1596 5553 testimonia
1625 5515 1712 5555 sa-

126 5604 219 5645 cra
245 5598 558 5656 sumentes,
588 5589 745 5644 nobis
775 5589 1013 5659 quotidie
1046 5589 1187 5643 viam
1225 5598 1502 5655 sternunt,
1528 5590 1581 5644 id
1607 5598 1708 5656 est,

127 5681 270 5734 viam
298 5689 534 5735 n0stram
563 5680 818 5735 ordinant
844 5688 1111 5750 quatenus
1150 5680 1265 5735 sine
1289 5679 1492 5735 offensa
1524 5695 1711 5749 pecca-

132 5778 329 5837 torum,
360 5771 458 5828 sub
487 5785 701 5826 sessorc
721 5770 966 5837 Domino,
997 5770 1049 5825 in
1072 5780 1312 5827 sanctam
1339 5771 1635 5840 civitatem,
1657 5772 1709 5827 id

1808 4592 1931 4631 cum
1968 4575 2131 4629 Patre
2172 4584 2226 4628 et
2267 4572 2469 4642 Spiritu
2513 4584 2701 4628 sancto
2737 4573 2873 4627 vivit
2907 4578 2961 4627 et
2996 4580 3185 4644 regnat
3222 4570 3394 4637 Deus,

1808 4681 1905 4734 per
1929 4666 2111 4720 omnia
2139 4664 2335 4720 saecula
2365 4664 2706 4719 saeculorum.
2735 4664 2930 4718 Amen.

2382 4774 2665 4831 HOMIIJA
2698 4775 2815 4829 XV.

2277 4884 2341 4923 IN
2399 4883 2589 4923 C(ENA
2651 4883 2911 4923 υουιηι.

2313 4959 2542 5030 (Evang.
2567 4960 2726 5013 Joan.
2754 4960 2897 5029 xm.)

1881 5048 1999 5103 Non
2037 5048 2560 5118 praztermittendum
2600 5057 2716 5112 est,
2761 5048 2957 5107 fratres
2994 5048 3298 5105 charissimi
3332 5064 3397 5107 ac

1808 5139 1905 5197 Dei
1936 5139 2029 5194 filii
2057 5139 2338 5204 nominati,
2360 5140 2488 5208 quin
2521 5139 2753 5208 aliquam
2784 5139 3122 5195 allocutionis
3154 5139 3397 5195 admoni-

1809 5232 2012 5287 tionem
2042 5233 2108 5287 de
2129 5231 2239 5286 hoc
2265 5240 2453 5287 sancto
2481 5239 2535 5286 et
2559 5233 2796 5302 pretioso
2826 5233 2911 5287 die
2945 5233 3217 5287 bodierme
3249 5234 3397 5291 festi-

1808 5321 1994 5376 vitatis
2014 5321 2166 5376 vobis
2190 5321 2473 5387 faciamus,
2497 5338 2657 5391 quam
2683 5331 2875 5377 cuncta
2898 5323 2991 5377 Dei
3016 5324 3272 5389 Ecclesia,
3296 5340 3398 5395 per

1812 5419 1985 5466 totum
2030 5412 2289 5466 mundum
2326 5410 2546 5476 diffusa,
2577 5412 2815 5467 celebrat
2852 5421 2907 5467 et
2944 5414 3175 5468 honorat
3210 5432 3227 5467 ης
3265 5413 3391 5483 quia

1811 5502 1951 5557 sicut
1976 5517 2174 5571 corpus
2199 5502 2315 5557 sine
2344 5502 2659 5572 quotidiano
2683 5505 2827 5557 victu
2856 5518 2960 5558 non
2983 5513 3163 5574 potest
3188 5504 3394 5571 vivere,

1810 5593 1887 5647 ita
1913 5607 2014 5647 nec
2038 5592 2237 5656 anima,
2269 5608 2388 5662 qua:
2408 5592 2559 5646 valde
2580 5593 2919 5661 pretiosioris
2941 5604 3022 5649 est
3048 5595 3393 5661 conditionis,

1810 5683 1930 5737 sine
1954 5683 2051 5737 Dei
2081 5684 2266 5739 verbo.
2296 5682 2431 5737 Nam
2462 5684 2605 5737 sicut
2630 5698 2758 5739 caro
2790 5684 2930 5739 redit
2962 5685 3029 5739 ad
3060 5694 3259 5741 terram
3279 5725 3294 5749 ,
3328 5685 3395 5741 de

1812 5788 1919 5844 qua
1945 5774 2169 5845 sumpsit
2202 5774 2489 5845 originem,
2521 5776 2593 5830 ita
2623 5776 2804 5832 anima
2830 5777 2898 5832 ad
2929 5778 3145 5846 coelum,
3171 5779 3215 5834 si
3252 5792 3394 5835 scm-
