3922 6338
489 344 549 398 3i
1144 334 1207 390 Β.
1248 329 1498 388 RABANI
1536 326 1756 385 MAURI
1789 323 2104 381 ARClllEP.
2148 320 2459 378 MOGUNT.
2499 312 2782 377 OPERUM
2823 317 3004 374 PARS
3042 317 3105 374 ll.
3671 313 3745 371 82

487 469 587 524 per
610 453 789 507 divino
813 451 1027 519 eloquio
1045 489 1059 513 ,
1092 446 1233 518 quod
1261 443 1376 513 eius
1397 444 1547 499 cibus
1575 449 1689 506 est,
1719 447 1973 510 pascatur
1997 450 2063 490 ac
2090 439 2139 500 Α
2164 433 2459 524 concessit,
2491 441 2548 488 et
2575 433 2930 524 quodcunque
2964 430 3200 524 solveret
3243 428 3294 482 in
3331 427 3488 524 terris
3506 468 3520 492 ,
3554 426 3746 483 fuisset

491 544 787 605 reﬁciatur,
818 541 943 610 quia
973 540 1074 593 hoc
1100 551 1317 590 omnem
1345 532 1663 588 suavitatem
1688 535 1908 598 superat
1933 526 2063 581 mel-

489 635 577 698 lis,
612 640 843 688 testante
868 629 1127 699 propheta
1167 623 1335 679 David
1359 663 1373 689 ,
1402 621 1491 694 qui
1529 620 1606 675 ait
1634 637 1648 673 :
1682 618 1854 685 Quam
1886 614 2065 669 dulcia

490 721 730 794 faucibus
756 721 882 774 meis
912 718 1114 788 eloquia
1139 725 1253 781 tua,
1278 714 1518 776 Domine,
1545 725 1701 779 super
1717 707 1820 762 mel
1846 706 1926 761 ori
1950 719 2064 759 meo

491 809 662 884 (Psal.
693 806 902 876 cxvm).
944 804 1241 873 Unicuique
1268 817 1396 873 ergo
1423 797 1626 854 homini
1652 797 1726 852 sit
1761 803 1967 851 certum
1990 808 2064 884 ac

488 883 675 955 notum
713 897 839 968 quia
883 896 1023 950 sicut
1062 903 1220 948 natus
1259 899 1343 948 est
1389 891 1442 945 in
1486 889 1629 944 hunc
1665 886 1954 950 mundum,
1986 883 2061 945 ita

487 988 748 1044 mundum
785 985 1036 1055 reliquit,
1078 990 1368 1038 attestante
1403 979 1730 1050 evangelista
1765 974 1973 1031 Joanne
1998 973 2065 1027 de

487 1078 626 1134 Filio
655 1077 751 1132 Dei
781 1077 832 1130 in
863 1075 966 1130 hac
1002 1073 1307 1144 evangelica
1341 1071 1570 1125 lectione
1604 1083 1763 1138 quam
1802 1066 1962 1122 modo
1989 1064 2066 1120 le-

488 1185 615 1243 gere
645 1168 890 1232 audistis,
922 1167 998 1220 sic
1029 1165 1215 1219 dicens
1248 1181 1259 1217 :
1289 1163 1419 1216 Ante
1446 1161 1583 1214 diem
1606 1159 1793 1230 festum
1822 1157 2060 1221 Paschte,

488 1263 653 1317 sciens
681 1257 838 1313 Jesus
877 1257 999 1326 quia
1035 1255 1170 1309 venit
1211 1252 1340 1306 hora
1374 1251 1486 1321 ejus
1520 1259 1575 1304 ut
1613 1257 1842 1302 transeat
1871 1263 1938 1300 ea:
1967 1247 2064 1299 hoc

488 1350 682 1405 mundo
708 1348 777 1403 ad
806 1345 1042 1401 Patrem.
1073 1345 1166 1399 Dei
1195 1343 1363 1397 Filius
1391 1354 1640 1409 namque,
1665 1340 1731 1394 de
1757 1353 1864 1407 quo
1888 1338 2065 1393 omnis

487 1441 662 1495 honor
698 1454 762 1494 ac
789 1446 1031 1509 potestas
1059 1433 1329 1504 procedit,
1361 1432 1414 1486 in
1447 1429 1630 1485 multis
1658 1429 1822 1484 rebus
1846 1431 2067 1499 propter

489 1546 588 1587 nos
613 1532 995 1586 dehonestatus
1018 1535 1120 1592 est,
1150 1523 1371 1596 ﬂagellis
1401 1520 1716 1594 ﬂagellatus,
1745 1519 1916 1590 alapis
1941 1534 2062 1590 per.

485 1634 696 1684 cussus,
730 1619 782 1672 in
813 1617 950 1672 facie
979 1625 1188 1687 sputus,
1211 1629 1310 1684 per
1337 1626 1530 1667 manus
1562 1610 1796 1675 vinctus,
1821 1608 2063 1680 spineam

486 1719 708 1780 portans
735 1697 1011 1773 coronam,
1038 1706 1304 1767 venditus,
1334 1701 1498 1770 etsic
1522 1700 1739 1756 tandem
1764 1714 1861 1770 per
1885 1700 2063 1754 crucis

2165 524 2399 578 solutum
2427 523 2479 578 in
2503 522 2677 577 caelis.
2704 521 2855 576 Tunc
2876 520 3099 574 nimium
3124 528 3343 573 sanctus
3364 517 3558 572 Petrus
3579 531 3743 586 expa-

2162 613 2362 677 vescit,
2397 611 2539 682 quod
2579 609 2748 664 Filius
2773 609 2908 675 Dei,
2948 608 3198 665 conditor
3229 607 3312 662 sui
3345 615 3399 662 et
3427 614 3744 662 cunctarum

2163 715 2366 765 rerum,
2399 698 2671 754 debuisset
2694 698 2859 768 pedes
2882 697 2965 752 sui
2995 697 3137 752 servi
3166 695 3368 761 lavare,
3399 704 3455 751 ct
3481 695 3557 750 ait
3585 712 3600 749 :
3634 693 3746 750 Do-

2161 789 2331 855 mine,
2359 799 2416 842 tu
2451 805 2717 859 nunquam
2753 788 2882 843 milii
2911 789 3056 843 lavas
3082 788 3276 857 pedes?
3303 789 3426 856 quia
3456 796 3512 842 tu
3543 803 3601 843 es
3636 782 3748 843 Do-

2161 878 2371 942 minus,
2408 886 2463 932 et
2498 892 2597 949 ego
2634 891 2854 943 servus;
2895 884 2952 930 tu
2991 877 3163 943 Deus,
3198 890 3298 945 ego
3337 876 3529 940 homo;
3570 883 3627 928 tu
3655 888 3744 930 re-

2162 969 2443 1038 demptor,
2488 983 2589 1040 ego
2629 975 2902 1039 peccator.
2943 967 3238 1036 Respondit
3275 965 3325 1020 ei
3361 963 3558 1020 Jesus:
3592 963 3746 1030 Quod

2162 1075 2254 1128 ego
2281 1059 2420 1128 facio
2443 1099 2457 1122 ,
2490 1069 2548 1114 tu
2580 1060 2744 1113 nescis
2776 1058 2928 1113 modo
2949 1098 2964 1124 ,
2991 1058 3122 1113 scies
3147 1067 3323 1112 autem
3349 1069 3557 1128 postea;
3591 1055 3752 1126 quasi

2163 1148 2426 1204 dixisset:
2462 1148 2555 1203 Sic
2589 1148 2747 1218 hujus
2773 1147 2903 1204 facti
2938 1148 3257 1220 mysterium
3293 1150 3520 1203 necdum
3550 1147 3752 1205 intelli-

2162 1237 2243 1306 gis
2263 1277 2277 1302 ,
2305 1237 2399 1292 sed
2426 1246 2611 1306 postea
2645 1236 3018 1293 intellecturus
3045 1238 3189 1303 eris,
3220 1239 3344 1307 quia
3379 1239 3424 1293 si
3448 1256 3549 1292 non
3576 1237 3760 1294 lavero

2163 1327 2256 1382 tibi
2296 1327 2469 1397 pedes,
2498 1343 2603 1382 non
2636 1328 2847 1382 habebis
2870 1338 3070 1398 partem
3099 1345 3322 1383 mecum.
3346 1329 3542 1384 lterum
3570 1335 3750 1384 autem

2162 1415 2436 1486 prohibuit
2458 1417 2674 1473 dicens:
2703 1434 2808 1471 non
2828 1417 3027 1472 lavabis
3048 1418 3178 1471 mihi
3201 1435 3430 1489 unquam
3450 1418 3637 1489 pedes;
3655 1417 3754 1474 sed

2163 1507 2355 1573 tertio,
2384 1509 2450 1564 de
2485 1523 2736 1565 sermone
2771 1508 2984 1564 Domini
3020 1509 3281 1575 territus,
3317 1509 3446 1579 quia
3482 1510 3621 1563 dixit
3650 1521 3675 1563 ι’
3695 1507 3756 1565 Si

2163 1614 2267 1653 non
2298 1598 2474 1653 lavero
2516 1599 2610 1653 tibi
2641 1601 2826 1669 pedes,
2870 1615 2972 1654 non
3024 1599 3236 1655 habebis
3276 1610 3479 1670 partem
3515 1616 3753 1666 mecum,

2160 1691 2440 1762 subiunxit
2471 1709 2483 1746 :
2516 1691 2770 1757 Domine,
2799 1707 2903 1746 non
2929 1700 3132 1749 tantum
3169 1691 3323 1762 pedes
3341 1731 3356 1758 ,
3382 1692 3473 1746 sed
3495 1702 3540 1746 et
3565 1707 3764 1747 manus

484 1800 791 1872 passionem
819 1807 1049 1853 mortem
1079 1795 1395 1865 suscipiens,
1421 1801 1473 1849 et
1499 1808 1529 1849 a
1556 1801 1733 1847 morte
1752 1805 2058 1858 resurgens,
2090 1785 2137 1844 Β
2165 1790 2213 1833 ετ
2234 1791 2389 1850 caput
2409 1798 2431 1872 ἕν
2450 1781 2495 1836 Si
2523 1781 2748 1835 minaris
2769 1796 2897 1872 erg?
2919 1781 3063 1872 quod
3087 1780 3288 1836 nullam
3318 1790 3492 1837 tecum
3525 1781 3760 1838 habeam

484 1890 726 1946 ascendit
753 1889 820 1944 ad
849 1887 1068 1943 Patrem
1093 1901 1247 1942 suum
1274 1885 1328 1940 in
1351 1883 1569 1950 coelum,
1594 1883 1736 1938 unde
1755 1879 2059 1946 descendit;

484 1982 567 2038 sic
596 1989 652 2037 et
687 1996 787 2037 nos
827 1979 894 2035 ad
926 1987 1169 2034 nostrum
1208 1977 1421 2031 Patrem
1446 2015 1459 2041 ,
1491 1974 1633 2044 quod
1675 1972 1788 2042 ipse
1817 1970 2066 2026 Christus

481 2079 594 2136 est,
626 2072 861 2125 transire
904 2069 1160 2122 debemus
1205 2066 1271 2121 de
1298 2066 1400 2120 hoc
1444 2063 1674 2127 mundo,
1725 2061 2062 2131 iniquitatem

483 2143 755 2216 dimittere
775 2157 1111 2228 etjustitiam
1134 2156 1311 2212 facere
1330 2172 1345 2222 ;
1373 2154 1567 2226 largire
1588 2154 1727 2209 bona
1750 2149 2061 2222 temporalia

481 2257 704 2322 propter
730 2259 962 2314 aeterna;
993 2248 1234 2317 linquere
1263 2245 1610 2301 diabolumvet
1631 2243 1746 2314 ejus
1771 2241 1910 2297 mala
1936 2255 2064 2312 ope-

485 2355 579 2405 ra,
607 2349 661 2394 et
684 2353 806 2410 qua:
841 2337 950 2394 Deo
985 2344 1109 2394 sunt
1142 2334 1344 2406 placita
1383 2349 1542 2405 agere
1566 2342 1621 2388 et
1650 2347 1862 2398 amare;
1893 2330 2062 2386 Deum

454 2448 548 2486 .cx
574 2439 687 2487 toto
710 2433 871 2486 corde
895 2437 949 2484 et
972 2429 1118 2485 omni
1146 2437 1324 2484 mente
1351 2427 1602 2498 diligere;
1629 2426 1933 2496 proximum
1961 2438 2061 2478 no-

481 2531 676 2587 atrum,
701 2521 844 2590 quod
874 2519 1239 2589 unusquisque
1267 2517 1605 2572 Christianus
1633 2523 1739 2579 est,
1769 2515 1910 2568 sicut
1938 2528 2064 2567 nos—

485 2611 776 2680 metipsos;
816 2608 1094 2664 mendacia
1123 2609 1330 2670 vitare,
1373 2605 1707 2676 superbiam,
1753 2603 2060 2669 homicidia,

483 2697 906 2763 fornicationes,
941 2695 1082 2750 furta
1110 2705 1163 2750 et
1193 2704 1384 2750 caetera
1426 2710 1544 2764 quae
1576 2694 1659 2749 his
1687 2701 1816 2749 sunt
1845 2693 2064 2748 similia.

486 2790 545 2846 Si
573 2790 686 2845 hac
713 2804 841 2862 ergo
867 2797 1090 2861 agamus
1113 2790 1275 2853 bona,
1299 2797 1353 2842 et
1372 2787 1601 2843 vitemus
1622 2786 1764 2841 mala
1785 2801 1904 2855 quae
1931 2785 2063 2850 dixi,

482 2882 765 2937 imitamur
792 2891 846 2937 et
867 2897 964 2937 nos
991 2882 1085 2936 Dei
1116 2881 1330 2945 Filium,
1357 2879 1604 2935 similiter
1624 2879 1976 2935 ascendentes
1996 2879 2065 2933 ad

483 2971 699 3028 Patrem
735 2979 979 3026 nostrum
1019 2973 1110 3041 qui
1148 2970 1202 3025 in
1236 2971 1387 3026 ccelis
1415 2978 1530 3035 est,
1568 2970 1660 3039 qui
1697 2968 1855 3025 simul
1881 2967 2063 3024 omnia

485 3063 625 3133 regit
665 3071 719 3118 et
757 3061 940 3118 habet.
983 3062 1239 3132 Sequitur
1275 3081 1289 3116 :
1339 3061 1471 3116 Cum
1511 3061 1776 3117 dilexisset
1815 3077 1938 3116 suos
1975 3061 2064 3132 qui

2166 1871 2600 1928 communionem
2630 1881 2853 1941 propter
2879 1871 3135 1928 lavandos
3162 1872 3327 1941 pedes
3347 1913 3362 1938 ,
3392 1888 3537 1928 nunc
3563 1887 3662 1943 pro
3689 1886 3769 1929 eo

2164 1961 2308 2032 quod
2354 1959 2589 2030 aliquam
2633 1961 3030 2016 communionis
3076 1967 3182 2016 tua:
3235 1970 3448 2032 partem
3498 1962 3758 2026 habeam,

2164 2050 2368 2105 nullam
2408 2051 2504 2105 tibi
2551 2066 2688 2123 nego
2730 2051 3051 2107 abluendam
3089 2053 3194 2108 mei
3239 2053 3482 2123 corporis
3521 2062 3770 2124 partem.

2163 2140 2462 2211 Respondit
2496 2138 2656 2195 Jesus
2698 2159 2712 2194 ς
2754 2140 2858 2206 Qui
2883 2140 3020 2196 lotus
3044 2151 3156 2209 est,
3193 2159 3298 2196 non
3337 2143 3530 2211 indiget
3569 2144 3671 2198 nisi
3699 2151 3758 2198 ut

2161 2231 2313 2301 pedes
2338 2229 2493 2296 lavet,
2523 2230 2612 2285 sed
2639 2241 2714 2284 est
2747 2232 2974 2288 mundus
3003 2242 3164 2288 totus.
3191 2231 3544 2304 Signiﬁcabat
3573 2243 3757 2291 autem

2165 2321 2301 2376 hoc:
2326 2319 2646 2391 Quicunque
2675 2335 2805 2393 ergo
2835 2323 2901 2377 ad
2934 2337 3148 2378 sacrum
3170 2325 3378 2379 venerit
3403 2325 3758 2394 baptismum,

2162 2423 2217 2468 et
2247 2414 2301 2468 in
2331 2415 2435 2469 hoc
2463 2413 2692 2468 mittitur
2719 2413 2772 2467 in
2815 2415 3031 2470 nomine
3059 2414 3255 2481 Patris,
3289 2423 3343 2470 et
3378 2415 3521 2481 Filii,
3549 2424 3604 2471 et
3635 2415 3757 2486 Spi-

2164 2505 2300 2559 ritus
2326 2504 2519 2568 sancti,
2552 2504 2736 2558 statim
2768 2513 2913 2560 totus
2943 2513 3027 2561 est
3053 2507 3284 2562 mundus
3303 2546 3317 2572 ,
3345 2515 3456 2561 tam
3492 2507 3544 2562 in
3571 2507 3756 2564 anima

2165 2609 2325 2664 quam
2355 2595 2409 2648 in
2444 2609 2673 2664 corpore
2705 2612 2717 2649 :
2750 2594 2878 2664 quia
2914 2595 2967 2649 in
3007 2596 3259 2665 baptismi
3291 2597 3504 2660 lavacro
3533 2606 3762 2668 peccata

2162 2682 2440 2742 hominum
2479 2683 2823 2739 dimittuntur
2869 2695 2924 2740 et
2962 2684 3244 2752 delentur;
3293 2702 3417 2741 nam
3463 2697 3760 2758 antequam

2163 2771 2487 2842 baptizatur,
2513 2772 2654 2828 illius
2685 2773 2902 2840 diaboli,
2925 2783 3111 2845 postea
3142 2790 3267 2831 vero
3295 2776 3437 2832 ﬁlius
3461 2777 3556 2834 Dei
3582 2778 3759 2834 nomi-

2164 2870 2342 2916 natur.
2384 2861 2497 2918 Hoc
2534 2862 2864 2932 signiﬁcavit
2890 2865 3148 2921 Dominus
3175 2879 3297 2921 cum
3325 2867 3456 2922 dicit
3487 2885 3502 2921 :
3538 2866 3644 2935 Qui
3670 2867 3757 2924 lo-

2165 2961 2248 3007 tus
2275 2963 2382 3019 est,
2409 2970 2514 3008 non
2543 2954 2772 3024 indiget,
2803 2955 2905 3009 nisi
2934 2964 2994 3011 ut.
3007 2955 3163 3027 pedes
3188 2955 3351 3023 lavet,
3384 2958 3474 3012 sed
3501 2967 3576 3013 est
3603 2974 3768 3014 mun—

2164 3045 2263 3101 dus
2288 3055 2445 3101 totus.
2477 3045 2614 3114 Quia
2647 3047 2786 3111 sicut
2815 3047 3001 3117 pedes,
3031 3048 3123 3118 qui
3148 3055 3350 3104 terram
3377 3048 3609 3116 calcant,
3639 3050 3771 3106 sine

483 3123 632 3209 "gn,
657 3156 711 3209 ίη
730 3154 948 3221 mundo,
969 3155 1022 3208 δη
1045 3154 1202 3224 ﬁnem
1225 3153 1407 3208 άίιεπεε
1427 3171 1533 3209 eo“
1556 3153 1613 3208 ιη
1636 3161 1842 3208 unum,
1866 3153 2065 3224 quippe
2095 3123 2139 3186 C
2171 3137 2346 3207 aliqua
2371 3139 2530 3193 sorde
2550 3152 2670 3193 esse
2692 3152 2798 3192 non
2820 3145 3065 3208 possunt,
3084 3138 3162 3194 sic
3183 3153 3341 3194 nemo
3363 3139 3416 3194 in
3436 3139 3541 3195 hoc
3561 3139 3765 3196 steculo

485 3242 747 3298 Dominus
772 3241 963 3297 dilexit
992 3257 1117 3296 suos
1144 3242 1236 3312 qui
1263 3251 1418 3296 erant
1442 3242 1494 3296 in
1524 3242 1627 3297 hoc
1649 3243 1870 3307 mundo,
1896 3252 1958 3297 ut
1984 3256 2068 3297 se-

486 3332 663 3404 ipsum
699 3333 860 3389 etiam
886 3332 1130 3388 tradebat
1154 3341 1374 3402 propter
1412 3347 1505 3388 eos
1535 3332 1589 3387 in
1626 3341 1856 3387 mortem
1890 3349 1903 3386 :
1939 3333 2066 3403 quia

487 3421 739 3486 majorem
766 3421 1094 3476 dilectionem
1132 3437 1280 3476 nemo
1312 3422 1496 3487 habet,
1517 3437 1682 3492 quam
1710 3423 1799 3494 qui
1829 3422 2064 3478 animam

486 3528 640 3568 suam
666 3513 758 3567 dat
785 3529 879 3583 pro
904 3513 1088 3567 amicis
1115 3512 1226 3568 suis
1253 3511 1433 3584 (Joan.
1457 3511 1569 3584 xv).
1601 3513 1753 3570 Tunc
1778 3524 1933 3569 caena
1966 3527 2067 3584 pa-

488 3611 606 3660 rata
632 3611 733 3668 est,
754 3611 814 3658 ut
843 3603 1224 3659 convenientes
1241 3601 1494 3673 discipuli
1514 3618 1637 3659 cum
1659 3603 1942 3674 magistro,
1964 3610 2071 3660 sta-

491 3695 588 3750 tim
617 3694 862 3750 diabolus
884 3695 1031 3750 misit
1050 3695 1106 3750 in
1131 3709 1224 3750 cor
1249 3694 1401 3751 Judae
1424 3702 1486 3750 ut
1508 3696 1748 3752 traderet
1774 3709 1929 3750 suum
1954 3710 2068 3750 ma-

489 3787 717 3857 gistrum
759 3795 814 3842 et
849 3787 1136 3842 Dominum
1175 3795 1420 3843 nostrum
1462 3787 1666 3844 Judaeis
1704 3805 1719 3842 :
1762 3788 1885 3858 quia
1929 3789 2072 3846 sicut

490 3874 648 3931 malis
674 3883 730 3931 et
762 3875 980 3946 iniquis,
1011 3884 1070 3931 ut
1091 3875 1260 3932 Judas
1286 3875 1420 3943 fuit,
1452 3870 1892 3934 diabolus‘malas
1920 3879 2070 3950 cogi-

491 3965 725 4021 tationes
746 3964 1014 4030 immittit,
1037 3965 1115 4020 ita
1144 3963 1379 4036 Spiritus
1407 3974 1628 4022 sanctus
1653 3966 1814 4023 bonis
1837 3974 1893 4022 et
1908 3964 2073 4035 justis

488 4055 610 4127 pias
634 4058 918 4124 rectaeque
950 4054 1306 4126 cogitationes
1332 4055 1586 4122 innectit;
1619 4056 1761 4112 sicut
1786 4057 1900 4113 suis
1924 4070 2071 4113 sem-

490 4160 590 4216 per
617 4144 819 4199 fecerat
844 4143 1156 4214 discipulis,
1189 4145 1410 4199 mittens
1434 4157 1528 4200 eos
1555 4144 1621 4198 ad
1661 4159 1816 4215 reges
1851 4152 1906 4200 et
1935 4160 2072 4217 pra}.

493 4236 658 4301 sides,
687 4235 824 4290 dixit
851 4253 862 4288 :
899 4234 1038 4289 Dum
1062 4235 1307 4289 steteritis
1335 4243 1457 4289 ante
1479 4251 1588 4301 eos,
1613 4234 1772 4290 nolite
1795 4235 2073 4306 praemedi-

494 4329 599 4384 tari
637 4328 895 4399 quomodo
926 4336 1019 4380 aut
1038 4325 1162 4397 quid
1187 4325 1494 4397 loquamini,
1524 4327 1648 4399 quia
1680 4327 1894 4382 dabitur
1926 4327 2069 4382 vobis

491 4418 550 4473 in
577 4417 671 4472 illa
700 4417 831 4471 Itora
857 4415 982 4487 quid
1015 4414 1302 4486 loquamini
1332 4415 1484 4486 (Luc.
1509 4414 1660 4488 xxv).
1692 4415 1942 4471 Traditor
1973 4416 2067 4471 Dei

490 4505 662 4562 Judas
689 4514 743 4561 et
769 4506 1015 4576 proditor
1049 4506 1116 4560 ad
1136 4505 1443 4560 convivium
1469 4505 1619 4560 venit
1646 4506 1764 4562 sine
1794 4505 1916 4573 ﬁde,
1942 4507 2069 4576 quia

493 4597 539 4653 si
569 4597 834 4651 veraciter
871 4595 1030 4651 ﬁdem
1069 4595 1376 4662 habuisset,
1417 4612 1691 4667 nunquam
1729 4612 1853 4654 eum
1895 4598 2074 4670 impiis

493 4684 693 4741 Judmis
719 4685 1047 4740 tradidisset.
1073 4682 1252 4740 Sciens
1277 4697 1450 4741 autem
1472 4687 1626 4742 Jesus
1647 4688 1771 4758 quia
1792 4687 1933 4742 Deus
1962 4687 2074 4743 Pa-

495 4789 575 4833 ter
599 4778 771 4832 omnia
798 4777 940 4831 dedit
970 4777 1019 4831 ei
1043 4778 1097 4831 in
1122 4786 1445 4849 potestatem,
1479 4786 1534 4833 et
1558 4778 1732 4850 ipsum
1758 4779 2076 4834 traditorem

495 4884 686 4934 suum,
720 4882 781 4922 ac
816 4869 1063 4923 conscius
1101 4868 1230 4938 quid
1265 4867 1444 4924 facere
1474 4883 1573 4938 pro
1604 4869 1795 4925 amicis
1832 4869 1946 4925 suis
1980 4870 2075 4925 de-

496 4958 733 5023 buisset,
762 4971 809 5013 et
848 4960 970 5029 quia
995 4977 1028 5013 a
1057 4957 1164 5012 Deo
1202 4957 1357 5013 Patre
1387 4960 1441 5014 in
1469 4960 1607 5012 hunc
1643 4959 1897 5013 mundum
1924 4976 2078 5014 vene-

500 5058 605 5116 rat,
632 5057 810 5105 tamen
838 5050 890 5103 in
913 5049 1112 5104 deitate
1138 5049 1284 5102 illum
1305 5063 1410 5103 non
1435 5049 1744 5118 relinquens
1774 5065 1788 5102 :
1816 5057 1866 5101 et
1886 5047 2074 5102 iterum

498 5139 568 5192 ad
596 5154 714 5191 eum
744 5153 1040 5192 reversurus
1061 5178 1075 5202 ,
1106 5152 1382 5206 nunquam
1419 5152 1522 5192 nos
1547 5138 1611 5193 de
1645 5153 1740 5193 sua
1772 5138 1946 5209 gratia
1982 5138 2078 5194 de-

499 5242 718 5294 serens;
760 5229 924 5297 surgit
965 5245 994 5281 a
1029 5243 1203 5291 cana,
1241 5237 1287 5281 et
1327 5228 1470 5298 ponit
1501 5230 1801 5282 vestimenta
1833 5245 1969 5294 sua;
2010 5244 2074 5284 ac

500 5319 681 5372 statim
709 5318 872 5387 cmpit
899 5317 1078 5371 lavare
1105 5317 1269 5386 pedes
1298 5316 1680 5386 discipulorum
1697 5355 1712 5381 ,
1739 5315 1968 5386 implens
1996 5315 2076 5372 oi"-

502 5406 682 5460 tieium
708 5407 886 5472 servi,
926 5407 1169 5475 quamvis
1197 5414 1411 5461 creator
1438 5405 1677 5460 omnium
1705 5415 1885 5471 esset,
1917 5405 2078 5462 cccle-

500 5498 686 5564 stium,
716 5497 1050 5554 terrestrium
1079 5507 1134 5552 et
1161 5497 1514 5552 infernorum.
1555 5495 1659 5551 Sed
1692 5506 1818 5551 tunc
1840 5497 2074 5567 primum

505 5591 649 5645 venit
679 5592 746 5646 ad
773 5591 1012 5657 Petrum,
1037 5591 1162 5661 quia
1185 5605 1425 5646 summus
1446 5599 1502 5646 et
1524 5590 1777 5660 princeps
1805 5597 1921 5645 erat
1947 5603 2078 5660 apo-

503 5681 802 5748 stolorum;
841 5693 895 5738 et
937 5682 1109 5752 iuste,
1155 5684 1245 5753 qui
1285 5682 1461 5738 claves
1507 5683 1656 5754 regni
1698 5683 1958 5738 cmlorum
2000 5682 2074 5738 illi

2168 3235 2223 3283 et
2258 3227 2314 3282 in
2341 3228 2443 3283 hac
2473 3227 2688 3283 mortali
2725 3243 2892 3283 carne
2929 3237 3105 3299 potest
3147 3229 3264 3285 sine
3300 3239 3523 3301 peccato
3551 3230 3764 3298 vivere,

2169 3321 2232 3374 D.
2264 3317 2471 3374 Joanne
2497 3320 2740 3390 apostolo
2758 3329 3055 3378 attestante
3088 3340 3100 3381 :
3136 3321 3198 3378 Si
3222 3323 3532 3391 dixerimus,
3561 3326 3772 3396 inquit,

2167 3410 2291 3478 quia
2319 3418 2587 3480 peccatum
2630 3426 2732 3465 non
2772 3411 3050 3478 habemus,
3098 3414 3333 3485 nosipsos
3375 3416 3660 3487 decipimus
3709 3427 3764 3484 et

2167 3501 2359 3556 veritas
2387 3500 2443 3554 in
2471 3501 2618 3556 nobis
2645 3517 2749 3557 non
2782 3510 2857 3556 est
2889 3499 2943 3575 (ι
2967 3501 3130 3558 Joan.
3171 3503 3235 3576 ι).
3267 3503 3439 3561 Homo
3464 3520 3595 3562 vero
3634 3522 3766 3564 cum

2168 3600 2292 3661 post
2317 3590 2644 3660 baptismum
2671 3604 2772 3662 per
2801 3591 3018 3664 aliquod
3048 3594 3249 3650 malum
3270 3611 3406 3668 opus
3428 3598 3766 3667 sordidatur,

2171 3679 2369 3735 iterum
2396 3695 2617 3736 necesse
2643 3689 2847 3752 estper
2877 3683 3123 3739 eamdem
3161 3685 3392 3756 gratiam
3427 3686 3622 3743 divina:
3654 3686 3765 3744 bo—

2170 3769 2357 3825 nitatis
2383 3771 2668 3826 emundari
2687 3810 2702 3837 ,
2733 3771 2787 3827 id
2815 3780 2930 3840 est,
2961 3788 3085 3830 cum
3116 3775 3365 3844 pecunia,
3395 3777 3765 3850 eleemosyna,

2169 3858 2443 3925 oratione,
2473 3857 2602 3916 ﬂere
2631 3875 2857 3933 pravum
2895 3863 3038 3933 quod
3067 3866 3267 3934 gessit,
3293 3881 3537 3936 quaerere
3560 3869 3768 3924 bonum

2170 3947 2314 4018 quod
2354 3950 2628 4019 peccando
2669 3950 2871 4007 amisit.
2914 3951 3242 4023 Spiritaliter
3279 3965 3459 4016 autem
3503 3956 3768 4016 Dominus

2170 4038 2409 4111 quotidie
2434 4043 2600 4112 pedes
2627 4051 2844 4100 nostros
2867 4045 3043 4113 lavat,
3073 4062 3196 4104 cum
3224 4050 3392 4106 Deum
3426 4049 3645 4106 Patrem
3675 4051 3765 4107 in-

2170 4133 2417 4205 terpellat
2445 4149 2543 4204 pro
2569 4135 2745 4192 nobis.
2776 4134 3040 4192 Similiter
3061 4153 3160 4194 nos
3193 4139 3293 4211 ipsi
3324 4141 3564 4210 quotidie
3593 4142 3763 4213 pedes

2169 4233 2384 4281 nostros
2410 4224 2593 4281 lavare
2622 4225 2902 4291 debemus,
2934 4229 3240 4286 conﬁtendo
3268 4231 3322 4286 in
3349 4233 3511 4289 corde
3537 4243 3764 4305 peccata

2160 4323 2354 4371 .nostra
2385 4330 2508 4371 cum
2532 4314 2790 4373 Oratione
2813 4317 3094 4374 Dominica
3129 4337 3142 4374 :
3172 4319 3390 4377 Dimitte
3418 4323 3565 4378 nobis
3587 4323 3768 4381 debita

2171 4415 2379 4472 nostra,
2421 4407 2556 4462 sicut
2600 4417 2650 4464 et
2689 4424 2784 4463 nos
2826 4408 3136 4467 dimittimus
3182 4413 3500 4470 debitoribus
3547 4417 3762 4476 nostris.

2096 4473 2146 4534 Ῑ)
2174 4496 2325 4553 Tunc
2350 4497 2445 4552 Dei
2468 4497 2638 4553 Filius
2659 4499 2875 4568 quando
2904 4500 3021 4556 huic
3045 4502 3225 4557 omnia
3251 4518 3372 4572 qua:
3395 4505 3548 4560 vobis
3575 4473 3766 4563 nume;

2174 4591 2286 4645 ravi
2316 4604 2374 4645 se
2404 4589 2697 4646 bumilians
2733 4592 3051 4663 complevit,
3083 4594 3161 4650 ait
3183 4596 3251 4651 ad
3276 4611 3369 4652 eos
3401 4615 3415 4651 :
3447 4597 3606 4652 Scitis
3634 4597 3765 4670 quid

2174 4680 2382 4750 fecerim
2411 4682 2552 4737 vobis
2591 4695 2609 4733 .'
2647 4683 2694 4736 si
2729 4699 2850 4754 ergo
2889 4684 3146 4741 Dominus
3180 4697 3227 4741 et
3262 4688 3509 4759 magister
3547 4688 3651 4743 lavi
3679 4705 3765 4745 ve-

2173 4781 2308 4827 stros
2333 4772 2488 4842 pedes
2505 4813 2520 4838 ,
2550 4782 2598 4827 et
2621 4789 2706 4828 vos
2743 4773 2938 4835 debetis
2967 4774 3103 4830 alter
3128 4775 3345 4832 alterius
3384 4776 3560 4833 lavare
3583 4778 3764 4849 pedes,

2173 4871 2230 4916 ut
2271 4863 2709 4932 quemadmodum
2760 4880 2853 4935 ego
2905 4865 3007 4934 feci
3042 4865 3212 4932 vobis,
3261 4867 3335 4922 ita
3366 4877 3414 4923 et
3454 4887 3540 4924 vos
3586 4870 3764 4940 facia-

2177 4953 2278 5017 tis;
2309 4953 2466 5021 quasi
2494 4952 2721 5008 dixisset
2749 4955 2824 5009 ita
2856 4970 2869 5008 :
2905 4953 2964 5011 Si
2988 4971 3088 5027 ego
3125 4956 3267 5012 Deus
3301 4967 3357 5013 et
3393 4958 3651 5016 Dominus
3676 4960 3764 5016 di-

2177 5044 2299 5100 misi
2325 5045 2476 5099 vobis
2497 5053 2718 5115 peccata
2745 5057 2943 5113 vestra,
2971 5056 3121 5104 tanto
3156 5051 3329 5120 magis
3352 5061 3408 5106 et
3433 5067 3530 5107 vos
3555 5052 3767 5110 debetis

2176 5135 2313 5191 alter
2349 5135 2572 5191 alterius
2613 5146 2837 5206 peccata
2877 5137 3166 5196 dimittere.
3209 5141 3360 5208 Quod
3407 5153 3586 5199 autem
3632 5143 3766 5202 dicit

2175 5226 2504 5298 evangelista
2542 5227 2833 5284 Dominum
2878 5233 3183 5288 surrexisse
3218 5249 3248 5288 a
3285 5249 3471 5300 caena,
3513 5237 3617 5291 hoc
3655 5243 3762 5302 est,

2178 5321 2392 5391 quando
2418 5321 2513 5378 Dei
2543 5322 2712 5379 Filius
2750 5324 2817 5379 de
2852 5325 3060 5381 cmlesti
3100 5327 3233 5384 solio
3265 5326 3444 5383 Patris
3486 5328 3769 5387 descendit

2178 5413 2244 5467 ad
2273 5420 2496 5480 terram,
2524 5423 2767 5469 nostram
2792 5414 2892 5470 sibi
2917 5431 3136 5472 carnem
3159 5419 3439 5474 sumendo.
3462 5417 3519 5472 In
3541 5418 3644 5472 hoc
3665 5432 3766 5474 sua

2177 5502 2334 5574 ponit
2358 5502 2699 5568 vestimenta,
2725 5503 2978 5574 quoniam
3011 5519 3069 5560 se
3104 5505 3406 5560 bumiliavit
3430 5513 3485 5561 et
3504 5505 3768 5563 obedienl

2179 5592 2290 5648 Deo
2315 5591 2462 5647 Patri
2498 5602 2617 5648 erat
2645 5609 2815 5664 usque
2844 5594 2911 5649 ad
2940 5605 3189 5651 mortem.
3229 5595 3421 5651 Linleo
3451 5611 3509 5652 se
3543 5594 3764 5667 procin-

2181 5687 2278 5753 xit,
2309 5687 2436 5756 quia
2467 5684 2692 5743 fortnam
2723 5689 2863 5743 servi
2892 5688 3146 5757 suscepit.
3179 5687 3322 5744 Misit
3347 5704 3542 5759 aquam
3575 5688 3628 5742 in
3657 5686 3771 5757 νει-
