3922 6356
191 407 268 462 35
1143 398 1450 457 nouum
1493 397 1582 454 DE
1619 396 1857 455 rasus
1891 394 2300 464 PRAECIPUIS,
2337 395 2488 454 ETC.
3409 397 3480 453 ει

185 522 302 576 vim
325 558 341 584 ,
371 519 596 588 quando
630 516 944 589 sanguinem
979 530 1136 570 suum
1176 515 1325 569 misit
1362 513 1413 567 in
1455 521 1654 568 terram
1675 553 1690 578 ,
1731 520 1790 565 ut
1816 516 1861 574 Α
1892 527 2030 575 mus,
2076 512 2402 577 charissimi,
2433 513 2577 582 quod
2613 514 2739 568 dum
2782 512 2955 568 sancti
2986 512 3202 584 pascha:
3226 513 3484 570 solemni-

198 608 489 663 mundaret
521 608 754 677 vestigia
795 607 848 661 in
887 619 947 662 se
988 605 1352 671 credentium,
1395 619 1514 675 qua:
1560 603 1790 659 terrenis

197 699 435 768 peccatis
480 699 701 754 sordida
752 697 919 753 fuere.
966 699 1119 752 Tunc
1157 698 1320 754 linteo
1352 699 1515 769 pedes
1544 696 1792 760 extersit,

199 788 412 859 quando
438 803 564 842 cum
604 788 820 858 propria
847 788 1094 857 corporis
1125 788 1205 843 sui
1233 803 1398 843 carne
1435 786 1640 842 scelera
1669 800 1792 855 pec-

197 888 442 934 catorum
472 887 785 934 nostrorum
812 887 1032 949 propter
1061 871 1160 933 nos
1204 878 1484 933 moriendo
1522 877 1787 946 purgavit.

196 969 253 1040 lp
299 971 406 1026 hoc
458 970 650 1040 itaque
699 970 864 1039 pedes
909 969 1298 1040 discipulorum
1340 968 1481 1028 lotos
1526 969 1791 1033 habebat,

195 1061 411 1132 quando
450 1076 554 1131 per
592 1060 674 1114 sui
721 1061 999 1130 sanguinis
1045 1058 1362 1116 eﬁ‘usionem
1410 1059 1790 1129 purgationem

196 1159 393 1205 nostra:
424 1151 814 1220 redemptionis
842 1151 1100 1220 implevit.
1128 1151 1282 1218 Quod
1307 1159 1486 1206 autem
1517 1151 1614 1217 ait,
1644 1167 1791 1204 acce-

190 1241 264 1310 pit
291 1241 601 1296 uestimenta
625 1259 753 1306 sua,
779 1242 881 1296 hoc
906 1252 1009 1307 est,
1040 1243 1182 1314 quod
1221 1241 1276 1297 in
1316 1243 1402 1297 die
1429 1243 1586 1297 tertia
1608 1243 1682 1297 de
1710 1256 1791 1297 se-

193 1332 376 1403 pulcro
401 1347 530 1387 cum
558 1331 750 1389 eodem
773 1347 1003 1402 corpore
1032 1348 1138 1402 quo
1165 1333 1501 1388 moriebatur
1524 1333 1577 1386 in
1604 1346 1786 1396 cruce,

194 1437 510 1494 resurgens,
536 1424 737 1490 iterum,
750 1425 978 1478 vestitus
998 1431 1053 1478 et
1073 1423 1396 1479 immortalis
1416 1423 1608 1488 factus.
1635 1422 1789 1490 Quod

195 1523 372 1570 autem
413 1515 729 1586 evangelica
771 1515 928 1571 lectio
973 1515 1124 1582 dicit,
1155 1513 1340 1571 Jesum
1387 1516 1582 1570 iterum
1627 1529 1780 1569 recu-

190 1604 370 1662 buisse
389 1647 405 1672 ,
434 1606 707 1677 signiﬁcat
742 1609 869 1677 quia
906 1607 1102 1662 iterum
1132 1608 1377 1664 ascendit
1406 1608 1460 1663 in
1485 1607 1682 1663 caelum
1721 1611 1788 1662 ad

192 1695 402 1769 Patrem
433 1711 596 1751 suum
629 1696 770 1754 unde
800 1697 1097 1763 descendit,
1123 1699 1318 1754 sedens
1343 1699 1396 1753 in
1419 1699 1640 1756 dextera
1666 1699 1784 1765 Dei,

188 1787 319 1844 etin
347 1787 641 1857 majestate
667 1795 908 1860 paternas
935 1787 1253 1855 divinitatis,
1275 1789 1419 1844 unde
1439 1790 1636 1845 iterum
1656 1805 1786 1846 ven-

1899 612 2061 658 tatem
2087 603 2332 667 colimus,
2365 603 2560 658 futura:
2592 605 3006 660 resurrectionis
3051 605 3286 674 speciem
3317 605 3369 660 in
3395 619 3482 660 re-

1893 695 2036 750 natis
2070 694 2183 763 jam
2223 695 2490 751 videmus.
2527 696 2641 752 Hoc
2679 699 2865 767 itaque
2894 698 3190 763 admoneo,
3241 696 3486 754 dilectis-

1893 785 2014 839 simi
2047 784 2266 850 fratres,
2318 794 2380 840 ut
2411 778 2622 855 quoties
2652 788 2921 856 paschalis
2963 788 3277 843 solemnitas
3304 792 3479 853 venit,

1893 877 2200 945 quicunque
2237 878 2362 940 viri,
2387 892 2722 948 quaecunque
2756 878 3014 935 mulieres
3043 880 3109 934 de
3137 894 3294 934 sacro
3329 878 3479 942 fonte

1893 966 2033 1022 ﬁlios
2062 968 2377 1038 spiritaliter
2407 979 2754 1040 exceperunt,
2786 980 3116 1041 cognoscant
3141 985 3198 1026 se
3217 986 3317 1041 pro
3344 972 3477 1042 ipsis

1892 1056 2237 1126 fideiussores
2266 1059 2408 1128 apud
2455 1059 2621 1114 Deum
2668 1061 2964 1125 exstitisse,
3002 1070 3058 1115 et
3092 1061 3214 1115 ideo
3259 1074 3477 1130 semper

1891 1146 1997 1202 illis
2022 1148 2438 1204 sollicitudinem
2461 1164 2601 1204 verm
2624 1149 2909 1204 charitatis
2937 1149 3267 1220 impendant,
3291 1148 3478 1203 admo-

1892 1248 2056 1296 neant
2091 1249 2146 1295 et
2183 1242 2485 1312 castigent,
2526 1253 2688 1312 atque
2723 1242 3040 1312 corripiant,
3067 1249 3129 1295 ut
3171 1241 3476 1297 castitatem

1890 1329 2220 1394 custodiant,
2251 1330 2620 1401 virginitatem
2657 1346 2829 1400 usque
2859 1332 2929 1385 ad
2971 1330 3186 1401 nuptias
3235 1339 3477 1395 servent,

1890 1433 1920 1472 a
1943 1418 2228 1488 maledicto
2250 1419 2335 1474 vel
2364 1435 2393 1474 a
2416 1419 2656 1491 peijurio
2679 1420 2915 1492 linguam
2943 1419 3237 1486 refrenent,
3266 1421 3478 1476 cantica

1891 1511 2067 1580 turpia
2104 1511 2187 1567 vel
2219 1512 2495 1568 luxuriosa
2528 1528 2596 1568 ex
2627 1528 2723 1568 ore
2754 1529 2862 1567 non
2897 1512 3207 1582 proferant,
3247 1529 3354 1568 non
3386 1527 3480 1569 su-

1889 1599 2175 1669 perbiant,
2225 1615 2333 1654 non
2366 1600 2675 1664 invideant,
2711 1601 3047 1656 iracundiam
3087 1601 3170 1655 vel
3208 1602 3391 1658 odium
3422 1603 3479 1657 in

1889 1690 2053 1747 corde
2072 1707 2180 1746 non
2206 1700 2457 1758 teneant,
2484 1694 2707 1764 auguria
2738 1684 2846 1748 non
2880 1694 3193 1760 observent,
3218 1693 3479 1772 philocte-

1887 1785 1969 1840 ria
2006 1792 2063 1840 et
2097 1785 2444 1841 characteres
2481 1786 2780 1842 diabolicae
2808 1801 2909 1842 nec
2945 1787 3047 1842 sibi
3087 1801 3196 1842 nec
3223 1787 3336 1841 suis
3375 1785 3481 1842 ali-

195 1886 342 1932 turus
384 1856 471 1931 est
494 1856 743 1946 judicare
771 1877 925 1933 vivos
947 1886 1002 1932 et
1042 1886 1304 1939 mortuos.
1336 1878 1418 1934 Ad
1463 1880 1567 1935 hoc
1593 1889 1783 1935 ventu-
1812 1856 1860 1915 Β
1887 1875 2104 1945 quando
2151 1877 2512 1945 suspendant,
2551 1885 2972 1947 prmcantatores
3013 1875 3159 1932 velut
3197 1875 3477 1933 ministros

188 1983 303 2022 rum
319 1965 616 2036 judicium,
643 1969 818 2038 ipsum
847 1969 1016 2023 Deum
1038 1983 1160 2023 cum
1190 1970 1402 2024 cancris
1423 1969 1514 2040 qui
1536 1968 1783 2039 iudicant

191 2059 371 2114 orbem
413 2066 576 2113 terrae
614 2058 667 2112 in
705 2059 995 2128 mquitate,
1035 2059 1222 2114 mitem
1264 2069 1320 2114 et
1360 2060 1508 2131 pium
1540 2061 1784 2115 invenire

190 2149 538 2216 mereamini,
570 2157 628 2205 ut
669 2165 794 2205 cum
833 2165 899 2206 eo
933 2164 1159 2222 regnare
1192 2152 1245 2206 in
1278 2160 1482 2207 mterna
1522 2151 1783 2206 felicitate

189 2243 403 2312 possitis
432 2243 488 2300 in
518 2242 716 2299 saacula
741 2243 1082 2298 saeculorum.
1112 2245 1311 2299 Amen.

753 2333 1038 2392 nouum
1071 2333 1215 2406 va

563 2442 616 2482 IN
653 2443 892 2483 SABBATO
920 2443 1125 2484 SANCTO
1155 2444 1391 2486 PASC“.

636 2518 862 2592 (Evang.
888 2518 1082 2578 Matth.
1111 2521 1330 2593 xxvnl.)

254 2607 416 2676 Ecce,
449 2605 652 2664 fratres
685 2610 1022 2676 charissimi,
1069 2611 1160 2667 diu
1205 2612 1516 2668 desiderata
1561 2613 1781 2669 advenit

186 2698 521 2766 solemuitas,
555 2699 609 2753 in
654 2714 758 2769 qua
813 2699 1063 2756 Salvator
1085 2702 1507 2775 nosteralligato
1535 2705 1780 2776 principe

187 2790 555 2854 tenebrarum,
597 2799 653 2846 et
693 2790 987 2848 confractis
1030 2794 1206 2863 portis
1235 2795 1446 2859 mortis,
1488 2796 1779 2865 ablataque

184 2881 361 2950 prada
393 2891 711 2938 sanctarum
731 2884 1058 2950 animarum,
1086 2884 1154 2939 de
1179 2884 1390 2940 inferno
1415 2885 1774 2956 triumphans,

187 2972 487 3027 resurrexit
535 2973 590 3027 in
642 2972 833 3044 gloria.
879 2973 939 3028 In
980 2975 1085 3030 hac
1123 2975 1343 3046 quidem
1381 2984 1576 3042 nocte,
1637 2976 1778 3031 sicut

187 3061 341 3116 modo
381 3076 447 3117 ex
483 3063 805 3135 Evangelica
827 3064 1060 3120 lectione
1078 3065 1416 3132 audivimus,
1459 3066 1777 3138 resurgente

189 3153 546 3226 Redemptore
587 3165 803 3224 nostro,
833 3167 1161 3213 terminatus
1197 3156 1368 3228 foetus
1397 3167 1470 3214 est
1504 3176 1723 3231 magnus
1753 3173 1771 3212 :

185 3245 396 3316 angelus
426 3238 606 3301 autem
634 3246 848 3303 Domini
882 3247 1149 3303 descendit
1173 3248 1237 3302 de
1264 3249 1413 3317 caelo,
1444 3259 1492 3304 et
1522 3251 1773 3305 accedens

190 3336 390 3398 resoluit
424 3335 657 3407 lapidem
677 3338 744 3392 ab
766 3339 898 3393 ostio
922 3341 1265 3406 monumenti,
1290 3340 1602 3413 sedebatque
1620 3357 1779 3413 super

185 3443 321 3493 wm,
353 3444 519 3498 quem
552 3427 724 3484 Judaei
752 3431 820 3486 ob
845 3429 1127 3500 perﬁdiam
1151 3431 1443 3486 maximam
1470 3432 1776 3502 appositum

189 3516 558 3589 signaverunt,
587 3526 642 3574 et
672 3520 984 3575 munierunt
1012 3521 1322 3591 sepulcrum
1371 3537 1498 3577 cum
1536 3523 1779 3579 custodi-

191 3605 303 3662 bus.
329 3609 585 3678 Aspectus
606 3619 789 3664 autem
818 3609 992 3681 angeli
1015 3620 1127 3672 erat
1150 3612 1283 3666 sicut
1315 3611 1518 3682 fulgur,
1554 3621 1604 3674 et
1623 3612 1777 3668 vesti-

190 3709 357 3754 menta
380 3701 518 3754 sicut
549 3701 659 3756 nix.
687 3697 811 3756 Prre
834 3702 1019 3756 timore
1051 3711 1224 3758 autem
1259 3703 1375 3774 ejus
1401 3704 1636 3758 exterriti
1657 3713 1778 3759 sunt

190 3791 442 3857 custodes,
484 3800 532 3845 et
571 3791 702 3861 facti
742 3801 863 3848 sunt
897 3791 1034 3848 velut
1067 3794 1279 3848 mortui.
1311 3794 1626 3852 Mulieribus
1645 3811 1781 3865 quo-

190 3893 312 3950 que,
361 3897 505 3964 quae.
533 3881 833 3940 Salvatoris
866 3899 1053 3940 amore
1089 3901 1354 3953 accensae,
1384 3886 1452 3944 ad
1474 3888 1777 3958 sepulcrum

189 3983 470 4040 venerunt,
494 3973 639 4030 idem
659 3976 884 4047 angelus
914 3977 1051 4033 dixit
1075 3996 1088 4034 :
1120 3977 1300 4034 Nolite
1324 3980 1507 4034 timere
1536 3997 1642 4046 vos,
1671 3984 1780 4034 scio

191 4063 320 4121 enim
361 4066 504 4136 quod
544 4065 730 4121 Iesum
771 4069 861 4140 qui
901 4071 1187 4140 cruciﬁxus
1231 4081 1305 4127 est
1354 4073 1593 4144 quwritis
1627 4090 1646 4129 :
1675 4091 1780 4129 non

190 4162 262 4208 est
283 4154 384 4221 hic,
415 4157 649 4212 surrexit
678 4159 814 4212 sicut
841 4159 976 4213 dixit
992 4176 1013 4226 ;
1040 4162 1207 4216 uenite
1229 4172 1277 4216 et
1305 4163 1471 4218 videte
1492 4163 1663 4219 locum
1690 4165 1780 4218 ubi

192 4245 381 4312 positus
399 4255 513 4300 erat
541 4245 800 4305 Dominus
834 4261 854 4300 .'
880 4257 928 4302 et
958 4249 1059 4302 cito
1086 4259 1266 4305 euntes
1296 4250 1481 4306 discite
1505 4253 1778 4324 discipulis

193 4336 301 4407 ejus
332 4340 456 4410 quia
494 4340 746 4407 surrexit,
777 4350 825 4396 et
848 4352 965 4396 ecce
991 4343 1246 4414 prlecedet
1269 4361 1358 4400 eos
1379 4345 1434 4400 in
1458 4342 1734 4402 Galilaeam
1757 4364 1778 4413 ,°

195 4432 279 4486 ubi
308 4448 426 4487 eum
453 4433 707 4497 videbitis,
744 4448 861 4488 ecce
897 4433 1122 4504 praadixi
1151 4433 1309 4489 vobis.
1359 4433 1523 4490 Nobis
1548 4436 1693 4491 enim
1725 4445 1781 4493 et

196 4535 290 4590 pro
315 4524 471 4579 nobis
500 4522 750 4580 Christus
777 4524 1039 4591 nascitur,
1062 4526 1284 4597 patitur,
1319 4528 1572 4598 resurgit,
1603 4535 1661 4583 ut
1682 4544 1781 4586 nos

199 4610 250 4668 in
293 4613 400 4667 vita
441 4628 541 4683 per
587 4614 762 4684 ipsum
813 4630 1165 4672 renascamur
1205 4633 1223 4672 :
1271 4615 1452 4671 omnia
1503 4617 1649 4673 enim
1677 4633 1778 4689 per

199 4703 366 4775 ipsum
409 4705 464 4760 in
502 4705 608 4760 hac
653 4715 812 4763 nocte
836 4715 1141 4763 restaurata
1190 4716 1336 4765 sunt.
1368 4709 1427 4763 ln
1453 4709 1557 4765 hac
1580 4710 1778 4781 quippe

201 4807 371 4864 nocte,
404 4798 559 4869 quasi
594 4799 857 4868 primitiae
883 4798 1290 4866 dormientium,
1322 4798 1570 4856 Christus
1597 4815 1778 4869 resur-

203 4890 360 4956 rexit;
402 4892 458 4946 in
497 4891 603 4946 hac
627 4899 786 4958 nocte
818 4891 1109 4962 captivitas
1135 4900 1322 4948 nostra
1352 4891 1602 4960 solvitur,
1627 4894 1739 4949 vita
1758 4934 1775 4961 ,

205 4981 254 5037 in
287 4981 455 5038 Adam
479 4985 697 5048 amissa,
729 4991 1098 5051 restauratur;
1125 4985 1180 5040 in
1205 4986 1308 5040 hac
1330 4993 1488 5042 mete
1505 4985 1780 5055 protopla-

207 5082 313 5131 stus
350 5076 606 5146 antiquus
639 5077 957 5150 peregrinus
980 5079 1139 5135 rediit
1163 5080 1231 5134 ad
1257 5079 1495 5151 paradisi
1523 5081 1778 5151 patriam,

208 5164 412 5224 Christo
452 5170 712 5226 cherubin
744 5179 993 5226 movente
1027 5188 1042 5226 :
1081 5169 1154 5225 ab
1180 5171 1283 5228 hac
1323 5171 1467 5226 enim
1500 5180 1660 5228 nocte
1683 5170 1786 5226 Do-

210 5260 410 5317 minicae
447 5263 862 5320 resurrectionis
882 5264 1165 5335 paradisus
1211 5273 1379 5334 patet,
1405 5265 1536 5320 nulli
1580 5265 1784 5321 claudi-

212 5359 317 5417 tur;
335 5353 441 5408 nisi
470 5369 499 5407 a
526 5355 735 5424 seipse;
767 5355 900 5409 nulli
939 5356 1202 5425 aperitur,
1234 5358 1339 5412 nisi
1375 5373 1406 5413 a
1431 5356 1671 5415 Christo.
1699 5358 1784 5415 Ad

213 5440 308 5499 hoc
348 5445 492 5498 enim
530 5444 698 5500 hodie
738 5445 996 5502 Dominus
1042 5449 1362 5515 resurrexit,
1386 5459 1450 5505 ut
1488 5451 1780 5523 imaginem

213 5532 358 5589 nobis
379 5533 574 5591 futurae
601 5537 1015 5594 resurrectionis
1037 5540 1378 5606 ostenderet;
1401 5551 1458 5596 et
1479 5542 1600 5598 ideo
1622 5543 1782 5599 hodie

213 5622 353 5680 Vitali
397 5624 617 5681 lavacro
652 5641 939 5697 resurgens
967 5627 1060 5684 Dei
1089 5630 1342 5701 populus,
1373 5631 1441 5687 ad
1482 5633 1656 5688 instar
1695 5647 1784 5689 re-

215 5715 589 5780 surrectionis,
655 5715 951 5774 Ecclesium
1010 5731 1251 5775 nostram
1308 5722 1782 5794 splendoremivei

217 5806 452 5864 candoris
496 5809 782 5865 illuminat.
815 5809 1030 5869 Gratias
1061 5810 1171 5871 Deo
1207 5821 1396 5870 nostro
1429 5830 1593 5887 agere
1625 5814 1786 5871 debe-

1883 1965 2083 2021 diaboli
2120 1965 2353 2036 fugiant,
2390 1965 2551 2021 ﬁdem
2585 1966 2909 2022 catholicam
2937 1976 3178 2032 teneant,
3202 1967 3268 2021 ad
3295 1967 3470 2023 eccle-

1882 2061 2018 2116 siam
2059 2059 2404 2131 frequentius
2436 2070 2690 2127 currant,
2740 2069 3051 2130 contempta
3091 2060 3422 2118 verbositate
3447 2100 3464 2127 ,

1881 2151 2144 2207 lectiones
2188 2151 2398 2207 divinas
2449 2152 2708 2207 attentius
2749 2150 2974 2205 auribus
3023 2150 3275 2217 audiant,
3313 2166 3470 2222 pere-

1880 2243 2066 2316 grinos
2112 2243 2416 2314 excipiant,
2461 2251 2516 2298 et
2556 2243 2851 2299 secundum
2893 2242 3038 2314 quod
3072 2243 3127 2297 in
3169 2241 3472 2314 Scripturis

1879 2335 2235 2390 constitutum
2275 2343 2376 2397 est,
2423 2333 2698 2402 hospitum
2736 2333 2904 2404 pedes
2937 2333 3148 2399 lavent,
3184 2348 3372 2404 pacem
3412 2341 3471 2389 et

1879 2426 1983 2496 ipsi
2040 2433 2282 2489 teneant,
2328 2433 2383 2480 et
2405 2423 2687 2480 discordes
2718 2425 2786 2478 ad
2815 2425 3173 2480 concordiam
3217 2439 3478 2483 revocare

1879 2516 2211 2571 contendant
2247 2514 2619 2572 sacerdotibus
2665 2522 2720 2572 et
2761 2516 3076 2585 parentibus
3105 2515 3368 2572 honorem
3417 2525 3474 2572 et

1878 2621 2122 2661 amorem
2160 2622 2304 2662 verae
2335 2605 2622 2661 charitatis
2650 2607 2966 2675 impendant
3002 2623 3015 2659 :
3051 2606 3170 2661 hzec
3195 2621 3326 2684 ergo
3359 2620 3477 2661 om-

1878 2699 1988 2762 nia,
2041 2704 2097 2752 et
2140 2697 2223 2752 his
2270 2697 2501 2762 similia,
2541 2697 2680 2752 ﬁlios
2705 2704 2759 2752 et
2788 2696 2930 2752 ﬁlias
2956 2704 3164 2752 vestras
3185 2697 3480 2753 admonere

1878 2792 2170 2854 condecet,
2219 2799 2279 2844 ut
2324 2805 2449 2845 cum
2491 2789 2623 2860 ipsis
2671 2789 2738 2843 ad
2776 2798 3040 2844 mternam
3085 2777 3478 2845 beatitudinem

1878 2879 2109 2936 feliciter
2141 2880 2390 2934 veniatis.
2405 2877 2585 2942 Nemo
2609 2894 2666 2934 se
2690 2877 3104 2944 circnmveniat,
3127 2877 3323 2933 fratres
3342 2879 3474 2934 cha-

1879 2972 2102 3036 rissimi,
2120 2971 2297 3026 nullus
2318 2972 2481 3026 homo
2509 2970 2610 3026 sibi
2637 2970 2974 3026 solummodo
2999 2970 3164 3035 vivat,
3190 2970 3310 3035 sed,
3329 2970 3475 3026 sicut

1875 3061 2190 3132 frequenter
2211 3061 2471 3132 suggessi,
2495 3068 2942 3131 quantoscunque
2956 3059 3152 3130 aliquis
3169 3076 3266 3130 per
3285 3074 3472 3116 exem-

1876 3155 2024 3226 plum
2064 3162 2268 3209 sancta:
2313 3154 2435 3208 vitre
2483 3151 2867 3216 aediﬁcaverit,
2915 3167 3038 3207 cum
3083 3152 3251 3208 tantis
3275 3160 3330 3207 et
3367 3167 3471 3223 pro

1887 3244 2054 3299 tantis
2108 3243 2410 3298 mercedem
2459 3243 2630 3298 beata:
2665 3242 3039 3300 retributionis
3088 3243 3351 3313 accipiet;
3421 3250 3480 3298 et

1883 3336 2317 3407 quantiscunque
2395 3334 2704 3406 exemplum
2775 3335 2931 3391 malae
3007 3335 3476 3402 conversationis,

1882 3427 2100 3484 etiamsi
2142 3427 2219 3482 illi
2253 3441 2359 3481 non
2386 3440 2512 3480 eum
2540 3434 2861 3498 sequantur,
2885 3426 3202 3495 prmbuerit,
3232 3441 3331 3496 pro
3358 3434 3481 3480 tan-

1881 3519 1952 3575 tis
1980 3534 2040 3575 se
2071 3518 2339 3572 rationem
2363 3519 2574 3573 noverit
2599 3517 2956 3584 redditurum,
2978 3518 3104 3588 quia
3133 3518 3476 3574 occasionem

1880 3606 1960 3667 eis
1991 3613 2138 3668 dedit
2182 3613 2374 3668 mortis
2421 3621 2478 3670 et
2521 3627 2740 3669 causam
2773 3614 2988 3685 paravit
3030 3611 3372 3682 perditionis.
3408 3611 3481 3668 Et

1882 3704 2006 3759 ideo
2043 3705 2186 3760 sicut
2216 3704 2332 3772 jam
2371 3720 2533 3776 supra
2583 3704 2860 3777 suggessi,
2911 3704 3195 3775 neophytis
3244 3703 3474 3771 nostris,

1880 3794 2173 3850 auxiliante
2204 3796 2455 3862 Domino,
2494 3794 2797 3865 exemplum
2830 3793 2984 3848 home
3010 3792 3462 3859 conversationis,

1880 3895 2144 3958 quantum
2175 3902 2484 3957 possumus,
2513 3886 2773 3942 debemus
2804 3884 3114 3950 ostendere,
3146 3891 3208 3938 ut
3235 3898 3340 3939 non
3369 3898 3474 3955 pro

1881 3978 2094 4032 illorum
2124 3977 2743 4046 destructionepmnam
2789 3975 3053 4045 recipere,
3085 3974 3179 4030 sed
3215 3989 3314 4044 pro
3349 3974 3482 4030 aedi-

1883 4069 2137 4125 ﬁcatione
2184 4069 2254 4124 ad
2303 4069 2697 4141 indulgentiam
2730 4066 3069 4124 delictorum
3125 4077 3480 4132 nostrorum,

1882 4161 2113 4217 Domino
2140 4169 2484 4231 praestante,
2509 4173 2816 4214 mereamur
2843 4157 3156 4231 pervenire,
3193 4165 3251 4214 et
3281 4155 3483 4229 gaudia

1881 4261 2085 4308 aeterna
2108 4250 2407 4323 possidere.
2435 4248 2629 4305 Amen.

2442 4361 2726 4420 HOMILIA
2764 4360 2928 4418 XVII.

2303 4472 2358 4513 IN
2395 4471 2483 4511 ωε
2518 4469 2772 4511 θοκικιολ
2807 4467 3045 4511 νΑεειιε.

1807 4569 1862 4630 D
1922 4570 1924 4572 ν
1953 4549 2166 4605 Pascha
2195 4555 2462 4614 nostrum,
2496 4543 3092 4618 diiectissimi,Christi
3119 4554 3201 4604 est
3227 4562 3478 4606 resum~

1884 4643 1993 4698 ctio
2033 4660 2047 4698 :
2082 4639 2291 4697 Pascha
2314 4639 2512 4712 quippe
2546 4640 2801 4695 transitus
2830 4641 3242 4711 interpretatur,
3291 4641 3481 4701 videli-

1884 4739 1973 4788 cet
2005 4732 2073 4787 de
2096 4739 2273 4787 morte
2312 4729 2380 4785 ad
2408 4731 2599 4796 vitam,
2634 4729 2702 4786 de
2730 4731 2984 4801 passione
3023 4729 3089 4785 ad
3125 4731 3374 4803 gloriam,
3412 4734 3482 4790 de

1884 4820 2098 4878 inferno
2136 4821 2204 4877 ad
2245 4821 2579 4892 paradisum.
2628 4820 2686 4876 In
2714 4836 2780 4878 eo
2815 4823 3016 4896 quippe
3042 4825 3188 4896 quod
3224 4824 3484 4882 Christus

1886 4920 2138 4968 mortuus
2180 4919 2286 4977 est,
2332 4910 2481 4967 mors
2523 4918 2707 4966 nostra
2743 4911 3019 4968 destructa
3068 4923 3182 4982 est;
3237 4922 3294 4971 et
3332 4915 3483 4986 quod

1886 5000 2002 5073 ipse
2028 5001 2351 5066 resurrexit,
2383 5001 2539 5056 nobis
2562 5002 2886 5072 resurgendi
2913 5003 3228 5061 facultatem
3259 5004 3478 5072 tribuit,

1885 5107 2093 5163 nosque
2120 5092 2354 5147 transite
2395 5091 2523 5147 fecit
2546 5092 2613 5147 de
2641 5091 2956 5150 inﬁdelitate
2982 5095 3051 5149 ad
3092 5095 3253 5151 ﬁdem
3283 5095 3480 5152 catho-

1883 5183 2069 5248 licam,
2097 5183 2164 5239 de
2191 5181 2493 5238 idololatria
2519 5181 2588 5237 ad
2601 5183 2762 5240 unius
2784 5184 2880 5239 Dei
2903 5184 3129 5251 cultura,
3156 5187 3223 5242 de
3253 5196 3483 5257 peccato

1885 5270 1956 5326 ad
1968 5270 2257 5343 justitiam,
2285 5273 2351 5326 de
2375 5284 2564 5325 errore
2591 5270 2659 5325 ad
2687 5271 2997 5337 veritatem,
3021 5272 3089 5329 de
3110 5274 3378 5330 discordia
3406 5276 3480 5331 ad

1884 5377 2098 5434 pacem,
2126 5361 2195 5417 de
2217 5361 2394 5417 servis
2418 5359 2700 5416 inutilibus
2718 5369 2776 5417 et
2797 5361 2996 5419 diaboli
3025 5363 3252 5420 servitio
3275 5365 3480 5421 mansio

1883 5454 2026 5526 patis
2050 5453 2103 5508 in
2127 5468 2413 5510 numerum
2439 5450 2672 5507 ﬁliorum
2694 5451 2811 5518 Del,
2829 5452 2897 5510 de
2917 5452 3110 5511 exsilio
3134 5454 3201 5510 ad
3218 5455 3475 5527 patriam,

1886 5546 1953 5601 de
1987 5559 2152 5616 paena
2187 5543 2255 5599 ad
2282 5559 2564 5600 coronam.
2596 5542 2664 5598 Et
2688 5541 2833 5611 ideo,
2866 5545 3226 5610 dilectissimi,
3271 5544 3474 5615 pascha

1885 5632 2087 5688 Christi
2125 5648 2350 5705 regnum
2386 5641 2471 5690 est
2515 5631 2658 5698 C(Bli,
2702 5633 2852 5689 salus
2881 5635 3090 5700 mundi,
3132 5648 3357 5690 occasus
3389 5633 3477 5688 lno

1886 5723 2048 5790 ferai,
2075 5725 2247 5797 gloria
2276 5740 2656 5798 supernorum,
2684 5727 2795 5782 vita
2827 5728 3186 5793 credentium,
3234 5740 3476 5783 resume-

1887 5817 2000 5873 ctio
2047 5828 2408 5884 mortuorum,
2443 5816 2813 5875 testimonium
2848 5819 3216 5876 miserationis
3254 5818 3469 5878 divinat.
