3922 6340
511 333 580 388 55
1147 329 1208 383 Β.
1252 325 1501 383 RABANI
1537 321 1756 382 Μέιιῖῖὶῐ
1797 325 2116 381 ARCllll-ZP.
2162 323 2467 382 .‘ilOGlJNT.
2502 325 2784 384 OPERUM
2821 326 2997 383 PARS
3039 327 3098 381 ll.
3708 331 3783 387 '56

505 448 739 519 pretium
761 444 1152 516 redemptionis
1176 445 1447 509 humanae,
1471 441 1728 498 contritio
1753 444 1944 497 mortis
1969 442 2094 496 abo—
2121 448 2170 507 Α

507 539 605 593 lita
634 546 716 592 est
741 535 890 609 [Dele
915 534 1114 590 abolita
1136 533 1265 607 est].
1291 534 1420 601 Qttae
1448 532 1737 598 festivitas,
1759 533 1856 588 Dei
1877 542 2092 588 sacrata

509 627 789 699 mysterio,
821 625 1076 679 virtutem
1104 624 1399 678 Dominieaa
1429 623 1844 678 resurrectionis
1868 639 1967 694 per
1990 638 2089 678 an-

506 719 659 790 gelos
682 717 907 780 indicat,
929 729 1028 786 per
1052 715 1280 785 populos
1319 712 1644 777 manifestat,
1678 728 1772 782 per
1792 714 1954 768 corda
1979 728 2093 769 cre-

505 812 746 866 dentium
792 811 931 864 bona
968 808 1309 879 multiplicat.
1362 808 1460 863 llic
1509 815 1591 862 est
1635 808 1800 878 igitur
1842 808 1958 864 dies
2004 807 2094 862 ille

509 903 575 956 de
622 916 728 970 quo
778 898 1064 953 Psalmista
1109 898 1236 952 olim
1289 899 1639 969 praeeinebat,
1680 899 1866 954 dicens
1911 916 1924 952 :
1961 897 2090 952 lla'c

505 993 616 1044 dies
663 1007 820 1060 quam
859 990 979 1059 [erit
1019 988 1303 1054 Dominus,
1335 987 1653 1043 exsultemus
1682 998 1729 1042 et
1760 988 1998 1043 lcetemnr
2035 989 2092 1042 in

502 1097 562 1134 ea
589 1077 760 1151 (Psal.
789 1077 978 1148 cxvii).
1009 1077 1220 1133 Celsior
1259 1079 1487 1143 cunctis,
1524 1079 1751 1133 lucidior
1782 1078 2050 1132 universis
2073 1118 2088 1142 ,

506 1173 687 1240 inqua
713 1169 972 1224 Dominus
1015 1171 1314 1224 resurrexit
1349 1187 1361 1222 :
1395 1169 1446 1222 in
1480 1185 1585 1238 qua
1615 1183 1807 1224 novam
1837 1169 1940 1223 sibi
1983 1168 2094 1239 ple-

509 1262 650 1323 l:em,
693 1268 752 1312 ut
780 1257 851 1312 ibi
884 1258 1096 1324 videtis,
1146 1258 1584 1329 regenerationis
1599 1259 1790 1327 spiritu
1817 1259 2092 1328 conquisi-

507 1353 611 1416 vit;
640 1353 693 1406 in
721 1368 825 1422 qua
851 1353 1184 1422 singulorum
1210 1363 1416 1408 mentes
1443 1353 1638 1423 gaudio
1659 1362 1715 1407 et
1732 1352 2095 1407 exsultatione

505 1440 761 1510 perfudit.
792 1438 890 1495 llic
927 1455 1057 1510 ergo
1090 1443 1205 1496 dies
1231 1441 1651 1495 resurrectionis
1672 1440 1875 1495 Christi
1902 1439 2095 1495 defun-

516 1532 618 1584 ctis
639 1530 770 1595 vita,
795 1530 1169 1600 peccatoribus
1198 1530 1377 1596 venia,
1401 1531 1603 1584 sanctis
1624 1539 1706 1584 est
1731 1530 1920 1600 gloria.
1951 1528 2098 1596 Quo-

517 1621 672 1676 modo
713 1637 841 1692 ergo
872 1622 1040 1675 Maria
1070 1623 1237 1692 virgo,
1276 1630 1448 1676 mater
1481 1623 1715 1687 Domini,
1746 1623 1888 1678 inter
1907 1637 2096 1678 omnes

510 1711 764 1766 mulieres
792 1712 1157 1782 principatum
1183 1720 1354 1777 tenet,
1379 1712 1452 1765 ita
1479 1723 1536 1766 et
1559 1712 1612 1766 in
1641 1714 1802 1768 terris
1823 1714 1941 1768 dies
1975 1714 2090 1768 haec
2120 1761 2164 1820 Β

506 1803 748 1856 omnium
771 1804 981 1857 dierum
999 1813 1159 1874 caput
1175 1814 1259 1858 est
1275 1823 1288 1858 :
1309 1814 1363 1859 et
1377 1805 1514 1860 sicut
1529 1805 1727 1861 Sancta
1753 1815 2085 1871 sanctorum,

506 1894 594 1948 vel
619 1893 840 1949 Cantica
876 1896 1211 1950 canticorum
1241 1896 1309 1950 in.
1337 1896 1632 1968 Scriptutis
1660 1897 1907 1968 legimus,
1938 1899 2013 1952 ita
2034 1906 2090 1952 et

507 1986 647 2041 hanc
694 1986 1092 2042 solemnitatem
1139 1987 1541 2042 solemnitatum
1581 1989 1777 2043 merito
1835 1989 2084 2044 dicimus.

506 2074 719 2146 lgneam
753 2077 896 2131 illam
934 2079 1297 2149 rhomphazam
1322 2087 1378 2134 et
1397 2080 1629 2150 paradisi
1646 2081 1892 2150 januam,
1926 2095 2090 2151 quam

508 2170 687 2223 nullus
713 2171 885 2239 potuit
913 2169 1221 2242 effringere,
1263 2172 1421 2225 modo
1451 2171 1700 2229 Christus
1729 2185 1851 2226 cum
1881 2171 2091 2226 latrone

507 2262 770 2316 reseravit
793 2279 806 2314 :
829 2270 985 2331 porta
1014 2263 1272 2332 paradisi,
1301 2278 1420 2332 qute
1457 2263 1584 2321 nulli
1628 2273 1758 2319 ante
1781 2263 2089 2334 passionem

508 2345 723 2406 Domini
763 2363 950 2422 aperta
982 2361 1067 2407 est
1089 2394 1104 2418 ,
1137 2367 1204 2407 ex
1240 2367 1305 2407 eo
1348 2361 1588 2423 tempore
1616 2368 1724 2422 quo
1764 2368 1957 2424 passus
2008 2364 2093 2409 est

509 2442 767 2497 Dominus
788 2457 959 2511 usque
988 2443 1054 2497 ad
1077 2453 1396 2514 praesentem
1421 2444 1562 2498 diem
1578 2452 1634 2498 et
1653 2443 1836 2501 clausa
1859 2453 1915 2500 et
1941 2460 2091 2501 rese-

513 2542 626 2587 rata
653 2539 767 2613 est;
795 2533 976 2588 clausa
1007 2542 1091 2589 est
1125 2534 1503 2604 peccatoribus
1527 2545 1586 2590 et
1611 2535 1924 2602 incredulis,
1953 2551 2096 2592 rese-

513 2635 627 2680 rata
656 2633 738 2679 est
774 2625 937 2696 justis
977 2635 1029 2681 et
1067 2626 1408 2682 credentibus
1451 2645 1463 2680 :
1496 2642 1594 2698 per
1631 2629 1772 2684 hanc
1817 2629 2095 2700 ingressus

509 2723 593 2769 est
632 2714 848 2779 Petrus,
880 2729 978 2786 per
1009 2715 1148 2769 hanc
1180 2716 1454 2787 ingressus
1475 2724 1559 2770 est
1582 2715 1801 2782 Paulus,
1827 2732 1925 2787 per
1954 2718 2096 2772 hanc

513 2818 704 2859 omnes
720 2805 889 2858 sancti
910 2813 1174 2874 martyres
1192 2804 1549 2868 intraverunt,
1572 2819 1669 2875 per
1689 2805 1829 2864 hanc
1854 2805 2096 2876 quotidie

511 2894 578 2950 de
618 2904 728 2949 toto
763 2895 966 2950 mundo
1000 2896 1266 2966 justorum
1294 2896 1488 2950 animae
1534 2896 1928 2966 ingrediuntur.
1968 2896 2095 2953 Dute

508 2984 653 3039 enim
680 2993 846 3053 porta:
871 2993 1015 3047 sunt,
1045 2992 1198 3054 porta
1232 2985 1488 3053 paradisi,
1529 2993 1586 3040 et
1611 2995 1765 3055 porta
1797 2987 2092 3042 Ecclesiae:

511 3091 625 3144 per.
658 3086 868 3145 portam
914 3075 1171 3131 Ecclesia:
1218 3076 1536 3131 intravimus
1573 3077 1858 3150 primitus,
1903 3076 1957 3131 id
1989 3086 2068 3132 est

515 3181 610 3235 per
639 3165 797 3219 tidem
845 3177 900 3219 et
939 3165 1266 3234 baptismum
1287 3206 1302 3230 ,
1331 3166 1458 3234 quia
1490 3165 1731 3235 quidem,
1776 3169 1823 3222 si
1865 3165 2096 3222 fideliter

514 3255 951 3323 permanebimus
1002 3256 1140 3310 bene
1184 3264 1507 3325 operantes,
1552 3265 1676 3326 post
1713 3256 1920 3314 exitum
1974 3258 2096 3313 vitae

515 3358 726 3417 portam
751 3349 1073 3404 intrabimus
1095 3350 1352 3420 paradisi.
1385 3352 1623 3406 Ecclesia
1647 3367 1864 3422 quoque
1909 3362 2095 3408 sancta

516 3439 634 3492 sine
677 3437 838 3494 dubio
873 3440 1063 3494 domus
1108 3439 1201 3493 Dei
1226 3449 1326 3506 est,
1352 3448 1407 3494 et
1432 3441 1506 3494 ita
1531 3440 1790 3498 debemus
1816 3443 2000 3498 vivere
2028 3459 2096 3499 ne

523 3530 805 3599 ejiciamur
826 3531 892 3585 de
919 3531 1077 3586 domo
1104 3530 1216 3596 illa,
1256 3540 1310 3586 et
1337 3531 1497 3600 ejecti
1540 3532 1688 3588 foras
1719 3549 1749 3587 a
1796 3534 2006 3599 bestiis,
2044 3534 2095 3588 id

519 3629 601 3674 est
647 3621 896 3689 malignis
940 3620 1238 3691 spiritibus,
1277 3622 1620 3689 devoremur,
1653 3624 1719 3679 de
1741 3623 1934 3693 quibus
1973 3639 2098 3694 pro-

517 3713 676 3784 pheta
699 3709 1010 3781 dicit(PsaI.
1039 3712 1247 3780 xxxv")
1276 3730 1288 3764 :
1323 3711 1404 3766 Ne
1424 3713 1624 3779 tradas,
1655 3712 1892 3778 Domine,
1924 3713 2096 3767 bestiis

521 3809 722 3860 animas
759 3807 1057 3873 conﬁtentes
1102 3807 1215 3859 tibi.
1260 3805 1488 3860 Assidue
1537 3822 1665 3876 ergo
1723 3822 2004 3861 versemur
2042 3807 2096 3860 in

522 3896 631 3961 illa,
673 3911 792 3964 qua:
821 3896 1059 3950 omnium
1098 3903 1342 3950 nostrum
1375 3906 1548 3952 mater
1581 3905 1681 3961 est,
1708 3897 1758 3952 id
1792 3906 1894 3962 est,
1920 3897 2097 3952 Eccle-

520 3987 622 4051 sia,
659 3995 924 4055 quatenus
962 3987 1031 4041 ad
1063 3987 1243 4041 Patris
1279 3988 1498 4053 attcrni,
1549 3988 1635 4042 cui
1672 4004 1778 4044 nos
1796 3989 1909 4058 ipsa
1959 3990 2098 4044 ﬁlios

520 4075 821 4145 adeptiouis
849 4075 1050 4145 genuit,
1080 4091 1382 4130 mercamur
1407 4077 1687 4145 pervenire
1706 4092 1960 4148 regnum.
1991 4078 2094 4133 Ce-

521 4167 803 4222 lcbremus.
828 4168 968 4220 hanc
1003 4169 1422 4221 sacratissimum
1445 4167 1836 4222 solemnitatem
1870 4168 1965 4233 ita,
1993 4170 2097 4224 sic-

522 4269 578 4328 ut
609 4258 878 4329 apostolus
922 4257 1117 4310 Paulus
1145 4273 1242 4311 nos
1279 4257 1476 4319 docuit,
1506 4258 1688 4313 dicens
1719 4276 1731 4311 :
1762 4252 1884 4312 Non
1908 4260 1961 4311 in
1985 4261 2093 4328 {er-

521 4359 690 4401 mento
734 4349 908 4412 reteri,
951 4365 1109 4417 neque
1140 4348 1195 4400 in
1237 4348 1484 4413 fermento
1509 4348 1726 4403 malitia:
1762 4359 1809 4402 et
1854 4352 2095 4419 nequitiae
2151 4364 2153 4368 '

2738 443 3020 500 HOMlLlA
3056 445 3235 501 XVIII.

2266 568 2318 608 IN
2355 567 2582 610 OCTAVIS
2620 570 2866 621 PASCHE,
2918 572 3034 612 ειιέ
3072 574 3125 612 IN
3159 573 3402 616 CJETERIS
3438 577 3712 622 DOIHNICIS

2685 642 2872 682 DIEBUS
2910 642 3039 683 POST
3075 641 3271 684 PASCBA
3282 669 3296 684 ο

2263 734 2355 790 Isti
2387 745 2510 790 sunt
2527 737 2662 801 dies,
2688 736 2883 792 fratres
2905 729 3234 806 charissimi',
3263 756 3398 811 quos
3424 743 3494 799 ob
3520 745 3788 802 honorem

2194 825 2486 881 Dominica:
2520 829 2932 884 resurrectionis
2968 845 3067 898 per
3098 838 3270 886 totum
3301 835 3486 889 orbem
3513 845 3788 894 terrarum

2195 915 2459 970 catholica
2504 927 2796 972 veneratur
2842 918 3104 992 Ecclesia,
3136 915 3272 990 quia
3303 921 3554 980 Salvator
3597 935 3792 983 noster

2193 1013 2316 1074 post
2355 1009 2809 1062 resurrectionem
2857 1023 3031 1076 suam,
3083 1011 3223 1067 sicut
3259 1014 3449 1070 beatus
3494 1016 3668 1072 Lucas
3696 1027 3790 1073 te-

2196 1106 2372 1152 statur
2397 1098 2534 1170 (Act.
2563 1099 2627 1170 ι),
2649 1116 2741 1169 per
2768 1101 2877 1155 dies
2899 1102 3252 1174 quadraginta
3277 1108 3406 1160 suis
3428 1107 3698 1178 discipulis
3724 1111 3792 1163 in

2195 1187 2372 1241 multis
2403 1189 2723 1258 argumentis
2757 1193 3021 1259 apparuit,
3059 1201 3113 1246 et
3157 1196 3437 1251 veritatem
3468 1213 3578 1253 sua:
3603 1215 3792 1255 resur-

2197 1277 2452 1332 rectionis
2503 1279 2608 1333 illis
2660 1279 3056 1348 manifestavit;
3105 1294 3159 1338 ct
3189 1286 3308 1341 ideo
3344 1277 3654 1344 sanctorum
3687 1307 3793 1361 pa-

2196 1377 2340 1422 trum
2382 1370 2692 1436 traditione,
2719 1370 2978 1427 debemus
3003 1387 3192 1429 omnes
3243 1376 3358 1431 dies
3394 1379 3527 1432 istos
3559 1370 3793 1436 festivos

2197 1459 2418 1527 habere,
2457 1470 2510 1514 et
2541 1476 2662 1515 cum
2693 1463 2920 1532 Spiritali
2944 1465 3140 1533 gaudio
3169 1466 3395 1537 gloriam
3427 1455 3791 1527 resurrectio-

2197 1550 2281 1604 nis
2309 1548 2507 1606 Christi
2548 1551 2844 1632 celebrare,
2891 1570 3066 1625 neque
3086 1554 3416 1627 jejuniorum
3445 1560 3678 1632 rigorem
3727 1563 3791 1616 in

2198 1639 2302 1696 illis
2327 1625 2684 1717 tenereflicet
2704 1645 2967 1700 sobrietas
2985 1625 3406 1720 omnitempore
3429 1625 3656 1708 tenenda
3688 1655 3785 1707 sit.

2196 1731 2629 1803 Quadragesima:
2669 1750 2798 1805 ergo
2829 1743 3059 1806 tempus,
3099 1738 3240 1807 quod
3276 1748 3402 1794 ante
3431 1741 3633 1810 pascha
3657 1757 3790 1795 cum

2184 1821 2404 1893 jejuniis
2426 1831 2481 1876 ct
2513 1823 2802 1880 afﬂictione
2841 1829 3022 1881 carnis
3051 1836 3249 1882 nostrae
3287 1829 3592 1895 habuimus,
3642 1846 3791 1900 prae-

2191 1914 2361 1968 sentis
2381 1914 2562 1968 saeculi
2595 1922 2775 1986 typum
2799 1925 2961 1980 tenet,
2982 1917 3042 1970 in
3063 1933 3177 1986 quo
3191 1932 3285 1987 per
3308 1918 3790 1974 mortificationem

2189 2007 2430 2078 corporis
2456 2009 2623 2064 nostri
2658 2010 3002 2077 passionibus
3023 2009 3222 2065 Christi
3252 2012 3652 2066 communicare
3679 2012 3779 2067 de-

2189 2100 2412 2156 bemus:
2445 2101 2586 2156 istud
2612 2116 2739 2155 vero
2762 2111 2970 2172 tempus
2994 2102 3135 2172 quod
3156 2112 3276 2173 post
3296 2104 3495 2174 pascha
3523 2119 3696 2174 usque
3723 2104 3784 2159 in

2191 2198 2432 2245 sanctam
2463 2191 2816 2246 Pentecosten
2857 2194 3224 2257 observamus,
3271 2202 3490 2264 propter
3531 2208 3783 2250 resurre-

2190 2280 2424 2336 ctionem
2459 2278 2680 2346 Christi,
2721 2281 2911 2336 futura:
2939 2282 3062 2337 vita:
3111 2282 3399 2353 imaginem
3431 2282 3667 2354 praefert,
3720 2284 3783 2339 in

2192 2388 2297 2442 quo
2338 2372 2524 2427 laudes
2565 2373 2680 2428 Deo
2747 2389 2871 2427 cum
2922 2388 3112 2444 magna
3161 2372 3346 2428 laetitia
3387 2375 3786 2442 decantamus;

2192 2461 2416 2518 Alleluia
2442 2464 2607 2527 enim,
2638 2464 2780 2534 quod
2812 2464 2930 2519 istis
2954 2465 3142 2520 diebus
3171 2466 3224 2519 in
3251 2465 3499 2520 laudibus
3531 2466 3622 2521 Dei
3656 2482 3790 2521 san-

2195 2561 2279 2608 cta
2306 2543 2916 2623 frequentat'Ecclesia,
2965 2558 3234 2612 canticum
3262 2557 3487 2614 caeleste
3508 2569 3611 2624 est,
3641 2559 3792 2614 sicut

2193 2644 2428 2700 Joannes
2458 2645 2734 2715 apostolus
2764 2647 2816 2700 in
2857 2647 3176 2719 Apocalypsi
3215 2665 3308 2703 sua
3341 2657 3567 2704 testatur
3593 2647 3785 2721 (Apoc.

2195 2733 2334 2807 nx),
2377 2743 2432 2790 et
2478 2734 2672 2789 futura:
2719 2735 2844 2790 vita:
2895 2735 3118 2806 gloriam
3181 2739 3339 2812 nobis
3382 2746 3788 2808 praemonstrat,

2197 2825 2411 2895 quando
2433 2826 2498 2880 ad
2519 2825 2826 2896 exemplum
2863 2824 3240 2897 Redemptoris
3275 2829 3464 2892 nostri,
3495 2843 3524 2882 a
3553 2828 3791 2883 mortuis

2197 2927 2539 2987 resurgentes
2562 2918 2615 2971 in
2644 2926 2849 2972 aeterna
2872 2919 3203 2974 beatitudine
3225 2929 3346 2974 eum
3379 2921 3588 2988 sanctis
3617 2937 3793 2993 ange-

2197 3009 2263 3064 lis
2283 3010 2400 3064 sine
2427 3010 2732 3072 cessatione
2751 3009 2936 3065 laudes
2964 3013 3190 3067 creatori
3215 3020 3399 3091 nostro
3425 3014 3478 3068 in
3517 3020 3787 3068 aeternum

2078 3117 2092 3179 τ
2123 3118 2166 3181 C
2197 3101 2556 3157 cantabimus.
2587 3100 2692 3156 Sed
2718 3102 2844 3170 quia
2868 3103 3127 3171 paschale
3145 3115 3351 3174 tempus
3375 3106 3552 3170 modo,
3582 3105 3791 3162 fratnes

2178 3191 2532 3254 ,charissimi,
2580 3190 2938 3257 celebramus,
2986 3193 3062 3246 sic
3093 3193 3423 3273 exsultemus
3468 3193 3520 3247 in
3565 3209 3659 3263 spe
3725 3201 3793 3248 ut

2195 3271 2574 3352 perveniamus
2621 3284 2689 3338 ad
2735 3299 2849 3339 rem
2901 3301 2915 3338 :
2964 3291 3025 3338 ut
3048 3285 3190 3354 quod
3234 3285 3347 3355 jam
3390 3271 3678 3354 praecessit
3730 3286 3791 3342 in

2198 3375 2375 3445 capite
2400 3383 2605 3440 nostro,
2631 3376 2732 3446 ipsi
2753 3390 2967 3446 quoque
2989 3377 3040 3431 in
3069 3375 3156 3430 die
3185 3378 3471 3432 novissima
3504 3378 3794 3448 percipere

2197 3482 2503 3522 mereamur
2531 3485 2544 3520 :
2577 3468 2760 3539 sicque
2789 3468 3000 3537 corpori
3024 3475 3210 3523 nostro
3234 3468 3556 3533 relaxemus,
3584 3476 3640 3522 ut
3685 3484 3788 3538 pu—

2198 3559 2332 3613 ritas
2355 3558 2553 3612 mentis
2582 3573 2688 3612 non
2717 3557 3029 3613 obfuscetur
3056 3575 3070 3612 :
3108 3560 3202 3614 sed
3231 3559 3407 3628 potius
3449 3560 3793 3615 abstinentes

2198 3649 2267 3702 ab
2317 3647 2463 3701 omni
2512 3646 2654 3711 lusu,
2704 3647 2987 3712 ebrietate,
3037 3647 3256 3703 lascivia
3307 3664 3371 3704 ac
3432 3649 3790 3718 turpitudine,

2198 3737 2388 3791 demus
2425 3750 2642 3806 operam
2676 3736 2869 3790 sobriae
2895 3737 3198 3792 remissioni
3237 3752 3300 3791 ac
3322 3745 3520 3792 sanctae
3556 3738 3791 3794 sinceri-

2201 3829 2312 3892 tati,
2356 3837 2415 3882 ut
2455 3828 2714 3898 quidquid
2756 3829 2917 3884 modo
2963 3830 3230 3898 corporali
3277 3830 3602 3884 abstinentia
3669 3845 3788 3886 non

2198 3919 2548 3988 acquirimus,
2595 3917 2859 3973 mentium
2907 3919 3142 3988 puritate
3182 3926 3237 3973 et
3270 3935 3478 3973 morum
3514 3919 3792 3988 probitate

2197 4024 2520 4078 quaeramus.
2552 4007 2747 4062 Audite
2780 4024 2883 4072 me,
2919 4007 3134 4072 fratres,
3175 4024 3366 4066 omnes
3400 4011 3489 4080 qui
3541 4012 3698 4066 statis
3727 4012 3786 4066 in

2197 4101 2444 4163 Domino,
2490 4099 2798 4168 apostolicis
2850 4102 3030 4156 verbis
3063 4116 3157 4155 vos
3188 4101 3467 4171 alloquor:
3503 4102 3639 4156 Ecce
3675 4120 3789 4157 nox

2194 4191 2464 4261 processit,
2495 4192 2604 4244 dies
2640 4201 2814 4244 autem
2857 4193 3286 4263 appropinquarit
3317 4207 3334 4244 .·
3369 4193 3591 4262 Abjicite
3622 4211 3785 4263 opem

2197 4282 2545 4347 tenebrarum,
2580 4292 2628 4336 et
2662 4283 2862 4336 induite
2906 4300 2992 4341 vos
3038 4301 3187 4337 arma
3222 4283 3376 4348 lucis,
3426 4286 3559 4337 sicut
3595 4286 3647 4338 in
3691 4286 3781 4339 die

2195 4371 2404 4424 honeste
2450 4371 2805 4430 ambulemus:
2837 4388 2938 4426 non
2967 4374 3020 4426 in
3051 4375 3509 4428 comessationibus
3544 4384 3590 4427 et
3617 4374 3790 4428 ebrie-

521 4437 569 4508 (Ῐ
611 4435 730 4490 δον·
769 4437 985 4535 κ’)ᾼῇιῖοῩ
1009 4445 1257 4535 θδίθ-ηοθ
1288 4437 1338 4535 i_‘_'
1371 4438 1727 4535 f‘mamudif‘e
1755 4439 1968 4535 ("animi
1997 4441 2087 4494 ΙΝ·
2124 4474 2171 4531 ι)
2197 4463 2405 4527 tatibus,
2437 4461 2538 4516 neu
2568 4465 2623 4516 in
2653 4463 2909 4517 cubilibus
2936 4474 2984 4518 et
3031 4458 3390 4535 iittpudicitiis,
3419 4483 3518 4519 non
3551 4468 3602 4519 in
3647 4483 3784 4521 con-

522 4543 714 4592 mame,
747 4530 838 4582 sed
864 4530 914 4581 in
947 4529 1252 4583 sinceritate
1280 4529 1472 4583 divinae
1506 4531 1837 4597 sanctitatis,
1869 4547 1988 4601 qua:
2013 4543 2094 4588 est

520 4625 758 4684 castitas,
795 4622 1086 4686 humilitas,
1116 4623 1345 4686 bonitas,
1400 4623 1789 4689 misericordia,
1842 4627 2090 4680 humani-

523 4721 626 4772 tas,
657 4710 886 4778 justitia,
932 4712 1156 4775 lenitas,
1193 4712 1469 4779 patientia,
1513 4713 1734 4778 veritas,
1766 4729 1889 4782 pax,
1942 4716 2095 4769 heni-

521 4803 716 4869 gaitas.
766 4799 890 4854 Haec
930 4808 1014 4854 cst
1044 4816 1219 4855 massa
1255 4803 1554 4858 sanctitatis
1587 4803 1903 4859 Christiana:
1929 4821 2091 4875 quam

524 4897 769 4947 humana:
800 4893 1018 4947 m‘aLtia:
1049 4891 1372 4946 fermentum
1405 4894 1728 4962 corrumpit,
1757 4894 1858 4949 hoc
1881 4904 1982 4960 est,
2028 4896 2092 4948 li-

523 4986 664 5051 bido,
707 4987 977 5056 superbia,
1021 4986 1238 5048 invidia,
1283 4987 1557 5056 iniquitas,
1607 4987 1860 5052 avaritia,
1902 4987 2096 5042 intem-

523 5079 787 5146 perantia,
816 5078 1173 5143 n.endacium,
1201 5077 1488 5142 discordia,
1511 5079 1715 5143 odium,
1744 5094 1878 5134 vana
1903 5079 2093 5150 gloria,

491 5171 815 5244 ,erudelitas
842 5181 896 5226 et
922 5172 1216 5242 injustitia;
1253 5187 1370 5240 quae
1392 5173 1572 5225 omnia
1618 5173 1982 5241 corruptionis
2005 5188 2097 5243 ge-

521 5276 650 5315 nera
693 5261 866 5315 aliena
903 5262 1059 5317 nobis
1093 5261 1316 5326 elﬁciat,
1361 5270 1416 5316 et
1455 5262 1814 5317 sinceritatem
1852 5263 2096 5318 veritatis

523 5365 634 5405 sua:
660 5353 773 5421 ipse
813 5352 866 5406 in
905 5353 1058 5408 nobis
1094 5354 1380 5417 custodiat,
1426 5363 1613 5408 auctor
1633 5363 1686 5407 et
1714 5354 1935 5425 largitor
1974 5370 2094 5409 om-

524 5441 670 5494 nium
698 5441 1032 5498 bonorumet
1059 5443 1278 5499 effector
1302 5445 1459 5500 istius
1479 5445 1858 5501 ‘sacratissima:
1885 5446 2094 5501 festivi-

525 5532 673 5595 tatis,
717 5529 873 5587 Jesus
907 5532 1176 5600 Christus,
1222 5534 1465 5590 Salvator
1501 5544 1703 5602 noster,
1735 5538 1826 5606 qui
1865 5537 1996 5602 vivit
2043 5548 2098 5592 et

525 5630 713 5689 regnat
735 5638 856 5676 cum
873 5622 979 5677 Deo
1006 5625 1162 5680 Patre
1191 5625 1245 5679 in
1272 5623 1476 5679 unitate
1497 5625 1729 5695 Spiritus
1749 5629 1914 5684 sancti
1933 5628 2094 5695 Deus,

527 5724 619 5778 per
645 5712 824 5765 omnia
847 5715 1043 5769 saecula
1066 5716 1403 5770 seculorum.
1435 5717 1626 5771 Amen.

2201 4555 2426 4608 tentione
2476 4565 2525 4607 et
2573 4554 2936 4619 «mulatione;
2984 4557 3077 4610 sed
3128 4557 3326 4610 induite
3362 4575 3446 4611 vos
3495 4557 3783 4612 Dominum

2199 4641 2690 4707 IesumC/iristunt,
2730 4656 2777 4698 et
2805 4647 2977 4700 carnis
3005 4664 3183 4699 curam
3214 4664 3274 4699 ne
3317 4647 3538 4716 feceritis
3573 4648 3626 4701 in
3655 4665 3784 4702 con-

2201 4735 2526 4803 cupiscentiis
2551 4732 2729 4803 (Rom.
2764 4734 2905 4804 xm),
2935 4745 3065 4791 utet
3092 4738 3254 4790 vitam
3280 4747 3539 4791 aaternam
3584 4747 3785 4792 ctsto-

2200 4823 2304 4877 lam
2335 4824 2757 4879 immortalitatis
2800 4826 3048 4891 induatis,
3083 4826 3150 4880 ad
3193 4843 3351 4895 quam
3379 4827 3777 4896 percipiendam

2201 4914 2259 4967 in
2311 4913 2578 4982 baptismo
2627 4916 2925 4984 regenerati
2972 4916 3105 4969 estis
3161 4933 3172 4967 :
3226 4915 3487 4985 Quotquot
3531 4917 3666 4969 enim
3723 4918 3779 4972 in

2198 5003 2404 5057 Christo
2447 5004 2696 5071 baptizati
2734 5005 2876 5068 estis,
2919 5003 3182 5058 Christum
3213 5005 3454 5058 induistis
3497 5003 3635 5074 (Gal.
3667 5007 3778 5076 tu),

2198 5103 2253 5150 et
2283 5093 2398 5162 ejus
2421 5095 2659 5150 membra
2690 5095 2814 5150 facti
2839 5096 2986 5151 estis.
3019 5096 3151 5162 Quia
3179 5109 3306 5164 ergo
3332 5097 3568 5150 membra
3617 5093 3781 5149 Chri-

2197 5187 2266 5240 sti
2294 5187 2444 5251 estis,
2493 5187 2756 5241 admoneo
2809 5203 2904 5241 vos
2933 5196 2994 5241 ut
3033 5187 3322 5240 attendatis
3355 5186 3772 5254 vobismetipsis,

2199 5289 2268 5330 ne
2295 5273 2433 5330 forte
2464 5275 2609 5329 illam
2635 5277 2949 5348 dignitatem
2979 5275 3235 5346 perdatis.
3289 5275 3476 5344 Magna
3501 5286 3679 5329 autem
3722 5285 3780 5331 et

2197 5362 2588 5418 inaestimabilis
2628 5365 2861 5434 dignitas
2905 5373 2988 5418 est
3051 5363 3167 5419 ﬁeri
3224 5364 3360 5418 ﬁlios
3407 5364 3523 5428 Dei,
3574 5361 3776 5420 fratres

2201 5461 2379 5505 autem
2419 5452 2618 5507 Christi
2663 5473 2677 5506 :
2711 5463 2884 5506 cavete
2925 5463 3098 5505 autem
3127 5453 3190 5505 ab
3233 5453 3525 5505 hominibus
3552 5451 3770 5523 (Matth.

2199 5545 2280 5613 ι),
2306 5558 2411 5597 non
2439 5543 2559 5598 dico
2592 5551 2769 5597 tamen
2799 5559 2829 5597 a
2852 5544 3092 5614 paganis,
3133 5543 3215 5597 vcl
3243 5544 3460 5605 Judaiis,
3485 5544 3566 5598 vel
3597 5545 3771 5598 luere-

2202 5636 2346 5699 ticis,
2368 5635 2459 5690 sed
2487 5636 2650 5690 etiam
2676 5650 2704 5688 a
2727 5635 2880 5690 malis
2903 5634 3196 5696 catholicis,
3229 5635 3318 5704 qui
3343 5634 3654 5701 conﬁtentur
3682 5649 3774 5687 ore

2201 5723 2384 5787 Deum,
2430 5724 2582 5792 [artis
2626 5733 2798 5778 autem
2851 5733 3035 5794 negant
3076 5723 3199 5794 (Tit.
3232 5729 3289 5790 ι).
3326 5723 3512 5793 Eligite
3539 5723 3691 5778 vobis
3719 5723 3773 5778 in
