  <div class='ocr_page' id='page_1' title='image "/cluster/home/n/w/nwhite01/storage/ocr_20150623/110/uva.x000827066/026.png"; bbox 0 0 3922 6354; ppageno 0'>
   <div class='ocr_carea' id='block_1_1' title="bbox 243 337 1855 411">
    <p class='ocr_par' dir='ltr' id='par_1_1' title="bbox 243 337 1851 411">
     <span class='ocr_line' id='line_1_1' title="bbox 243 337 1851 411; baseline -0.011 0"><span class='ocrx_word' id='word_1_1' title='bbox 243 354 324 411; x_wconf 66' lang='grc' dir='ltr'>ει</span> <span class='ocrx_word' id='word_1_2' title='bbox 1175 339 1489 398; x_wconf 70' lang='grc' dir='ltr'><strong>ἩΟΜῙΙᾸᾹΞ</strong></span> <span class='ocrx_word' id='word_1_3' title='bbox 1531 340 1618 395; x_wconf 85' lang='lat' dir='ltr'><strong>DE</strong></span> <span class='ocrx_word' id='word_1_4' title='bbox 1652 337 1851 395; x_wconf 83' lang='lat' dir='ltr'><strong>FESTl</strong></span> 
     </span>
    </p>
   </div>
   <div class='ocr_carea' id='block_1_2' title="bbox 1957 337 3519 411">
    <p class='ocr_par' dir='ltr' id='par_1_2' title="bbox 1957 337 3519 404">
     <span class='ocr_line' id='line_1_2' title="bbox 1957 337 3519 404; baseline 0.003 -12"><span class='ocrx_word' id='word_1_5' title='bbox 1957 337 2339 404; x_wconf 55' lang='lat' dir='ltr'><strong>’llﬁCll’UlS,</strong></span> <span class='ocrx_word' id='word_1_6' title='bbox 2383 341 2534 396; x_wconf 70' lang='lat' dir='ltr'><strong>l-l&#39;l&#39;C.</strong></span> <span class='ocrx_word' id='word_1_7' title='bbox 3451 341 3519 398; x_wconf 75' lang='lat'><strong>33</strong></span> 
     </span>
    </p>
   </div>
   <div class='ocr_carea' id='block_1_3' title="bbox 237 439 3516 541">
    <p class='ocr_par' dir='ltr' id='par_1_3' title="bbox 237 439 3516 541">
     <span class='ocr_line' id='line_1_3' title="bbox 237 439 3516 541; baseline -0.003 -23"><span class='ocrx_word' id='word_1_8' title='bbox 237 466 450 541; x_wconf 74' lang='lat' dir='ltr'><strong>populo</strong></span> <span class='ocrx_word' id='word_1_9' title='bbox 478 462 576 518; x_wconf 86' lang='lat' dir='ltr'><strong>Dei</strong></span> <span class='ocrx_word' id='word_1_10' title='bbox 609 476 746 532; x_wconf 84' lang='lat' dir='ltr'><strong>quos</strong></span> <span class='ocrx_word' id='word_1_11' title='bbox 792 456 1095 521; x_wconf 75' lang='lat' dir='ltr'><strong>imitemini,</strong></span> <span class='ocrx_word' id='word_1_12' title='bbox 1142 470 1265 510; x_wconf 88' lang='lat' dir='ltr'><strong>nam</strong></span> <span class='ocrx_word' id='word_1_13' title='bbox 1311 455 1355 509; x_wconf 91' lang='lat' dir='ltr'><strong>si</strong></span> <span class='ocrx_word' id='word_1_14' title='bbox 1391 453 1600 508; x_wconf 90' lang='lat' dir='ltr'><strong>turbam</strong></span> <span class='ocrx_word' id='word_1_15' title='bbox 1637 450 1837 506; x_wconf 92' lang='lat' dir='ltr'><strong>imitari</strong></span> <span class='ocrx_word' id='word_1_16' title='bbox 1865 456 1912 511; x_wconf 84' lang='grc' dir='ltr'>Α</span> <span class='ocrx_word' id='word_1_17' title='bbox 1941 451 1995 504; x_wconf 92' lang='lat' dir='ltr'><strong>in</strong></span> <span class='ocrx_word' id='word_1_18' title='bbox 2035 449 2350 506; x_wconf 91' lang='lat' dir='ltr'><strong>fortitudine</strong></span> <span class='ocrx_word' id='word_1_19' title='bbox 2389 452 2667 506; x_wconf 84' lang='lat' dir='ltr'><strong>clamasse.</strong></span> <span class='ocrx_word' id='word_1_20' title='bbox 2699 449 2868 507; x_wconf 90' lang='lat' dir='ltr'><strong>Omne</strong></span> <span class='ocrx_word' id='word_1_21' title='bbox 2911 452 3266 507; x_wconf 71' lang='lat' dir='ltr'><strong>Niniviutrum</strong></span> <span class='ocrx_word' id='word_1_22' title='bbox 3295 439 3516 526; x_wconf 79' lang='lat' dir='ltr'><strong>regnum</strong></span> 
     </span>
    </p>
   </div>
   <div class='ocr_carea' id='block_1_4' title="bbox 249 543 1838 619">
    <p class='ocr_par' dir='ltr' id='par_1_4' title="bbox 249 543 1838 619">
     <span class='ocr_line' id='line_1_4' title="bbox 249 543 1838 619; baseline -0.009 -11"><span class='ocrx_word' id='word_1_23' title='bbox 249 554 550 619; x_wconf 75' lang='lat' dir='ltr'><strong>volueritis,</strong></span> <span class='ocrx_word' id='word_1_24' title='bbox 593 553 758 607; x_wconf 91' lang='lat' dir='ltr'><strong>timeo</strong></span> <span class='ocrx_word' id='word_1_25' title='bbox 779 548 922 619; x_wconf 90' lang='lat' dir='ltr'><strong>quod</strong></span> <span class='ocrx_word' id='word_1_26' title='bbox 950 562 980 601; x_wconf 89' lang='lat' dir='ltr'><strong>a</strong></span> <span class='ocrx_word' id='word_1_27' title='bbox 1009 560 1137 600; x_wconf 85' lang='lat' dir='ltr'><strong>vero</strong></span> <span class='ocrx_word' id='word_1_28' title='bbox 1165 543 1410 599; x_wconf 83' lang='lat' dir='ltr'><strong>devictis.</strong></span> <span class='ocrx_word' id='word_1_29' title='bbox 1454 543 1595 596; x_wconf 84' lang='lat' dir='ltr'><strong>Inter</strong></span> <span class='ocrx_word' id='word_1_30' title='bbox 1635 555 1838 611; x_wconf 88' lang='lat' dir='ltr'><strong>paucos</strong></span> 
     </span>
    </p>
   </div>
   <div class='ocr_carea' id='block_1_5' title="bbox 248 617 1839 720">
    <p class='ocr_par' dir='ltr' id='par_1_5' title="bbox 248 617 1839 720">
     <span class='ocr_line' id='line_1_5' title="bbox 248 617 1839 720; baseline -0.011 -18"><span class='ocrx_word' id='word_1_31' title='bbox 248 661 388 716; x_wconf 85' lang='lat' dir='ltr'><strong>ergo</strong></span> <span class='ocrx_word' id='word_1_32' title='bbox 415 617 699 720; x_wconf 82' lang='lat' dir='ltr'><strong>apgustam</strong></span> <span class='ocrx_word' id='word_1_33' title='bbox 726 617 866 693; x_wconf 79' lang='lat' dir='ltr'><strong>viam</strong></span> <span class='ocrx_word' id='word_1_34' title='bbox 907 635 1242 692; x_wconf 90' lang='lat' dir='ltr'><strong>ambulantes</strong></span> <span class='ocrx_word' id='word_1_35' title='bbox 1277 634 1457 704; x_wconf 78' lang='lat' dir='ltr'><strong>eligite</strong></span> <span class='ocrx_word' id='word_1_36' title='bbox 1483 649 1617 702; x_wconf 86' lang='lat' dir='ltr'><strong>quos</strong></span> <span class='ocrx_word' id='word_1_37' title='bbox 1647 647 1839 702; x_wconf 90' lang='lat' dir='ltr'><strong>sequa-</strong></span> 
     </span>
    </p>
   </div>
   <div class='ocr_carea' id='block_1_6' title="bbox 250 722 1877 804">
    <p class='ocr_par' dir='ltr' id='par_1_6' title="bbox 250 722 1877 804">
     <span class='ocr_line' id='line_1_6' title="bbox 250 722 1877 804; baseline -0.012 -12"><span class='ocrx_word' id='word_1_38' title='bbox 250 734 578 804; x_wconf 51' lang='lat' dir='ltr'><strong>minitfquia</strong></span> <span class='ocrx_word' id='word_1_39' title='bbox 608 739 756 783; x_wconf 80' lang='lat' dir='ltr'><strong>arcta</strong></span> <span class='ocrx_word' id='word_1_40' title='bbox 800 737 847 781; x_wconf 87' lang='lat' dir='ltr'><strong>et</strong></span> <span class='ocrx_word' id='word_1_41' title='bbox 897 737 1119 797; x_wconf 82' lang='lat' dir='ltr'><strong>angusta</strong></span> <span class='ocrx_word' id='word_1_42' title='bbox 1165 725 1246 780; x_wconf 82' lang='lat' dir='ltr'><strong>via</strong></span> <span class='ocrx_word' id='word_1_43' title='bbox 1285 735 1359 778; x_wconf 79' lang='lat' dir='ltr'><strong>est</strong></span> <span class='ocrx_word' id='word_1_44' title='bbox 1403 741 1519 794; x_wconf 77' lang='lat' dir='ltr'><strong>qua:</strong></span> <span class='ocrx_word' id='word_1_45' title='bbox 1573 723 1716 776; x_wconf 82' lang='lat' dir='ltr'><strong>ducit</strong></span> <span class='ocrx_word' id='word_1_46' title='bbox 1770 722 1839 775; x_wconf 83' lang='lat' dir='ltr'><strong>ml</strong></span> <span class='ocrx_word' id='word_1_47' title='bbox 1873 782 1877 786; x_wconf 90' lang='grc' dir='ltr'><strong> </strong></span> 
     </span>
    </p>
   </div>
   <div class='ocr_carea' id='block_1_7' title="bbox 251 807 1839 891">
    <p class='ocr_par' dir='ltr' id='par_1_7' title="bbox 251 807 1839 891">
     <span class='ocr_line' id='line_1_7' title="bbox 251 807 1839 891; baseline -0.01 -11"><span class='ocrx_word' id='word_1_48' title='bbox 251 807 445 888; x_wconf 46' lang='lat' dir='ltr'><strong>vitam}</strong></span> <span class='ocrx_word' id='word_1_49' title='bbox 468 831 514 875; x_wconf 82' lang='lat' dir='ltr'><strong>et</strong></span> <span class='ocrx_word' id='word_1_50' title='bbox 539 820 694 891; x_wconf 81' lang='lat' dir='ltr'><strong>pauci</strong></span> <span class='ocrx_word' id='word_1_51' title='bbox 731 820 927 870; x_wconf 83' lang='lat' dir='ltr'><strong>intrant</strong></span> <span class='ocrx_word' id='word_1_52' title='bbox 952 832 1044 886; x_wconf 81' lang='lat' dir='ltr'><strong>per</strong></span> <span class='ocrx_word' id='word_1_53' title='bbox 1071 832 1184 868; x_wconf 85' lang='lat' dir='ltr'><strong>eam</strong></span> <span class='ocrx_word' id='word_1_54' title='bbox 1213 830 1231 868; x_wconf 90' lang='lat'><strong><em>:</em></strong></span> <span class='ocrx_word' id='word_1_55' title='bbox 1261 813 1369 866; x_wconf 84' lang='lat' dir='ltr'><strong>lata</strong></span> <span class='ocrx_word' id='word_1_56' title='bbox 1397 822 1444 866; x_wconf 81' lang='lat' dir='ltr'><strong>et</strong></span> <span class='ocrx_word' id='word_1_57' title='bbox 1469 813 1700 880; x_wconf 78' lang='lat' dir='ltr'><strong>spatiosa</strong></span> <span class='ocrx_word' id='word_1_58' title='bbox 1723 828 1839 880; x_wconf 76' lang='lat' dir='ltr'><strong>qua:</strong></span> 
     </span>
    </p>
   </div>
   <div class='ocr_carea' id='block_1_8' title="bbox 251 901 1834 980">
    <p class='ocr_par' dir='ltr' id='par_1_8' title="bbox 251 901 1834 980">
     <span class='ocr_line' id='line_1_8' title="bbox 251 901 1834 980; baseline -0.01 -11"><span class='ocrx_word' id='word_1_59' title='bbox 251 915 497 978; x_wconf 61' lang='lat' dir='ltr'><strong>duratgud</strong></span> <span class='ocrx_word' id='word_1_60' title='bbox 528 922 765 974; x_wconf 83' lang='lat' dir='ltr'><strong>mortem,</strong></span> <span class='ocrx_word' id='word_1_61' title='bbox 809 920 854 963; x_wconf 84' lang='lat' dir='ltr'><strong>et</strong></span> <span class='ocrx_word' id='word_1_62' title='bbox 900 907 1053 961; x_wconf 85' lang='lat' dir='ltr'><strong>multi</strong></span> <span class='ocrx_word' id='word_1_63' title='bbox 1099 909 1292 980; x_wconf 79' lang='lat' dir='ltr'><strong>vadunt</strong></span> <span class='ocrx_word' id='word_1_64' title='bbox 1316 921 1407 974; x_wconf 84' lang='lat' dir='ltr'><strong>per</strong></span> <span class='ocrx_word' id='word_1_65' title='bbox 1433 904 1581 957; x_wconf 84' lang='lat' dir='ltr'><strong>illam</strong></span> <span class='ocrx_word' id='word_1_66' title='bbox 1621 901 1834 974; x_wconf 81' lang='lat' dir='ltr'><strong>(Matth.</strong></span> 
     </span>
    </p>
   </div>
   <div class='ocr_carea' id='block_1_9' title="bbox 250 981 1835 1078">
    <p class='ocr_par' dir='ltr' id='par_1_9' title="bbox 250 981 1835 1078">
     <span class='ocr_line' id='line_1_9' title="bbox 250 981 1835 1078; baseline -0.009 -18"><span class='ocrx_word' id='word_1_67' title='bbox 250 1007 375 1078; x_wconf 82' lang='lat' dir='ltr'><strong>vn).</strong></span> <span class='ocrx_word' id='word_1_68' title='bbox 495 1002 728 1072; x_wconf 81' lang='lat' dir='ltr'><strong>rapinis.</strong></span> <span class='ocrx_word' id='word_1_69' title='bbox 764 1015 794 1054; x_wconf 89' lang='lat' dir='ltr'><strong>a</strong></span> <span class='ocrx_word' id='word_1_70' title='bbox 823 999 1122 1059; x_wconf 81' lang='lat' dir='ltr'><strong>fraudibus,</strong></span> <span class='ocrx_word' id='word_1_71' title='bbox 1161 1011 1191 1048; x_wconf 91' lang='lat' dir='ltr'><strong>a</strong></span> <span class='ocrx_word' id='word_1_72' title='bbox 1235 995 1488 1065; x_wconf 81' lang='lat' dir='ltr'><strong>perjuriis</strong></span> <span class='ocrx_word' id='word_1_73' title='bbox 1539 994 1835 1056; x_wconf 86' lang='lat' dir='ltr'><strong>abstinete;</strong></span> 
     </span>
    </p>
   </div>
   <div class='ocr_carea' id='block_1_10' title="bbox 249 1083 1838 1169">
    <p class='ocr_par' dir='ltr' id='par_1_10' title="bbox 249 1083 1838 1169">
     <span class='ocr_line' id='line_1_10' title="bbox 249 1083 1838 1169; baseline -0.011 -17"><span class='ocrx_word' id='word_1_74' title='bbox 249 1083 499 1169; x_wconf 76' lang='lat' dir='ltr'><strong>gurgites</strong></span> <span class='ocrx_word' id='word_1_75' title='bbox 524 1094 848 1149; x_wconf 86' lang='lat' dir='ltr'><strong>ebrietatum</strong></span> <span class='ocrx_word' id='word_1_76' title='bbox 886 1089 1216 1158; x_wconf 84' lang='lat' dir='ltr'><strong>repellantur</strong></span> <span class='ocrx_word' id='word_1_77' title='bbox 1239 1102 1270 1140; x_wconf 89' lang='lat' dir='ltr'><strong>a</strong></span> <span class='ocrx_word' id='word_1_78' title='bbox 1294 1086 1478 1152; x_wconf 81' lang='lat' dir='ltr'><strong>vobis;</strong></span> <span class='ocrx_word' id='word_1_79' title='bbox 1525 1083 1838 1138; x_wconf 79' lang='lat' dir='ltr'><strong>fornicatio-</strong></span> 
     </span>
    </p>
   </div>
   <div class='ocr_carea' id='block_1_11' title="bbox 250 1183 1841 1259">
    <p class='ocr_par' dir='ltr' id='par_1_11' title="bbox 250 1183 1841 1259">
     <span class='ocr_line' id='line_1_11' title="bbox 250 1183 1841 1259; baseline -0.011 -12"><span class='ocrx_word' id='word_1_80' title='bbox 250 1207 355 1246; x_wconf 88' lang='lat' dir='ltr'><strong>nes</strong></span> <span class='ocrx_word' id='word_1_81' title='bbox 384 1190 464 1258; x_wconf 77' lang='lat' dir='ltr'><strong>sic</strong></span> <span class='ocrx_word' id='word_1_82' title='bbox 493 1188 657 1259; x_wconf 78' lang='lat' dir='ltr'><strong>fugite</strong></span> <span class='ocrx_word' id='word_1_83' title='bbox 685 1183 953 1256; x_wconf 89' lang='lat' dir='ltr'><strong>quomodo</strong></span> <span class='ocrx_word' id='word_1_84' title='bbox 998 1190 1248 1244; x_wconf 87' lang='lat' dir='ltr'><strong>mortem,</strong></span> <span class='ocrx_word' id='word_1_85' title='bbox 1293 1187 1523 1235; x_wconf 91' lang='lat' dir='ltr'><strong>mortem</strong></span> <span class='ocrx_word' id='word_1_86' title='bbox 1575 1194 1680 1233; x_wconf 93' lang='lat' dir='ltr'><strong>non</strong></span> <span class='ocrx_word' id='word_1_87' title='bbox 1720 1193 1841 1247; x_wconf 66' lang='lat' dir='ltr'><strong>qua:</strong></span> 
     </span>
    </p>
   </div>
   <div class='ocr_carea' id='block_1_12' title="bbox 251 1273 1843 1346">
    <p class='ocr_par' dir='ltr' id='par_1_12' title="bbox 251 1273 1843 1346">
     <span class='ocr_line' id='line_1_12' title="bbox 251 1273 1843 1346; baseline -0.007 -8"><span class='ocrx_word' id='word_1_88' title='bbox 251 1284 496 1340; x_wconf 84' lang='lat' dir='ltr'><strong>animam</strong></span> <span class='ocrx_word' id='word_1_89' title='bbox 523 1279 686 1336; x_wconf 85' lang='lat' dir='ltr'><strong>solvit</strong></span> <span class='ocrx_word' id='word_1_90' title='bbox 712 1294 742 1333; x_wconf 90' lang='lat' dir='ltr'><strong>a</strong></span> <span class='ocrx_word' id='word_1_91' title='bbox 768 1290 1014 1346; x_wconf 87' lang='lat' dir='ltr'><strong>corpore,</strong></span> <span class='ocrx_word' id='word_1_92' title='bbox 1063 1275 1159 1329; x_wconf 91' lang='lat' dir='ltr'><strong>sed</strong></span> <span class='ocrx_word' id='word_1_93' title='bbox 1181 1273 1270 1328; x_wconf 90' lang='lat' dir='ltr'><strong>ubi</strong></span> <span class='ocrx_word' id='word_1_94' title='bbox 1299 1274 1478 1327; x_wconf 90' lang='lat' dir='ltr'><strong>anima</strong></span> <span class='ocrx_word' id='word_1_95' title='bbox 1508 1287 1722 1341; x_wconf 85' lang='lat' dir='ltr'><strong>semper</strong></span> <span class='ocrx_word' id='word_1_96' title='bbox 1754 1286 1843 1327; x_wconf 86' lang='lat' dir='ltr'><strong>ar-</strong></span> 
     </span>
    </p>
   </div>
   <div class='ocr_carea' id='block_1_13' title="bbox 251 1361 1842 1438">
    <p class='ocr_par' dir='ltr' id='par_1_13' title="bbox 251 1361 1842 1438">
     <span class='ocr_line' id='line_1_13' title="bbox 251 1361 1842 1438; baseline -0.008 -10"><span class='ocrx_word' id='word_1_97' title='bbox 251 1373 405 1428; x_wconf 87' lang='lat' dir='ltr'><strong>debit</strong></span> <span class='ocrx_word' id='word_1_98' title='bbox 445 1387 566 1426; x_wconf 90' lang='lat' dir='ltr'><strong>cum</strong></span> <span class='ocrx_word' id='word_1_99' title='bbox 591 1383 837 1438; x_wconf 88' lang='lat' dir='ltr'><strong>corpore.</strong></span> <span class='ocrx_word' id='word_1_100' title='bbox 861 1366 1001 1433; x_wconf 81' lang='lat' dir='ltr'><strong>Quid</strong></span> <span class='ocrx_word' id='word_1_101' title='bbox 1035 1366 1276 1436; x_wconf 88' lang='lat' dir='ltr'><strong>prodest,</strong></span> <span class='ocrx_word' id='word_1_102' title='bbox 1307 1364 1524 1430; x_wconf 78' lang='lat' dir='ltr'><strong>fratres,</strong></span> <span class='ocrx_word' id='word_1_103' title='bbox 1550 1364 1691 1432; x_wconf 83' lang='lat' dir='ltr'><strong>quod</strong></span> <span class='ocrx_word' id='word_1_104' title='bbox 1742 1361 1842 1416; x_wconf 90' lang='lat' dir='ltr'><strong>Sa-</strong></span> 
     </span>
    </p>
   </div>
   <div class='ocr_carea' id='block_1_14' title="bbox 251 1443 1842 1525">
    <p class='ocr_par' dir='ltr' id='par_1_14' title="bbox 251 1443 1842 1525">
     <span class='ocr_line' id='line_1_14' title="bbox 251 1443 1842 1525; baseline -0.007 -8"><span class='ocrx_word' id='word_1_105' title='bbox 251 1443 416 1524; x_wconf 71' lang='lat' dir='ltr'><strong>tanas</strong></span> <span class='ocrx_word' id='word_1_106' title='bbox 435 1461 572 1516; x_wconf 87' lang='lat' dir='ltr'><strong>levia</strong></span> <span class='ocrx_word' id='word_1_107' title='bbox 604 1459 733 1514; x_wconf 85' lang='lat' dir='ltr'><strong>dicit</strong></span> <span class='ocrx_word' id='word_1_108' title='bbox 765 1471 886 1512; x_wconf 86' lang='lat' dir='ltr'><strong>esse</strong></span> <span class='ocrx_word' id='word_1_109' title='bbox 915 1466 1158 1525; x_wconf 89' lang='lat' dir='ltr'><strong>peccata,</strong></span> <span class='ocrx_word' id='word_1_110' title='bbox 1185 1470 1305 1524; x_wconf 75' lang='lat' dir='ltr'><strong>quae</strong></span> <span class='ocrx_word' id='word_1_111' title='bbox 1333 1454 1581 1509; x_wconf 91' lang='lat' dir='ltr'><strong>Christus</strong></span> <span class='ocrx_word' id='word_1_112' title='bbox 1606 1452 1842 1507; x_wconf 86' lang='lat' dir='ltr'><strong>ostendit</strong></span> 
     </span>
    </p>
   </div>
   <div class='ocr_carea' id='block_1_15' title="bbox 245 1539 1842 1643">
    <p class='ocr_par' dir='ltr' id='par_1_15' title="bbox 245 1539 1842 1643">
     <span class='ocr_line' id='line_1_15' title="bbox 245 1539 1842 1643; baseline -0.006 -40"><span class='ocrx_word' id='word_1_113' title='bbox 245 1539 461 1643; x_wconf 71' lang='lat' dir='ltr'><strong>gravia.</strong></span> <span class='ocrx_word' id='word_1_114' title='bbox 496 1548 636 1603; x_wconf 85' lang='lat' dir='ltr'><strong>Dicit</strong></span> <span class='ocrx_word' id='word_1_115' title='bbox 655 1547 797 1600; x_wconf 92' lang='lat' dir='ltr'><strong>enim</strong></span> <span class='ocrx_word' id='word_1_116' title='bbox 822 1545 1086 1610; x_wconf 85' lang='lat' dir='ltr'><strong>diabolus,</strong></span> <span class='ocrx_word' id='word_1_117' title='bbox 1122 1544 1305 1599; x_wconf 86' lang='lat' dir='ltr'><strong>carnis</strong></span> <span class='ocrx_word' id='word_1_118' title='bbox 1331 1551 1554 1613; x_wconf 89' lang='lat' dir='ltr'><strong>peccata</strong></span> <span class='ocrx_word' id='word_1_119' title='bbox 1585 1557 1691 1597; x_wconf 91' lang='lat' dir='ltr'><strong>non</strong></span> <span class='ocrx_word' id='word_1_120' title='bbox 1718 1548 1842 1596; x_wconf 90' lang='lat' dir='ltr'><strong>sunt</strong></span> 
     </span>
    </p>
   </div>
   <div class='ocr_carea' id='block_1_16' title="bbox 255 1633 1843 1732">
    <p class='ocr_par' dir='ltr' id='par_1_16' title="bbox 255 1633 1843 1732">
     <span class='ocr_line' id='line_1_16' title="bbox 255 1633 1843 1732; baseline -0.004 -39"><span class='ocrx_word' id='word_1_121' title='bbox 255 1633 488 1732; x_wconf 58' lang='lat' dir='ltr'><strong>magna;</strong></span> <span class='ocrx_word' id='word_1_122' title='bbox 543 1638 749 1692; x_wconf 89' lang='lat' dir='ltr'><strong>licitum</strong></span> <span class='ocrx_word' id='word_1_123' title='bbox 775 1646 860 1691; x_wconf 92' lang='lat' dir='ltr'><strong>est</strong></span> <span class='ocrx_word' id='word_1_124' title='bbox 883 1649 1052 1706; x_wconf 89' lang='lat' dir='ltr'><strong>usque</strong></span> <span class='ocrx_word' id='word_1_125' title='bbox 1079 1635 1146 1691; x_wconf 90' lang='lat' dir='ltr'><strong>ad</strong></span> <span class='ocrx_word' id='word_1_126' title='bbox 1187 1636 1490 1690; x_wconf 85' lang='lat' dir='ltr'><strong>satietatem</strong></span> <span class='ocrx_word' id='word_1_127' title='bbox 1519 1633 1843 1688; x_wconf 86' lang='lat' dir='ltr'><strong>manducare</strong></span> 
     </span>
    </p>
   </div>
   <div class='ocr_carea' id='block_1_17' title="bbox 250 1720 1843 1789">
    <p class='ocr_par' dir='ltr' id='par_1_17' title="bbox 250 1720 1843 1789">
     <span class='ocr_line' id='line_1_17' title="bbox 250 1720 1843 1789; baseline -0.006 -6"><span class='ocrx_word' id='word_1_128' title='bbox 250 1720 532 1789; x_wconf 74' lang='lat' dir='ltr'><strong>adbibere</strong></span> <span class='ocrx_word' id='word_1_129' title='bbox 563 1735 765 1782; x_wconf 90' lang='lat' dir='ltr'><strong>etcum</strong></span> <span class='ocrx_word' id='word_1_130' title='bbox 794 1725 1019 1780; x_wconf 84' lang='lat' dir='ltr'><strong>muliere</strong></span> <span class='ocrx_word' id='word_1_131' title='bbox 1051 1724 1430 1786; x_wconf 88' lang='lat' dir='ltr'><strong>concumbere,</strong></span> <span class='ocrx_word' id='word_1_132' title='bbox 1472 1731 1528 1776; x_wconf 92' lang='lat' dir='ltr'><strong>et</strong></span> <span class='ocrx_word' id='word_1_133' title='bbox 1565 1721 1645 1776; x_wconf 91' lang='lat' dir='ltr'><strong>sic</strong></span> <span class='ocrx_word' id='word_1_134' title='bbox 1686 1720 1843 1776; x_wconf 85' lang='lat' dir='ltr'><strong>sedu-</strong></span> 
     </span>
    </p>
   </div>
   <div class='ocr_carea' id='block_1_18' title="bbox 1941 544 3521 625">
    <p class='ocr_par' dir='ltr' id='par_1_18' title="bbox 1941 544 3521 625">
     <span class='ocr_line' id='line_1_18' title="bbox 1941 544 3521 625; baseline 0.003 -26"><span class='ocrx_word' id='word_1_135' title='bbox 1941 553 2069 599; x_wconf 91' lang='lat' dir='ltr'><strong>tunc</strong></span> <span class='ocrx_word' id='word_1_136' title='bbox 2097 545 2389 625; x_wconf 59' lang='lat' dir='ltr'><strong>interisset,</strong></span> <span class='ocrx_word' id='word_1_137' title='bbox 2421 544 2524 599; x_wconf 88' lang='lat' dir='ltr'><strong>nisi</strong></span> <span class='ocrx_word' id='word_1_138' title='bbox 2551 545 3016 618; x_wconf 11' lang='lat' dir='ltr'><strong>illudvpmnitentia</strong></span> <span class='ocrx_word' id='word_1_139' title='bbox 3046 553 3273 614; x_wconf 90' lang='lat' dir='ltr'><strong>patrona</strong></span> <span class='ocrx_word' id='word_1_140' title='bbox 3308 561 3521 603; x_wconf 80' lang='lat' dir='ltr'><strong>servas-</strong></span> 
     </span>
    </p>
   </div>
   <div class='ocr_carea' id='block_1_19' title="bbox 1941 635 3519 707">
    <p class='ocr_par' dir='ltr' id='par_1_19' title="bbox 1941 635 3519 707">
     <span class='ocr_line' id='line_1_19' title="bbox 1941 635 3519 707; baseline 0 -17"><span class='ocrx_word' id='word_1_141' title='bbox 1941 644 2042 690; x_wconf 91' lang='lat' dir='ltr'><strong>set.</strong></span> <span class='ocrx_word' id='word_1_142' title='bbox 2078 635 2185 689; x_wconf 90' lang='lat' dir='ltr'><strong>Sed</strong></span> <span class='ocrx_word' id='word_1_143' title='bbox 2209 635 2638 706; x_wconf 82' lang='lat' dir='ltr'><strong>curjejunabant</strong></span> <span class='ocrx_word' id='word_1_144' title='bbox 2663 636 2898 690; x_wconf 81' lang='lat' dir='ltr'><strong>infantes</strong></span> <span class='ocrx_word' id='word_1_145' title='bbox 2927 645 2979 690; x_wconf 92' lang='lat' dir='ltr'><strong>et</strong></span> <span class='ocrx_word' id='word_1_146' title='bbox 3002 636 3263 706; x_wconf 86' lang='lat' dir='ltr'><strong>jumcnta,</strong></span> <span class='ocrx_word' id='word_1_147' title='bbox 3290 652 3519 707; x_wconf 86' lang='lat' dir='ltr'><strong>quorum</strong></span> 
     </span>
    </p>
   </div>
   <div class='ocr_carea' id='block_1_20' title="bbox 1943 726 3520 796">
    <p class='ocr_par' dir='ltr' id='par_1_20' title="bbox 1943 726 3520 796">
     <span class='ocr_line' id='line_1_20' title="bbox 1943 726 3520 796; baseline 0.001 -18"><span class='ocrx_word' id='word_1_148' title='bbox 1943 741 2047 779; x_wconf 93' lang='lat' dir='ltr'><strong>non</strong></span> <span class='ocrx_word' id='word_1_149' title='bbox 2079 735 2382 795; x_wconf 86' lang='lat' dir='ltr'><strong>arguuntur</strong></span> <span class='ocrx_word' id='word_1_150' title='bbox 2411 727 2668 794; x_wconf 87' lang='lat' dir='ltr'><strong>peccata?</strong></span> <span class='ocrx_word' id='word_1_151' title='bbox 2691 726 2978 796; x_wconf 83' lang='lat' dir='ltr'><strong>Jejunabat</strong></span> <span class='ocrx_word' id='word_1_152' title='bbox 3003 726 3258 794; x_wconf 84' lang='lat' dir='ltr'><strong>parvulus</strong></span> <span class='ocrx_word' id='word_1_153' title='bbox 3286 735 3344 780; x_wconf 92' lang='lat' dir='ltr'><strong>ut</strong></span> <span class='ocrx_word' id='word_1_154' title='bbox 3390 741 3520 781; x_wconf 79' lang='lat' dir='ltr'><strong>eva-</strong></span> 
     </span>
    </p>
   </div>
   <div class='ocr_carea' id='block_1_21' title="bbox 1940 815 3522 886">
    <p class='ocr_par' dir='ltr' id='par_1_21' title="bbox 1940 815 3522 886">
     <span class='ocr_line' id='line_1_21' title="bbox 1940 815 3522 886; baseline 0.002 -17"><span class='ocrx_word' id='word_1_155' title='bbox 1940 815 2094 871; x_wconf 84' lang='lat' dir='ltr'><strong>deret</strong></span> <span class='ocrx_word' id='word_1_156' title='bbox 2137 817 2354 882; x_wconf 89' lang='lat' dir='ltr'><strong>senior;</strong></span> <span class='ocrx_word' id='word_1_157' title='bbox 2392 816 2708 885; x_wconf 80' lang='lat' dir='ltr'><strong>jejunahant</strong></span> <span class='ocrx_word' id='word_1_158' title='bbox 2747 818 3095 882; x_wconf 80' lang='lat' dir='ltr'><strong>innocentes,</strong></span> <span class='ocrx_word' id='word_1_159' title='bbox 3131 825 3190 870; x_wconf 90' lang='lat' dir='ltr'><strong>ut</strong></span> <span class='ocrx_word' id='word_1_160' title='bbox 3226 832 3332 871; x_wconf 92' lang='lat' dir='ltr'><strong>non</strong></span> <span class='ocrx_word' id='word_1_161' title='bbox 3382 819 3522 886; x_wconf 33' lang='lat' dir='ltr'><strong>peris</strong></span> 
     </span>
    </p>
   </div>
   <div class='ocr_carea' id='block_1_22' title="bbox 1943 906 3522 976">
    <p class='ocr_par' dir='ltr' id='par_1_22' title="bbox 1943 906 3522 976">
     <span class='ocr_line' id='line_1_22' title="bbox 1943 906 3522 976; baseline 0.002 -17"><span class='ocrx_word' id='word_1_162' title='bbox 1943 916 2064 960; x_wconf 86' lang='lat' dir='ltr'><strong>rent</strong></span> <span class='ocrx_word' id='word_1_163' title='bbox 2112 915 2425 976; x_wconf 86' lang='lat' dir='ltr'><strong>peccatores</strong></span> <span class='ocrx_word' id='word_1_164' title='bbox 2475 921 2488 959; x_wconf 91' lang='lat'><strong>:</strong></span> <span class='ocrx_word' id='word_1_165' title='bbox 2533 921 2722 960; x_wconf 86' lang='lat' dir='ltr'><strong>omnes</strong></span> <span class='ocrx_word' id='word_1_166' title='bbox 2774 907 2977 976; x_wconf 90' lang='lat' dir='ltr'><strong>pariter</strong></span> <span class='ocrx_word' id='word_1_167' title='bbox 3026 906 3405 971; x_wconf 77' lang='lat' dir='ltr'><strong>ahStincbant,</strong></span> <span class='ocrx_word' id='word_1_168' title='bbox 3465 917 3522 962; x_wconf 91' lang='lat' dir='ltr'><strong>ut</strong></span> 
     </span>
    </p>
   </div>
   <div class='ocr_carea' id='block_1_23' title="bbox 1940 996 3524 1067">
    <p class='ocr_par' dir='ltr' id='par_1_23' title="bbox 1940 996 3524 1067">
     <span class='ocr_line' id='line_1_23' title="bbox 1940 996 3524 1067; baseline 0 -16"><span class='ocrx_word' id='word_1_169' title='bbox 1940 1007 2162 1067; x_wconf 85' lang='lat' dir='ltr'><strong>peccata</strong></span> <span class='ocrx_word' id='word_1_170' title='bbox 2188 1013 2306 1067; x_wconf 62' lang='lat' dir='ltr'><strong>quae</strong></span> <span class='ocrx_word' id='word_1_171' title='bbox 2336 999 2402 1052; x_wconf 86' lang='lat' dir='ltr'><strong>ab</strong></span> <span class='ocrx_word' id='word_1_172' title='bbox 2433 997 2700 1066; x_wconf 74' lang='lat' dir='ltr'><strong>aliquibus</strong></span> <span class='ocrx_word' id='word_1_173' title='bbox 2723 997 3006 1050; x_wconf 83' lang='lat' dir='ltr'><strong>commissa</strong></span> <span class='ocrx_word' id='word_1_174' title='bbox 3045 996 3279 1061; x_wconf 89' lang='lat' dir='ltr'><strong>fuerant,</strong></span> <span class='ocrx_word' id='word_1_175' title='bbox 3315 997 3383 1051; x_wconf 90' lang='lat' dir='ltr'><strong>ab</strong></span> <span class='ocrx_word' id='word_1_176' title='bbox 3410 1013 3524 1051; x_wconf 89' lang='lat' dir='ltr'><strong>om-</strong></span> 
     </span>
    </p>
   </div>
   <div class='ocr_carea' id='block_1_24' title="bbox 1944 1087 3526 1152">
    <p class='ocr_par' dir='ltr' id='par_1_24' title="bbox 1944 1087 3526 1152">
     <span class='ocr_line' id='line_1_24' title="bbox 1944 1087 3526 1152; baseline -0.001 -9"><span class='ocrx_word' id='word_1_177' title='bbox 1944 1091 2103 1144; x_wconf 88' lang='lat' dir='ltr'><strong>nibus</strong></span> <span class='ocrx_word' id='word_1_178' title='bbox 2142 1089 2500 1144; x_wconf 73' lang='lat' dir='ltr'><strong>solverentur.</strong></span> <span class='ocrx_word' id='word_1_179' title='bbox 2530 1089 2606 1142; x_wconf 90' lang='lat' dir='ltr'><strong>lta</strong></span> <span class='ocrx_word' id='word_1_180' title='bbox 2636 1098 2689 1142; x_wconf 90' lang='lat' dir='ltr'><strong>ct</strong></span> <span class='ocrx_word' id='word_1_181' title='bbox 2725 1104 2844 1151; x_wconf 85' lang='lat' dir='ltr'><strong>nos,</strong></span> <span class='ocrx_word' id='word_1_182' title='bbox 2889 1087 3103 1152; x_wconf 83' lang='lat' dir='ltr'><strong>fratres,</strong></span> <span class='ocrx_word' id='word_1_183' title='bbox 3141 1104 3261 1141; x_wconf 85' lang='lat' dir='ltr'><strong>cum</strong></span> <span class='ocrx_word' id='word_1_184' title='bbox 3301 1103 3526 1143; x_wconf 84' lang='lat' dir='ltr'><strong>consen-</strong></span> 
     </span>
    </p>
   </div>
   <div class='ocr_carea' id='block_1_25' title="bbox 1945 1179 3526 1250">
    <p class='ocr_par' dir='ltr' id='par_1_25' title="bbox 1945 1179 3526 1250">
     <span class='ocr_line' id='line_1_25' title="bbox 1945 1179 3526 1250; baseline 0 -15"><span class='ocrx_word' id='word_1_185' title='bbox 1945 1182 2202 1235; x_wconf 84' lang='lat' dir='ltr'><strong>tientibus</strong></span> <span class='ocrx_word' id='word_1_186' title='bbox 2237 1181 2432 1234; x_wconf 83' lang='lat' dir='ltr'><strong>animis</strong></span> <span class='ocrx_word' id='word_1_187' title='bbox 2466 1191 2521 1234; x_wconf 91' lang='lat' dir='ltr'><strong>ct</strong></span> <span class='ocrx_word' id='word_1_188' title='bbox 2542 1181 2832 1250; x_wconf 72' lang='lat' dir='ltr'><strong>conspirzzti</strong></span> <span class='ocrx_word' id='word_1_189' title='bbox 2863 1179 2964 1234; x_wconf 80' lang='lat' dir='ltr'><strong>fide</strong></span> <span class='ocrx_word' id='word_1_190' title='bbox 3007 1181 3303 1235; x_wconf 85' lang='lat' dir='ltr'><strong>clamemus</strong></span> <span class='ocrx_word' id='word_1_191' title='bbox 3330 1183 3395 1234; x_wconf 89' lang='lat' dir='ltr'><strong>ad</strong></span> <span class='ocrx_word' id='word_1_192' title='bbox 3424 1182 3526 1235; x_wconf 90' lang='lat' dir='ltr'><strong>Do-</strong></span> 
     </span>
    </p>
   </div>
   <div class='ocr_carea' id='block_1_26' title="bbox 1945 1271 3526 1342">
    <p class='ocr_par' dir='ltr' id='par_1_26' title="bbox 1945 1271 3526 1342">
     <span class='ocr_line' id='line_1_26' title="bbox 1945 1271 3526 1342; baseline 0.001 -18"><span class='ocrx_word' id='word_1_193' title='bbox 1945 1273 2149 1326; x_wconf 87' lang='lat' dir='ltr'><strong>minum</strong></span> <span class='ocrx_word' id='word_1_194' title='bbox 2203 1273 2368 1326; x_wconf 83' lang='lat' dir='ltr'><strong>Deum</strong></span> <span class='ocrx_word' id='word_1_195' title='bbox 2423 1279 2710 1325; x_wconf 87' lang='lat' dir='ltr'><strong>nostrum:</strong></span> <span class='ocrx_word' id='word_1_196' title='bbox 2743 1271 3034 1324; x_wconf 83' lang='lat' dir='ltr'><strong>Adorcmus</strong></span> <span class='ocrx_word' id='word_1_197' title='bbox 3091 1282 3136 1325; x_wconf 85' lang='lat' dir='ltr'><strong>ct</strong></span> <span class='ocrx_word' id='word_1_198' title='bbox 3193 1274 3526 1342; x_wconf 66' lang='lat' dir='ltr'><strong>prociduam;</strong></span> 
     </span>
    </p>
   </div>
   <div class='ocr_carea' id='block_1_27' title="bbox 1943 1362 3525 1434">
    <p class='ocr_par' dir='ltr' id='par_1_27' title="bbox 1943 1362 3525 1434">
     <span class='ocr_line' id='line_1_27' title="bbox 1943 1362 3525 1434; baseline 0.001 -17"><span class='ocrx_word' id='word_1_199' title='bbox 1943 1373 2064 1417; x_wconf 82' lang='lat' dir='ltr'><strong>ante</strong></span> <span class='ocrx_word' id='word_1_200' title='bbox 2105 1363 2290 1426; x_wconf 79' lang='lat' dir='ltr'><strong>Deum,</strong></span> <span class='ocrx_word' id='word_1_201' title='bbox 2341 1362 2604 1432; x_wconf 81' lang='lat' dir='ltr'><strong>plorcnms</strong></span> <span class='ocrx_word' id='word_1_202' title='bbox 2633 1381 2808 1417; x_wconf 87' lang='lat' dir='ltr'><strong>coram</strong></span> <span class='ocrx_word' id='word_1_203' title='bbox 2857 1363 3082 1417; x_wconf 77' lang='lat' dir='ltr'><strong>Domino</strong></span> <span class='ocrx_word' id='word_1_204' title='bbox 3129 1365 3216 1434; x_wconf 76' lang='lat' dir='ltr'><strong>qui</strong></span> <span class='ocrx_word' id='word_1_205' title='bbox 3259 1365 3376 1434; x_wconf 78' lang='lat' dir='ltr'><strong>fecit</strong></span> <span class='ocrx_word' id='word_1_206' title='bbox 3410 1382 3525 1428; x_wconf 80' lang='lat' dir='ltr'><strong>nos,</strong></span> 
     </span>
    </p>
   </div>
   <div class='ocr_carea' id='block_1_28' title="bbox 1941 1453 3527 1526">
    <p class='ocr_par' dir='ltr' id='par_1_28' title="bbox 1941 1453 3527 1526">
     <span class='ocr_line' id='line_1_28' title="bbox 1941 1453 3527 1526; baseline 0.002 -20"><span class='ocrx_word' id='word_1_207' title='bbox 1941 1455 2069 1525; x_wconf 83' lang='lat' dir='ltr'><strong>quia</strong></span> <span class='ocrx_word' id='word_1_208' title='bbox 2113 1453 2222 1522; x_wconf 80' lang='lat' dir='ltr'><strong>ipse</strong></span> <span class='ocrx_word' id='word_1_209' title='bbox 2250 1464 2324 1507; x_wconf 81' lang='lat' dir='ltr'><strong>est</strong></span> <span class='ocrx_word' id='word_1_210' title='bbox 2353 1455 2608 1507; x_wconf 82' lang='lat' dir='ltr'><strong>Dominus</strong></span> <span class='ocrx_word' id='word_1_211' title='bbox 2637 1453 2778 1508; x_wconf 80' lang='lat' dir='ltr'><strong>Deus</strong></span> <span class='ocrx_word' id='word_1_212' title='bbox 2807 1464 2979 1507; x_wconf 71' lang='lat' dir='ltr'><strong>noster</strong></span> <span class='ocrx_word' id='word_1_213' title='bbox 3025 1453 3199 1523; x_wconf 81' lang='lat' dir='ltr'><strong>(Psal.</strong></span> <span class='ocrx_word' id='word_1_214' title='bbox 3233 1455 3399 1526; x_wconf 71' lang='grc' dir='ltr'><strong>κων),</strong></span> <span class='ocrx_word' id='word_1_215' title='bbox 3437 1470 3527 1526; x_wconf 83' lang='lat' dir='ltr'><strong>pa-</strong></span> 
     </span>
    </p>
   </div>
   <div class='ocr_carea' id='block_1_29' title="bbox 1947 1542 3530 1602">
    <p class='ocr_par' dir='ltr' id='par_1_29' title="bbox 1947 1542 3530 1602">
     <span class='ocr_line' id='line_1_29' title="bbox 1947 1542 3530 1602; baseline 0.003 -4"><span class='ocrx_word' id='word_1_216' title='bbox 1947 1545 2085 1598; x_wconf 90' lang='lat' dir='ltr'><strong>tiens</strong></span> <span class='ocrx_word' id='word_1_217' title='bbox 2105 1551 2159 1596; x_wconf 90' lang='lat' dir='ltr'><strong>ct</strong></span> <span class='ocrx_word' id='word_1_218' title='bbox 2184 1542 2409 1596; x_wconf 89' lang='lat' dir='ltr'><strong>multum</strong></span> <span class='ocrx_word' id='word_1_219' title='bbox 2439 1544 2769 1598; x_wconf 84' lang='lat' dir='ltr'><strong>misericors.</strong></span> <span class='ocrx_word' id='word_1_220' title='bbox 2809 1543 3101 1598; x_wconf 87' lang='lat' dir='ltr'><strong>Precemur</strong></span> <span class='ocrx_word' id='word_1_221' title='bbox 3125 1546 3271 1599; x_wconf 86' lang='lat' dir='ltr'><strong>illum</strong></span> <span class='ocrx_word' id='word_1_222' title='bbox 3299 1562 3420 1602; x_wconf 87' lang='lat' dir='ltr'><strong>cum</strong></span> <span class='ocrx_word' id='word_1_223' title='bbox 3451 1545 3530 1602; x_wconf 85' lang='lat' dir='ltr'><strong>la—</strong></span> 
     </span>
    </p>
   </div>
   <div class='ocr_carea' id='block_1_30' title="bbox 1945 1635 3530 1706">
    <p class='ocr_par' dir='ltr' id='par_1_30' title="bbox 1945 1635 3530 1706">
     <span class='ocr_line' id='line_1_30' title="bbox 1945 1635 3530 1706; baseline 0.003 -18"><span class='ocrx_word' id='word_1_224' title='bbox 1945 1635 2144 1706; x_wconf 80' lang='lat' dir='ltr'><strong>crymis</strong></span> <span class='ocrx_word' id='word_1_225' title='bbox 2192 1643 2246 1688; x_wconf 90' lang='lat' dir='ltr'><strong>et</strong></span> <span class='ocrx_word' id='word_1_226' title='bbox 2294 1635 2516 1704; x_wconf 82' lang='lat' dir='ltr'><strong>gemitu,</strong></span> <span class='ocrx_word' id='word_1_227' title='bbox 2569 1644 2629 1688; x_wconf 91' lang='lat' dir='ltr'><strong>ut</strong></span> <span class='ocrx_word' id='word_1_228' title='bbox 2667 1643 3041 1697; x_wconf 88' lang='lat' dir='ltr'><strong>convertatur,</strong></span> <span class='ocrx_word' id='word_1_229' title='bbox 3077 1645 3130 1690; x_wconf 88' lang='lat' dir='ltr'><strong>et</strong></span> <span class='ocrx_word' id='word_1_230' title='bbox 3161 1636 3424 1706; x_wconf 82' lang='lat' dir='ltr'><strong>ignoscat,</strong></span> <span class='ocrx_word' id='word_1_231' title='bbox 3473 1647 3530 1693; x_wconf 89' lang='lat' dir='ltr'><strong>et</strong></span> 
     </span>
    </p>
   </div>
   <div class='ocr_carea' id='block_1_31' title="bbox 1945 1723 3527 1799">
    <p class='ocr_par' dir='ltr' id='par_1_31' title="bbox 1945 1723 3527 1799">
     <span class='ocr_line' id='line_1_31' title="bbox 1945 1723 3527 1799; baseline 0.003 -22"><span class='ocrx_word' id='word_1_232' title='bbox 1945 1734 2249 1779; x_wconf 83' lang='lat' dir='ltr'><strong>revertatur</strong></span> <span class='ocrx_word' id='word_1_233' title='bbox 2269 1741 2299 1777; x_wconf 92' lang='lat' dir='ltr'><strong>a</strong></span> <span class='ocrx_word' id='word_1_234' title='bbox 2329 1723 2509 1779; x_wconf 87' lang='lat' dir='ltr'><strong>furore</strong></span> <span class='ocrx_word' id='word_1_235' title='bbox 2533 1724 2624 1778; x_wconf 57' lang='lat' dir='ltr'><strong>irte</strong></span> <span class='ocrx_word' id='word_1_236' title='bbox 2644 1740 2774 1789; x_wconf 63' lang='lat' dir='ltr'><strong>suae,</strong></span> <span class='ocrx_word' id='word_1_237' title='bbox 2802 1734 2855 1779; x_wconf 91' lang='lat' dir='ltr'><strong>et</strong></span> <span class='ocrx_word' id='word_1_238' title='bbox 2879 1739 2984 1779; x_wconf 83' lang='lat' dir='ltr'><strong>non</strong></span> <span class='ocrx_word' id='word_1_239' title='bbox 3009 1742 3309 1795; x_wconf 88' lang='lat' dir='ltr'><strong>pereamus.</strong></span> <span class='ocrx_word' id='word_1_240' title='bbox 3336 1728 3527 1799; x_wconf 90' lang='lat' dir='ltr'><strong>lgitur,</strong></span> 
     </span>
    </p>
   </div>
   <div class='ocr_carea' id='block_1_32' title="bbox 249 1808 3526 1888">
    <p class='ocr_par' dir='ltr' id='par_1_32' title="bbox 249 1808 3526 1888">
     <span class='ocr_line' id='line_1_32' title="bbox 249 1808 3526 1888; baseline -0.001 -12"><span class='ocrx_word' id='word_1_241' title='bbox 249 1813 350 1880; x_wconf 78' lang='lat' dir='ltr'><strong>cit.</strong></span> <span class='ocrx_word' id='word_1_242' title='bbox 400 1819 492 1876; x_wconf 85' lang='lat' dir='ltr'><strong>Sic</strong></span> <span class='ocrx_word' id='word_1_243' title='bbox 548 1819 677 1874; x_wconf 87' lang='lat' dir='ltr'><strong>fecit</strong></span> <span class='ocrx_word' id='word_1_244' title='bbox 717 1826 905 1874; x_wconf 91' lang='lat' dir='ltr'><strong>contra</strong></span> <span class='ocrx_word' id='word_1_245' title='bbox 958 1817 1191 1888; x_wconf 89' lang='lat' dir='ltr'><strong>primum</strong></span> <span class='ocrx_word' id='word_1_246' title='bbox 1251 1817 1524 1872; x_wconf 82' lang='lat' dir='ltr'><strong>hominem</strong></span> <span class='ocrx_word' id='word_1_247' title='bbox 1573 1814 1658 1870; x_wconf 89' lang='lat' dir='ltr'><strong>cui</strong></span> <span class='ocrx_word' id='word_1_248' title='bbox 1700 1813 1841 1868; x_wconf 89' lang='lat' dir='ltr'><strong>Deus</strong></span> <span class='ocrx_word' id='word_1_249' title='bbox 1876 1808 1914 1864; x_wconf 76' lang='grc' dir='ltr'>Β</span> <span class='ocrx_word' id='word_1_250' title='bbox 1944 1813 2162 1879; x_wconf 86' lang='lat' dir='ltr'><strong>fratres,</strong></span> <span class='ocrx_word' id='word_1_251' title='bbox 2203 1813 2345 1883; x_wconf 87' lang='lat' dir='ltr'><strong>quod</strong></span> <span class='ocrx_word' id='word_1_252' title='bbox 2383 1814 2538 1868; x_wconf 84' lang='lat' dir='ltr'><strong>valde</strong></span> <span class='ocrx_word' id='word_1_253' title='bbox 2592 1813 2879 1869; x_wconf 74' lang='lat' dir='ltr'><strong>dolendum</strong></span> <span class='ocrx_word' id='word_1_254' title='bbox 2922 1826 3022 1878; x_wconf 86' lang='lat' dir='ltr'><strong>est,</strong></span> <span class='ocrx_word' id='word_1_255' title='bbox 3072 1817 3233 1886; x_wconf 79' lang='lat' dir='ltr'><strong>aliqui</strong></span> <span class='ocrx_word' id='word_1_256' title='bbox 3285 1827 3526 1872; x_wconf 83' lang='lat' dir='ltr'><strong>vestrum</strong></span> 
     </span>
    </p>
   </div>
   <div class='ocr_carea' id='block_1_33' title="bbox 249 1899 1843 1996">
    <p class='ocr_par' dir='ltr' id='par_1_33' title="bbox 249 1899 1843 1996">
     <span class='ocr_line' id='line_1_33' title="bbox 249 1899 1843 1996; baseline -0.006 -29"><span class='ocrx_word' id='word_1_257' title='bbox 249 1899 515 1996; x_wconf 59' lang='lat' dir='ltr'><strong>d’ixerat:</strong></span> <span class='ocrx_word' id='word_1_258' title='bbox 557 1909 674 1976; x_wconf 82' lang='lat' dir='ltr'><strong>Qua</strong></span> <span class='ocrx_word' id='word_1_259' title='bbox 716 1909 800 1962; x_wconf 84' lang='lat' dir='ltr'><strong>die</strong></span> <span class='ocrx_word' id='word_1_260' title='bbox 827 1907 1265 1962; x_wconf 80' lang='lat' dir='ltr'><strong>manducaveritis</strong></span> <span class='ocrx_word' id='word_1_261' title='bbox 1296 1923 1362 1960; x_wconf 58' lang='lat' dir='ltr'><strong>ea:</strong></span> <span class='ocrx_word' id='word_1_262' title='bbox 1406 1923 1488 1972; x_wconf 88' lang='lat' dir='ltr'><strong>eo,</strong></span> <span class='ocrx_word' id='word_1_263' title='bbox 1525 1915 1687 1960; x_wconf 85' lang='lat' dir='ltr'><strong>morte</strong></span> <span class='ocrx_word' id='word_1_264' title='bbox 1731 1921 1843 1959; x_wconf 88' lang='lat' dir='ltr'><strong>mo-</strong></span> 
     </span>
    </p>
   </div>
   <div class='ocr_carea' id='block_1_34' title="bbox 250 1997 1845 2071">
    <p class='ocr_par' dir='ltr' id='par_1_34' title="bbox 250 1997 1845 2071">
     <span class='ocr_line' id='line_1_34' title="bbox 250 1997 1845 2071; baseline -0.004 -15"><span class='ocrx_word' id='word_1_265' title='bbox 250 1999 465 2070; x_wconf 61' lang='lat' dir='ltr'><strong>riemini</strong></span> <span class='ocrx_word' id='word_1_266' title='bbox 497 1998 649 2071; x_wconf 82' lang='lat' dir='ltr'><strong>(Gen.</strong></span> <span class='ocrx_word' id='word_1_267' title='bbox 689 1999 780 2071; x_wconf 89' lang='grc' dir='ltr'>ιι);</span> <span class='ocrx_word' id='word_1_268' title='bbox 814 1999 962 2052; x_wconf 84' lang='lat' dir='ltr'><strong>venit</strong></span> <span class='ocrx_word' id='word_1_269' title='bbox 1007 1998 1258 2053; x_wconf 88' lang='lat' dir='ltr'><strong>inimicus</strong></span> <span class='ocrx_word' id='word_1_270' title='bbox 1291 2007 1345 2053; x_wconf 92' lang='lat' dir='ltr'><strong>et</strong></span> <span class='ocrx_word' id='word_1_271' title='bbox 1376 1999 1490 2052; x_wconf 88' lang='lat' dir='ltr'><strong>ait:</strong></span> <span class='ocrx_word' id='word_1_272' title='bbox 1523 1997 1647 2051; x_wconf 86' lang='lat' dir='ltr'><strong>Non</strong></span> <span class='ocrx_word' id='word_1_273' title='bbox 1681 2006 1845 2050; x_wconf 84' lang='lat' dir='ltr'><strong>morte</strong></span> 
     </span>
    </p>
   </div>
   <div class='ocr_carea' id='block_1_35' title="bbox 159 2087 1845 2159">
    <p class='ocr_par' dir='ltr' id='par_1_35' title="bbox 159 2087 1845 2159">
     <span class='ocr_line' id='line_1_35' title="bbox 159 2087 1845 2159; baseline -0.005 -12"><span class='ocrx_word' id='word_1_274' title='bbox 159 2152 163 2153; x_wconf 26' lang='grc' dir='ltr'><em>ν</em></span> <span class='ocrx_word' id='word_1_275' title='bbox 250 2092 574 2156; x_wconf 70' lang='lat' dir='ltr'><strong>moriemini,</strong></span> <span class='ocrx_word' id='word_1_276' title='bbox 602 2089 695 2145; x_wconf 87' lang='lat' dir='ltr'><strong>sed</strong></span> <span class='ocrx_word' id='word_1_277' title='bbox 717 2091 1030 2159; x_wconf 86' lang='lat' dir='ltr'><strong>aperientur</strong></span> <span class='ocrx_word' id='word_1_278' title='bbox 1050 2089 1193 2144; x_wconf 90' lang='lat' dir='ltr'><strong>oculi</strong></span> <span class='ocrx_word' id='word_1_279' title='bbox 1233 2089 1423 2154; x_wconf 90' lang='lat' dir='ltr'><strong>vestri,</strong></span> <span class='ocrx_word' id='word_1_280' title='bbox 1451 2097 1506 2143; x_wconf 90' lang='lat' dir='ltr'><strong>et</strong></span> <span class='ocrx_word' id='word_1_281' title='bbox 1543 2087 1686 2140; x_wconf 79' lang='lat' dir='ltr'><strong>eritis</strong></span> <span class='ocrx_word' id='word_1_282' title='bbox 1711 2087 1845 2140; x_wconf 77' lang='lat' dir='ltr'><strong>sicut</strong></span> 
     </span>
    </p>
   </div>
   <div class='ocr_carea' id='block_1_36' title="bbox 249 2177 1848 2254">
    <p class='ocr_par' dir='ltr' id='par_1_36' title="bbox 249 2177 1848 2254">
     <span class='ocr_line' id='line_1_36' title="bbox 249 2177 1848 2254; baseline -0.006 -17"><span class='ocrx_word' id='word_1_283' title='bbox 249 2184 334 2243; x_wconf 74' lang='lat' dir='ltr'><strong>dii</strong></span> <span class='ocrx_word' id='word_1_284' title='bbox 373 2182 581 2254; x_wconf 83' lang='lat' dir='ltr'><strong>(lbid.).</strong></span> <span class='ocrx_word' id='word_1_285' title='bbox 625 2179 857 2235; x_wconf 89' lang='lat' dir='ltr'><strong>Dimissa</strong></span> <span class='ocrx_word' id='word_1_286' title='bbox 896 2188 980 2234; x_wconf 89' lang='lat' dir='ltr'><strong>est</strong></span> <span class='ocrx_word' id='word_1_287' title='bbox 1028 2179 1252 2234; x_wconf 89' lang='lat' dir='ltr'><strong>minatio</strong></span> <span class='ocrx_word' id='word_1_288' title='bbox 1285 2179 1399 2244; x_wconf 86' lang='lat' dir='ltr'><strong>Dei,</strong></span> <span class='ocrx_word' id='word_1_289' title='bbox 1433 2185 1488 2233; x_wconf 92' lang='lat' dir='ltr'><strong>et</strong></span> <span class='ocrx_word' id='word_1_290' title='bbox 1534 2177 1715 2232; x_wconf 88' lang='lat' dir='ltr'><strong>audita</strong></span> <span class='ocrx_word' id='word_1_291' title='bbox 1765 2183 1848 2230; x_wconf 90' lang='lat' dir='ltr'><strong>est</strong></span> 
     </span>
    </p>
   </div>
   <div class='ocr_carea' id='block_1_37' title="bbox 252 2271 1849 2348">
    <p class='ocr_par' dir='ltr' id='par_1_37' title="bbox 252 2271 1849 2348">
     <span class='ocr_line' id='line_1_37' title="bbox 252 2271 1849 2348; baseline -0.006 -16"><span class='ocrx_word' id='word_1_292' title='bbox 252 2275 549 2348; x_wconf 85' lang='lat' dir='ltr'><strong>promissio</strong></span> <span class='ocrx_word' id='word_1_293' title='bbox 578 2273 796 2328; x_wconf 87' lang='lat' dir='ltr'><strong>diaboli.</strong></span> <span class='ocrx_word' id='word_1_294' title='bbox 847 2271 1099 2343; x_wconf 80' lang='lat' dir='ltr'><strong>Nunquid</strong></span> <span class='ocrx_word' id='word_1_295' title='bbox 1141 2273 1361 2342; x_wconf 87' lang='lat' dir='ltr'><strong>profuit,</strong></span> <span class='ocrx_word' id='word_1_296' title='bbox 1404 2272 1529 2340; x_wconf 89' lang='lat' dir='ltr'><strong>quia</strong></span> <span class='ocrx_word' id='word_1_297' title='bbox 1557 2271 1693 2326; x_wconf 81' lang='lat' dir='ltr'><strong>dixit</strong></span> <span class='ocrx_word' id='word_1_298' title='bbox 1731 2285 1849 2324; x_wconf 90' lang='lat' dir='ltr'><strong>mu-</strong></span> 
     </span>
    </p>
   </div>
   <div class='ocr_carea' id='block_1_38' title="bbox 256 2360 1850 2435">
    <p class='ocr_par' dir='ltr' id='par_1_38' title="bbox 256 2360 1850 2435">
     <span class='ocr_line' id='line_1_38' title="bbox 256 2360 1850 2435; baseline -0.006 -13"><span class='ocrx_word' id='word_1_299' title='bbox 256 2369 361 2423; x_wconf 90' lang='lat' dir='ltr'><strong>lier</strong></span> <span class='ocrx_word' id='word_1_300' title='bbox 388 2381 403 2420; x_wconf 88' lang='lat'><strong>:</strong></span> <span class='ocrx_word' id='word_1_301' title='bbox 437 2365 658 2435; x_wconf 78' lang='lat' dir='ltr'><strong>Serpens</strong></span> <span class='ocrx_word' id='word_1_302' title='bbox 679 2365 876 2434; x_wconf 80' lang='lat' dir='ltr'><strong>decepit</strong></span> <span class='ocrx_word' id='word_1_303' title='bbox 901 2379 1015 2428; x_wconf 85' lang='lat' dir='ltr'><strong>me;</strong></span> <span class='ocrx_word' id='word_1_304' title='bbox 1055 2362 1300 2431; x_wconf 88' lang='lat' dir='ltr'><strong>nunquid</strong></span> <span class='ocrx_word' id='word_1_305' title='bbox 1337 2360 1661 2416; x_wconf 85' lang='lat' dir='ltr'><strong>defendebat</strong></span> <span class='ocrx_word' id='word_1_306' title='bbox 1687 2375 1850 2414; x_wconf 77' lang='lat' dir='ltr'><strong>excu-</strong></span> 
     </span>
    </p>
   </div>
   <div class='ocr_carea' id='block_1_39' title="bbox 256 2451 1851 2521">
    <p class='ocr_par' dir='ltr' id='par_1_39' title="bbox 256 2451 1851 2521">
     <span class='ocr_line' id='line_1_39' title="bbox 256 2451 1851 2521; baseline -0.004 -9"><span class='ocrx_word' id='word_1_307' title='bbox 256 2458 422 2521; x_wconf 85' lang='lat' dir='ltr'><strong>satio,</strong></span> <span class='ocrx_word' id='word_1_308' title='bbox 466 2462 521 2508; x_wconf 89' lang='lat' dir='ltr'><strong>et</strong></span> <span class='ocrx_word' id='word_1_309' title='bbox 551 2469 658 2509; x_wconf 91' lang='lat' dir='ltr'><strong>non</strong></span> <span class='ocrx_word' id='word_1_310' title='bbox 708 2461 792 2509; x_wconf 90' lang='lat' dir='ltr'><strong>est</strong></span> <span class='ocrx_word' id='word_1_311' title='bbox 825 2461 1010 2509; x_wconf 89' lang='lat' dir='ltr'><strong>secuta</strong></span> <span class='ocrx_word' id='word_1_312' title='bbox 1052 2452 1362 2507; x_wconf 86' lang='lat' dir='ltr'><strong>damnatio?</strong></span> <span class='ocrx_word' id='word_1_313' title='bbox 1403 2451 1580 2506; x_wconf 79' lang='lat' dir='ltr'><strong>Nolite</strong></span> <span class='ocrx_word' id='word_1_314' title='bbox 1611 2451 1851 2520; x_wconf 82' lang='lat' dir='ltr'><strong>recipere</strong></span> 
     </span>
    </p>
   </div>
   <div class='ocr_carea' id='block_1_40' title="bbox 251 2542 1848 2620">
    <p class='ocr_par' dir='ltr' id='par_1_40' title="bbox 251 2542 1848 2620">
     <span class='ocr_line' id='line_1_40' title="bbox 251 2542 1848 2620; baseline -0.004 -20"><span class='ocrx_word' id='word_1_315' title='bbox 251 2546 706 2620; x_wconf 83' lang='lat' dir='ltr'><strong>pollicitationem</strong></span> <span class='ocrx_word' id='word_1_316' title='bbox 733 2543 950 2608; x_wconf 87' lang='lat' dir='ltr'><strong>diaboli,</strong></span> <span class='ocrx_word' id='word_1_317' title='bbox 977 2543 1067 2612; x_wconf 89' lang='lat' dir='ltr'><strong>qui</strong></span> <span class='ocrx_word' id='word_1_318' title='bbox 1099 2556 1226 2597; x_wconf 85' lang='lat' dir='ltr'><strong>vere</strong></span> <span class='ocrx_word' id='word_1_319' title='bbox 1267 2542 1517 2596; x_wconf 91' lang='lat' dir='ltr'><strong>inimicus</strong></span> <span class='ocrx_word' id='word_1_320' title='bbox 1537 2549 1622 2596; x_wconf 92' lang='lat' dir='ltr'><strong>est</strong></span> <span class='ocrx_word' id='word_1_321' title='bbox 1646 2549 1848 2605; x_wconf 85' lang='lat' dir='ltr'><strong>vester,</strong></span> 
     </span>
    </p>
   </div>
   <div class='ocr_carea' id='block_1_41' title="bbox 256 2632 1851 2706">
    <p class='ocr_par' dir='ltr' id='par_1_41' title="bbox 256 2632 1851 2706">
     <span class='ocr_line' id='line_1_41' title="bbox 256 2632 1851 2706; baseline -0.005 -12"><span class='ocrx_word' id='word_1_322' title='bbox 256 2639 357 2694; x_wconf 84' lang='lat' dir='ltr'><strong>sed</strong></span> <span class='ocrx_word' id='word_1_323' title='bbox 407 2637 587 2692; x_wconf 77' lang='lat' dir='ltr'><strong>audite</strong></span> <span class='ocrx_word' id='word_1_324' title='bbox 621 2635 793 2706; x_wconf 85' lang='lat' dir='ltr'><strong>magis</strong></span> <span class='ocrx_word' id='word_1_325' title='bbox 847 2643 1173 2704; x_wconf 77' lang='lat' dir='ltr'><strong>przeceptum</strong></span> <span class='ocrx_word' id='word_1_326' title='bbox 1201 2632 1403 2688; x_wconf 85' lang='lat' dir='ltr'><strong>Christi</strong></span> <span class='ocrx_word' id='word_1_327' title='bbox 1450 2633 1541 2702; x_wconf 90' lang='lat' dir='ltr'><strong>qui</strong></span> <span class='ocrx_word' id='word_1_328' title='bbox 1571 2647 1666 2687; x_wconf 89' lang='lat' dir='ltr'><strong>vos</strong></span> <span class='ocrx_word' id='word_1_329' title='bbox 1698 2633 1851 2687; x_wconf 80' lang='lat' dir='ltr'><strong>rede-</strong></span> 
     </span>
    </p>
   </div>
   <div class='ocr_carea' id='block_1_42' title="bbox 255 2721 1853 2798">
    <p class='ocr_par' dir='ltr' id='par_1_42' title="bbox 255 2721 1853 2798">
     <span class='ocr_line' id='line_1_42' title="bbox 255 2721 1853 2798; baseline -0.005 -13"><span class='ocrx_word' id='word_1_330' title='bbox 255 2731 383 2794; x_wconf 80' lang='lat' dir='ltr'><strong>init,</strong></span> <span class='ocrx_word' id='word_1_331' title='bbox 428 2739 482 2783; x_wconf 91' lang='lat' dir='ltr'><strong>et</strong></span> <span class='ocrx_word' id='word_1_332' title='bbox 511 2728 901 2798; x_wconf 89' lang='lat' dir='ltr'><strong>sempiternum</strong></span> <span class='ocrx_word' id='word_1_333' title='bbox 943 2726 1096 2780; x_wconf 86' lang='lat' dir='ltr'><strong>vobis</strong></span> <span class='ocrx_word' id='word_1_334' title='bbox 1124 2724 1272 2780; x_wconf 87' lang='lat' dir='ltr'><strong>dedit</strong></span> <span class='ocrx_word' id='word_1_335' title='bbox 1314 2739 1558 2794; x_wconf 87' lang='lat' dir='ltr'><strong>regnum.</strong></span> <span class='ocrx_word' id='word_1_336' title='bbox 1593 2721 1687 2778; x_wconf 90' lang='lat' dir='ltr'><strong>Sic</strong></span> <span class='ocrx_word' id='word_1_337' title='bbox 1726 2736 1853 2793; x_wconf 87' lang='lat' dir='ltr'><strong>per-</strong></span> 
     </span>
    </p>
   </div>
   <div class='ocr_carea' id='block_1_43' title="bbox 256 2815 1854 2890">
    <p class='ocr_par' dir='ltr' id='par_1_43' title="bbox 256 2815 1854 2890">
     <span class='ocr_line' id='line_1_43' title="bbox 256 2815 1854 2890; baseline -0.006 -13"><span class='ocrx_word' id='word_1_338' title='bbox 256 2822 407 2890; x_wconf 81' lang='lat' dir='ltr'><strong>agite</strong></span> <span class='ocrx_word' id='word_1_339' title='bbox 442 2821 557 2876; x_wconf 89' lang='lat' dir='ltr'><strong>dies</strong></span> <span class='ocrx_word' id='word_1_340' title='bbox 585 2820 719 2873; x_wconf 91' lang='lat' dir='ltr'><strong>istos</strong></span> <span class='ocrx_word' id='word_1_341' title='bbox 763 2817 982 2882; x_wconf 63' lang='lat' dir='ltr'><strong>laetitiae,</strong></span> <span class='ocrx_word' id='word_1_342' title='bbox 1009 2825 1067 2871; x_wconf 92' lang='lat' dir='ltr'><strong>ut</strong></span> <span class='ocrx_word' id='word_1_343' title='bbox 1093 2817 1159 2870; x_wconf 90' lang='lat' dir='ltr'><strong>ad</strong></span> <span class='ocrx_word' id='word_1_344' title='bbox 1185 2831 1372 2870; x_wconf 80' lang='lat' dir='ltr'><strong>veram</strong></span> <span class='ocrx_word' id='word_1_345' title='bbox 1403 2817 1455 2869; x_wconf 94' lang='lat' dir='ltr'><strong>in</strong></span> <span class='ocrx_word' id='word_1_346' title='bbox 1484 2815 1636 2870; x_wconf 63' lang='lat' dir='ltr'><strong>caelis</strong></span> <span class='ocrx_word' id='word_1_347' title='bbox 1664 2830 1854 2885; x_wconf 87' lang='lat' dir='ltr'><strong>perve-</strong></span> 
     </span>
    </p>
   </div>
   <div class='ocr_carea' id='block_1_44' title="bbox 255 2905 1850 2983">
    <p class='ocr_par' dir='ltr' id='par_1_44' title="bbox 255 2905 1850 2983">
     <span class='ocr_line' id='line_1_44' title="bbox 255 2905 1850 2983; baseline -0.006 -15"><span class='ocrx_word' id='word_1_348' title='bbox 255 2914 383 2969; x_wconf 87' lang='lat' dir='ltr'><strong>nire</strong></span> <span class='ocrx_word' id='word_1_349' title='bbox 429 2911 646 2983; x_wconf 83' lang='lat' dir='ltr'><strong>possitis</strong></span> <span class='ocrx_word' id='word_1_350' title='bbox 686 2908 953 2974; x_wconf 71' lang='lat' dir='ltr'><strong>laetitiam,</strong></span> <span class='ocrx_word' id='word_1_351' title='bbox 985 2915 1039 2962; x_wconf 93' lang='lat' dir='ltr'><strong>et</strong></span> <span class='ocrx_word' id='word_1_352' title='bbox 1081 2908 1159 2961; x_wconf 90' lang='lat' dir='ltr'><strong>sic</strong></span> <span class='ocrx_word' id='word_1_353' title='bbox 1184 2907 1389 2961; x_wconf 86' lang='lat' dir='ltr'><strong>Pascha</strong></span> <span class='ocrx_word' id='word_1_354' title='bbox 1418 2906 1560 2960; x_wconf 86' lang='lat' dir='ltr'><strong>istud</strong></span> <span class='ocrx_word' id='word_1_355' title='bbox 1589 2905 1850 2959; x_wconf 90' lang='lat' dir='ltr'><strong>transito-</strong></span> 
     </span>
    </p>
   </div>
   <div class='ocr_carea' id='block_1_45' title="bbox 261 2997 1853 3071">
    <p class='ocr_par' dir='ltr' id='par_1_45' title="bbox 261 2997 1853 3071">
     <span class='ocr_line' id='line_1_45' title="bbox 261 2997 1853 3071; baseline -0.007 -10"><span class='ocrx_word' id='word_1_356' title='bbox 261 3009 408 3061; x_wconf 84' lang='lat' dir='ltr'><strong>rium</strong></span> <span class='ocrx_word' id='word_1_357' title='bbox 453 3005 612 3060; x_wconf 83' lang='lat' dir='ltr'><strong>modo</strong></span> <span class='ocrx_word' id='word_1_358' title='bbox 635 3002 921 3058; x_wconf 86' lang='lat' dir='ltr'><strong>celebretis</strong></span> <span class='ocrx_word' id='word_1_359' title='bbox 940 3043 954 3065; x_wconf 96' lang='lat'><strong>,</strong></span> <span class='ocrx_word' id='word_1_360' title='bbox 985 2999 1220 3071; x_wconf 85' lang='lat' dir='ltr'><strong>qualiter</strong></span> <span class='ocrx_word' id='word_1_361' title='bbox 1246 3013 1367 3053; x_wconf 90' lang='lat' dir='ltr'><strong>cum</strong></span> <span class='ocrx_word' id='word_1_362' title='bbox 1392 2997 1607 3053; x_wconf 88' lang='lat' dir='ltr'><strong>Christo</strong></span> <span class='ocrx_word' id='word_1_363' title='bbox 1643 3009 1700 3051; x_wconf 86' lang='lat' dir='ltr'><strong>et</strong></span> <span class='ocrx_word' id='word_1_364' title='bbox 1728 3011 1853 3051; x_wconf 83' lang='lat' dir='ltr'><strong>san-</strong></span> 
     </span>
    </p>
   </div>
   <div class='ocr_carea' id='block_1_46' title="bbox 257 3091 1853 3166">
    <p class='ocr_par' dir='ltr' id='par_1_46' title="bbox 257 3091 1853 3166">
     <span class='ocr_line' id='line_1_46' title="bbox 257 3091 1853 3166; baseline -0.007 -13"><span class='ocrx_word' id='word_1_365' title='bbox 257 3098 368 3153; x_wconf 89' lang='lat' dir='ltr'><strong>ctis</strong></span> <span class='ocrx_word' id='word_1_366' title='bbox 396 3096 601 3166; x_wconf 81' lang='lat' dir='ltr'><strong>angelis</strong></span> <span class='ocrx_word' id='word_1_367' title='bbox 649 3094 766 3165; x_wconf 85' lang='lat' dir='ltr'><strong>ejus</strong></span> <span class='ocrx_word' id='word_1_368' title='bbox 811 3095 864 3148; x_wconf 92' lang='lat' dir='ltr'><strong>in</strong></span> <span class='ocrx_word' id='word_1_369' title='bbox 893 3101 1154 3148; x_wconf 86' lang='lat' dir='ltr'><strong>aeternum</strong></span> <span class='ocrx_word' id='word_1_370' title='bbox 1209 3091 1514 3162; x_wconf 74' lang='lat' dir='ltr'><strong>gaudeatis,</strong></span> <span class='ocrx_word' id='word_1_371' title='bbox 1562 3097 1853 3160; x_wconf 72' lang='lat' dir='ltr'><strong>przestante</strong></span> 
     </span>
    </p>
   </div>
   <div class='ocr_carea' id='block_1_47' title="bbox 259 3183 1853 3261">
    <p class='ocr_par' dir='ltr' id='par_1_47' title="bbox 259 3183 1853 3261">
     <span class='ocr_line' id='line_1_47' title="bbox 259 3183 1853 3261; baseline -0.006 -15"><span class='ocrx_word' id='word_1_372' title='bbox 259 3193 382 3261; x_wconf 84' lang='lat' dir='ltr'><strong>ipso</strong></span> <span class='ocrx_word' id='word_1_373' title='bbox 413 3189 775 3258; x_wconf 76' lang='lat' dir='ltr'><strong>Redemptore</strong></span> <span class='ocrx_word' id='word_1_374' title='bbox 819 3197 1024 3250; x_wconf 90' lang='lat' dir='ltr'><strong>nostro,</strong></span> <span class='ocrx_word' id='word_1_375' title='bbox 1075 3186 1168 3255; x_wconf 89' lang='lat' dir='ltr'><strong>qui</strong></span> <span class='ocrx_word' id='word_1_376' title='bbox 1212 3201 1335 3241; x_wconf 91' lang='lat' dir='ltr'><strong>cum</strong></span> <span class='ocrx_word' id='word_1_377' title='bbox 1364 3185 1525 3240; x_wconf 87' lang='lat' dir='ltr'><strong>Patre</strong></span> <span class='ocrx_word' id='word_1_378' title='bbox 1551 3194 1607 3239; x_wconf 90' lang='lat' dir='ltr'><strong>et</strong></span> <span class='ocrx_word' id='word_1_379' title='bbox 1647 3183 1853 3254; x_wconf 85' lang='lat' dir='ltr'><strong>Spiritu</strong></span> 
     </span>
    </p>
   </div>
   <div class='ocr_carea' id='block_1_48' title="bbox 258 3275 1856 3350">
    <p class='ocr_par' dir='ltr' id='par_1_48' title="bbox 258 3275 1856 3350">
     <span class='ocr_line' id='line_1_48' title="bbox 258 3275 1856 3350; baseline -0.007 -9"><span class='ocrx_word' id='word_1_380' title='bbox 258 3293 456 3341; x_wconf 84' lang='lat' dir='ltr'><strong>saneto</strong></span> <span class='ocrx_word' id='word_1_381' title='bbox 485 3283 621 3335; x_wconf 85' lang='lat' dir='ltr'><strong>vivit</strong></span> <span class='ocrx_word' id='word_1_382' title='bbox 646 3287 701 3335; x_wconf 91' lang='lat' dir='ltr'><strong>et</strong></span> <span class='ocrx_word' id='word_1_383' title='bbox 723 3287 915 3350; x_wconf 87' lang='lat' dir='ltr'><strong>regnat</strong></span> <span class='ocrx_word' id='word_1_384' title='bbox 938 3279 1100 3344; x_wconf 89' lang='lat' dir='ltr'><strong>Deus,</strong></span> <span class='ocrx_word' id='word_1_385' title='bbox 1128 3292 1224 3348; x_wconf 90' lang='lat' dir='ltr'><strong>per</strong></span> <span class='ocrx_word' id='word_1_386' title='bbox 1252 3277 1435 3333; x_wconf 89' lang='lat' dir='ltr'><strong>omnia</strong></span> <span class='ocrx_word' id='word_1_387' title='bbox 1467 3275 1663 3332; x_wconf 69' lang='lat' dir='ltr'><strong>saecula</strong></span> <span class='ocrx_word' id='word_1_388' title='bbox 1685 3291 1856 3332; x_wconf 75' lang='lat' dir='ltr'><strong>saecu-</strong></span> 
     </span>
    </p>
   </div>
   <div class='ocr_carea' id='block_1_49' title="bbox 260 3375 696 3434">
    <p class='ocr_par' dir='ltr' id='par_1_49' title="bbox 260 3375 696 3434">
     <span class='ocr_line' id='line_1_49' title="bbox 260 3375 696 3434; baseline -0.007 -5"><span class='ocrx_word' id='word_1_389' title='bbox 260 3377 461 3434; x_wconf 89' lang='lat' dir='ltr'><strong>lorum.</strong></span> <span class='ocrx_word' id='word_1_390' title='bbox 502 3375 696 3429; x_wconf 84' lang='lat' dir='ltr'><strong>Amen.</strong></span> 
     </span>
    </p>
   </div>
   <div class='ocr_carea' id='block_1_50' title="bbox 827 3441 1292 3500">
    <p class='ocr_par' dir='ltr' id='par_1_50' title="bbox 827 3441 1292 3500">
     <span class='ocr_line' id='line_1_50' title="bbox 827 3441 1292 3500; baseline -0.009 -2"><span class='ocrx_word' id='word_1_391' title='bbox 827 3441 1111 3500; x_wconf 79' lang='lat' dir='ltr'><strong>llOMlLlA</strong></span> <span class='ocrx_word' id='word_1_392' title='bbox 1149 3441 1292 3495; x_wconf 79' lang='lat' dir='ltr'><strong>XIX.</strong></span> 
     </span>
    </p>
   </div>
   <div class='ocr_carea' id='block_1_51' title="bbox 883 3549 1228 3590">
    <p class='ocr_par' dir='ltr' id='par_1_51' title="bbox 883 3549 1228 3590">
     <span class='ocr_line' id='line_1_51' title="bbox 883 3549 1228 3590; baseline -0.009 0"><span class='ocrx_word' id='word_1_393' title='bbox 883 3551 936 3590; x_wconf 79' lang='lat' dir='ltr'><strong>IN</strong></span> <span class='ocrx_word' id='word_1_394' title='bbox 973 3549 1228 3589; x_wconf 71' lang='lat' dir='ltr'><strong>LITANIIS.</strong></span> 
     </span>
    </p>
   </div>
   <div class='ocr_carea' id='block_1_52' title="bbox 337 3625 1858 3699">
    <p class='ocr_par' dir='ltr' id='par_1_52' title="bbox 337 3625 1858 3699">
     <span class='ocr_line' id='line_1_52' title="bbox 337 3625 1858 3699; baseline -0.001 -15"><span class='ocrx_word' id='word_1_395' title='bbox 337 3629 586 3699; x_wconf 81' lang='lat' dir='ltr'><strong>Oportet,</strong></span> <span class='ocrx_word' id='word_1_396' title='bbox 639 3626 836 3682; x_wconf 90' lang='lat' dir='ltr'><strong>fratres</strong></span> <span class='ocrx_word' id='word_1_397' title='bbox 883 3625 1222 3690; x_wconf 88' lang='lat' dir='ltr'><strong>charissimi,</strong></span> <span class='ocrx_word' id='word_1_398' title='bbox 1271 3633 1330 3679; x_wconf 90' lang='lat' dir='ltr'><strong>ut</strong></span> <span class='ocrx_word' id='word_1_399' title='bbox 1372 3635 1668 3682; x_wconf 86' lang='lat' dir='ltr'><strong>conventus</strong></span> <span class='ocrx_word' id='word_1_400' title='bbox 1704 3627 1858 3682; x_wconf 81' lang='lat' dir='ltr'><strong>istius</strong></span> 
     </span>
    </p>
   </div>
   <div class='ocr_carea' id='block_1_53' title="bbox 260 3719 1860 3791">
    <p class='ocr_par' dir='ltr' id='par_1_53' title="bbox 260 3719 1860 3791">
     <span class='ocr_line' id='line_1_53' title="bbox 260 3719 1860 3791; baseline -0.001 -15"><span class='ocrx_word' id='word_1_401' title='bbox 260 3737 490 3777; x_wconf 77' lang='lat' dir='ltr'><strong>causam</strong></span> <span class='ocrx_word' id='word_1_402' title='bbox 527 3736 635 3773; x_wconf 90' lang='lat' dir='ltr'><strong>non</strong></span> <span class='ocrx_word' id='word_1_403' title='bbox 683 3719 966 3790; x_wconf 85' lang='lat' dir='ltr'><strong>ignoretis,</strong></span> <span class='ocrx_word' id='word_1_404' title='bbox 998 3734 1123 3788; x_wconf 90' lang='lat' dir='ltr'><strong>quo,</strong></span> <span class='ocrx_word' id='word_1_405' title='bbox 1151 3720 1446 3774; x_wconf 88' lang='lat' dir='ltr'><strong>secundum</strong></span> <span class='ocrx_word' id='word_1_406' title='bbox 1470 3729 1682 3789; x_wconf 91' lang='lat' dir='ltr'><strong>patrum</strong></span> <span class='ocrx_word' id='word_1_407' title='bbox 1723 3736 1860 3791; x_wconf 67' lang='lat' dir='ltr'><strong>prte-</strong></span> 
     </span>
    </p>
   </div>
   <div class='ocr_carea' id='block_1_54' title="bbox 264 3811 1856 3877">
    <p class='ocr_par' dir='ltr' id='par_1_54' title="bbox 264 3811 1856 3877">
     <span class='ocr_line' id='line_1_54' title="bbox 264 3811 1856 3877; baseline 0 -11"><span class='ocrx_word' id='word_1_408' title='bbox 264 3811 911 3876; x_wconf 78' lang='lat' dir='ltr'><strong>cedentiumconstituta,</strong></span> <span class='ocrx_word' id='word_1_409' title='bbox 935 3825 1123 3866; x_wconf 90' lang='lat' dir='ltr'><strong>omnes</strong></span> <span class='ocrx_word' id='word_1_410' title='bbox 1154 3811 1206 3866; x_wconf 89' lang='lat' dir='ltr'><strong>in</strong></span> <span class='ocrx_word' id='word_1_411' title='bbox 1233 3825 1397 3864; x_wconf 92' lang='lat' dir='ltr'><strong>unum</strong></span> <span class='ocrx_word' id='word_1_412' title='bbox 1424 3811 1523 3864; x_wconf 90' lang='lat' dir='ltr'><strong>viri</strong></span> <span class='ocrx_word' id='word_1_413' title='bbox 1550 3822 1606 3866; x_wconf 89' lang='lat' dir='ltr'><strong>et</strong></span> <span class='ocrx_word' id='word_1_414' title='bbox 1627 3811 1856 3877; x_wconf 69' lang='lat' dir='ltr'><strong>feminae,</strong></span> 
     </span>
    </p>
   </div>
   <div class='ocr_carea' id='block_1_55' title="bbox 263 3901 1860 3974">
    <p class='ocr_par' dir='ltr' id='par_1_55' title="bbox 263 3901 1860 3974">
     <span class='ocr_line' id='line_1_55' title="bbox 263 3901 1860 3974; baseline -0.001 -16"><span class='ocrx_word' id='word_1_415' title='bbox 263 3905 424 3974; x_wconf 84' lang='lat' dir='ltr'><strong>pueri</strong></span> <span class='ocrx_word' id='word_1_416' title='bbox 467 3913 522 3956; x_wconf 89' lang='lat' dir='ltr'><strong>et</strong></span> <span class='ocrx_word' id='word_1_417' title='bbox 560 3917 740 3967; x_wconf 89' lang='lat' dir='ltr'><strong>senes,</strong></span> <span class='ocrx_word' id='word_1_418' title='bbox 776 3901 1128 3956; x_wconf 85' lang='lat' dir='ltr'><strong>convenistis.</strong></span> <span class='ocrx_word' id='word_1_419' title='bbox 1171 3901 1252 3955; x_wconf 86' lang='lat' dir='ltr'><strong>Ad</strong></span> <span class='ocrx_word' id='word_1_420' title='bbox 1303 3902 1699 3956; x_wconf 84' lang='lat' dir='ltr'><strong>conciliandum</strong></span> <span class='ocrx_word' id='word_1_421' title='bbox 1733 3918 1860 3972; x_wconf 88' lang='lat' dir='ltr'><strong>ergo</strong></span> 
     </span>
    </p>
   </div>
   <div class='ocr_carea' id='block_1_56' title="bbox 267 3991 1858 4062">
    <p class='ocr_par' dir='ltr' id='par_1_56' title="bbox 267 3991 1858 4062">
     <span class='ocr_line' id='line_1_56' title="bbox 267 3991 1858 4062; baseline -0.001 -16"><span class='ocrx_word' id='word_1_422' title='bbox 267 3996 431 4049; x_wconf 82' lang='lat' dir='ltr'><strong>nobis</strong></span> <span class='ocrx_word' id='word_1_423' title='bbox 483 3993 577 4047; x_wconf 86' lang='lat' dir='ltr'><strong>Dei</strong></span> <span class='ocrx_word' id='word_1_424' title='bbox 631 3991 1058 4046; x_wconf 90' lang='lat' dir='ltr'><strong>misericordiam</strong></span> <span class='ocrx_word' id='word_1_425' title='bbox 1111 3999 1321 4062; x_wconf 89' lang='lat' dir='ltr'><strong>tempus</strong></span> <span class='ocrx_word' id='word_1_426' title='bbox 1355 4000 1440 4045; x_wconf 85' lang='lat' dir='ltr'><strong>est</strong></span> <span class='ocrx_word' id='word_1_427' title='bbox 1478 4000 1858 4060; x_wconf 89' lang='lat' dir='ltr'><strong>opportunum,</strong></span> 
     </span>
    </p>
   </div>
   <div class='ocr_carea' id='block_1_57' title="bbox 269 4081 1863 4154">
    <p class='ocr_par' dir='ltr' id='par_1_57' title="bbox 269 4081 1863 4154">
     <span class='ocr_line' id='line_1_57' title="bbox 269 4081 1863 4154; baseline -0.001 -16"><span class='ocrx_word' id='word_1_428' title='bbox 269 4095 334 4138; x_wconf 88' lang='lat' dir='ltr'><strong>ut</strong></span> <span class='ocrx_word' id='word_1_429' title='bbox 365 4099 458 4154; x_wconf 81' lang='lat' dir='ltr'><strong>per</strong></span> <span class='ocrx_word' id='word_1_430' title='bbox 490 4082 698 4153; x_wconf 83' lang='lat' dir='ltr'><strong>jejunia</strong></span> <span class='ocrx_word' id='word_1_431' title='bbox 736 4090 792 4135; x_wconf 90' lang='lat' dir='ltr'><strong>et</strong></span> <span class='ocrx_word' id='word_1_432' title='bbox 833 4081 1243 4151; x_wconf 80' lang='lat' dir='ltr'><strong>castigationem</strong></span> <span class='ocrx_word' id='word_1_433' title='bbox 1268 4081 1528 4150; x_wconf 81' lang='lat' dir='ltr'><strong>corporis,</strong></span> <span class='ocrx_word' id='word_1_434' title='bbox 1553 4097 1648 4150; x_wconf 89' lang='lat' dir='ltr'><strong>per</strong></span> <span class='ocrx_word' id='word_1_435' title='bbox 1674 4097 1863 4151; x_wconf 89' lang='lat' dir='ltr'><strong>preces</strong></span> 
     </span>
    </p>
   </div>
   <div class='ocr_carea' id='block_1_58' title="bbox 267 4173 1862 4245">
    <p class='ocr_par' dir='ltr' id='par_1_58' title="bbox 267 4173 1862 4245">
     <span class='ocr_line' id='line_1_58' title="bbox 267 4173 1862 4245; baseline -0.003 -14"><span class='ocrx_word' id='word_1_436' title='bbox 267 4187 333 4231; x_wconf 91' lang='lat' dir='ltr'><strong>et</strong></span> <span class='ocrx_word' id='word_1_437' title='bbox 371 4174 839 4245; x_wconf 85' lang='lat' dir='ltr'><strong>compunctionem</strong></span> <span class='ocrx_word' id='word_1_438' title='bbox 875 4173 1054 4227; x_wconf 90' lang='lat' dir='ltr'><strong>cordis</strong></span> <span class='ocrx_word' id='word_1_439' title='bbox 1102 4173 1473 4227; x_wconf 86' lang='lat' dir='ltr'><strong>remissionem</strong></span> <span class='ocrx_word' id='word_1_440' title='bbox 1519 4183 1862 4241; x_wconf 86' lang='lat' dir='ltr'><strong>peccatorum</strong></span> 
     </span>
    </p>
   </div>
   <div class='ocr_carea' id='block_1_59' title="bbox 270 4255 1865 4335">
    <p class='ocr_par' dir='ltr' id='par_1_59' title="bbox 270 4255 1865 4335">
     <span class='ocr_line' id='line_1_59' title="bbox 270 4255 1865 4335; baseline -0.001 -13"><span class='ocrx_word' id='word_1_441' title='bbox 270 4279 614 4329; x_wconf 83' lang='lat' dir='ltr'><strong>nostrorum,</strong></span> <span class='ocrx_word' id='word_1_442' title='bbox 643 4272 698 4318; x_wconf 93' lang='lat' dir='ltr'><strong>et</strong></span> <span class='ocrx_word' id='word_1_443' title='bbox 740 4265 970 4335; x_wconf 80' lang='lat' dir='ltr'><strong>gratiam</strong></span> <span class='ocrx_word' id='word_1_444' title='bbox 1017 4264 1070 4318; x_wconf 92' lang='lat' dir='ltr'><strong>in</strong></span> <span class='ocrx_word' id='word_1_445' title='bbox 1119 4255 1409 4334; x_wconf 86' lang='lat' dir='ltr'><strong>conspectu</strong></span> <span class='ocrx_word' id='word_1_446' title='bbox 1464 4263 1580 4333; x_wconf 88' lang='lat' dir='ltr'><strong>ejus</strong></span> <span class='ocrx_word' id='word_1_447' title='bbox 1625 4266 1865 4320; x_wconf 88' lang='lat' dir='ltr'><strong>invenire</strong></span> 
     </span>
    </p>
   </div>
   <div class='ocr_carea' id='block_1_60' title="bbox 268 4356 1863 4427">
    <p class='ocr_par' dir='ltr' id='par_1_60' title="bbox 268 4356 1863 4427">
     <span class='ocr_line' id='line_1_60' title="bbox 268 4356 1863 4427; baseline -0.003 -13"><span class='ocrx_word' id='word_1_448' title='bbox 268 4373 604 4415; x_wconf 69' lang='lat' dir='ltr'><strong>mereamur.</strong></span> <span class='ocrx_word' id='word_1_449' title='bbox 656 4357 906 4427; x_wconf 80' lang='lat' dir='ltr'><strong>Legimus</strong></span> <span class='ocrx_word' id='word_1_450' title='bbox 939 4356 1081 4410; x_wconf 88' lang='lat' dir='ltr'><strong>enim</strong></span> <span class='ocrx_word' id='word_1_451' title='bbox 1130 4357 1184 4410; x_wconf 92' lang='lat' dir='ltr'><strong>in</strong></span> <span class='ocrx_word' id='word_1_452' title='bbox 1241 4357 1516 4427; x_wconf 83' lang='lat' dir='ltr'><strong>prophetis</strong></span> <span class='ocrx_word' id='word_1_453' title='bbox 1569 4358 1694 4427; x_wconf 87' lang='lat' dir='ltr'><strong>quia</strong></span> <span class='ocrx_word' id='word_1_454' title='bbox 1741 4373 1863 4412; x_wconf 91' lang='lat' dir='ltr'><strong>cum</strong></span> 
     </span>
    </p>
   </div>
   <div class='ocr_carea' id='block_1_61' title="bbox 267 4450 1867 4515">
    <p class='ocr_par' dir='ltr' id='par_1_61' title="bbox 267 4450 1867 4515">
     <span class='ocr_line' id='line_1_61' title="bbox 267 4450 1867 4515; baseline -0.003 -5"><span class='ocrx_word' id='word_1_455' title='bbox 267 4453 472 4510; x_wconf 78' lang='lat' dir='ltr'><strong>Ninive</strong></span> <span class='ocrx_word' id='word_1_456' title='bbox 520 4451 730 4505; x_wconf 87' lang='lat' dir='ltr'><strong>civitati</strong></span> <span class='ocrx_word' id='word_1_457' title='bbox 779 4450 1062 4504; x_wconf 88' lang='lat' dir='ltr'><strong>subversio</strong></span> <span class='ocrx_word' id='word_1_458' title='bbox 1105 4450 1364 4504; x_wconf 85' lang='lat' dir='ltr'><strong>divinitus</strong></span> <span class='ocrx_word' id='word_1_459' title='bbox 1404 4450 1761 4515; x_wconf 86' lang='lat' dir='ltr'><strong>immineret,</strong></span> <span class='ocrx_word' id='word_1_460' title='bbox 1811 4459 1867 4506; x_wconf 89' lang='lat' dir='ltr'><strong>et</strong></span> 
     </span>
    </p>
   </div>
   <div class='ocr_carea' id='block_1_62' title="bbox 1937 3733 2756 3815">
    <p class='ocr_par' dir='ltr' id='par_1_62' title="bbox 1937 3733 2756 3815">
     <span class='ocr_line' id='line_1_62' title="bbox 1937 3733 2756 3815; baseline -0.007 -23"><span class='ocrx_word' id='word_1_461' title='bbox 1937 3739 2072 3815; x_wconf 70' lang='lat' dir='ltr'><strong>voti</strong></span> <span class='ocrx_word' id='word_1_462' title='bbox 2109 3744 2270 3804; x_wconf 87' lang='lat' dir='ltr'><strong>atque</strong></span> <span class='ocrx_word' id='word_1_463' title='bbox 2311 3734 2553 3804; x_wconf 86' lang='lat' dir='ltr'><strong>ejusdem</strong></span> <span class='ocrx_word' id='word_1_464' title='bbox 2593 3733 2756 3788; x_wconf 89' lang='lat' dir='ltr'><strong>studii</strong></span> 
     </span>
    </p>
   </div>
   <div class='ocr_carea' id='block_1_63' title="bbox 1943 1904 3528 1971">
    <p class='ocr_par' dir='ltr' id='par_1_63' title="bbox 1943 1904 3528 1971">
     <span class='ocr_line' id='line_1_63' title="bbox 1943 1904 3528 1971; baseline 0.002 -12"><span class='ocrx_word' id='word_1_465' title='bbox 1943 1920 2048 1960; x_wconf 89' lang='lat' dir='ltr'><strong>non</strong></span> <span class='ocrx_word' id='word_1_466' title='bbox 2099 1905 2271 1959; x_wconf 83' lang='lat' dir='ltr'><strong>solum</strong></span> <span class='ocrx_word' id='word_1_467' title='bbox 2314 1906 2365 1958; x_wconf 92' lang='lat' dir='ltr'><strong>in</strong></span> <span class='ocrx_word' id='word_1_468' title='bbox 2399 1904 2482 1959; x_wconf 90' lang='lat' dir='ltr'><strong>his</strong></span> <span class='ocrx_word' id='word_1_469' title='bbox 2520 1920 2650 1958; x_wconf 90' lang='lat' dir='ltr'><strong>sane</strong></span> <span class='ocrx_word' id='word_1_470' title='bbox 2677 1906 2722 1960; x_wconf 88' lang='lat' dir='ltr'><strong>is</strong></span> <span class='ocrx_word' id='word_1_471' title='bbox 2766 1907 2954 1961; x_wconf 81' lang='lat' dir='ltr'><strong>diebus</strong></span> <span class='ocrx_word' id='word_1_472' title='bbox 2987 1909 3101 1961; x_wconf 75' lang='lat' dir='ltr'><strong>hzec</strong></span> <span class='ocrx_word' id='word_1_473' title='bbox 3129 1924 3233 1962; x_wconf 92' lang='lat' dir='ltr'><strong>non</strong></span> <span class='ocrx_word' id='word_1_474' title='bbox 3284 1907 3528 1971; x_wconf 89' lang='lat' dir='ltr'><strong>faciunt,</strong></span> 
     </span>
    </p>
   </div>
   <div class='ocr_carea' id='block_1_64' title="bbox 1945 1997 3530 2070">
    <p class='ocr_par' dir='ltr' id='par_1_64' title="bbox 1945 1997 3530 2070">
     <span class='ocr_line' id='line_1_64' title="bbox 1945 1997 3530 2070; baseline 0.001 -18"><span class='ocrx_word' id='word_1_475' title='bbox 1945 1997 2058 2062; x_wconf 90' lang='lat' dir='ltr'><strong>sed,</strong></span> <span class='ocrx_word' id='word_1_476' title='bbox 2103 1998 2244 2067; x_wconf 87' lang='lat' dir='ltr'><strong>quod</strong></span> <span class='ocrx_word' id='word_1_477' title='bbox 2275 1997 2429 2067; x_wconf 88' lang='lat' dir='ltr'><strong>pejus</strong></span> <span class='ocrx_word' id='word_1_478' title='bbox 2456 2004 2560 2061; x_wconf 90' lang='lat' dir='ltr'><strong>est,</strong></span> <span class='ocrx_word' id='word_1_479' title='bbox 2600 2011 2712 2066; x_wconf 79' lang='lat' dir='ltr'><strong>prae</strong></span> <span class='ocrx_word' id='word_1_480' title='bbox 2735 1999 2946 2053; x_wconf 66' lang='lat' dir='ltr'><strong>caneris</strong></span> <span class='ocrx_word' id='word_1_481' title='bbox 2975 2000 3162 2054; x_wconf 84' lang='lat' dir='ltr'><strong>diebus</strong></span> <span class='ocrx_word' id='word_1_482' title='bbox 3192 2001 3405 2070; x_wconf 88' lang='lat' dir='ltr'><strong>turpius</strong></span> <span class='ocrx_word' id='word_1_483' title='bbox 3450 2002 3530 2054; x_wconf 84' lang='lat' dir='ltr'><strong>vi-</strong></span> 
     </span>
    </p>
   </div>
   <div class='ocr_carea' id='block_1_65' title="bbox 1945 2087 3528 2158">
    <p class='ocr_par' dir='ltr' id='par_1_65' title="bbox 1945 2087 3528 2158">
     <span class='ocr_line' id='line_1_65' title="bbox 1945 2087 3528 2158; baseline 0.002 -16"><span class='ocrx_word' id='word_1_484' title='bbox 1945 2097 2098 2153; x_wconf 85' lang='lat' dir='ltr'><strong>vunt,</strong></span> <span class='ocrx_word' id='word_1_485' title='bbox 2115 2087 2430 2143; x_wconf 83' lang='lat' dir='ltr'><strong>sceleratius</strong></span> <span class='ocrx_word' id='word_1_486' title='bbox 2452 2097 2635 2158; x_wconf 87' lang='lat' dir='ltr'><strong>agunt.</strong></span> <span class='ocrx_word' id='word_1_487' title='bbox 2666 2087 2798 2142; x_wconf 85' lang='lat' dir='ltr'><strong>Nam</strong></span> <span class='ocrx_word' id='word_1_488' title='bbox 2824 2105 2946 2143; x_wconf 91' lang='lat' dir='ltr'><strong>cum</strong></span> <span class='ocrx_word' id='word_1_489' title='bbox 2962 2090 3050 2144; x_wconf 88' lang='lat' dir='ltr'><strong>isti</strong></span> <span class='ocrx_word' id='word_1_490' title='bbox 3075 2091 3189 2145; x_wconf 90' lang='lat' dir='ltr'><strong>dies</strong></span> <span class='ocrx_word' id='word_1_491' title='bbox 3213 2092 3528 2156; x_wconf 88' lang='lat' dir='ltr'><strong>adveniunt,</strong></span> 
     </span>
    </p>
   </div>
   <div class='ocr_carea' id='block_1_66' title="bbox 1947 2179 3534 2250">
    <p class='ocr_par' dir='ltr' id='par_1_66' title="bbox 1947 2179 3534 2250">
     <span class='ocr_line' id='line_1_66' title="bbox 1947 2179 3534 2250; baseline 0.001 -17"><span class='ocrx_word' id='word_1_492' title='bbox 1947 2180 2222 2234; x_wconf 91' lang='lat' dir='ltr'><strong>instruunt</strong></span> <span class='ocrx_word' id='word_1_493' title='bbox 2266 2179 2368 2233; x_wconf 87' lang='lat' dir='ltr'><strong>sibi</strong></span> <span class='ocrx_word' id='word_1_494' title='bbox 2396 2179 2660 2243; x_wconf 88' lang='lat' dir='ltr'><strong>convivia,</strong></span> <span class='ocrx_word' id='word_1_495' title='bbox 2688 2189 2995 2250; x_wconf 67' lang='lat' dir='ltr'><strong>praeparant</strong></span> <span class='ocrx_word' id='word_1_496' title='bbox 3033 2180 3243 2247; x_wconf 88' lang='lat' dir='ltr'><strong>domos,</strong></span> <span class='ocrx_word' id='word_1_497' title='bbox 3274 2190 3334 2236; x_wconf 92' lang='lat' dir='ltr'><strong>ut</strong></span> <span class='ocrx_word' id='word_1_498' title='bbox 3377 2183 3534 2236; x_wconf 78' lang='lat' dir='ltr'><strong>luxu-</strong></span> 
     </span>
    </p>
   </div>
   <div class='ocr_carea' id='block_1_67' title="bbox 1948 2269 3534 2340">
    <p class='ocr_par' dir='ltr' id='par_1_67' title="bbox 1948 2269 3534 2340">
     <span class='ocr_line' id='line_1_67' title="bbox 1948 2269 3534 2340; baseline 0.003 -17"><span class='ocrx_word' id='word_1_499' title='bbox 1948 2271 2026 2323; x_wconf 88' lang='lat' dir='ltr'><strong>ria</strong></span> <span class='ocrx_word' id='word_1_500' title='bbox 2080 2269 2133 2323; x_wconf 90' lang='lat' dir='ltr'><strong>in</strong></span> <span class='ocrx_word' id='word_1_501' title='bbox 2180 2269 2260 2323; x_wconf 90' lang='lat' dir='ltr'><strong>eis</strong></span> <span class='ocrx_word' id='word_1_502' title='bbox 2300 2269 2607 2340; x_wconf 85' lang='lat' dir='ltr'><strong>diligentius</strong></span> <span class='ocrx_word' id='word_1_503' title='bbox 2642 2280 2990 2336; x_wconf 78' lang='lat' dir='ltr'><strong>exerceatur;</strong></span> <span class='ocrx_word' id='word_1_504' title='bbox 3024 2280 3078 2326; x_wconf 91' lang='lat' dir='ltr'><strong>et</strong></span> <span class='ocrx_word' id='word_1_505' title='bbox 3118 2287 3223 2327; x_wconf 93' lang='lat' dir='ltr'><strong>non</strong></span> <span class='ocrx_word' id='word_1_506' title='bbox 3264 2273 3318 2327; x_wconf 90' lang='lat' dir='ltr'><strong>in</strong></span> <span class='ocrx_word' id='word_1_507' title='bbox 3358 2274 3534 2328; x_wconf 85' lang='lat' dir='ltr'><strong>saccis</strong></span> 
     </span>
    </p>
   </div>
   <div class='ocr_carea' id='block_1_68' title="bbox 1949 2361 3532 2438">
    <p class='ocr_par' dir='ltr' id='par_1_68' title="bbox 1949 2361 3532 2438">
     <span class='ocr_line' id='line_1_68' title="bbox 1949 2361 3532 2438; baseline 0.002 -21"><span class='ocrx_word' id='word_1_508' title='bbox 1949 2377 2123 2432; x_wconf 83' lang='lat' dir='ltr'><strong>neque</strong></span> <span class='ocrx_word' id='word_1_509' title='bbox 2145 2365 2200 2421; x_wconf 91' lang='lat' dir='ltr'><strong>in</strong></span> <span class='ocrx_word' id='word_1_510' title='bbox 2227 2361 2439 2434; x_wconf 89' lang='lat' dir='ltr'><strong>lugubri</strong></span> <span class='ocrx_word' id='word_1_511' title='bbox 2471 2363 2674 2429; x_wconf 90' lang='lat' dir='ltr'><strong>habitu,</strong></span> <span class='ocrx_word' id='word_1_512' title='bbox 2710 2365 2803 2419; x_wconf 90' lang='lat' dir='ltr'><strong>sed</strong></span> <span class='ocrx_word' id='word_1_513' title='bbox 2832 2365 3035 2434; x_wconf 90' lang='lat' dir='ltr'><strong>compti</strong></span> <span class='ocrx_word' id='word_1_514' title='bbox 3068 2373 3122 2420; x_wconf 81' lang='lat' dir='ltr'><strong>et</strong></span> <span class='ocrx_word' id='word_1_515' title='bbox 3145 2366 3321 2422; x_wconf 91' lang='lat' dir='ltr'><strong>ornati</strong></span> <span class='ocrx_word' id='word_1_516' title='bbox 3350 2367 3403 2421; x_wconf 94' lang='lat' dir='ltr'><strong>in</strong></span> <span class='ocrx_word' id='word_1_517' title='bbox 3428 2383 3532 2438; x_wconf 90' lang='lat' dir='ltr'><strong>pu-</strong></span> 
     </span>
    </p>
   </div>
   <div class='ocr_carea' id='block_1_69' title="bbox 1952 2453 3538 2526">
    <p class='ocr_par' dir='ltr' id='par_1_69' title="bbox 1952 2453 3538 2526">
     <span class='ocr_line' id='line_1_69' title="bbox 1952 2453 3538 2526; baseline 0.001 -17"><span class='ocrx_word' id='word_1_518' title='bbox 1952 2454 2152 2510; x_wconf 87' lang='lat' dir='ltr'><strong>blicum</strong></span> <span class='ocrx_word' id='word_1_519' title='bbox 2195 2454 2301 2508; x_wconf 86' lang='lat' dir='ltr'><strong>viri</strong></span> <span class='ocrx_word' id='word_1_520' title='bbox 2353 2453 2675 2524; x_wconf 72' lang='lat' dir='ltr'><strong>feminmque</strong></span> <span class='ocrx_word' id='word_1_521' title='bbox 2720 2457 3050 2525; x_wconf 89' lang='lat' dir='ltr'><strong>procedunt,</strong></span> <span class='ocrx_word' id='word_1_522' title='bbox 3079 2458 3230 2526; x_wconf 91' lang='lat' dir='ltr'><strong>quasi</strong></span> <span class='ocrx_word' id='word_1_523' title='bbox 3261 2458 3377 2513; x_wconf 90' lang='lat' dir='ltr'><strong>dies</strong></span> <span class='ocrx_word' id='word_1_524' title='bbox 3427 2459 3538 2513; x_wconf 87' lang='lat' dir='ltr'><strong>sint</strong></span> 
     </span>
    </p>
   </div>
   <div class='ocr_carea' id='block_1_70' title="bbox 1950 2546 3538 2616">
    <p class='ocr_par' dir='ltr' id='par_1_70' title="bbox 1950 2546 3538 2616">
     <span class='ocr_line' id='line_1_70' title="bbox 1950 2546 3538 2616; baseline 0.002 -15"><span class='ocrx_word' id='word_1_525' title='bbox 1950 2547 2149 2602; x_wconf 58' lang='lat' dir='ltr'><strong>latitia:</strong></span> <span class='ocrx_word' id='word_1_526' title='bbox 2177 2558 2233 2601; x_wconf 89' lang='lat' dir='ltr'><strong>et</strong></span> <span class='ocrx_word' id='word_1_527' title='bbox 2253 2561 2360 2600; x_wconf 89' lang='lat' dir='ltr'><strong>non</strong></span> <span class='ocrx_word' id='word_1_528' title='bbox 2384 2546 2555 2616; x_wconf 87' lang='lat' dir='ltr'><strong>magis</strong></span> <span class='ocrx_word' id='word_1_529' title='bbox 2585 2547 2936 2615; x_wconf 60' lang='lat' dir='ltr'><strong>paenitentiae.</strong></span> <span class='ocrx_word' id='word_1_530' title='bbox 2967 2547 3100 2602; x_wconf 91' lang='lat' dir='ltr'><strong>Cum</strong></span> <span class='ocrx_word' id='word_1_531' title='bbox 3129 2559 3305 2604; x_wconf 88' lang='lat' dir='ltr'><strong>autem</strong></span> <span class='ocrx_word' id='word_1_532' title='bbox 3335 2559 3538 2604; x_wconf 62' lang='lat' dir='ltr'><strong>sancte</strong></span> 
     </span>
    </p>
   </div>
   <div class='ocr_carea' id='block_1_71' title="bbox 1951 2636 3539 2706">
    <p class='ocr_par' dir='ltr' id='par_1_71' title="bbox 1951 2636 3539 2706">
     <span class='ocr_line' id='line_1_71' title="bbox 1951 2636 3539 2706; baseline -0.001 -15"><span class='ocrx_word' id='word_1_533' title='bbox 1951 2651 2141 2692; x_wconf 90' lang='lat' dir='ltr'><strong>cruces</strong></span> <span class='ocrx_word' id='word_1_534' title='bbox 2186 2645 2243 2691; x_wconf 90' lang='lat' dir='ltr'><strong>et</strong></span> <span class='ocrx_word' id='word_1_535' title='bbox 2268 2646 2582 2692; x_wconf 88' lang='lat' dir='ltr'><strong>sanctorum</strong></span> <span class='ocrx_word' id='word_1_536' title='bbox 2632 2636 2875 2706; x_wconf 67' lang='lat' dir='ltr'><strong>reliquiae</strong></span> <span class='ocrx_word' id='word_1_537' title='bbox 2924 2653 3045 2692; x_wconf 92' lang='lat' dir='ltr'><strong>cum</strong></span> <span class='ocrx_word' id='word_1_538' title='bbox 3095 2638 3299 2692; x_wconf 88' lang='lat' dir='ltr'><strong>litaniis</strong></span> <span class='ocrx_word' id='word_1_539' title='bbox 3328 2654 3358 2692; x_wconf 91' lang='lat' dir='ltr'><strong>a</strong></span> <span class='ocrx_word' id='word_1_540' title='bbox 3389 2639 3539 2696; x_wconf 72' lang='lat' dir='ltr'><strong>clero</strong></span> 
     </span>
    </p>
   </div>
   <div class='ocr_carea' id='block_1_72' title="bbox 1952 2728 3542 2801">
    <p class='ocr_par' dir='ltr' id='par_1_72' title="bbox 1952 2728 3542 2801">
     <span class='ocr_line' id='line_1_72' title="bbox 1952 2728 3542 2801; baseline 0.001 -18"><span class='ocrx_word' id='word_1_541' title='bbox 1952 2736 2347 2799; x_wconf 83' lang='lat' dir='ltr'><strong>exportantur,</strong></span> <span class='ocrx_word' id='word_1_542' title='bbox 2409 2728 2511 2798; x_wconf 91' lang='lat' dir='ltr'><strong>ipsi</strong></span> <span class='ocrx_word' id='word_1_543' title='bbox 2557 2743 2663 2782; x_wconf 91' lang='lat' dir='ltr'><strong>non</strong></span> <span class='ocrx_word' id='word_1_544' title='bbox 2710 2729 2965 2782; x_wconf 89' lang='lat' dir='ltr'><strong>insistunt</strong></span> <span class='ocrx_word' id='word_1_545' title='bbox 3016 2731 3302 2799; x_wconf 71' lang='lat' dir='ltr'><strong>precibus,</strong></span> <span class='ocrx_word' id='word_1_546' title='bbox 3363 2746 3542 2801; x_wconf 83' lang='lat' dir='ltr'><strong>neque</strong></span> 
     </span>
    </p>
   </div>
   <div class='ocr_carea' id='block_1_73' title="bbox 1953 2821 3538 2891">
    <p class='ocr_par' dir='ltr' id='par_1_73' title="bbox 1953 2821 3538 2891">
     <span class='ocr_line' id='line_1_73' title="bbox 1953 2821 3538 2891; baseline 0 -13"><span class='ocrx_word' id='word_1_547' title='bbox 1953 2829 2252 2891; x_wconf 86' lang='lat' dir='ltr'><strong>sequuntur</strong></span> <span class='ocrx_word' id='word_1_548' title='bbox 2305 2821 2560 2875; x_wconf 83' lang='lat' dir='ltr'><strong>vexillum</strong></span> <span class='ocrx_word' id='word_1_549' title='bbox 2610 2829 2812 2876; x_wconf 73' lang='lat' dir='ltr'><strong>sanctte</strong></span> <span class='ocrx_word' id='word_1_550' title='bbox 2869 2823 3048 2877; x_wconf 82' lang='lat' dir='ltr'><strong>crucis</strong></span> <span class='ocrx_word' id='word_1_551' title='bbox 3089 2839 3210 2876; x_wconf 85' lang='lat' dir='ltr'><strong>cum</strong></span> <span class='ocrx_word' id='word_1_552' title='bbox 3253 2822 3538 2888; x_wconf 83' lang='lat' dir='ltr'><strong>laudibus,</strong></span> 
     </span>
    </p>
   </div>
   <div class='ocr_carea' id='block_1_74' title="bbox 1953 2914 3540 2985">
    <p class='ocr_par' dir='ltr' id='par_1_74' title="bbox 1953 2914 3540 2985">
     <span class='ocr_line' id='line_1_74' title="bbox 1953 2914 3540 2985; baseline 0 -15"><span class='ocrx_word' id='word_1_553' title='bbox 1953 2916 2048 2970; x_wconf 90' lang='lat' dir='ltr'><strong>sed</strong></span> <span class='ocrx_word' id='word_1_554' title='bbox 2094 2930 2256 2985; x_wconf 87' lang='lat' dir='ltr'><strong>super</strong></span> <span class='ocrx_word' id='word_1_555' title='bbox 2300 2914 2608 2984; x_wconf 87' lang='lat' dir='ltr'><strong>phaleratos</strong></span> <span class='ocrx_word' id='word_1_556' title='bbox 2660 2915 2910 2968; x_wconf 84' lang='lat' dir='ltr'><strong>resiliunt</strong></span> <span class='ocrx_word' id='word_1_557' title='bbox 2970 2929 3137 2983; x_wconf 87' lang='lat' dir='ltr'><strong>equos</strong></span> <span class='ocrx_word' id='word_1_558' title='bbox 3166 2956 3179 2979; x_wconf 94' lang='lat'><strong>,</strong></span> <span class='ocrx_word' id='word_1_559' title='bbox 3229 2917 3540 2971; x_wconf 86' lang='lat' dir='ltr'><strong>discurrunt</strong></span> 
     </span>
    </p>
   </div>
   <div class='ocr_carea' id='block_1_75' title="bbox 1953 3003 3546 3076">
    <p class='ocr_par' dir='ltr' id='par_1_75' title="bbox 1953 3003 3546 3076">
     <span class='ocr_line' id='line_1_75' title="bbox 1953 3003 3546 3076; baseline 0.001 -15"><span class='ocrx_word' id='word_1_560' title='bbox 1953 3021 2052 3076; x_wconf 88' lang='lat' dir='ltr'><strong>per</strong></span> <span class='ocrx_word' id='word_1_561' title='bbox 2075 3021 2316 3076; x_wconf 90' lang='lat' dir='ltr'><strong>campos,</strong></span> <span class='ocrx_word' id='word_1_562' title='bbox 2358 3021 2453 3060; x_wconf 91' lang='lat' dir='ltr'><strong>ora</strong></span> <span class='ocrx_word' id='word_1_563' title='bbox 2486 3003 2782 3059; x_wconf 60' lang='lat' dir='ltr'><strong>dissolvunt</strong></span> <span class='ocrx_word' id='word_1_564' title='bbox 2835 3005 2965 3068; x_wconf 88' lang='lat' dir='ltr'><strong>risu,</strong></span> <span class='ocrx_word' id='word_1_565' title='bbox 3013 3007 3441 3076; x_wconf 79' lang='lat' dir='ltr'><strong>alterutrumqne</strong></span> <span class='ocrx_word' id='word_1_566' title='bbox 3487 3023 3546 3062; x_wconf 82' lang='lat' dir='ltr'><strong>se</strong></span> 
     </span>
    </p>
   </div>
   <div class='ocr_carea' id='block_1_76' title="bbox 1957 3096 3538 3168">
    <p class='ocr_par' dir='ltr' id='par_1_76' title="bbox 1957 3096 3538 3168">
     <span class='ocr_line' id='line_1_76' title="bbox 1957 3096 3538 3168; baseline -0.001 -15"><span class='ocrx_word' id='word_1_567' title='bbox 1957 3114 2293 3168; x_wconf 70' lang='lat' dir='ltr'><strong>przeeurrere</strong></span> <span class='ocrx_word' id='word_1_568' title='bbox 2341 3097 2598 3168; x_wconf 87' lang='lat' dir='ltr'><strong>gestiunt,</strong></span> <span class='ocrx_word' id='word_1_569' title='bbox 2635 3096 2689 3150; x_wconf 94' lang='lat' dir='ltr'><strong>in</strong></span> <span class='ocrx_word' id='word_1_570' title='bbox 2737 3097 2906 3150; x_wconf 90' lang='lat' dir='ltr'><strong>altum</strong></span> <span class='ocrx_word' id='word_1_571' title='bbox 2955 3098 3246 3152; x_wconf 88' lang='lat' dir='ltr'><strong>clamorem</strong></span> <span class='ocrx_word' id='word_1_572' title='bbox 3282 3114 3403 3153; x_wconf 90' lang='lat' dir='ltr'><strong>cum</strong></span> <span class='ocrx_word' id='word_1_573' title='bbox 3451 3113 3538 3152; x_wconf 58' lang='lat' dir='ltr'><strong>ea.</strong></span> 
     </span>
    </p>
   </div>
   <div class='ocr_carea' id='block_1_77' title="bbox 1957 3185 3546 3256">
    <p class='ocr_par' dir='ltr' id='par_1_77' title="bbox 1957 3185 3546 3256">
     <span class='ocr_line' id='line_1_77' title="bbox 1957 3185 3546 3256; baseline -0.003 -10"><span class='ocrx_word' id='word_1_574' title='bbox 1957 3191 2157 3247; x_wconf 89' lang='lat' dir='ltr'><strong>chinno</strong></span> <span class='ocrx_word' id='word_1_575' title='bbox 2185 3187 2468 3252; x_wconf 82' lang='lat' dir='ltr'><strong>extollunt,</strong></span> <span class='ocrx_word' id='word_1_576' title='bbox 2513 3195 2570 3241; x_wconf 91' lang='lat' dir='ltr'><strong>et</strong></span> <span class='ocrx_word' id='word_1_577' title='bbox 2618 3202 2724 3241; x_wconf 91' lang='lat' dir='ltr'><strong>non</strong></span> <span class='ocrx_word' id='word_1_578' title='bbox 2763 3186 2934 3241; x_wconf 90' lang='lat' dir='ltr'><strong>solum</strong></span> <span class='ocrx_word' id='word_1_579' title='bbox 2988 3187 3102 3240; x_wconf 64' lang='lat' dir='ltr'><strong>haec</strong></span> <span class='ocrx_word' id='word_1_580' title='bbox 3153 3185 3399 3241; x_wconf 84' lang='lat' dir='ltr'><strong>faciendo</strong></span> <span class='ocrx_word' id='word_1_581' title='bbox 3446 3187 3546 3256; x_wconf 86' lang='lat' dir='ltr'><strong>ipsi</strong></span> 
     </span>
    </p>
   </div>
   <div class='ocr_carea' id='block_1_78' title="bbox 1959 3277 3546 3348">
    <p class='ocr_par' dir='ltr' id='par_1_78' title="bbox 1959 3277 3546 3348">
     <span class='ocr_line' id='line_1_78' title="bbox 1959 3277 3546 3348; baseline -0.004 -11"><span class='ocrx_word' id='word_1_582' title='bbox 1959 3281 2176 3338; x_wconf 90' lang='lat' dir='ltr'><strong>inutiles</strong></span> <span class='ocrx_word' id='word_1_583' title='bbox 2222 3281 2377 3344; x_wconf 80' lang='lat' dir='ltr'><strong>fiunt,</strong></span> <span class='ocrx_word' id='word_1_584' title='bbox 2425 3279 2519 3333; x_wconf 87' lang='lat' dir='ltr'><strong>sed</strong></span> <span class='ocrx_word' id='word_1_585' title='bbox 2563 3277 2728 3332; x_wconf 92' lang='lat' dir='ltr'><strong>etiam</strong></span> <span class='ocrx_word' id='word_1_586' title='bbox 2767 3279 2902 3332; x_wconf 87' lang='lat' dir='ltr'><strong>alios</strong></span> <span class='ocrx_word' id='word_1_587' title='bbox 2945 3279 3012 3332; x_wconf 88' lang='lat' dir='ltr'><strong>ab</strong></span> <span class='ocrx_word' id='word_1_588' title='bbox 3063 3277 3367 3332; x_wconf 87' lang='lat' dir='ltr'><strong>intentione</strong></span> <span class='ocrx_word' id='word_1_589' title='bbox 3418 3293 3546 3348; x_wconf 87' lang='lat' dir='ltr'><strong>pre-</strong></span> 
     </span>
    </p>
   </div>
   <div class='ocr_carea' id='block_1_79' title="bbox 1959 3367 3550 3442">
    <p class='ocr_par' dir='ltr' id='par_1_79' title="bbox 1959 3367 3550 3442">
     <span class='ocr_line' id='line_1_79' title="bbox 1959 3367 3550 3442; baseline -0.004 -14"><span class='ocrx_word' id='word_1_590' title='bbox 1959 3388 2082 3428; x_wconf 89' lang='lat' dir='ltr'><strong>cum</strong></span> <span class='ocrx_word' id='word_1_591' title='bbox 2126 3371 2423 3442; x_wconf 89' lang='lat' dir='ltr'><strong>impediunt</strong></span> <span class='ocrx_word' id='word_1_592' title='bbox 2457 3387 2470 3422; x_wconf 87' lang='lat'>:</span> <span class='ocrx_word' id='word_1_593' title='bbox 2501 3376 2789 3439; x_wconf 86' lang='lat' dir='ltr'><strong>postquam</strong></span> <span class='ocrx_word' id='word_1_594' title='bbox 2836 3379 3017 3422; x_wconf 89' lang='lat' dir='ltr'><strong>autem</strong></span> <span class='ocrx_word' id='word_1_595' title='bbox 3050 3369 3267 3423; x_wconf 92' lang='lat' dir='ltr'><strong>domum</strong></span> <span class='ocrx_word' id='word_1_596' title='bbox 3302 3367 3550 3434; x_wconf 88' lang='lat' dir='ltr'><strong>veniunt,</strong></span> 
     </span>
    </p>
   </div>
   <div class='ocr_carea' id='block_1_80' title="bbox 1959 3458 3553 3529">
    <p class='ocr_par' dir='ltr' id='par_1_80' title="bbox 1959 3458 3553 3529">
     <span class='ocr_line' id='line_1_80' title="bbox 1959 3458 3553 3529; baseline -0.004 -8"><span class='ocrx_word' id='word_1_597' title='bbox 1959 3471 2262 3521; x_wconf 89' lang='lat' dir='ltr'><strong>convocant</strong></span> <span class='ocrx_word' id='word_1_598' title='bbox 2305 3461 2371 3515; x_wconf 92' lang='lat' dir='ltr'><strong>ad</strong></span> <span class='ocrx_word' id='word_1_599' title='bbox 2415 3461 2723 3516; x_wconf 86' lang='lat' dir='ltr'><strong>convivium</strong></span> <span class='ocrx_word' id='word_1_600' title='bbox 2771 3475 2878 3514; x_wconf 89' lang='lat' dir='ltr'><strong>non</strong></span> <span class='ocrx_word' id='word_1_601' title='bbox 2933 3474 3218 3529; x_wconf 85' lang='lat' dir='ltr'><strong>pauperes,</strong></span> <span class='ocrx_word' id='word_1_602' title='bbox 3249 3458 3334 3515; x_wconf 89' lang='lat' dir='ltr'><strong>vel</strong></span> <span class='ocrx_word' id='word_1_603' title='bbox 3379 3474 3553 3515; x_wconf 80' lang='lat' dir='ltr'><strong>caecos</strong></span> 
     </span>
    </p>
   </div>
   <div class='ocr_carea' id='block_1_81' title="bbox 1961 3549 3550 3620">
    <p class='ocr_par' dir='ltr' id='par_1_81' title="bbox 1961 3549 3550 3620">
     <span class='ocr_line' id='line_1_81' title="bbox 1961 3549 3550 3620; baseline -0.005 -9"><span class='ocrx_word' id='word_1_604' title='bbox 1961 3566 2053 3611; x_wconf 89' lang='lat' dir='ltr'><strong>aut</strong></span> <span class='ocrx_word' id='word_1_605' title='bbox 2097 3553 2335 3616; x_wconf 87' lang='lat' dir='ltr'><strong>debiles,</strong></span> <span class='ocrx_word' id='word_1_606' title='bbox 2394 3551 2691 3606; x_wconf 90' lang='lat' dir='ltr'><strong>secundum</strong></span> <span class='ocrx_word' id='word_1_607' title='bbox 2747 3560 3073 3620; x_wconf 70' lang='lat' dir='ltr'><strong>prazceptum</strong></span> <span class='ocrx_word' id='word_1_608' title='bbox 3122 3550 3333 3605; x_wconf 89' lang='lat' dir='ltr'><strong>Domini</strong></span> <span class='ocrx_word' id='word_1_609' title='bbox 3393 3549 3550 3620; x_wconf 88' lang='lat' dir='ltr'><strong>(Luc.</strong></span> 
     </span>
    </p>
   </div>
   <div class='ocr_carea' id='block_1_82' title="bbox 1959 3641 3551 3717">
    <p class='ocr_par' dir='ltr' id='par_1_82' title="bbox 1959 3641 3551 3717">
     <span class='ocr_line' id='line_1_82' title="bbox 1959 3641 3551 3717; baseline -0.003 -16"><span class='ocrx_word' id='word_1_610' title='bbox 1959 3649 2097 3717; x_wconf 79' lang='lat' dir='ltr'><strong>xiv),</strong></span> <span class='ocrx_word' id='word_1_611' title='bbox 2134 3645 2230 3700; x_wconf 87' lang='lat' dir='ltr'><strong>sed</strong></span> <span class='ocrx_word' id='word_1_612' title='bbox 2261 3643 2469 3698; x_wconf 89' lang='lat' dir='ltr'><strong>vicinos</strong></span> <span class='ocrx_word' id='word_1_613' title='bbox 2503 3657 2566 3697; x_wconf 89' lang='lat' dir='ltr'><strong>ac</strong></span> <span class='ocrx_word' id='word_1_614' title='bbox 2603 3642 2815 3697; x_wconf 88' lang='lat' dir='ltr'><strong>sodales</strong></span> <span class='ocrx_word' id='word_1_615' title='bbox 2853 3657 2980 3696; x_wconf 91' lang='lat' dir='ltr'><strong>suos</strong></span> <span class='ocrx_word' id='word_1_616' title='bbox 3018 3641 3108 3711; x_wconf 87' lang='lat' dir='ltr'><strong>qui</strong></span> <span class='ocrx_word' id='word_1_617' title='bbox 3157 3643 3265 3696; x_wconf 90' lang='lat' dir='ltr'><strong>sint</strong></span> <span class='ocrx_word' id='word_1_618' title='bbox 3309 3643 3551 3713; x_wconf 85' lang='lat' dir='ltr'><strong>ejusdem</strong></span> 
     </span>
    </p>
   </div>
   <div class='ocr_carea' id='block_1_83' title="bbox 2801 3733 3549 3802">
    <p class='ocr_par' dir='ltr' id='par_1_83' title="bbox 2801 3733 3549 3802">
     <span class='ocr_line' id='line_1_83' title="bbox 2801 3733 3549 3802; baseline 0.005 -16"><span class='ocrx_word' id='word_1_619' title='bbox 2801 3751 2813 3786; x_wconf 89' lang='lat'>:</span> <span class='ocrx_word' id='word_1_620' title='bbox 2855 3742 3048 3788; x_wconf 86' lang='lat' dir='ltr'><strong>vacant</strong></span> <span class='ocrx_word' id='word_1_621' title='bbox 3086 3733 3259 3802; x_wconf 84' lang='lat' dir='ltr'><strong>epulis</strong></span> <span class='ocrx_word' id='word_1_622' title='bbox 3301 3735 3549 3790; x_wconf 53' lang='lat' dir='ltr'><strong>student-</strong></span> 
     </span>
    </p>
   </div>
   <div class='ocr_carea' id='block_1_84' title="bbox 1963 3825 3555 3899">
    <p class='ocr_par' dir='ltr' id='par_1_84' title="bbox 1963 3825 3555 3899">
     <span class='ocr_line' id='line_1_84' title="bbox 1963 3825 3555 3899; baseline -0.001 -16"><span class='ocrx_word' id='word_1_623' title='bbox 1963 3845 2067 3899; x_wconf 88' lang='lat' dir='ltr'><strong>que</strong></span> <span class='ocrx_word' id='word_1_624' title='bbox 2086 3827 2346 3883; x_wconf 87' lang='lat' dir='ltr'><strong>calicibus</strong></span> <span class='ocrx_word' id='word_1_625' title='bbox 2367 3825 2679 3895; x_wconf 86' lang='lat' dir='ltr'><strong>epotandis;</strong></span> <span class='ocrx_word' id='word_1_626' title='bbox 2708 3825 2996 3893; x_wconf 89' lang='lat' dir='ltr'><strong>acquirunt</strong></span> <span class='ocrx_word' id='word_1_627' title='bbox 3008 3825 3052 3879; x_wconf 91' lang='lat' dir='ltr'><strong>si</strong></span> <span class='ocrx_word' id='word_1_628' title='bbox 3076 3834 3298 3895; x_wconf 90' lang='lat' dir='ltr'><strong>possunt</strong></span> <span class='ocrx_word' id='word_1_629' title='bbox 3326 3828 3555 3882; x_wconf 74' lang='lat' dir='ltr'><strong>musico~</strong></span> 
     </span>
    </p>
   </div>
   <div class='ocr_carea' id='block_1_85' title="bbox 1963 3916 3556 3988">
    <p class='ocr_par' dir='ltr' id='par_1_85' title="bbox 1963 3916 3556 3988">
     <span class='ocr_line' id='line_1_85' title="bbox 1963 3916 3556 3988; baseline -0.003 -14"><span class='ocrx_word' id='word_1_630' title='bbox 1963 3928 2082 3975; x_wconf 89' lang='lat' dir='ltr'><strong>rum</strong></span> <span class='ocrx_word' id='word_1_631' title='bbox 2105 3920 2484 3980; x_wconf 89' lang='lat' dir='ltr'><strong>instrumenta,</strong></span> <span class='ocrx_word' id='word_1_632' title='bbox 2510 3923 2843 3985; x_wconf 87' lang='lat' dir='ltr'><strong>tympanum,</strong></span> <span class='ocrx_word' id='word_1_633' title='bbox 2869 3916 3152 3978; x_wconf 85' lang='lat' dir='ltr'><strong>citharam,</strong></span> <span class='ocrx_word' id='word_1_634' title='bbox 3184 3917 3370 3971; x_wconf 87' lang='lat' dir='ltr'><strong>tibiam</strong></span> <span class='ocrx_word' id='word_1_635' title='bbox 3398 3928 3453 3972; x_wconf 92' lang='lat' dir='ltr'><strong>et</strong></span> <span class='ocrx_word' id='word_1_636' title='bbox 3479 3917 3556 3988; x_wconf 81' lang='lat' dir='ltr'><strong>ly-</strong></span> 
     </span>
    </p>
   </div>
   <div class='ocr_carea' id='block_1_86' title="bbox 1965 4005 3556 4074">
    <p class='ocr_par' dir='ltr' id='par_1_86' title="bbox 1965 4005 3556 4074">
     <span class='ocr_line' id='line_1_86' title="bbox 1965 4005 3556 4074; baseline -0.001 -11"><span class='ocrx_word' id='word_1_637' title='bbox 1965 4024 2103 4063; x_wconf 88' lang='lat' dir='ltr'><strong>ram.</strong></span> <span class='ocrx_word' id='word_1_638' title='bbox 2131 4007 2277 4060; x_wconf 88' lang='lat' dir='ltr'><strong>lnter</strong></span> <span class='ocrx_word' id='word_1_639' title='bbox 2305 4021 2424 4074; x_wconf 87' lang='lat' dir='ltr'><strong>quae</strong></span> <span class='ocrx_word' id='word_1_640' title='bbox 2455 4005 2618 4058; x_wconf 88' lang='lat' dir='ltr'><strong>nimia</strong></span> <span class='ocrx_word' id='word_1_641' title='bbox 2657 4005 2870 4073; x_wconf 91' lang='lat' dir='ltr'><strong>pocula,</strong></span> <span class='ocrx_word' id='word_1_642' title='bbox 2896 4014 3117 4060; x_wconf 89' lang='lat' dir='ltr'><strong>cantant</strong></span> <span class='ocrx_word' id='word_1_643' title='bbox 3151 4009 3393 4062; x_wconf 86' lang='lat' dir='ltr'><strong>carmina</strong></span> <span class='ocrx_word' id='word_1_644' title='bbox 3445 4011 3556 4065; x_wconf 72' lang='lat' dir='ltr'><strong>da:-</strong></span> 
     </span>
    </p>
   </div>
   <div class='ocr_carea' id='block_1_87' title="bbox 1966 4096 3558 4164">
    <p class='ocr_par' dir='ltr' id='par_1_87' title="bbox 1966 4096 3558 4164">
     <span class='ocr_line' id='line_1_87' title="bbox 1966 4096 3558 4164; baseline 0.001 -11"><span class='ocrx_word' id='word_1_645' title='bbox 1966 4114 2188 4154; x_wconf 91' lang='lat' dir='ltr'><strong>monum</strong></span> <span class='ocrx_word' id='word_1_646' title='bbox 2217 4106 2335 4152; x_wconf 90' lang='lat' dir='ltr'><strong>arte</strong></span> <span class='ocrx_word' id='word_1_647' title='bbox 2364 4096 2611 4151; x_wconf 85' lang='lat' dir='ltr'><strong>confecta</strong></span> <span class='ocrx_word' id='word_1_648' title='bbox 2630 4138 2642 4160; x_wconf 90' lang='lat'><strong>,</strong></span> <span class='ocrx_word' id='word_1_649' title='bbox 2675 4097 2863 4164; x_wconf 86' lang='lat' dir='ltr'><strong>sicque</strong></span> <span class='ocrx_word' id='word_1_650' title='bbox 2884 4097 3024 4150; x_wconf 89' lang='lat' dir='ltr'><strong>diem</strong></span> <span class='ocrx_word' id='word_1_651' title='bbox 3051 4106 3222 4152; x_wconf 90' lang='lat' dir='ltr'><strong>totum</strong></span> <span class='ocrx_word' id='word_1_652' title='bbox 3251 4115 3372 4153; x_wconf 89' lang='lat' dir='ltr'><strong>cum</strong></span> <span class='ocrx_word' id='word_1_653' title='bbox 3397 4111 3558 4154; x_wconf 85' lang='lat' dir='ltr'><strong>nocte</strong></span> 
     </span>
    </p>
   </div>
   <div class='ocr_carea' id='block_1_88' title="bbox 1968 4188 3562 4259">
    <p class='ocr_par' dir='ltr' id='par_1_88' title="bbox 1968 4188 3562 4259">
     <span class='ocr_line' id='line_1_88' title="bbox 1968 4188 3562 4259; baseline 0.002 -14"><span class='ocrx_word' id='word_1_654' title='bbox 1968 4197 2311 4246; x_wconf 88' lang='lat' dir='ltr'><strong>consumunt.</strong></span> <span class='ocrx_word' id='word_1_655' title='bbox 2361 4188 2484 4244; x_wconf 67' lang='lat' dir='ltr'><strong>llaec</strong></span> <span class='ocrx_word' id='word_1_656' title='bbox 2521 4204 2670 4259; x_wconf 85' lang='lat' dir='ltr'><strong>ergo,</strong></span> <span class='ocrx_word' id='word_1_657' title='bbox 2701 4188 2919 4252; x_wconf 87' lang='lat' dir='ltr'><strong>fratres,</strong></span> <span class='ocrx_word' id='word_1_658' title='bbox 2957 4190 3084 4259; x_wconf 83' lang='lat' dir='ltr'><strong>quid</strong></span> <span class='ocrx_word' id='word_1_659' title='bbox 3116 4201 3242 4246; x_wconf 91' lang='lat' dir='ltr'><strong>sunt</strong></span> <span class='ocrx_word' id='word_1_660' title='bbox 3274 4191 3418 4247; x_wconf 82' lang='lat' dir='ltr'><strong>aliud</strong></span> <span class='ocrx_word' id='word_1_661' title='bbox 3457 4195 3562 4248; x_wconf 77' lang='lat' dir='ltr'><strong>nisi</strong></span> 
     </span>
    </p>
   </div>
   <div class='ocr_carea' id='block_1_89' title="bbox 1967 4279 3564 4349">
    <p class='ocr_par' dir='ltr' id='par_1_89' title="bbox 1967 4279 3564 4349">
     <span class='ocr_line' id='line_1_89' title="bbox 1967 4279 3564 4349; baseline 0.002 -14"><span class='ocrx_word' id='word_1_662' title='bbox 1967 4281 2175 4349; x_wconf 88' lang='lat' dir='ltr'><strong>antiqui</strong></span> <span class='ocrx_word' id='word_1_663' title='bbox 2193 4280 2365 4334; x_wconf 89' lang='lat' dir='ltr'><strong>hostis</strong></span> <span class='ocrx_word' id='word_1_664' title='bbox 2382 4279 2815 4332; x_wconf 89' lang='lat' dir='ltr'><strong>machinamenta</strong></span> <span class='ocrx_word' id='word_1_665' title='bbox 2831 4294 2894 4333; x_wconf 92' lang='lat' dir='ltr'><strong>ac</strong></span> <span class='ocrx_word' id='word_1_666' title='bbox 2907 4279 3208 4334; x_wconf 75' lang='lat' dir='ltr'><strong>dzemonum</strong></span> <span class='ocrx_word' id='word_1_667' title='bbox 3227 4281 3564 4346; x_wconf 87' lang='lat' dir='ltr'><strong>ludibria,se—</strong></span> 
     </span>
    </p>
   </div>
   <div class='ocr_carea' id='block_1_90' title="bbox 1971 4369 3564 4443">
    <p class='ocr_par' dir='ltr' id='par_1_90' title="bbox 1971 4369 3564 4443">
     <span class='ocr_line' id='line_1_90' title="bbox 1971 4369 3564 4443; baseline 0.002 -15"><span class='ocrx_word' id='word_1_668' title='bbox 1971 4372 2156 4443; x_wconf 88' lang='lat' dir='ltr'><strong>parari</strong></span> <span class='ocrx_word' id='word_1_669' title='bbox 2177 4388 2206 4425; x_wconf 94' lang='lat' dir='ltr'><strong>a</strong></span> <span class='ocrx_word' id='word_1_670' title='bbox 2233 4371 2344 4425; x_wconf 89' lang='lat' dir='ltr'><strong>Deo</strong></span> <span class='ocrx_word' id='word_1_671' title='bbox 2369 4380 2423 4425; x_wconf 92' lang='lat' dir='ltr'><strong>et</strong></span> <span class='ocrx_word' id='word_1_672' title='bbox 2446 4369 2699 4439; x_wconf 74' lang='lat' dir='ltr'><strong>conjungi</strong></span> <span class='ocrx_word' id='word_1_673' title='bbox 2729 4371 2964 4436; x_wconf 87' lang='lat' dir='ltr'><strong>diabolo,</strong></span> <span class='ocrx_word' id='word_1_674' title='bbox 2995 4373 3196 4443; x_wconf 83' lang='lat' dir='ltr'><strong>privari</strong></span> <span class='ocrx_word' id='word_1_675' title='bbox 3221 4375 3330 4428; x_wconf 89' lang='lat' dir='ltr'><strong>vita</strong></span> <span class='ocrx_word' id='word_1_676' title='bbox 3352 4385 3408 4428; x_wconf 89' lang='lat' dir='ltr'><strong>et</strong></span> <span class='ocrx_word' id='word_1_677' title='bbox 3432 4392 3564 4431; x_wconf 84' lang='lat' dir='ltr'><strong>con-</strong></span> 
     </span>
    </p>
   </div>
   <div class='ocr_carea' id='block_1_91' title="bbox 1969 4461 3559 4526">
    <p class='ocr_par' dir='ltr' id='par_1_91' title="bbox 1969 4461 3559 4526">
     <span class='ocr_line' id='line_1_91' title="bbox 1969 4461 3559 4526; baseline 0.001 -6"><span class='ocrx_word' id='word_1_678' title='bbox 1969 4465 2109 4520; x_wconf 88' lang='lat' dir='ltr'><strong>sumi</strong></span> <span class='ocrx_word' id='word_1_679' title='bbox 2154 4471 2349 4526; x_wconf 90' lang='lat' dir='ltr'><strong>morte,</strong></span> <span class='ocrx_word' id='word_1_680' title='bbox 2385 4477 2572 4516; x_wconf 72' lang='lat' dir='ltr'><strong>carere</strong></span> <span class='ocrx_word' id='word_1_681' title='bbox 2609 4461 2745 4517; x_wconf 76' lang='lat' dir='ltr'><strong>ccelo</strong></span> <span class='ocrx_word' id='word_1_682' title='bbox 2770 4471 2823 4518; x_wconf 89' lang='lat' dir='ltr'><strong>et</strong></span> <span class='ocrx_word' id='word_1_683' title='bbox 2860 4464 3065 4517; x_wconf 89' lang='lat' dir='ltr'><strong>retrudi</strong></span> <span class='ocrx_word' id='word_1_684' title='bbox 3105 4463 3158 4517; x_wconf 92' lang='lat' dir='ltr'><strong>in</strong></span> <span class='ocrx_word' id='word_1_685' title='bbox 3194 4464 3443 4520; x_wconf 87' lang='lat' dir='ltr'><strong>inferno?</strong></span> <span class='ocrx_word' id='word_1_686' title='bbox 3472 4469 3559 4522; x_wconf 85' lang='lat' dir='ltr'><strong>isti</strong></span> 
     </span>
    </p>
   </div>
   <div class='ocr_carea' id='block_1_92' title="bbox 265 4523 3562 4623">
    <p class='ocr_par' dir='ltr' id='par_1_92' title="bbox 265 4523 3562 4623">
     <span class='ocr_line' id='line_1_92' title="bbox 265 4523 3562 4623; baseline 0 -10"><span class='ocrx_word' id='word_1_687' title='bbox 265 4543 429 4616; x_wconf 66' lang='lat' dir='ltr'><strong>lum</strong></span> <span class='ocrx_word' id='word_1_688' title='bbox 458 4542 788 4597; x_wconf 58' lang='lat' dir='ltr'><strong>“mmmam</strong></span> <span class='ocrx_word' id='word_1_689' title='bbox 816 4540 1026 4594; x_wconf 63' lang='lat' dir='ltr'><strong>Domini</strong></span> <span class='ocrx_word' id='word_1_690' title='bbox 1055 4539 1201 4612; x_wconf 72' lang='grc' dir='ltr'><strong>(ιὀη·</strong></span> <span class='ocrx_word' id='word_1_691' title='bbox 1244 4539 1348 4613; x_wconf 74' lang='grc' dir='ltr'><strong>¹¹¹)ν</strong></span> <span class='ocrx_word' id='word_1_692' title='bbox 1380 4542 1692 4597; x_wconf 69' lang='grc' dir='ltr'><strong>άεεῐτυοηάί</strong></span> <span class='ocrx_word' id='word_1_693' title='bbox 1715 4543 1862 4597; x_wconf 67' lang='lat' dir='ltr'><strong>illam</strong></span> <span class='ocrx_word' id='word_1_694' title='bbox 1891 4523 1944 4582; x_wconf 79' lang='lat' dir='ltr'><strong>D</strong></span> <span class='ocrx_word' id='word_1_695' title='bbox 1970 4553 2807 4623; x_wconf 87' lang='lat' dir='ltr'><strong>enim,secundumApostolum,</strong></span> <span class='ocrx_word' id='word_1_696' title='bbox 2827 4570 2929 4608; x_wconf 90' lang='lat' dir='ltr'><strong>non</strong></span> <span class='ocrx_word' id='word_1_697' title='bbox 2951 4555 3449 4622; x_wconf 80' lang='lat' dir='ltr'><strong>serviuntDeo,sed</strong></span> <span class='ocrx_word' id='word_1_698' title='bbox 3464 4575 3562 4613; x_wconf 86' lang='lat' dir='ltr'><strong>suo</strong></span> 
     </span>
    </p>
   </div>
   <div class='ocr_carea' id='block_1_93' title="bbox 270 4631 1865 4704">
    <p class='ocr_par' dir='ltr' id='par_1_93' title="bbox 270 4631 1865 4704">
     <span class='ocr_line' id='line_1_93' title="bbox 270 4631 1865 4704; baseline -0.003 -14"><span class='ocrx_word' id='word_1_699' title='bbox 270 4649 495 4704; x_wconf 85' lang='lat' dir='ltr'><strong>tempus</strong></span> <span class='ocrx_word' id='word_1_700' title='bbox 535 4632 835 4702; x_wconf 84' lang='lat' dir='ltr'><strong>ingrueret,</strong></span> <span class='ocrx_word' id='word_1_701' title='bbox 875 4631 1233 4686; x_wconf 78' lang='lat' dir='ltr'><strong>consistentes</strong></span> <span class='ocrx_word' id='word_1_702' title='bbox 1259 4633 1313 4685; x_wconf 91' lang='lat' dir='ltr'><strong>in</strong></span> <span class='ocrx_word' id='word_1_703' title='bbox 1360 4648 1423 4688; x_wconf 90' lang='lat' dir='ltr'><strong>ea</strong></span> <span class='ocrx_word' id='word_1_704' title='bbox 1454 4633 1598 4687; x_wconf 88' lang='lat' dir='ltr'><strong>aliud</strong></span> <span class='ocrx_word' id='word_1_705' title='bbox 1627 4649 1733 4688; x_wconf 90' lang='lat' dir='ltr'><strong>non</strong></span> <span class='ocrx_word' id='word_1_706' title='bbox 1763 4634 1865 4687; x_wconf 89' lang='lat' dir='ltr'><strong>ha-</strong></span> 
     </span>
    </p>
   </div>
   <div class='ocr_carea' id='block_1_94' title="bbox 270 4722 1864 4794">
    <p class='ocr_par' dir='ltr' id='par_1_94' title="bbox 270 4722 1864 4794">
     <span class='ocr_line' id='line_1_94' title="bbox 270 4722 1864 4794; baseline -0.001 -12"><span class='ocrx_word' id='word_1_707' title='bbox 270 4726 465 4782; x_wconf 84' lang='lat' dir='ltr'><strong>buisse</strong></span> <span class='ocrx_word' id='word_1_708' title='bbox 500 4723 809 4794; x_wconf 74' lang='lat' dir='ltr'><strong>prcesidium</strong></span> <span class='ocrx_word' id='word_1_709' title='bbox 856 4722 960 4776; x_wconf 90' lang='lat' dir='ltr'><strong>nisi</strong></span> <span class='ocrx_word' id='word_1_710' title='bbox 1007 4731 1097 4786; x_wconf 93' lang='lat' dir='ltr'><strong>ut,</strong></span> <span class='ocrx_word' id='word_1_711' title='bbox 1137 4723 1362 4792; x_wconf 90' lang='lat' dir='ltr'><strong>abjectis</strong></span> <span class='ocrx_word' id='word_1_712' title='bbox 1402 4725 1633 4793; x_wconf 72' lang='lat' dir='ltr'><strong>copiosis</strong></span> <span class='ocrx_word' id='word_1_713' title='bbox 1661 4725 1864 4794; x_wconf 91' lang='lat' dir='ltr'><strong>epulis,</strong></span> 
     </span>
    </p>
   </div>
   <div class='ocr_carea' id='block_1_95' title="bbox 265 4811 1870 4886">
    <p class='ocr_par' dir='ltr' id='par_1_95' title="bbox 265 4811 1870 4886">
     <span class='ocr_line' id='line_1_95' title="bbox 265 4811 1870 4886; baseline 0.003 -22"><span class='ocrx_word' id='word_1_714' title='bbox 265 4812 482 4886; x_wconf 66' lang='lat' dir='ltr'><strong>jr-junia</strong></span> <span class='ocrx_word' id='word_1_715' title='bbox 537 4811 850 4866; x_wconf 87' lang='lat' dir='ltr'><strong>continuata</strong></span> <span class='ocrx_word' id='word_1_716' title='bbox 901 4811 1256 4882; x_wconf 87' lang='lat' dir='ltr'><strong>susciperent,</strong></span> <span class='ocrx_word' id='word_1_717' title='bbox 1303 4821 1358 4868; x_wconf 89' lang='lat' dir='ltr'><strong>et</strong></span> <span class='ocrx_word' id='word_1_718' title='bbox 1397 4814 1708 4868; x_wconf 88' lang='lat' dir='ltr'><strong>divitiarum</strong></span> <span class='ocrx_word' id='word_1_719' title='bbox 1754 4831 1870 4869; x_wconf 87' lang='lat' dir='ltr'><strong>am-</strong></span> 
     </span>
    </p>
   </div>
   <div class='ocr_carea' id='block_1_96' title="bbox 274 4905 1872 4978">
    <p class='ocr_par' dir='ltr' id='par_1_96' title="bbox 274 4905 1872 4978">
     <span class='ocr_line' id='line_1_96' title="bbox 274 4905 1872 4978; baseline -0.001 -14"><span class='ocrx_word' id='word_1_720' title='bbox 274 4909 491 4965; x_wconf 73' lang='lat' dir='ltr'><strong>bition:</strong></span> <span class='ocrx_word' id='word_1_721' title='bbox 532 4905 798 4975; x_wconf 82' lang='lat' dir='ltr'><strong>deposita,</strong></span> <span class='ocrx_word' id='word_1_722' title='bbox 840 4905 1198 4960; x_wconf 86' lang='lat' dir='ltr'><strong>humilitatem</strong></span> <span class='ocrx_word' id='word_1_723' title='bbox 1244 4922 1303 4962; x_wconf 91' lang='lat' dir='ltr'><strong>se</strong></span> <span class='ocrx_word' id='word_1_724' title='bbox 1330 4911 1658 4978; x_wconf 87' lang='lat' dir='ltr'><strong>paupertatis</strong></span> <span class='ocrx_word' id='word_1_725' title='bbox 1691 4910 1872 4965; x_wconf 85' lang='lat' dir='ltr'><strong>indue—</strong></span> 
     </span>
    </p>
   </div>
   <div class='ocr_carea' id='block_1_97' title="bbox 275 4997 1873 5068">
    <p class='ocr_par' dir='ltr' id='par_1_97' title="bbox 275 4997 1873 5068">
     <span class='ocr_line' id='line_1_97' title="bbox 275 4997 1873 5068; baseline 0 -12"><span class='ocrx_word' id='word_1_726' title='bbox 275 4999 443 5056; x_wconf 67' lang='lat' dir='ltr'><strong>rem“.</strong></span> <span class='ocrx_word' id='word_1_727' title='bbox 470 4997 698 5061; x_wconf 87' lang='lat' dir='ltr'><strong>scilicet,</strong></span> <span class='ocrx_word' id='word_1_728' title='bbox 725 5004 782 5049; x_wconf 90' lang='lat' dir='ltr'><strong>ut</strong></span> <span class='ocrx_word' id='word_1_729' title='bbox 810 4997 1002 5050; x_wconf 78' lang='lat' dir='ltr'><strong>exinde</strong></span> <span class='ocrx_word' id='word_1_730' title='bbox 1024 4998 1320 5052; x_wconf 80' lang='lat' dir='ltr'><strong>remedium</strong></span> <span class='ocrx_word' id='word_1_731' title='bbox 1357 5000 1693 5068; x_wconf 87' lang='lat' dir='ltr'><strong>perciperent</strong></span> <span class='ocrx_word' id='word_1_732' title='bbox 1731 4999 1873 5056; x_wconf 90' lang='lat' dir='ltr'><strong>unde</strong></span> 
     </span>
    </p>
   </div>
   <div class='ocr_carea' id='block_1_98' title="bbox 275 5087 1870 5159">
    <p class='ocr_par' dir='ltr' id='par_1_98' title="bbox 275 5087 1870 5159">
     <span class='ocr_line' id='line_1_98' title="bbox 275 5087 1870 5159; baseline 0.001 -13"><span class='ocrx_word' id='word_1_733' title='bbox 275 5092 376 5146; x_wconf 56' lang='lat' dir='ltr'><strong>Itis</strong></span> <span class='ocrx_word' id='word_1_734' title='bbox 396 5090 625 5158; x_wconf 78' lang='lat' dir='ltr'><strong>perditio</strong></span> <span class='ocrx_word' id='word_1_735' title='bbox 642 5087 1026 5158; x_wconf 84' lang='lat' dir='ltr'><strong>contingebat;</strong></span> <span class='ocrx_word' id='word_1_736' title='bbox 1052 5089 1155 5143; x_wconf 89' lang='lat' dir='ltr'><strong>hoc</strong></span> <span class='ocrx_word' id='word_1_737' title='bbox 1181 5100 1283 5154; x_wconf 89' lang='lat' dir='ltr'><strong>est,</strong></span> <span class='ocrx_word' id='word_1_738' title='bbox 1305 5100 1363 5144; x_wconf 92' lang='lat' dir='ltr'><strong>ut</strong></span> <span class='ocrx_word' id='word_1_739' title='bbox 1389 5091 1521 5145; x_wconf 89' lang='lat' dir='ltr'><strong>iram</strong></span> <span class='ocrx_word' id='word_1_740' title='bbox 1542 5091 1870 5159; x_wconf 87' lang='lat' dir='ltr'><strong>Divinitatis,</strong></span> 
     </span>
    </p>
   </div>
   <div class='ocr_carea' id='block_1_99' title="bbox 277 5179 1875 5252">
    <p class='ocr_par' dir='ltr' id='par_1_99' title="bbox 277 5179 1875 5252">
     <span class='ocr_line' id='line_1_99' title="bbox 277 5179 1875 5252; baseline 0.004 -19"><span class='ocrx_word' id='word_1_741' title='bbox 277 5196 453 5252; x_wconf 79' lang='lat' dir='ltr'><strong>quam</strong></span> <span class='ocrx_word' id='word_1_742' title='bbox 505 5179 825 5232; x_wconf 77' lang='lat' dir='ltr'><strong>luxuriando</strong></span> <span class='ocrx_word' id='word_1_743' title='bbox 873 5189 1313 5248; x_wconf 86' lang='lat' dir='ltr'><strong>provocavcrant,</strong></span> <span class='ocrx_word' id='word_1_744' title='bbox 1372 5182 1692 5238; x_wconf 89' lang='lat' dir='ltr'><strong>abstinendo</strong></span> <span class='ocrx_word' id='word_1_745' title='bbox 1741 5183 1875 5239; x_wconf 91' lang='lat' dir='ltr'><strong>leni-</strong></span> 
     </span>
    </p>
   </div>
   <div class='ocr_carea' id='block_1_100' title="bbox 280 5268 1869 5344">
    <p class='ocr_par' dir='ltr' id='par_1_100' title="bbox 280 5268 1869 5344">
     <span class='ocr_line' id='line_1_100' title="bbox 280 5268 1869 5344; baseline 0.004 -19"><span class='ocrx_word' id='word_1_746' title='bbox 280 5281 432 5335; x_wconf 88' lang='lat' dir='ltr'><strong>rent,</strong></span> <span class='ocrx_word' id='word_1_747' title='bbox 466 5278 522 5323; x_wconf 91' lang='lat' dir='ltr'><strong>et</strong></span> <span class='ocrx_word' id='word_1_748' title='bbox 545 5268 804 5324; x_wconf 73' lang='lat' dir='ltr'><strong>offensam</strong></span> <span class='ocrx_word' id='word_1_749' title='bbox 833 5286 997 5340; x_wconf 90' lang='lat' dir='ltr'><strong>quam</strong></span> <span class='ocrx_word' id='word_1_750' title='bbox 1028 5271 1081 5324; x_wconf 91' lang='lat' dir='ltr'><strong>in</strong></span> <span class='ocrx_word' id='word_1_751' title='bbox 1111 5285 1204 5325; x_wconf 92' lang='lat' dir='ltr'><strong>eos</strong></span> <span class='ocrx_word' id='word_1_752' title='bbox 1229 5274 1480 5342; x_wconf 88' lang='lat' dir='ltr'><strong>superbia</strong></span> <span class='ocrx_word' id='word_1_753' title='bbox 1505 5285 1869 5344; x_wconf 82' lang='lat' dir='ltr'><strong>contraxerat,</strong></span> 
     </span>
    </p>
   </div>
   <div class='ocr_carea' id='block_1_101' title="bbox 282 5363 1875 5432">
    <p class='ocr_par' dir='ltr' id='par_1_101' title="bbox 282 5363 1875 5432">
     <span class='ocr_line' id='line_1_101' title="bbox 282 5363 1875 5432; baseline 0.002 -11"><span class='ocrx_word' id='word_1_754' title='bbox 282 5363 572 5422; x_wconf 86' lang='lat' dir='ltr'><strong>humilitas</strong></span> <span class='ocrx_word' id='word_1_755' title='bbox 598 5363 885 5432; x_wconf 87' lang='lat' dir='ltr'><strong>mitigaret.</strong></span> <span class='ocrx_word' id='word_1_756' title='bbox 914 5363 1121 5417; x_wconf 89' lang='lat' dir='ltr'><strong>Dicitur</strong></span> <span class='ocrx_word' id='word_1_757' title='bbox 1148 5364 1292 5419; x_wconf 89' lang='lat' dir='ltr'><strong>enim</strong></span> <span class='ocrx_word' id='word_1_758' title='bbox 1332 5365 1384 5419; x_wconf 92' lang='lat' dir='ltr'><strong>in</strong></span> <span class='ocrx_word' id='word_1_759' title='bbox 1413 5365 1501 5420; x_wconf 92' lang='lat' dir='ltr'><strong>illa</strong></span> <span class='ocrx_word' id='word_1_760' title='bbox 1533 5366 1875 5424; x_wconf 90' lang='lat' dir='ltr'><strong>tribulatione</strong></span> 
     </span>
    </p>
   </div>
   <div class='ocr_carea' id='block_1_102' title="bbox 280 5453 1878 5528">
    <p class='ocr_par' dir='ltr' id='par_1_102' title="bbox 280 5453 1878 5528">
     <span class='ocr_line' id='line_1_102' title="bbox 280 5453 1878 5528; baseline 0.004 -20"><span class='ocrx_word' id='word_1_761' title='bbox 280 5459 407 5528; x_wconf 77' lang='lat' dir='ltr'><strong>ipse</strong></span> <span class='ocrx_word' id='word_1_762' title='bbox 439 5469 535 5509; x_wconf 81' lang='lat' dir='ltr'><strong>rex</strong></span> <span class='ocrx_word' id='word_1_763' title='bbox 559 5453 802 5523; x_wconf 89' lang='lat' dir='ltr'><strong>deposita</strong></span> <span class='ocrx_word' id='word_1_764' title='bbox 832 5454 1096 5524; x_wconf 88' lang='lat' dir='ltr'><strong>imperiali</strong></span> <span class='ocrx_word' id='word_1_765' title='bbox 1117 5471 1371 5525; x_wconf 84' lang='lat' dir='ltr'><strong>purpura,</strong></span> <span class='ocrx_word' id='word_1_766' title='bbox 1397 5457 1560 5528; x_wconf 83' lang='lat' dir='ltr'><strong>regali</strong></span> <span class='ocrx_word' id='word_1_767' title='bbox 1582 5458 1878 5516; x_wconf 88' lang='lat' dir='ltr'><strong>ambitione</strong></span> 
     </span>
    </p>
   </div>
   <div class='ocr_carea' id='block_1_103' title="bbox 283 5547 1877 5620">
    <p class='ocr_par' dir='ltr' id='par_1_103' title="bbox 283 5547 1877 5620">
     <span class='ocr_line' id='line_1_103' title="bbox 283 5547 1877 5620; baseline 0 -14"><span class='ocrx_word' id='word_1_768' title='bbox 283 5552 570 5610; x_wconf 85' lang='lat' dir='ltr'><strong>submota,</strong></span> <span class='ocrx_word' id='word_1_769' title='bbox 609 5547 850 5602; x_wconf 89' lang='lat' dir='ltr'><strong>membra</strong></span> <span class='ocrx_word' id='word_1_770' title='bbox 895 5563 992 5600; x_wconf 86' lang='lat' dir='ltr'><strong>sua</strong></span> <span class='ocrx_word' id='word_1_771' title='bbox 1033 5547 1211 5602; x_wconf 86' lang='lat' dir='ltr'><strong>cilicio</strong></span> <span class='ocrx_word' id='word_1_772' title='bbox 1251 5550 1595 5618; x_wconf 67' lang='lat' dir='ltr'><strong>prtecinxisse</strong></span> <span class='ocrx_word' id='word_1_773' title='bbox 1625 5559 1789 5620; x_wconf 90' lang='lat' dir='ltr'><strong>atque</strong></span> <span class='ocrx_word' id='word_1_774' title='bbox 1822 5553 1877 5606; x_wconf 93' lang='lat' dir='ltr'><strong>in</strong></span> 
     </span>
    </p>
   </div>
   <div class='ocr_carea' id='block_1_104' title="bbox 281 5637 1876 5704">
    <p class='ocr_par' dir='ltr' id='par_1_104' title="bbox 281 5637 1876 5704">
     <span class='ocr_line' id='line_1_104' title="bbox 281 5637 1876 5704; baseline 0 -7"><span class='ocrx_word' id='word_1_775' title='bbox 281 5654 454 5697; x_wconf 80' lang='lat' dir='ltr'><strong>sacco</strong></span> <span class='ocrx_word' id='word_1_776' title='bbox 479 5643 536 5692; x_wconf 90' lang='lat' dir='ltr'><strong>et</strong></span> <span class='ocrx_word' id='word_1_777' title='bbox 561 5637 746 5692; x_wconf 82' lang='lat' dir='ltr'><strong>cinere</strong></span> <span class='ocrx_word' id='word_1_778' title='bbox 767 5652 825 5692; x_wconf 89' lang='lat' dir='ltr'><strong>se</strong></span> <span class='ocrx_word' id='word_1_779' title='bbox 851 5638 1040 5694; x_wconf 90' lang='lat' dir='ltr'><strong>diebus</strong></span> <span class='ocrx_word' id='word_1_780' title='bbox 1065 5653 1127 5694; x_wconf 91' lang='lat' dir='ltr'><strong>ac</strong></span> <span class='ocrx_word' id='word_1_781' title='bbox 1153 5640 1400 5697; x_wconf 89' lang='lat' dir='ltr'><strong>noctibus</strong></span> <span class='ocrx_word' id='word_1_782' title='bbox 1439 5641 1734 5704; x_wconf 87' lang='lat' dir='ltr'><strong>volutasse,</strong></span> <span class='ocrx_word' id='word_1_783' title='bbox 1778 5643 1876 5697; x_wconf 82' lang='lat' dir='ltr'><strong>ho—</strong></span> 
     </span>
    </p>
   </div>
   <div class='ocr_carea' id='block_1_105' title="bbox 287 5726 1876 5804">
    <p class='ocr_par' dir='ltr' id='par_1_105' title="bbox 287 5726 1876 5804">
     <span class='ocr_line' id='line_1_105' title="bbox 287 5726 1876 5804; baseline 0.001 -16"><span class='ocrx_word' id='word_1_784' title='bbox 287 5730 467 5788; x_wconf 78' lang='lat' dir='ltr'><strong>mines</strong></span> <span class='ocrx_word' id='word_1_785' title='bbox 501 5726 824 5798; x_wconf 86' lang='lat' dir='ltr'><strong>etjumenta</strong></span> <span class='ocrx_word' id='word_1_786' title='bbox 855 5731 1055 5800; x_wconf 87' lang='lat' dir='ltr'><strong>pariter</strong></span> <span class='ocrx_word' id='word_1_787' title='bbox 1089 5731 1383 5802; x_wconf 82' lang='lat' dir='ltr'><strong>jejunasse,</strong></span> <span class='ocrx_word' id='word_1_788' title='bbox 1415 5742 1577 5804; x_wconf 80' lang='lat' dir='ltr'><strong>atque</strong></span> <span class='ocrx_word' id='word_1_789' title='bbox 1603 5733 1668 5788; x_wconf 88' lang='lat' dir='ltr'><strong>ad</strong></span> <span class='ocrx_word' id='word_1_790' title='bbox 1711 5733 1876 5790; x_wconf 88' lang='lat' dir='ltr'><strong>Deum</strong></span> 
     </span>
    </p>
   </div>
   <div class='ocr_carea' id='block_1_106' title="bbox 1967 4645 3563 4713">
    <p class='ocr_par' dir='ltr' id='par_1_106' title="bbox 1967 4645 3563 4713">
     <span class='ocr_line' id='line_1_106' title="bbox 1967 4645 3563 4713; baseline 0.001 -10"><span class='ocrx_word' id='word_1_791' title='bbox 1967 4648 2142 4705; x_wconf 90' lang='lat' dir='ltr'><strong>ventri</strong></span> <span class='ocrx_word' id='word_1_792' title='bbox 2161 4664 2174 4713; x_wconf 91' lang='lat'><strong>;</strong></span> <span class='ocrx_word' id='word_1_793' title='bbox 2205 4663 2309 4702; x_wconf 92' lang='lat' dir='ltr'><strong>non</strong></span> <span class='ocrx_word' id='word_1_794' title='bbox 2325 4646 2560 4711; x_wconf 84' lang='lat' dir='ltr'><strong>Christo,</strong></span> <span class='ocrx_word' id='word_1_795' title='bbox 2577 4648 2668 4700; x_wconf 87' lang='lat' dir='ltr'><strong>sed</strong></span> <span class='ocrx_word' id='word_1_796' title='bbox 2685 4646 2870 4700; x_wconf 88' lang='lat' dir='ltr'><strong>Belial.</strong></span> <span class='ocrx_word' id='word_1_797' title='bbox 2888 4645 3125 4703; x_wconf 89' lang='lat' dir='ltr'><strong>Obsecro</strong></span> <span class='ocrx_word' id='word_1_798' title='bbox 3139 4658 3318 4704; x_wconf 91' lang='lat' dir='ltr'><strong>autem</strong></span> <span class='ocrx_word' id='word_1_799' title='bbox 3333 4649 3563 4713; x_wconf 84' lang='lat' dir='ltr'><strong>vos,fra-</strong></span> 
     </span>
    </p>
   </div>
   <div class='ocr_carea' id='block_1_107' title="bbox 1970 4737 3562 4802">
    <p class='ocr_par' dir='ltr' id='par_1_107' title="bbox 1970 4737 3562 4802">
     <span class='ocr_line' id='line_1_107' title="bbox 1970 4737 3562 4802; baseline 0.001 -8"><span class='ocrx_word' id='word_1_800' title='bbox 1970 4749 2106 4802; x_wconf 85' lang='lat' dir='ltr'><strong>tres,</strong></span> <span class='ocrx_word' id='word_1_801' title='bbox 2123 4749 2183 4792; x_wconf 94' lang='lat' dir='ltr'><strong>ut</strong></span> <span class='ocrx_word' id='word_1_802' title='bbox 2209 4737 2395 4792; x_wconf 89' lang='lat' dir='ltr'><strong>talium</strong></span> <span class='ocrx_word' id='word_1_803' title='bbox 2420 4753 2598 4792; x_wconf 89' lang='lat' dir='ltr'><strong>mores</strong></span> <span class='ocrx_word' id='word_1_804' title='bbox 2621 4747 2674 4792; x_wconf 90' lang='lat' dir='ltr'><strong>et</strong></span> <span class='ocrx_word' id='word_1_805' title='bbox 2701 4740 2973 4793; x_wconf 86' lang='lat' dir='ltr'><strong>consortia</strong></span> <span class='ocrx_word' id='word_1_806' title='bbox 2992 4741 3239 4796; x_wconf 83' lang='lat' dir='ltr'><strong>devitetis</strong></span> <span class='ocrx_word' id='word_1_807' title='bbox 3261 4749 3316 4796; x_wconf 91' lang='lat' dir='ltr'><strong>et</strong></span> <span class='ocrx_word' id='word_1_808' title='bbox 3343 4742 3389 4796; x_wconf 89' lang='lat' dir='ltr'><strong>si</strong></span> <span class='ocrx_word' id='word_1_809' title='bbox 3415 4757 3508 4796; x_wconf 90' lang='lat' dir='ltr'><strong>eos</strong></span> <span class='ocrx_word' id='word_1_810' title='bbox 3533 4759 3562 4796; x_wconf 89' lang='lat' dir='ltr'><strong>a</strong></span> 
     </span>
    </p>
   </div>
   <div class='ocr_carea' id='block_1_108' title="bbox 1973 4829 3566 4904">
    <p class='ocr_par' dir='ltr' id='par_1_108' title="bbox 1973 4829 3566 4904">
     <span class='ocr_line' id='line_1_108' title="bbox 1973 4829 3566 4904; baseline 0.001 -18"><span class='ocrx_word' id='word_1_811' title='bbox 1973 4831 2172 4886; x_wconf 87' lang='lat' dir='ltr'><strong>talibus</strong></span> <span class='ocrx_word' id='word_1_812' title='bbox 2198 4829 2417 4900; x_wconf 91' lang='lat' dir='ltr'><strong>ineptiis</strong></span> <span class='ocrx_word' id='word_1_813' title='bbox 2441 4831 2753 4885; x_wconf 90' lang='lat' dir='ltr'><strong>abstrahere</strong></span> <span class='ocrx_word' id='word_1_814' title='bbox 2775 4832 3016 4900; x_wconf 88' lang='lat' dir='ltr'><strong>possitis,</strong></span> <span class='ocrx_word' id='word_1_815' title='bbox 3053 4835 3321 4904; x_wconf 88' lang='lat' dir='ltr'><strong>satagite;</strong></span> <span class='ocrx_word' id='word_1_816' title='bbox 3354 4836 3436 4888; x_wconf 92' lang='lat' dir='ltr'><strong>sin</strong></span> <span class='ocrx_word' id='word_1_817' title='bbox 3469 4851 3566 4888; x_wconf 87' lang='lat' dir='ltr'><strong>au-</strong></span> 
     </span>
    </p>
   </div>
   <div class='ocr_carea' id='block_1_109' title="bbox 1979 4920 3566 4991">
    <p class='ocr_par' dir='ltr' id='par_1_109' title="bbox 1979 4920 3566 4991">
     <span class='ocr_line' id='line_1_109' title="bbox 1979 4920 3566 4991; baseline 0.002 -17"><span class='ocrx_word' id='word_1_818' title='bbox 1979 4932 2108 4985; x_wconf 90' lang='lat' dir='ltr'><strong>tem,</strong></span> <span class='ocrx_word' id='word_1_819' title='bbox 2139 4929 2328 4975; x_wconf 89' lang='lat' dir='ltr'><strong>cavete</strong></span> <span class='ocrx_word' id='word_1_820' title='bbox 2355 4933 2421 4972; x_wconf 91' lang='lat' dir='ltr'><strong>ne</strong></span> <span class='ocrx_word' id='word_1_821' title='bbox 2440 4935 2562 4974; x_wconf 90' lang='lat' dir='ltr'><strong>cum</strong></span> <span class='ocrx_word' id='word_1_822' title='bbox 2587 4920 2782 4975; x_wconf 88' lang='lat' dir='ltr'><strong>talibus</strong></span> <span class='ocrx_word' id='word_1_823' title='bbox 2809 4924 3066 4991; x_wconf 87' lang='lat' dir='ltr'><strong>pereatis,</strong></span> <span class='ocrx_word' id='word_1_824' title='bbox 3095 4923 3209 4977; x_wconf 89' lang='lat' dir='ltr'><strong>dies</strong></span> <span class='ocrx_word' id='word_1_825' title='bbox 3231 4924 3374 4978; x_wconf 90' lang='lat' dir='ltr'><strong>enim</strong></span> <span class='ocrx_word' id='word_1_826' title='bbox 3404 4924 3566 4977; x_wconf 88' lang='lat' dir='ltr'><strong>modo</strong></span> 
     </span>
    </p>
   </div>
   <div class='ocr_carea' id='block_1_110' title="bbox 1979 5009 3565 5079">
    <p class='ocr_par' dir='ltr' id='par_1_110' title="bbox 1979 5009 3565 5079">
     <span class='ocr_line' id='line_1_110' title="bbox 1979 5009 3565 5079; baseline 0.001 -15"><span class='ocrx_word' id='word_1_827' title='bbox 1979 5009 2410 5079; x_wconf 89' lang='lat' dir='ltr'><strong>eompunctionis</strong></span> <span class='ocrx_word' id='word_1_828' title='bbox 2451 5017 2506 5060; x_wconf 92' lang='lat' dir='ltr'><strong>et</strong></span> <span class='ocrx_word' id='word_1_829' title='bbox 2550 5010 2880 5078; x_wconf 70' lang='lat' dir='ltr'><strong>pmnitcntiae</strong></span> <span class='ocrx_word' id='word_1_830' title='bbox 2924 5012 3282 5066; x_wconf 88' lang='lat' dir='ltr'><strong>celebramus.</strong></span> <span class='ocrx_word' id='word_1_831' title='bbox 3328 5013 3397 5066; x_wconf 82' lang='lat' dir='ltr'><strong>Et</strong></span> <span class='ocrx_word' id='word_1_832' title='bbox 3440 5013 3565 5066; x_wconf 86' lang='lat' dir='ltr'><strong>licet</strong></span> 
     </span>
    </p>
   </div>
   <div class='ocr_carea' id='block_1_111' title="bbox 1977 5101 3566 5172">
    <p class='ocr_par' dir='ltr' id='par_1_111' title="bbox 1977 5101 3566 5172">
     <span class='ocr_line' id='line_1_111' title="bbox 1977 5101 3566 5172; baseline 0.002 -18"><span class='ocrx_word' id='word_1_833' title='bbox 1977 5102 2123 5154; x_wconf 90' lang='lat' dir='ltr'><strong>omni</strong></span> <span class='ocrx_word' id='word_1_834' title='bbox 2164 5110 2408 5168; x_wconf 90' lang='lat' dir='ltr'><strong>tempore</strong></span> <span class='ocrx_word' id='word_1_835' title='bbox 2435 5139 2450 5164; x_wconf 94' lang='lat'><strong>,</strong></span> <span class='ocrx_word' id='word_1_836' title='bbox 2504 5101 2700 5155; x_wconf 86' lang='lat' dir='ltr'><strong>fratres</strong></span> <span class='ocrx_word' id='word_1_837' title='bbox 2740 5102 3078 5167; x_wconf 66' lang='lat' dir='ltr'><strong>charissim,</strong></span> <span class='ocrx_word' id='word_1_838' title='bbox 3124 5105 3278 5158; x_wconf 91' lang='lat' dir='ltr'><strong>nobis</strong></span> <span class='ocrx_word' id='word_1_839' title='bbox 3318 5113 3566 5172; x_wconf 83' lang='lat' dir='ltr'><strong>oporteat</strong></span> 
     </span>
    </p>
   </div>
   <div class='ocr_carea' id='block_1_112' title="bbox 1979 5192 3566 5262">
    <p class='ocr_par' dir='ltr' id='par_1_112' title="bbox 1979 5192 3566 5262">
     <span class='ocr_line' id='line_1_112' title="bbox 1979 5192 3566 5262; baseline 0.001 -16"><span class='ocrx_word' id='word_1_840' title='bbox 1979 5192 2076 5247; x_wconf 90' lang='lat' dir='ltr'><strong>Dei</strong></span> <span class='ocrx_word' id='word_1_841' title='bbox 2113 5193 2542 5247; x_wconf 87' lang='lat' dir='ltr'><strong>misericordiam</strong></span> <span class='ocrx_word' id='word_1_842' title='bbox 2588 5207 2815 5262; x_wconf 91' lang='lat' dir='ltr'><strong>corpore</strong></span> <span class='ocrx_word' id='word_1_843' title='bbox 2862 5195 3096 5248; x_wconf 89' lang='lat' dir='ltr'><strong>contrito</strong></span> <span class='ocrx_word' id='word_1_844' title='bbox 3122 5203 3178 5249; x_wconf 91' lang='lat' dir='ltr'><strong>et</strong></span> <span class='ocrx_word' id='word_1_845' title='bbox 3214 5195 3376 5250; x_wconf 88' lang='lat' dir='ltr'><strong>corde</strong></span> <span class='ocrx_word' id='word_1_846' title='bbox 3417 5211 3566 5250; x_wconf 67' lang='lat' dir='ltr'><strong>com~</strong></span> 
     </span>
    </p>
   </div>
   <div class='ocr_carea' id='block_1_113' title="bbox 1978 5284 3564 5356">
    <p class='ocr_par' dir='ltr' id='par_1_113' title="bbox 1978 5284 3564 5356">
     <span class='ocr_line' id='line_1_113' title="bbox 1978 5284 3564 5356; baseline 0.003 -17"><span class='ocrx_word' id='word_1_847' title='bbox 1978 5295 2178 5356; x_wconf 92' lang='lat' dir='ltr'><strong>puncto</strong></span> <span class='ocrx_word' id='word_1_848' title='bbox 2201 5284 2499 5354; x_wconf 84' lang='lat' dir='ltr'><strong>requirere,</strong></span> <span class='ocrx_word' id='word_1_849' title='bbox 2532 5294 2587 5339; x_wconf 91' lang='lat' dir='ltr'><strong>et</strong></span> <span class='ocrx_word' id='word_1_850' title='bbox 2609 5285 2676 5339; x_wconf 87' lang='lat' dir='ltr'><strong>ab</strong></span> <span class='ocrx_word' id='word_1_851' title='bbox 2693 5285 2784 5340; x_wconf 92' lang='lat' dir='ltr'><strong>illo</strong></span> <span class='ocrx_word' id='word_1_852' title='bbox 2808 5285 3197 5356; x_wconf 83' lang='lat' dir='ltr'><strong>indulgentiam</strong></span> <span class='ocrx_word' id='word_1_853' title='bbox 3219 5295 3564 5356; x_wconf 87' lang='lat' dir='ltr'><strong>peccatorum</strong></span> 
     </span>
    </p>
   </div>
   <div class='ocr_carea' id='block_1_114' title="bbox 1981 5372 3566 5447">
    <p class='ocr_par' dir='ltr' id='par_1_114' title="bbox 1981 5372 3566 5447">
     <span class='ocr_line' id='line_1_114' title="bbox 1981 5372 3566 5447; baseline 0.001 -17"><span class='ocrx_word' id='word_1_854' title='bbox 1981 5376 2213 5431; x_wconf 85' lang='lat' dir='ltr'><strong>fideliter</strong></span> <span class='ocrx_word' id='word_1_855' title='bbox 2245 5372 2521 5446; x_wconf 87' lang='lat' dir='ltr'><strong>postulare</strong></span> <span class='ocrx_word' id='word_1_856' title='bbox 2561 5394 2573 5428; x_wconf 91' lang='lat'>:</span> <span class='ocrx_word' id='word_1_857' title='bbox 2618 5392 2756 5431; x_wconf 88' lang='lat' dir='ltr'><strong>nunc</strong></span> <span class='ocrx_word' id='word_1_858' title='bbox 2808 5384 2988 5430; x_wconf 86' lang='lat' dir='ltr'><strong>tamen</strong></span> <span class='ocrx_word' id='word_1_859' title='bbox 3033 5385 3254 5447; x_wconf 84' lang='lat' dir='ltr'><strong>prepter</strong></span> <span class='ocrx_word' id='word_1_860' title='bbox 3280 5378 3566 5432; x_wconf 77' lang='lat' dir='ltr'><strong>imminen-</strong></span> 
     </span>
    </p>
   </div>
   <div class='ocr_carea' id='block_1_115' title="bbox 1979 5465 3566 5538">
    <p class='ocr_par' dir='ltr' id='par_1_115' title="bbox 1979 5465 3566 5538">
     <span class='ocr_line' id='line_1_115' title="bbox 1979 5465 3566 5538; baseline 0.002 -19"><span class='ocrx_word' id='word_1_861' title='bbox 1979 5475 2087 5521; x_wconf 92' lang='lat' dir='ltr'><strong>tem</strong></span> <span class='ocrx_word' id='word_1_862' title='bbox 2120 5465 2358 5536; x_wconf 88' lang='lat' dir='ltr'><strong>peccatis</strong></span> <span class='ocrx_word' id='word_1_863' title='bbox 2395 5465 2595 5522; x_wconf 90' lang='lat' dir='ltr'><strong>nostris</strong></span> <span class='ocrx_word' id='word_1_864' title='bbox 2637 5465 2873 5521; x_wconf 90' lang='lat' dir='ltr'><strong>debitam</strong></span> <span class='ocrx_word' id='word_1_865' title='bbox 2914 5475 2968 5521; x_wconf 87' lang='lat' dir='ltr'><strong>et</strong></span> <span class='ocrx_word' id='word_1_866' title='bbox 3001 5468 3376 5538; x_wconf 75' lang='lat' dir='ltr'><strong>gravissimam</strong></span> <span class='ocrx_word' id='word_1_867' title='bbox 3405 5469 3566 5522; x_wconf 91' lang='lat' dir='ltr'><strong>sicci-</strong></span> 
     </span>
    </p>
   </div>
   <div class='ocr_carea' id='block_1_116' title="bbox 1979 5554 3566 5627">
    <p class='ocr_par' dir='ltr' id='par_1_116' title="bbox 1979 5554 3566 5627">
     <span class='ocr_line' id='line_1_116' title="bbox 1979 5554 3566 5627; baseline 0.001 -18"><span class='ocrx_word' id='word_1_868' title='bbox 1979 5565 2166 5620; x_wconf 87' lang='lat' dir='ltr'><strong>tatem,</strong></span> <span class='ocrx_word' id='word_1_869' title='bbox 2200 5554 2599 5609; x_wconf 67' lang='lat' dir='ltr'><strong>infestationem</strong></span> <span class='ocrx_word' id='word_1_870' title='bbox 2630 5571 2984 5626; x_wconf 84' lang='lat' dir='ltr'><strong>paganorum,</strong></span> <span class='ocrx_word' id='word_1_871' title='bbox 3015 5567 3177 5627; x_wconf 89' lang='lat' dir='ltr'><strong>atque</strong></span> <span class='ocrx_word' id='word_1_872' title='bbox 3204 5556 3566 5626; x_wconf 88' lang='lat' dir='ltr'><strong>pestilentiam</strong></span> 
     </span>
    </p>
   </div>
   <div class='ocr_carea' id='block_1_117' title="bbox 1979 5646 3564 5719">
    <p class='ocr_par' dir='ltr' id='par_1_117' title="bbox 1979 5646 3564 5719">
     <span class='ocr_line' id='line_1_117' title="bbox 1979 5646 3564 5719; baseline -0.001 -17"><span class='ocrx_word' id='word_1_873' title='bbox 1979 5663 2101 5702; x_wconf 91' lang='lat' dir='ltr'><strong>cum</strong></span> <span class='ocrx_word' id='word_1_874' title='bbox 2131 5646 2481 5710; x_wconf 83' lang='lat' dir='ltr'><strong>mortalitate,</strong></span> <span class='ocrx_word' id='word_1_875' title='bbox 2517 5646 2720 5716; x_wconf 84' lang='lat' dir='ltr'><strong>ingenti</strong></span> <span class='ocrx_word' id='word_1_876' title='bbox 2751 5648 2929 5717; x_wconf 81' lang='lat' dir='ltr'><strong>rugitu</strong></span> <span class='ocrx_word' id='word_1_877' title='bbox 2960 5647 3043 5703; x_wconf 88' lang='lat' dir='ltr'><strong>vel</strong></span> <span class='ocrx_word' id='word_1_878' title='bbox 3079 5648 3302 5719; x_wconf 87' lang='lat' dir='ltr'><strong>gemitu,</strong></span> <span class='ocrx_word' id='word_1_879' title='bbox 3329 5647 3564 5700; x_wconf 82' lang='lat' dir='ltr'><strong>assiduis</strong></span> 
     </span>
    </p>
   </div>
   <div class='ocr_carea' id='block_1_118' title="bbox 1979 5736 3558 5812">
    <p class='ocr_par' dir='ltr' id='par_1_118' title="bbox 1979 5736 3558 5812">
     <span class='ocr_line' id='line_1_118' title="bbox 1979 5736 3558 5812; baseline 0.001 -20"><span class='ocrx_word' id='word_1_880' title='bbox 1979 5739 2312 5793; x_wconf 85' lang='lat' dir='ltr'><strong>orationibus</strong></span> <span class='ocrx_word' id='word_1_881' title='bbox 2367 5748 2421 5792; x_wconf 91' lang='lat' dir='ltr'><strong>et</strong></span> <span class='ocrx_word' id='word_1_882' title='bbox 2473 5736 2796 5807; x_wconf 71' lang='lat' dir='ltr'><strong>largioribus</strong></span> <span class='ocrx_word' id='word_1_883' title='bbox 2853 5740 3244 5812; x_wconf 81' lang='lat' dir='ltr'><strong>eleemosynis,</strong></span> <span class='ocrx_word' id='word_1_884' title='bbox 3304 5741 3558 5796; x_wconf 78' lang='lat' dir='ltr'><strong>debemus</strong></span> 
     </span>
    </p>
   </div>
  </div>
