3922 6364
499 376 576 434 89
1134 373 1198 429 Β.
1235 372 1486 429 ΒΑΒΑΧΙ
1526 370 1743 427 MAERI
1781 369 2045 427 AﬂClllEl

2145 366 2451 426 MOGUNT.
2484 366 2769 424 OPERUM
2802 366 2984 425 PARS
3022 369 3084 425 Il.
3691 377 3758 433 ιθ

498 497 594 555 θεῖ
621 492 1043 557 misericordiam
1080 490 1388 561 implorare,
1418 496 1477 542 ut
1505 487 1620 557 ipse
1644 485 1799 540 nobis
1821 492 1876 540 et
1901 485 2069 541 bene-
2098 487 2149 546 Α
2175 481 2412 546 diantur,
2441 479 2566 550 quia
2602 480 2916 536 exercenda:
2953 480 3148 551 lingua:
3177 481 3379 552 potius,
3406 497 3566 552 quam
3601 502 3760 542 mun-

496 589 788 645 dictionem
824 600 1088 656 aquarum
1131 581 1432 639 cmlestinm
1465 581 1686 644 tribuat,
1727 592 1916 650 pacem
1951 576 2075 631 red-

495 678 625 734 dere
675 675 946 746 dignetur,
990 681 1336 743 peccatorum
1389 667 1775 741 indulgentiam
1819 668 1969 731 dare,
2018 675 2073 722 et

493 781 750 840 prospera
779 765 1027 835 dignetur
1062 776 1160 833 pro
1185 775 1280 816 sua
1311 761 1512 830 pietate
1541 757 1857 815 concedere.
1898 758 1957 812 In
1989 758 2073 814 his

491 857 766 927 praecipue
796 855 1015 918 diebus,
1047 852 1238 908 otiosis
1266 851 1460 908 fabulis
1487 850 1646 906 ﬁnem
1673 865 1935 906 conemur
1965 851 2066 905 im-

491 963 713 1019 ponere,
757 955 811 1003 et
838 955 1099 1016 quantum
1132 946 1277 1001 vires
1317 952 1626 1013 suppetunt,
1667 958 1824 999 orare
1853 943 2070 999 studea-

491 1054 613 1093 mus
640 1047 704 1104 et,
729 1037 978 1107 psallere,
1023 1037 1205 1092 sobrio
1251 1035 1394 1092 victu
1439 1035 1652 1101 vivere;
1698 1043 1751 1089 et
1783 1036 1828 1090 si
1880 1049 2067 1105 pacem

490 1140 794 1202 temporum
827 1130 1198 1186 desideramus
1231 1129 1495 1200 accipere,
1529 1144 1635 1185 non
1667 1127 2068 1183 dissimulemus

486 1235 677 1294 pacem
701 1235 823 1276 cum
839 1221 1382 1290 proximiseustodire
1407 1237 1420 1274 ε
1450 1230 1638 1276 contra
1662 1219 1862 1274 nullum
1894 1220 2066 1274 homi-

487 1329 611 1369 nem
634 1313 890 1367 desaaviat
910 1313 988 1366 ira
1010 1320 1216 1377 nostra,
1248 1319 1302 1366 et
1317 1312 1427 1366 cito
1443 1328 1471 1366 a
1492 1311 1646 1366 nobis
1671 1311 1902 1366 cessabit
1927 1311 2066 1366 indi-

483 1402 668 1473 gnatio
693 1402 874 1456 divina
893 1442 908 1467 ,
940 1400 1236 1456 secundum
1266 1401 1408 1456 illam
1432 1402 1846 1472 promissionem
1877 1399 2064 1457 Salva-

483 1493 638 1550 toris.
673 1490 754 1557 Si,
782 1493 996 1563 inquit,
1023 1491 1326 1546 dimiseritis
1354 1501 1566 1561 peccata
1594 1507 1774 1545 eorum
1795 1531 1810 1556 ,
1839 1490 2063 1545 dimittet

479 1596 531 1639 et
560 1585 701 1640 vobis
746 1584 905 1639 Pater
931 1592 1096 1639 vester
1131 1583 1346 1638 caelestis
1384 1593 1595 1654 peccata
1635 1592 1802 1637 vestra
1841 1581 2058 1654 (Matth.

479 1677 591 1750 vi);
633 1677 809 1732 nullus
855 1676 957 1732 sibi
1003 1692 1072 1733 ex
1121 1675 1384 1731 industria
1429 1676 1641 1746 aliquas
1680 1676 2060 1747 occupationes

481 1768 748 1837 inquirat,
786 1783 884 1837 per
915 1782 1051 1836 quas
1080 1781 1139 1823 se
1168 1769 1236 1823 de
1267 1765 1521 1823 Ecclesiae
1557 1776 1821 1824 conventu
1858 1766 2059 1823 subdu-

2178 572 2353 627 dando
2366 570 2545 625 animo
2567 571 2698 625 dant
2719 584 2958 640 operam.
2977 570 3088 626 Scit
3106 571 3266 638 enim,
3284 572 3473 643 inquit,
3492 570 3655 630 Pater
3669 593 3754 631 ve-

2174 673 2279 717 ster
2297 661 2420 732 quid
2435 661 2575 716 vobis
2593 663 2939 716 necessarium
2959 662 3046 726 sit,
3069 674 3349 733 antequam
3363 666 3552 734 petatis
3572 667 3637 720 ab
3660 683 3754 734 eo;

2173 765 2230 808 et
2259 754 2326 809 de
2355 754 2469 823 ipso
2503 751 2757 821 scriptum
2790 760 2914 807 est:
2949 751 3120 807 Homo
3158 754 3291 808 videt
3322 755 3375 810 in
3404 756 3570 825 facie,
3610 756 3755 814 Deus

2172 857 2344 901 autem
2359 847 2590 901 intuetur
2610 862 2701 900 cor
2722 845 2774 918 (I
2787 845 2913 916 Reg.
2943 846 3089 919 xvi);
3116 856 3168 902 et
3195 848 3320 904 item
3348 867 3362 907 :
3394 849 3647 905 Dominus
3661 869 3757 906 no.

2173 937 2237 990 vit
2262 937 2603 1008 cogitationes
2625 937 2914 1001 hominum,
2934 953 3050 1007 qua:
3063 953 3207 991 vana:
3228 949 3346 993 sunt
3369 938 3540 1010 (Paul.
3574 942 3748 1012 xcm).

2170 1025 2314 1081 Deus
2351 1041 2480 1096 ergo
2519 1024 2779 1082 Dominus
2817 1035 3003 1082 noster
3037 1041 3142 1081 non
3184 1029 3468 1083 verborum
3505 1031 3751 1085 multitu-

2169 1117 2350 1173 dinem
2377 1117 2603 1187 quterit,
2634 1119 2788 1189 quasi
2822 1120 3044 1190 ignarus
3082 1130 3280 1176 nostrae
3309 1121 3619 1189 voluntatis,
3664 1125 3751 1181 cui

2168 1209 2424 1265 universa
2482 1217 2609 1265 nota
2657 1218 2784 1266 sunt
2837 1220 3124 1280 antequam
3171 1210 3342 1277 fiant,
3392 1216 3568 1267 omnia
3614 1215 3754 1268 enim

2167 1301 2312 1355 nuda
2335 1311 2382 1356 et
2412 1310 2594 1372 aperta
2615 1310 2738 1356 sunt
2765 1303 2930 1357 oculis
2951 1301 3280 1374 ejus.(l1ebr.
3313 1304 3388 1373 tv)
3407 1345 3422 1369 ,
3448 1304 3541 1359 sed
3579 1306 3752 1359 nostri

2164 1392 2343 1447 cordis
2374 1393 2644 1448 internum
2671 1408 2736 1448 ac
2761 1398 2954 1463 purum
2988 1394 3184 1464 quaerit
3216 1393 3468 1450 affectum
3494 1410 3507 1448 :
3534 1395 3642 1457 Sic.
3669 1394 3755 1450 in-

2165 1484 2317 1554 quit,
2358 1482 2573 1538 orabitis
2604 1497 2624 1535 :
2652 1483 2814 1539 Pater
2847 1493 3051 1549 noster,
3090 1486 3181 1555 qui
3209 1502 3264 1540 es
3302 1487 3360 1540 in
3399 1484 3572 1552 uelis;
3612 1502 3676 1540 ac
3703 1486 3751 1542 si

2163 1574 2432 1631 monendo
2469 1576 2694 1632 dixisset
2734 1575 2890 1632 nobis
2918 1594 2932 1630 :
2961 1574 3044 1632 Ad
3079 1591 3332 1645 magnum
3373 1592 3542 1647 genus
3576 1577 3749 1648 perti-

2161 1680 2294 1722 nere
2316 1666 2582 1736 coepistis,
2620 1666 2784 1722 nolite
2821 1667 3088 1724 inhaerere
3117 1669 3364 1733 terrenis,
3411 1668 3502 1737 qui
3532 1668 3749 1724 Patrem

2161 1757 2446 1813 invenistis
2475 1758 2526 1812 in
2558 1757 2714 1814 caelis
2743 1775 2757 1813 :
2783 1773 2971 1814 omnes
3003 1759 3146 1814 enim
3177 1759 3337 1815 docet
3376 1759 3573 1815 fratres
3615 1775 3749 1815 una-

476 1831 600 1924 cat;
648 1831 763 1914 sine
786 1831 952 1914 dubio
977 1868 1323 1930 peccatorum
1357 1874 1577 1914 suorum
1616 1859 1837 1914 vulnera
1863 1857 2045 1930 diligit1

2163 1849 2338 1905 nimes
2365 1865 2483 1906 esse
2505 1849 2596 1920 qui
2621 1865 2784 1905 unum
2812 1849 3029 1906 Patrem
3057 1851 3226 1907 Deum
3247 1851 3498 1908 volumus
3522 1852 3745 1908 habere.

478 1950 569 2020 qui
598 1950 652 2004 in
684 1949 802 2005 istis
831 1948 1020 2005 diebus
1047 1950 1218 2006 tribus
1239 1948 1564 2020 jejunando,
1599 1951 1803 2005 orando
1830 1958 1885 2004 et
1918 1950 2060 2021 psal-

477 2039 674 2108 lendo,
728 2041 1121 2098 medicamenta
1177 2041 1441 2112 spiritalia
1491 2057 1598 2097 non
1641 2041 1907 2111 irequirit.
1964 2040 2058 2096 lsti

474 2130 623 2188 enim
654 2130 771 2186 dies
813 2147 842 2185 a
891 2132 1094 2188 sanctis
1136 2131 1380 2200 patribus
1402 2131 1603 2186 nostris
1636 2131 1781 2186 veris
1816 2139 2059 2202 tempore

473 2221 545 2277 ob
567 2222 670 2278 hoc
707 2222 892 2278 statuti
920 2232 1046 2278 sunt
1070 2222 1398 2288 celebrandi,
1429 2231 1487 2278 ut
1510 2231 1636 2278 ante
1659 2237 1920 2278 novarum
1945 2222 2058 2277 fru-

473 2326 599 2382 gum
628 2313 995 2368 maturitatem
1015 2354 1030 2379 ,
1059 2321 1112 2368 et
1149 2323 1275 2368 ante
1298 2328 1514 2368 omnem
1540 2320 1719 2368 actum
1747 2313 1950 2369 aestatis
1971 2311 2056 2369 vel

472 2402 741 2468 autumni,
786 2418 1222 2474 praeoccupemus
1263 2402 1455 2459 faciem
1491 2403 1705 2460 Domini
1744 2404 1799 2460 in
1841 2405 2056 2461 confes-

470 2491 644 2557 sione,
672 2493 804 2549 etin
832 2493 1052 2564 psalmis
1069 2494 1359 2565 jubilemus
1380 2495 1429 2549 ei
1463 2493 1635 2566 (Psal.
1670 2494 1836 2574 xciv),
1862 2503 1922 2551 ut
1948 2495 2051 2551 mi-

469 2582 767 2638 sericordia
791 2581 909 2652 ejus
937 2586 1294 2654 subsequatur
1319 2600 1418 2642 nos
1437 2587 1686 2643 omnibus
1714 2587 1904 2643 diebus
1926 2588 2052 2643 vita:

468 2683 701 2741 nostrae,
733 2686 999 2746 quatenus
1031 2676 1145 2746 ipse
1168 2677 1258 2732 det
1295 2679 1449 2734 nobis
1490 2677 1716 2733 salutem
1747 2681 2048 2734 animarum

468 2772 775 2820 nostrarum
796 2806 810 2830 ,
841 2767 1131 2822 sanitatem
1167 2778 1488 2837 corporum,
1525 2767 1857 2824 fertilitatem
1885 2785 2046 2841 agro-

467 2872 589 2912 rum
616 2865 779 2928 atque
803 2859 1080 2932 vinearum
1098 2899 1115 2926 ,
1141 2861 1490 2916 securitatem
1513 2862 1767 2926 hostium,
1792 2871 1847 2916 et
1875 2861 2047 2932 repel-

465 2947 544 3003 lat
575 2947 801 3004 insidias
840 2951 1084 3005 omnium
1125 2951 1484 3017 inimicorum,
1528 2960 1690 3023 atque
1730 2969 1824 3023 per
1871 2962 2045 3010 totum

466 3047 668 3095 annum
706 3041 887 3111 quiete
934 3047 1236 3113 temporum
1283 3052 1337 3098 et
1376 3059 1508 3113 pace
1541 3060 1829 3110 concessa,
1865 3044 1917 3100 in
1947 3061 2044 3101 suo

463 3137 655 3199 sancto
701 3131 920 3187 servitio
967 3147 1066 3187 nos
1110 3133 1380 3192 custodire
1425 3135 1691 3204 dignetur.
1748 3133 2044 3192 Curramus

462 3222 691 3293 singuli,
723 3239 1004 3280 curramus
1028 3217 1217 3283 omnes
1246 3229 1493 3284 semitam
1527 3230 1903 3286 mandatorum
1941 3231 2044 3288 Do-

462 3313 617 3378 mini,
657 3319 712 3368 et
739 3313 792 3368 in
822 3315 906 3368 via
935 3325 1282 3386 peccatorum
1312 3335 1420 3374 non
1450 3327 1674 3385 stemus,
1713 3331 1898 3376 contra
1928 3322 2044 3377 dia-

457 3400 568 3460 boli
607 3405 832 3461 insidias
869 3409 1036 3463 armis
1073 3425 1174 3465 nos
1212 3405 1545 3480 spiritalibus
1586 3415 1916 3480 muniamus,
1953 3431 2042 3471 su-

459 3514 670 3555 mamus
705 3509 909 3554 scutum
942 3501 1089 3571 ﬁdei,
1130 3502 1350 3558 loricam
1383 3506 1610 3575 justitiw
1641 3515 1688 3560 et
1717 3507 1918 3576 galeam
1947 3525 2038 3562 sa-

460 3587 606 3652 lutis,
628 3600 676 3644 et
699 3589 935 3661 gladium
955 3593 1188 3663 spirirus,
1215 3594 1353 3663 quod
1373 3605 1448 3650 est
1469 3596 1676 3651 verbum
1698 3597 1796 3651 Dei
1817 3597 2033 3670 (Ephes.

457 3681 555 3751 vt).
593 3681 823 3739 Oremus
869 3695 930 3740 ut
978 3702 1084 3742 non
1133 3688 1397 3746 intremus
1443 3691 1497 3746 in
1538 3695 1920 3760 tentationem,
1969 3712 2039 3753 ne

457 3773 947 3830 circumveniamur
983 3791 1012 3830 a
1052 3775 1284 3843 Satana,
1315 3795 1383 3835 ne
1421 3782 1757 3851 periclitetur
1797 3785 1904 3840 vita
1941 3803 2036 3841 no-

456 3873 602 3928 stra,
638 3880 725 3928 ,ne
775 3869 1012 3937 peccatis
1050 3871 1252 3928 nostris
1293 3874 1630 3945 exigentibus
1665 3879 1943 3935 tradantur
1978 3881 2032 3936 in

456 3957 749 4013 adversarii
784 3967 1126 4034 potestatem,
1164 3971 1217 4018 et
1253 3963 1306 4019 in
1339 3980 1613 4022 carcerem
1649 3970 1945 4036 mittamur,
1978 3972 2030 4028 in

453 4050 633 4122 ignem
671 4051 920 4108 videlicet
963 4062 1250 4121 internum,
1303 4056 1358 4112 in
1415 4055 1671 4114 tenebras
1709 4054 2029 4128 exteriores,

451 4143 544 4198 ubi
584 4143 691 4198 erit
731 4140 887 4199 ﬂetus
913 4153 967 4199 et
996 4146 1199 4201 stridor
1227 4149 1467 4204 dentium
1502 4169 1515 4205 :
1547 4150 1704 4206 dolor
1750 4153 1867 4208 sine
1901 4153 2028 4222 fine,

450 4240 506 4287 et
527 4231 885 4303 sempiternus
909 4232 1156 4290 interitus
1178 4277 1192 4301 ,
1231 4237 1320 4306 qui
1351 4250 1686 4310 praeparatus
1707 4253 1790 4297 est
1819 4242 2031 4300 diabolo

448 4330 506 4377 et
540 4322 744 4394 angelis
770 4321 884 4391 ejus
910 4323 1125 4396 (Matth.
1175 4342 1301 4392 vm,
1347 4330 1494 4401 xm),
1524 4347 1688 4402 quem
1728 4349 1827 4390 nos
1856 4337 2031 4393 vitare

448 4420 505 4469 et
549 4413 618 4468 ad
659 4421 917 4468 internum
950 4414 1335 4473 beatitudinem
1377 4420 1762 4494 caelestemque
1798 4425 2026 4496 gloriam

2162 1939 2275 1998 Sub
2292 1942 2397 1998 isto
2427 1940 2611 2008 Patre,
2646 1939 2844 1997 fratres
2869 1950 3016 2010 sunt,
3049 1943 3298 2000 dominus
3320 1951 3376 2000 et
3410 1959 3618 2009 servus,
3648 1942 3751 1998 im-

2159 2041 2379 2107 perator
2405 2041 2462 2090 et
2492 2032 2671 2099 miles,
2706 2033 2857 2090 dives
2884 2041 2939 2090 et
2969 2048 3194 2106 pauper.
3227 2033 3428 2092 Omnes
3453 2033 3749 2092 Christiani

2158 2123 2349 2181 ﬁdeles
2385 2124 2627 2181 diversos
2658 2123 2858 2180 habent
2883 2133 3078 2196 patres
3091 2125 3147 2180 in
3174 2134 3320 2181 terra
3339 2166 3354 2192 ,
3396 2125 3487 2180 alii
3518 2124 3744 2190 nobiles,

2157 2217 2249 2273 alii
2282 2215 2564 2288 ignobiles,
2613 2231 2780 2272 unum
2808 2231 2939 2294 vero
2965 2215 3184 2271 Patrem
3221 2215 3496 2281 invocant,
3537 2215 3630 2286 qui
3663 2222 3750 2271 est

2157 2309 2212 2366 in
2237 2310 2420 2378 caelis;
2451 2319 2506 2365 et
2530 2309 2577 2366 si
2604 2307 2678 2364 ibi
2703 2319 2789 2366 est
2817 2311 2980 2367 Pater
2999 2320 3203 2376 noster,
3249 2311 3324 2366 ibi
3354 2311 3510 2367 nobis
3537 2326 3748 2382 praepa-

2156 2411 2309 2458 ratur
2346 2403 2638 2458 haareditas
2663 2421 2676 2456 :
2702 2403 2831 2474 quia
2870 2417 3001 2474 ergo
3042 2403 3346 2458 audivimus
3387 2417 3418 2457 a
3455 2418 3565 2472 quo
3594 2411 3748 2474 peta-

2154 2509 2297 2558 mus,
2331 2494 2568 2550 sciamus
2592 2492 2706 2564 jam
2733 2493 2862 2564 quid
2891 2501 3159 2562 petamus,
3191 2508 3259 2548 ne
3286 2491 3426 2548 forte
3454 2491 3615 2547 talem
3643 2490 3744 2546 Pa-

2157 2593 2316 2649 trem,
2348 2583 2488 2639 male
2510 2583 2777 2655 petendo,
2808 2582 3161 2641 offendamus.
3194 2583 3375 2639 Prima
3397 2597 3527 2654 ergo
3551 2581 3745 2652 petitio

2152 2683 2255 2740 est,
2296 2675 2654 2743 sancti/iretur
2699 2692 2885 2730 nomen
2923 2685 3072 2730 tuum
3103 2692 3121 2730 :
3153 2690 3347 2731 nomen
3388 2675 3489 2730 Dei
3522 2689 3744 2745 semper

2151 2773 2398 2821 sanctum
2441 2773 2553 2832 est;
2598 2780 2767 2837 quare
2803 2781 2932 2838 ergo
2970 2765 3205 2836 petimus
3240 2773 3303 2821 ut
3343 2765 3738 2832 sanctillcetur,

2148 2859 2250 2914 nisi
2275 2868 2335 2915 ut
2367 2874 2466 2916 nos
2494 2873 2593 2929 per
2632 2858 2805 2928 ipsum
2839 2857 3264 2924 sanctiﬁcemur,
3293 2866 3350 2914 et
3379 2855 3744 2915 sanctificatio

2150 2950 2244 3007 Dei
2288 2957 2546 3022 appareat
2581 2958 2638 3006 et
2674 2957 2990 3020 permaneat
3030 2950 3084 3005 in
3119 2949 3295 3005 nobis.
3333 2948 3591 3019 Sequitur
3627 2948 3740 3004 alia

2147 3045 2368 3115 petitio,
2398 3029 2638 3099 adveniat
2677 3061 2892 3114 regnum
2923 3052 3118 3099 tuum:
3151 3043 3264 3098 sive
3297 3050 3546 3112 petamus
3568 3083 3583 3108 ,
3619 3041 3740 3098 sive

2071 3162 2116 3224 ρ
2149 3151 2254 3190 non
2283 3144 2551 3204 petamus,
2575 3139 2862 3189 venturum
2886 3141 2972 3189 est
2999 3148 3222 3204 regnum
3249 3131 3370 3188 Dei.
3399 3131 3579 3200 Quare
3604 3147 3739 3205 ergo

2143 3227 2400 3296 petimus,
2441 3226 2542 3281 nisi
2574 3235 2635 3280 ut
2662 3225 2846 3281 venint
2876 3233 2932 3282 et
2969 3225 3125 3282 nobis
3154 3226 3298 3295 quod
3337 3234 3623 3282 venturum
3649 3235 3741 3283 est

2144 3316 2394 3371 omnibus
2433 3315 2676 3371 sanctis?
2703 3323 2762 3370 ut
2790 3322 2844 3371 et
2875 3330 2976 3371 nos
3001 3315 3144 3371 Deus
3169 3314 3224 3370 in
3257 3329 3487 3372 numero
3511 3324 3734 3371 sancto-

2143 3427 2264 3466 rum
2301 3425 2521 3466 suorum
2557 3410 2775 3477 habeat,
2819 3409 3014 3479 quibus
3049 3417 3338 3465 venturum
3381 3415 3466 3465 est
3502 3424 3734 3480 regnum

2141 3505 2276 3575 ejus.
2309 3503 2548 3559 Dicimus
2578 3503 2739 3558 tertia
2767 3502 3056 3572 petitione,
3087 3501 3183 3570 ﬁat
3205 3501 3443 3557 voluntas
3469 3511 3560 3556 tua
3591 3502 3734 3556 sicut

2139 3597 2195 3651 in
2221 3595 2346 3652 cmlo
2375 3605 2424 3651 et
2457 3597 2511 3650 in
2535 3606 2676 3650 terra
2703 3607 2722 3647 :
2752 3593 2882 3666 quid
2908 3609 3194 3665 precamur
3215 3594 3305 3648 hic
3329 3593 3506 3660 aliud,
3539 3593 3643 3648 nisi
3667 3602 3734 3650 ut

2139 3688 2409 3759 quomodo
2439 3687 2542 3742 sibi
2570 3685 2816 3742 serviunt
2841 3685 3013 3757 angeli
3047 3685 3101 3739 in
3129 3684 3301 3750 coelo,
3333 3685 3405 3740 ita
3431 3693 3483 3740 ct
3511 3699 3610 3740 nos
3647 3684 3729 3741 illi

2139 3779 2442 3833 serviamus
2467 3777 2518 3832 in
2564 3785 2741 3841 terra;
2775 3777 2980 3848 .Angeli
3024 3785 3203 3833 autem
3243 3787 3300 3833 et
3335 3777 3505 3849 ipsius
3550 3777 3728 3835 sancti

2137 3867 2395 3923 obediunt
2416 3867 2510 3933 illi,
2535 3881 2642 3922 non
2668 3866 2818 3922 illum
2845 3866 3143 3934 offendunt,
3169 3882 3276 3922 non
3307 3868 3467 3923 irasci
3493 3868 3726 3938 faciunt,

2136 3959 2230 4015 sed
2267 3957 2471 4013 faciunt
2497 3956 2614 4026 ejus
2641 3958 2794 4028 jussa
2833 3958 3063 4030 amando
3097 3974 3220 4014 eum
3247 3975 3262 4012 :
3291 3959 3395 4013 hoc
3420 3973 3552 4030 ergo
3592 3975 3724 4016 ora-

2135 4038 2256 4104 mus
2302 4054 2362 4102 ut
2392 4056 2447 4103 et
2483 4063 2583 4104 nos
2629 4058 2954 4118 praeceptum
2997 4048 3091 4104 Dei
3133 4049 3401 4106 cliarita’te
3435 4048 3722 4107 faciamus.

2135 4137 2356 4203 lterum,
2399 4139 2564 4192 verba
2607 4138 2710 4192 ista
2750 4147 2806 4193 et
2826 4139 2983 4194 aliter
3021 4139 3245 4210 intelligi
3285 4151 3546 4210 possunt,
3591 4155 3724 4197 nam

2134 4229 2331 4284 caelum
2367 4228 2421 4283 in
2467 4228 2622 4284 nobis
2667 4229 2843 4283 anima
2889 4241 3003 4296 est,
3045 4239 3190 4287 terra
3236 4232 3289 4286 in
3321 4233 3477 4290 nobis
3521 4249 3723 4304 corpus

2133 4333 2234 4381 est.
2270 4324 2407 4391 Quid
2446 4332 2531 4380 est
2555 4339 2707 4396 ergo,
2748 4324 2844 4393 ﬁat
2868 4323 3105 4380 voluntas
3135 4334 3225 4380 tua
3257 4326 3392 4381 sicut
3425 4327 3478 4381 in
3517 4324 3643 4380 caelo
3667 4335 3718 4382 et

2131 4420 2188 4474 in
2218 4418 2402 4473 terra?
2435 4419 2539 4473 nisi
2568 4426 2628 4472 ut
2653 4419 2792 4473 sicut
2828 4433 2925 4474 nos
2952 4419 3256 4475 audivimus
3288 4426 3554 4489 praecepta
3592 4418 3716 4488 Dei,

449 4518 552 4558 nos
576 4504 858 4575 pervenire
881 4520 1068 4575 posse,
1101 4507 1215 4577 ipse
1238 4523 1331 4564 sua
1358 4512 1528 4580 gratia
1559 4523 1818 4584 praestare
1847 4518 2032 4588 digne-
2056 4505 2108 4564 D
2135 4509 2213 4564 sic
2244 4517 2299 4564 et
2327 4509 2482 4565 nobis
2507 4508 2813 4565 consentiat
2839 4523 2967 4564 caro
2993 4518 3178 4565 nostra
3195 4551 3210 4576 ,
3238 4511 3307 4566 ne
3333 4511 3460 4566 dum
3491 4520 3716 4567 conten-

451 4601 570 4658 tur,
605 4594 695 4663 qui
733 4608 855 4649 eum
884 4594 1043 4651 Patre
1073 4606 1128 4653 et
1159 4597 1360 4670 Spiritu
1393 4612 1580 4659 sancto
1608 4605 1738 4661 vivit
1763 4614 1817 4662 et
1845 4621 2033 4681 regnat

451 4685 615 4754 Deus,
635 4701 733 4760 per
752 4688 934 4744 omnia
962 4691 1154 4746 saecula
1185 4693 1522 4749 suaculorum.
1552 4698 1744 4753 Amen.

1021 4779 1303 4836 HOMILIA
1341 4783 1459 4839 XX.

973 4887 1103 4927 l'l‘El
1145 4889 1200 4928 ΙΝ
1237 4890 1490 4932 ιιτΑΝιιε.

622 4959 701 5016 De
723 4958 974 5020 Oratione
1005 4963 1280 5022 Dominica
1307 4966 1542 5040 (Evang.
1583 4968 1711 5025 Luc.
1738 4971 1847 5044 ιι).

518 5049 711 5118 Modo,
731 5050 929 5109 fratres
971 5054 1312 5124 charissimi,
1345 5073 1468 5114 cum
1498 5058 1847 5132 Evangelium
1884 5063 2025 5134 lege-

448 5151 640 5208 retur,
700 5145 1000 5202 audivimus
1058 5144 1392 5206 Salvatorem
1449 5162 1692 5208 nostrum
1754 5154 2019 5212 dicentem

445 5249 512 5291 ac
562 5235 716 5291 nobis
767 5237 1161 5307 praecipientem
1212 5257 1226 5294 :
1276 5237 1445 5296 Petite
1482 5251 1529 5298 et
1583 5227 1796 5299 dabitur
1841 5247 2017 5314 vobis,

443 5326 661 5397 quiet-ite
684 5335 732 5380 et
760 5327 1028 5384 invenietis
1049 5369 1064 5396 ,
1091 5329 1298 5401 pulsate
1324 5339 1372 5386 et
1401 5334 1664 5404 aperietur
1699 5335 1859 5390 vobis.
1895 5335 2022 5392 Om-

446 5414 527 5470 nis
559 5415 696 5470 enim
718 5418 808 5488 qui
843 5419 996 5488 petit,
1020 5421 1208 5491 accipit
1234 5438 1254 5486 ;
1283 5433 1334 5476 et
1358 5424 1450 5494 qui
1478 5425 1687 5495 quaerit,
1711 5427 1942 5494 invenit;
1971 5438 2018 5482 et

444 5503 676 5574 pulsanti
701 5508 964 5578 aperietur
990 5509 1140 5580 (Luc.
1167 5512 1266 5588 χι).
1291 5513 1358 5570 Et
1383 5531 1491 5571 non
1514 5515 1685 5572 solum
1707 5533 1807 5576 nos
1834 5528 2020 5591 petere

447 5594 624 5664 jussit,
654 5600 745 5655 sed
771 5601 934 5656 etiam
958 5601 1082 5658 alibi
1098 5613 1282 5675 petere
1307 5607 1489 5663 docuit
1527 5627 1540 5661 :
1579 5608 1802 5667 Orontes
1822 5621 2015 5681 autem,

445 5685 541 5779 ait,
568 5688 724 5744 nolite
746 5691 965 5747 multum
993 5694 1162 5765 loqui,
1193 5697 1325 5756 sicut
1353 5699 1542 5754 ethnici
1571 5700 1772 5768 faciunt
1798 5702 2043 5779 (Μαιεήκ

448 5775 557 5856 vi);
583 5780 917 5842 arbitrantur
943 5785 1084 5844 enim
1105 5788 1250 5858 quod
1276 5790 1331 5845 in
1359 5790 1697 5864 multiloquio
1721 5809 1820 5852 suo
1853 5811 2019 5854 exau-

2094 4601 2095 4604 “
2131 4601 2265 4655 dunt
2292 4616 2420 4656 caro
2445 4609 2502 4656 et
2534 4600 2760 4670 spiritus
2783 4640 2798 4665 ,
2838 4611 3108 4672 prmcepta
3139 4602 3233 4658 Dei
3277 4603 3456 4658 minus
3487 4603 3715 4672 implere

2129 4692 2419 4762 possimus.
2451 4690 2574 4748 Istas
2604 4706 2734 4764 ergo
2759 4701 2870 4747 tres
2903 4694 3192 4763 petitiones
3217 4695 3491 4764 pertinent
3529 4696 3596 4751 ad
3625 4696 3713 4750 vi-

2129 4791 2240 4838 tam
2270 4789 2565 4850 mternam,
2600 4784 2724 4854 quia
2754 4792 2958 4839 aeterna
2988 4785 3042 4840 in
3075 4785 3155 4840 eis
3186 4785 3422 4857 petimus
3453 4804 3467 4840 :
3498 4801 3714 4858 semper

2126 4873 2274 4929 enim
2310 4881 2365 4929 et
2405 4875 2523 4929 sine
2553 4872 2663 4930 ullo
2699 4873 2805 4930 fine
2837 4875 3096 4932 debemus
3132 4876 3442 4932 desiderare
3467 4877 3713 4933 sanctifi-

2127 4964 2238 5017 cari
2281 4963 2334 5018 in
2366 4964 2586 5020 nomine
2611 4964 2858 5031 Domini,
2889 4975 2945 5022 et
2975 4983 3200 5039 regnum
3227 4967 3343 5037 ejus
3368 4968 3482 5023 fieri
3519 4968 3574 5024 in
3612 4985 3714 5026 no-

2126 5055 2244 5120 bis,
2284 5065 2339 5110 et
2370 5056 2701 5113 voluntatem
2729 5056 2845 5127 eius
2879 5058 3090 5130 impleri
3125 5077 3139 5112 :
3169 5070 3378 5117 caetera
3416 5075 3543 5116 vero
3574 5075 3713 5131 qua-

2126 5156 2250 5202 tuor
2293 5156 2581 5216 sequentes
2621 5149 2890 5218 pertinent
2916 5153 2984 5207 ad
3023 5150 3190 5206 vitam
3223 5161 3562 5222 praesentem.
3603 5151 3707 5209 Se-

2122 5236 2308 5308 quitur
2333 5238 2387 5292 in
2415 5237 2671 5296 Oratione
2688 5228 3000 5307 ‘Dominica,
3039 5240 3240 5297 Panem
3268 5254 3501 5297 nostrum
3531 5244 3709 5315 quoti-

2120 5341 2338 5397 dianum
2380 5343 2450 5398 da
2485 5344 2630 5400 nobis
2669 5344 2823 5400 hodie
2860 5361 2879 5399 :
2919 5345 3032 5401 sive
3065 5345 3451 5403 exhibitionem
3485 5349 3703 5419 corpori

2122 5432 2358 5502 petimus
2393 5436 2757 5492 necessariam
2795 5452 2825 5492 a
2869 5435 2982 5496 Deo
3010 5437 3191 5506 Patre,
3230 5441 3284 5494 in
3311 5453 3452 5511 pane
3487 5439 3703 5512 signiﬁ-

2121 5533 2309 5580 cantes
2333 5525 2592 5597 quidquid
2627 5527 2785 5584 nobis
2810 5536 2894 5584 est
2933 5531 3329 5598 necessarium;
3367 5525 3483 5588 sive
3521 5532 3706 5604 quoti-

2121 5615 2339 5671 dianum
2378 5631 2572 5688 panem
2613 5618 2973 5690 intelligamus
3011 5619 3158 5676 illum
3187 5637 3309 5678 esse
3346 5639 3504 5693 quem
3544 5639 3703 5681 acce-

2118 5702 2271 5778 pturi
2292 5723 2477 5765 sumus
2496 5709 2562 5766 de
2589 5709 2766 5766 altari.
2797 5709 2936 5778 Quid
2957 5721 3041 5768 est
3064 5715 3208 5769 enim
3229 5718 3371 5786 quod
3394 5733 3615 5775 oramus
3639 5730 3702 5777 ut

2121 5799 2211 5856 det
2237 5798 2392 5856 nobis
2412 5813 2560 5870 cum,
2593 5801 2694 5857 nisi
2719 5817 2786 5859 ne
2813 5803 2939 5860 mali
2966 5803 3164 5876 aliquid
3189 5808 3532 5864 admittamus
3554 5811 3700 5866 unde
