3922 6322
152 332 206 387 ιι
1054 324 1358 381 ilOMlLl/E
1399 324 1484 378 DE
1519 318 1759 377 FESTIS
1798 317 2210 384 PRIECIPUIS,
2250 317 2402 373 ETC.
3307 317 3376 373 ,θεῖε

150 465 176 500 s
211 444 292 499 tali
321 457 452 513 pane
476 455 813 511 separemur.
846 438 909 493 Et
932 437 1154 491 verbum
1182 434 1274 489 Dei
1301 435 1442 502 quod
1470 432 1708 502 quotidie

150 536 466 607 praedicamr,
484 532 645 600 panis
659 539 739 585 cst
756 547 768 584 :
785 544 890 583 non
904 527 1048 581 enim
1062 526 1188 594 quia
1204 540 1309 577 non
1323 532 1405 577 est
1419 523 1572 590 panis
1586 537 1706 576 ven-

153 626 252 686 tris,
276 624 387 677 ideo
421 635 527 675 non
557 629 644 675 est
667 620 821 690 panis
852 617 1048 671 mentis
1076 634 1089 671 :
1114 631 1236 671 cum
1260 623 1438 668 autem
1466 613 1573 667 vita
1604 612 1705 665 ista

150 711 421 775 tranSterit,
437 726 536 766 nec
551 725 746 781 panem
762 709 908 763 illum
932 708 1224 779 qumrimus
1239 720 1399 774 quem
1416 702 1607 773 qumrit
1626 700 1706 755 fa-

154 818 269 867 mes,
290 816 382 855 nec
403 806 803 855 sacramentum
819 798 1006 853 altaris
1021 797 1282 852 habemus
1296 795 1561 864 accipere,
1584 792 1708 862 quia

150 890 211 945 ibi
224 889 413 944 erimus
426 903 547 942 cum
560 886 795 952 Christo,
810 886 962 956 cujus
973 900 1168 954 corpus
1180 884 1338 939 modo
1351 882 1644 950 accipimus
1658 881 1708 934 in

150 986 488 1033 sacramento.
516 974 628 1031 Nec
650 976 809 1030 verba
837 976 941 1030 ista
966 990 995 1028 a
1024 974 1179 1029 nobis
1204 982 1331 1028 tunc
1358 972 1463 1027 dici
1489 970 1706 1033 habent,

147 1082 253 1137 quze
288 1080 426 1121 nunc
476 1064 705 1120 dicimus
740 1064 912 1119 vobis.
954 1063 1065 1118 Nec
1097 1064 1269 1118 codex
1316 1062 1575 1134 legendus
1606 1070 1711 1126 est,

148 1156 341 1227 quando
355 1155 527 1223 ipsum
544 1154 960 1222 videbimus,qui
972 1153 1293 1209 estVerbum
1307 1152 1421 1213 Dei,
1437 1168 1535 1222 per
1550 1167 1710 1221 quem

145 1247 270 1303 facta
286 1254 405 1301 sunt
419 1246 738 1315 omnia,quo
751 1255 1051 1313 pascuntur
1062 1244 1260 1315 angeli,
1276 1259 1384 1313 quo
1408 1244 1714 1297 illuminan-

148 1349 225 1393 tur
250 1337 554 1408 archangeli
582 1378 596 1401 ,
627 1351 735 1406 quo
772 1337 1043 1407 sapientes
1069 1337 1206 1389 fiunt
1232 1348 1422 1389 omnes
1453 1335 1711 1389 cmlorum

144 1428 375 1491 virtutes,
401 1442 510 1479 non
534 1432 835 1496 querentes
851 1425 1013 1479 verba
1041 1423 1325 1479 locutionis
1346 1422 1712 1487 infructuosm,

146 1517 229 1573 sed
268 1516 514 1571 bibentes
554 1516 774 1569 unicum
808 1515 1064 1576 verbum,
1102 1523 1159 1568 et
1194 1513 1316 1568 inde
1346 1513 1549 1583 impleti
1593 1528 1715 1568 eru-

146 1616 283 1663 ctaut
329 1606 550 1671 laudes,
589 1614 645 1661 et
696 1620 801 1660 non
838 1604 1094 1660 deﬁciunt
1150 1604 1203 1658 in
1247 1603 1514 1659 laudibus.
1564 1601 1715 1656 Beati

146 1698 297 1762 enim,
324 1698 398 1751 ait
434 1696 700 1765 psalmus,
726 1695 817 1766 qui
846 1694 1086 1748 habitant
1112 1695 1167 1748 in
1192 1694 1344 1748 domo
1376 1704 1486 1757 tua,
1516 1693 1571 1746 in
1609 1709 1712 1747 stc-

1814 428 1956 482 illam
1980 428 2337 499 proferamus,
2365 443 2429 483 ac
2457 427 2613 482 Lenis
2634 426 2890 498 operibus
2917 428 3089 497 ipsam
3111 442 3384 485 commen-

1809 520 2018 573 demus.
2057 518 2170 573 Scit
2199 520 2343 590 enim
2375 518 2461 572 ille
2504 520 2593 586 qui
2622 518 2803 573 taliter
2839 518 3001 588 jussit
3043 533 3141 573 nos
3175 521 3387 589 petere,

1809 606 1935 676 quid
1966 609 2120 662 nobis
2144 607 2272 661 utile
2301 616 2383 660 est
2415 608 2710 663 concedere
2750 623 2763 660 :
2804 606 2927 676 quia
2949 622 3279 679 quascunque
3299 624 3391 679 po-

1810 698 2191 752 stulaveritnus
2230 699 2523 752 secundum
2564 696 2892 752 voluntatem
2935 698 3071 767 ejus,
3108 702 3255 755 audit
3290 714 3389 755 nos

1812 788 1945 857 ipse,
1972 788 2223 845 videlicet
2250 789 2515 844 mediator
2538 789 2633 844 Dei
2653 790 3030 873 ethominum,
3061 789 3390 848 Jesusl'hri—

1812 889 1925 935 stus
1970 880 2226 936 Dominus
2261 888 2466 945 noster,
2507 880 2599 949 qui
2641 881 2771 934 vivit
2811 890 2865 935 et
2900 890 3089 952 regnat
3121 896 3244 937 cum
3281 882 3392 938 Deo

1813 968 1970 1024 Patre
1994 970 2047 1024 in
2075 970 2281 1025 unitate
2311 968 2545 1039 Spiritus
2570 970 2741 1024 sancti
2767 968 2930 1036 Deus,
2960 986 3057 1041 per
3084 972 3265 1029 omnia
3286 983 3391 1029 Sat-

1812 1062 1930 1115 cula
1963 1062 2307 1117 smculorum.
2346 1062 2538 1115 Amen.

2372 1174 2654 1230 llOMlLIA
2694 1173 2833 1228 XXI.

2274 1262 2327 1299 IN
2376 1260 2688 1299 ASCENSIONE
2736 1259 2940 1299 DOIINI.

2305 1334 2529 1405 (Evmtg.
2569 1334 2735 1387 Marc.
2765 1335 2900 1407 xvt.)

1816 1490 1821 1495 _
1888 1421 2284 1479 Sacratissimae
2306 1424 2637 1491 festivitatis,
2663 1426 2857 1481 fratres
2882 1426 3208 1492 charissimi,
3230 1443 3393 1497 quam

1817 1513 1976 1569 hodie
2026 1515 2382 1580 celebramus,
2422 1515 2684 1573 lectiones
2728 1531 2898 1573 sacra:
2930 1532 3051 1598 quae
3098 1518 3241 1575 inter
3284 1520 3397 1576 hate

1819 1608 2110 1663 missarum
2154 1608 2415 1665 solemnia
2469 1610 2705 1665 recitata:
2753 1618 2899 1676 sunt,
2952 1612 3196 1681 pandunt
3240 1625 3396 1667 exoro

1820 1696 1989 1752 dium.
2022 1698 2161 1755 Ante
2192 1700 2308 1755 dies
2330 1714 2460 1770 ergo
2490 1700 2843 1771 quadraginta
2872 1700 3152 1757 Dominico
3176 1700 3398 1757 Pascha:

146 1788 255 1844 cula
284 1788 597 1843 saeculorum
648 1786 938 1839 laudabunt
972 1794 1020 1839 te
1060 1783 1233 1855 (Psal.
1276 1786 1523 1854 LXXXI“).
1572 1781 1713 1851 Ergo
1750 1784 1789 1840 Β
1822 1788 2239 1845 resurrectionis
2285 1789 2498 1844 Domini
2539 1797 2750 1860 tempus
2778 1789 3189 1857 celebravimus,
3237 1791 3398 1846 hodie

147 1881 195 1935 in
230 1882 326 1936 hac
365 1882 475 1934 vita
515 1879 747 1948 petimus
790 1876 934 1948 quod
986 1876 1277 1945 sequitur:
1314 1874 1529 1931 Dimitte
1569 1874 1715 1928 nobis

149 1971 311 2025 debita
344 1979 523 2023 nostra
545 2008 560 2034 ,
592 1969 725 2023 sicut
756 1978 803 2022 et
828 1984 921 2023 nos
948 1967 1262 2022 dimittimus
1282 1964 1599 2019 debitoribus
1627 1979 1719 2017 no-

145 2064 257 2117 stris
302 2076 319 2113 :
372 2062 426 2115 in
488 2059 757 2129 baptismo
814 2058 996 2115 omnia
1051 2058 1253 2123 debita,
1317 2057 1370 2112 id
1419 2051 1541 2121 est,
1597 2068 1721 2125 pec-

145 2164 255 2211 cata
296 2153 499 2218 omnia,
547 2167 769 2222 prorsus
815 2151 1165 2207 dimittuntur
1211 2147 1403 2214 nobis;
1454 2146 1548 2203 sed
1593 2145 1718 2216 quia

145 2249 225 2303 hic
259 2262 414 2303 nemo
445 2252 623 2315 potest
653 2246 835 2300 vivere
878 2243 997 2299 sine
1035 2250 1281 2313 peccato,
1319 2250 1375 2297 et
1396 2240 1441 2296 si
1473 2253 1581 2295 non
1606 2252 1720 2292 ma-

144 2356 242 2412 gno
282 2342 531 2405 crimine,
572 2339 714 2394 unde
758 2343 1082 2407 separentur
1125 2335 1193 2389 ab
1232 2334 1323 2389 illo
1369 2347 1546 2404 pane,
1592 2337 1722 2385 tunc

145 2446 290 2487 neruo
318 2438 499 2501 potest
535 2430 651 2485 sine
680 2426 918 2499 peccatis
945 2439 1066 2481 esse
1096 2424 1151 2479 in
1186 2424 1289 2479 hac
1317 2430 1461 2479 terra
1482 2462 1496 2487 ,
1529 2430 1585 2476 et
1612 2435 1720 2476 non

146 2537 420 2593 possumus
466 2521 728 2591 accipere,
778 2518 883 2574 nisi
928 2531 1095 2571 unum
1136 2516 1462 2586 baptismum
1513 2512 1714 2570 simul:

146 2613 196 2666 in
232 2614 478 2667 oratione
522 2620 703 2666 autem
742 2608 1070 2677 accipiemus
1116 2605 1259 2661 unde
1295 2603 1535 2674 quotidie
1576 2602 1721 2657 lave-

144 2718 277 2768 mur,
323 2711 381 2757 ut
421 2702 579 2757 nobis
607 2707 829 2771 peccata
866 2704 1051 2752 nostra
1092 2693 1332 2765 quotidie
1357 2692 1715 2747 dimittantur.

142 2792 241 2848 Sed
280 2795 381 2849 hoc
410 2791 473 2847 fit
511 2792 557 2847 si
600 2789 861 2845 faciamus
893 2786 1037 2857 quod
1067 2784 1331 2855 sequitur,
1374 2784 1508 2837 sicut
1536 2790 1585 2836 et
1628 2797 1718 2835 nos

143 2884 445 2939 dimittimus
477 2881 796 2938 debitoribus
841 2880 1052 2934 nostris.
1090 2877 1307 2947 itaque,
1348 2873 1546 2930 fratres
1584 2872 1716 2936 mei,

143 2988 328 3029 moneo
352 2989 472 3039 vos,
510 2974 564 3026 in
599 2972 690 3027 Dei
720 2970 891 3041 gratia
922 2968 1063 3024 ﬁlios
1092 2982 1261 3031 meos,
1292 2973 1349 3020 et
1373 2964 1473 3019 sub
1501 2962 1592 3018 illo
1617 2960 1720 3016 Pa-

145 3075 221 3120 tre
259 3064 459 3120 fratres
500 3078 667 3128 meos,
708 3075 901 3116 moneo
928 3073 1026 3115 vos
1062 3066 1119 3113 ut
1147 3055 1366 3127 quando
1392 3070 1488 3110 vos
1523 3052 1721 3123 aliquis

1818 1877 2055 1946 ejusdem
2073 1879 2446 1949 Redemptoris
2472 1879 2645 1935 nostri
2662 1879 3009 1936 Ascensionis
3031 1880 3291 1937 solemnia
3310 1893 3399 1938 ve-

1820 1983 2076 2024 neramur
2108 1986 2121 2023 :
2152 1969 2276 2038 quia
2308 1968 2555 2024 Salvator
2594 1980 2777 2024 noster
2800 1978 2921 2039 post
2952 1970 3400 2026 resurrectionem

1818 2072 1996 2123 suam,
2032 2072 2130 2129 per
2157 2058 2273 2113 dics
2291 2058 2645 2129 quadraginta
2668 2072 2935 2129 apparens
2958 2059 3238 2131 discipulis
3268 2061 3399 2125 suis,

1822 2151 2091 2206 veraciter
2118 2165 2176 2205 se
2200 2151 2562 2207 resurrexisse
2585 2151 2849 2207 inrmultis
2874 2153 3208 2221 argumentis
3232 2154 3406 2209 mani-

1823 2239 2071 2307 festavit;
2106 2240 2394 2296 novissime
2422 2240 2877 2297 recumbentibus‘
2895 2240 3000 2297 illis
3028 2242 3283 2298 undecim
3304 2255 3404 2314 ειν

1822 2332 2023 2403 paruit,
2064 2339 2120 2388 et
2165 2333 2325 2386 verba
2379 2332 2778 2402 pracdicationis
2821 2332 2891 2388 ob
2921 2333 3407 2389 conﬁrmationem

1821 2437 2009 2478 eorum
2024 2422 2136 2492 jam
2158 2437 2482 2477 ascensurus
2506 2423 2557 2477 in
2581 2423 2799 2490 coelum,
2836 2423 3149 2495 impertivit,
3174 2424 3407 2496 ﬁdeique

1822 2514 2249 2586 magnitudinem
2289 2515 2549 2582 ostendit,
2591 2531 2655 2572 ac
2682 2517 2832 2587 signa
2867 2531 2986 2587 qua:
3024 2532 3123 2587 per
3145 2518 3407 2589 praedica-

1821 2604 2023 2659 tionem
2050 2617 2235 2659 eorum
2268 2604 2571 2660 credituros
2599 2606 2886 2662 subsecuta
2914 2616 3068 2663 erant
3088 2648 3102 2672 ,
3137 2607 3409 2678 pradixit,

1819 2695 2008 2764 eisque
2054 2695 2401 2761 benedicens,
2438 2694 2670 2767 Spiritus
2709 2699 2880 2753 sancti
2929 2699 3177 2769 promisit
3201 2699 3407 2755 adven-

1820 2793 1956 2838 tum.
1996 2782 2125 2839 Post
2150 2785 2265 2840 htcc
2300 2795 2480 2840 autem
2501 2826 2516 2852 ,
2543 2787 2837 2842 uidentibus
2865 2788 2969 2843 illis
2991 2789 3218 2844 elevatus
3238 2800 3335 2856 cst,
3357 2799 3411 2845 cs

1822 2875 1981 2929 nubes
2004 2876 2229 2945 suscepit
2257 2892 2373 2929 eum
2401 2876 2465 2929 ab
2498 2876 2664 2932 oculis
2695 2894 2874 2932 eorum
2893 2917 2909 2945 ,
2936 2890 3332 2951 assumptusque
3355 2882 3412 2935 iit

1820 2963 2029 3028 castum,
2062 2974 2109 3017 et
2140 2964 2281 3019 sedet
2314 2982 2346 3019 a
2375 2965 2572 3020 dextris
2600 2965 2715 3031 Dei,
2766 2967 2821 3022 in
2862 2967 3051 3023 eadem
3079 2969 3413 3025 humanitate

1821 3065 2078 3112 venturus
2101 3057 2347 3127 judicare
2377 3058 2431 3112 in
2476 3056 2581 3114 ﬁne
2617 3058 2937 3115 saeculorum
2982 3062 3133 3117 vivos
3166 3076 3230 3118 ac
3263 3078 3409 3119 mor-

140 3154 353 3213 oﬁ‘endit
390 3166 448 3213 et
480 3162 667 3226 peccat
706 3154 760 3207 in
798 3167 917 3216 vos,
953 3160 1009 3207 et
1047 3150 1212 3214 venit,
1244 3156 1299 3202 et
1328 3148 1635 3206 conﬁtetur.
1667 3152 1721 3200 et
1750 3132 1794 3193 C
1829 3157 1969 3215 tuos,
2000 3166 2106 3220 qua
2136 3150 2293 3207 hodie
2323 3152 2585 3220 ascendit,
2617 3154 2757 3209 sicut
2786 3164 2841 3209 et
2885 3157 3163 3225 apostolis,
3198 3158 3251 3213 in
3296 3173 3411 3215 cm-

142 3248 269 3317 petit
298 3262 327 3301 a
353 3247 513 3302 vobis
552 3244 764 3300 veniam
788 3284 803 3308 ,
832 3250 892 3297 ut
923 3239 1214 3311 ignoscatis
1243 3238 1351 3303 illi,
1381 3245 1437 3292 et
1466 3235 1721 3292 continuo

142 3352 205 3395 ex
232 3338 391 3394 corde
420 3335 727 3399 dimittatis,
777 3348 845 3389 ne
875 3332 1029 3388 vobis
1054 3346 1085 3385 a
1115 3330 1227 3385 Deo
1258 3328 1472 3384 veniam
1496 3327 1719 3381 venien-

140 3436 243 3491 tem
284 3424 622 3497 prohibeatis
662 3442 674 3477 :
726 3424 772 3479 si
813 3422 957 3477 enim
988 3436 1095 3476 non
1130 3418 1413 3476 dimittetis
1454 3433 1575 3482 vos,
1620 3432 1720 3471 nec

144 3516 225 3572 ille
247 3510 483 3572 dimittet
509 3515 682 3571 vobis.
720 3513 861 3585 Ergo
885 3522 942 3568 et
969 3514 1072 3567 hoc
1104 3512 1158 3566 in
1187 3512 1288 3566 ista
1321 3510 1431 3564 vita
1461 3510 1719 3579 petimus,

143 3608 259 3677 quia
288 3607 379 3663 hic
404 3614 633 3678 possunt
661 3604 859 3659 dimitti
888 3602 979 3657 ubi
1007 3610 1234 3674 possunt
1258 3600 1442 3656 haberi
1466 3608 1684 3670 peccata
1706 3640 1719 3663 ,

148 3699 196 3752 in
222 3697 309 3753 illa
337 3706 523 3753 autem
561 3696 672 3750 vita
695 3710 802 3750 non
827 3694 1205 3758 dimittuntur,
1232 3691 1358 3762 quia
1386 3706 1488 3746 nec
1520 3690 1725 3745 haben—

148 3799 245 3842 tur.
284 3788 493 3842 Deinde
522 3786 757 3857 petimus
779 3784 1041 3849 dicentes,
1076 3799 1138 3837 ne
1165 3799 1258 3837 nos
1288 3782 1509 3836 inducas
1538 3782 1593 3836 in
1621 3792 1728 3835 ten—
1764 3820 1765 3823 η

147 3880 385 3933 tationem
414 3891 435 3931 :
469 3878 613 3933 Deus
655 3875 798 3930 enim
844 3890 952 3929 non
1003 3888 1101 3945 per
1151 3874 1386 3945 seipsum
1425 3871 1630 3927 inducit
1672 3872 1724 3924 in

148 3971 517 4034 tentationem,
550 3970 646 4024 sed
674 3967 853 4022 induci
876 3967 1083 4037 patitur
1112 3981 1236 4021 eum
1265 3978 1426 4035 quem
1452 3978 1552 4017 suo
1574 3963 1727 4017 auxi-

149 4062 215 4116 lio
242 4062 571 4127 destituerit,
597 4077 662 4117 ac
697 4060 1019 4124 deseruerit,
1043 4058 1233 4115 ordine
1258 4056 1644 4121 occultissimo,
1672 4065 1728 4109 at

148 4155 349 4210 meritis
377 4154 669 4222 causisque
706 4166 848 4221 sarpe
889 4149 1210 4205 manifestis.
1243 4148 1400 4204 Aliud
1432 4155 1518 4203 est
1547 4155 1727 4203 autem

151 4245 321 4301 induci
342 4245 396 4301 in
422 4246 793 4309 tentationem,
820 4243 965 4298 aliud
988 4251 1073 4298 est
1098 4241 1292 4297 tentari
1320 4259 1333 4295 :
1359 4242 1482 4311 quia
1509 4241 1727 4305 tentari,

152 4334 374 4404 probare
419 4343 535 4400 est;
579 4333 721 4389 unde
746 4331 1007 4403 scriptum
1034 4340 1119 4387 est
1150 4350 1163 4385 :
1205 4330 1343 4385 Vasa
1369 4330 1517 4403 ﬁguli
1547 4330 1729 4400 probat

150 4425 354 4493 Ionias,
383 4435 433 4480 ct
462 4425 697 4479 homines
707 4423 883 4493 justas
914 4422 1131 4477 tentatio
1161 4421 1514 4477 tribulationis
1536 4421 1723 4493 (Eccli.

150 4518 332 4588 xxvn).
370 4514 559 4571 lnduci
610 4524 791 4570 autem
833 4516 887 4569 in
928 4514 1302 4581 tentationem,
1352 4524 1435 4569 est
1483 4515 1724 4584 superari

151 4608 445 4662 tentatione
484 4614 644 4677 atque
687 4606 981 4676 corrumpi.
1030 4604 1137 4661 Sed
1173 4604 1335 4660 libera
1365 4621 1458 4658 nos
1502 4623 1533 4659 a
1565 4603 1725 4667 mala,

150 4698 247 4752 hoc
274 4707 359 4754 est
390 4698 460 4753 ab
484 4698 628 4753 omni
653 4706 897 4768 peccato,
922 4697 1033 4752 sive
1058 4697 1221 4753 etiam
1264 4698 1332 4753 ab
1359 4707 1576 4753 auctore
1606 4712 1728 4766 pec-

151 4789 273 4853 cati,
304 4790 412 4845 hoc
437 4797 542 4853 est,
576 4788 789 4843 diabolo
810 4830 824 4853 ,
854 4803 923 4843 ne
955 4787 1046 4844 ille
1075 4804 1172 4844 nos
1202 4789 1312 4843 suis
1342 4789 1730 4844 tentationibus

150 4880 367 4937 seducat
418 4890 583 4952 atque
629 4879 879 4948 decipiat.
932 4878 1205 4934 Orandum
1248 4889 1333 4933 est
1382 4878 1526 4933 enim
1576 4878 1732 4933 nobis

152 4974 384 5041 quandiu
429 4988 615 5028 sumus
647 4973 698 5027 in
734 4972 987 5042 prmsenti
1025 4970 1157 5035 vita,
1190 4980 1249 5024 ut
1284 4985 1389 5025 non
1417 4971 1589 5025 solum
1625 4986 1729 5025 non

154 5062 469 5119 inducamur
500 5063 553 5117 in
584 5062 780 5116 malum
802 5075 909 5131 quo
937 5075 1207 5124 caremus,
1236 5061 1331 5115 sed
1358 5060 1426 5114 ab
1455 5062 1542 5117 illo
1565 5062 1731 5115 etiam

154 5148 442 5207 liberemur
470 5168 578 5222 quo
600 5151 713 5223 jam
740 5150 941 5206 inducti
962 5164 1148 5205 sumus
1174 5168 1187 5202 :
1217 5150 1359 5219 quod
1380 5165 1501 5205 cum
1531 5149 1732 5205 factum

156 5238 335 5309 fuerit,
392 5242 529 5299 nihil
589 5241 888 5297 remanebit
934 5239 1365 5305 formidolosum,
1427 5240 1554 5310 quia
1610 5251 1733 5294 tunc

158 5336 404 5405 gaudium
428 5343 674 5391 nostrum
702 5334 806 5389 erit
827 5334 1063 5403 plenum.
1092 5332 1243 5389 lianc
1272 5348 1401 5405 ergo
1422 5332 1732 5389 Orationem

159 5424 511 5491 Dominicam,
538 5424 736 5480 fratres
760 5424 1096 5489 charissimi,
1126 5438 1245 5492 quae
1274 5423 1342 5477 ab
1374 5423 1491 5494 ipso
1517 5433 1737 5479 auctore

161 5526 342 5574 nostro
380 5524 436 5572 et
479 5516 735 5587 largitore
762 5514 1003 5571 omnium
1040 5515 1305 5569 bonorum
1348 5514 1594 5569 instituta
1631 5526 1734 5578 est,

164 5607 213 5660 in
254 5608 515 5663 memoria
559 5622 749 5661 omnes
792 5615 1093 5671 teneamus,
1141 5612 1196 5660 et
1238 5604 1510 5660 intellectu
1560 5604 1738 5660 cordis

164 5713 275 5754 eam
305 5700 510 5756 habere
543 5698 888 5763 festinemus;
927 5713 1063 5768 puro
1091 5711 1187 5753 ore
1220 5704 1274 5750 et
1302 5694 1525 5765 paciﬁca
1560 5705 1736 5751 mente

482 5792 755 5850 Ριιτιιυι..
800 5788 932 5848 CX.

1757 4478 1806 4535 D

1826 3239 1937 3294 lum
1962 3249 2181 3295 euntem
2217 3240 2366 3297 illum
2412 3242 2766 3311 intuentibus,
2801 3247 2909 3301 duo
2946 3246 3122 3315 angeli
3152 3250 3414 3319 praedixe-

1826 3339 1953 3385 runt
1997 3349 2011 3386 :
2060 3330 2197 3397 Viri,
2246 3333 2441 3403 inquit,
2474 3333 2708 3401 Galilaei,
2756 3337 2881 3407 quid
2920 3340 3071 3393 statis
3110 3339 3417 3410 aspicientes

1825 3422 1879 3475 in
1918 3422 2152 3476 cretum?
2190 3421 2293 3477 Hic
2335 3424 2493 3479 Jesus
2514 3426 2604 3495 qui
2634 3436 2933 3497 assumptus
2966 3439 3042 3483 est
3080 3448 3113 3483 α
3151 3431 3309 3497 vobis,
3339 3432 3414 3485 sic

1826 3515 1989 3569 veniet
2028 3516 2471 3585 quemadmodum
2507 3517 2707 3572 vidistis
2733 3534 2851 3573 eum
2886 3530 3093 3575 euntem
3124 3522 3181 3577 in
3206 3522 3409 3581 ctu/unt.

1828 3604 1987 3669 Ecce,
2020 3621 2142 3661 cum
2184 3606 2469 3662 Dominum
2512 3608 2567 3662 in
2610 3610 2806 3665 costum
2846 3612 3155 3669 ascendisse
3197 3615 3416 3681 auditis,

1828 3700 1881 3754 in
1934 3701 2189 3756 cordibus
2228 3702 2428 3757 vestris
2472 3702 2736 3758 immensa
2787 3704 2975 3760 laetitia
3012 3702 3412 3775 exhilaratnit'ti,

1829 3791 2015 3847 laudes
2058 3792 2267 3847 debitas
2312 3808 2408 3847 ore
2453 3793 2807 3863 depromitis,
2867 3798 3123 3869 gaudium
3174 3809 3413 3857 vestrum

1828 3882 1990 3935 etiam
2023 3881 2075 3935 in
2122 3882 2271 3936 vultu
2311 3883 2613 3945 ostenditis,
2657 3885 2784 3954 quia
2833 3886 3171 3958 majestatem
3216 3888 3417 3945 Christi

1829 3978 1879 4023 et
1908 3968 2132 4039 gloriam
2175 3970 2324 4040 regni
2363 3969 2599 4027 caelestis
2642 3982 2825 4028 mente
2860 3975 3189 4047 recogitetis.
3222 3972 3289 4033 Et
3326 3993 3413 4033 re-

1830 4072 1957 4113 vera
2001 4074 2199 4129 magna
2223 4068 2309 4115 est
2338 4068 2393 4115 et
2423 4059 2711 4119 ineil'abilis
2753 4078 2918 4118 causa
2959 4065 3246 4135 gaudendi.
3288 4080 3415 4124 cum

1832 4148 2082 4204 audimus
2126 4157 2182 4204 et
2222 4148 2388 4205 corde
2418 4150 2640 4205 credulo
2667 4159 2996 4219 tractamus,
3032 4155 3175 4223 quod
3210 4155 3263 4210 in
3288 4170 3417 4212 con-

1831 4251 2017 4314 spectu
2054 4252 2256 4299 sancta:
2290 4241 2673 4311 multitudinis,
2715 4260 2878 4315 supra
2924 4247 3165 4303 omnium
3205 4258 3409 4305 creatu-

1836 4350 2017 4389 rarum
2050 4333 2354 4391 coelestium
2384 4334 2704 4406 dignitatem
2726 4338 2946 4393 humani
2980 4341 3195 4411 generis
3221 4351 3414 4398 natura

1837 4426 2247 4491 conscenderit,
2302 4440 2653 4497 supergressa
2724 4427 2995 4499 angelicas
3059 4430 3313 4498 Ordines,
3362 4442 3417 4489 et

1833 4518 1972 4572 ultra
2005 4524 2322 4572 cunctarum
2352 4517 2689 4573 altitudinem
2726 4526 3048 4589 potestatum
3081 4520 3310 4587 elevata,
3350 4526 3416 4579 ad

1833 4608 1927 4662 Dei
1958 4606 2134 4662 Patris
2158 4615 2410 4676 provecta
2436 4617 2519 4662 est
2545 4622 2879 4662 consessum.
2919 4608 3056 4676 Quia
3080 4609 3241 4681 igitur
3265 4610 3406 4667 Chri

1833 4698 1901 4752 sti
1939 4698 2185 4752 ascensio
2233 4706 2419 4753 nostra
2457 4698 2735 4768 provectio
2769 4706 2872 4764 est,
2914 4707 2969 4755 et
2993 4714 3102 4769 quo
3142 4704 3416 4771 ptmeessit

1834 4787 2001 4857 gloria
2030 4787 2222 4856 capitis
2244 4801 2309 4841 eo
2332 4801 2456 4857 spes
2482 4786 2653 4842 tendit
2679 4795 2735 4842 et
2754 4788 3021 4857 corporis,
3045 4788 3221 4860 dignis
3241 4793 3413 4847 exsul-

1834 4886 2012 4933 tentus
2058 4877 2284 4949 gaudiis,
2336 4884 2391 4931 et
2428 4878 2515 4946 pia
2556 4877 2856 4948 gratiarum
2903 4878 3116 4935 actione
3150 4879 3414 4937 laetemur.

1835 4969 2005 5025 llodie
2044 4969 2188 5024 enim
2223 4984 2329 5023 non
2370 4968 2544 5023 solum
2581 4968 2816 5038 paradisi
2850 4984 3191 5039 possessores
3219 4971 3417 5028 ﬁrmati

1834 5075 2044 5125 sumus,
2069 5059 2165 5115 sed
2192 5059 2357 5114 etiam
2384 5058 2645 5114 caelorum
2675 5058 2731 5114 in
2756 5056 2973 5115 Christo
2998 5075 3229 5132 superna
3250 5074 3417 5131 pene-

1836 5151 2120 5216 trabimus,
2164 5150 2425 5219 ampliora
2470 5148 2651 5222 adepti
2700 5166 2798 5221 per
2845 5150 3169 5209 inelfabilem
3218 5153 3420 5209 Christi

1836 5239 2088 5308 gratiam,
2142 5252 2305 5307 quam
2345 5251 2442 5309 per
2481 5238 2683 5294 diaboli
2729 5240 3087 5295 amiseramus
3132 5240 3413 5295 invidiam.

1846 5332 1979 5385 Nam
2009 5345 2146 5401 quos
2182 5329 2485 5385 virulentus
2512 5329 2769 5385 inimicus
2798 5331 2960 5401 primi
2988 5331 3276 5388 habitaculi
3298 5331 3415 5389 feli-

1844 5426 2007 5478 citate
2046 5420 2259 5491 dejecit,
2295 5436 2390 5477 eos
2427 5420 2529 5477 sibi
2559 5434 2879 5492 corporatus
2904 5422 2998 5478 Dei
3026 5422 3193 5479 Filius
3215 5424 3282 5479 ad
3320 5424 3423 5479 Pa~

1846 5516 1942 5570 tris
1974 5515 2252 5571 dexteram
2283 5512 2566 5569 collocavit
2594 5530 2608 5566 :
2637 5513 3031 5578 ascendamus.
3068 5513 3421 5580 dilattissimi,

1844 5620 1966 5663 cum
1995 5607 2212 5663 Christo
2253 5606 2471 5662 interim
2505 5606 2691 5672 corde,
2736 5621 2857 5661 cum
2899 5608 3014 5662 dies
3042 5604 3159 5675 ejus
3196 5608 3425 5676 promis-

1846 5712 1938 5751 sus
1962 5695 2257 5762 advenerit,
2284 5710 2575 5767 sequemur
2603 5704 2658 5751 et
2680 5710 2925 5765 corpore.
2957 5694 3111 5753 Scire
3135 5704 3313 5751 tamen
3335 5698 3426 5750 tle-

2914 5789 2954 5847 2
